4052 6184
394 302 467 356 '57

1354 299 1850 357 COMMENTARIA
1889 301 1953 355 Di
1997 300 2306 357 EXODUM.
2347 332 2415 341 -
2454 302 2580 356 LIB.
2622 303 2661 357 i.
3589 312 3657 361 58

396 413 487 481 μυί
517 411 1114 474 incantationibussuis,
1144 421 1199 466 ut
1220 412 1495 468 educerent
1515 414 1773 486 sciniphes
1794 424 1841 467 ct
1870 432 1977 468 non
2006 417 2054 476 Α
2079 428 2178 482 que
2201 412 2507 466 divisionem
2537 413 2672 467 inter
2703 412 2953 483 populum
2986 430 3151 468 meum
3182 428 3225 469 et
3256 418 3388 471 inter
3411 422 3658 489 populum

393 510 712 572 potuerunt;
735 512 986 573 erantque
1004 502 1260 573 sciniphes
1289 512 1396 557 tam
1417 506 1473 559 in
1497 505 1795 559 hominibus
1816 520 1973 576 quam

394 596 451 648 in
495 594 776 664 jumentis.
826 594 895 649 Et
930 595 1175 649 dixerunt
1221 596 1447 666 maleﬁci
1496 598 1565 652 ad
1609 597 1973 662 Pharaonem,

398 685 608 755 Digitus
652 684 749 738 Dei
793 695 867 739 est
896 686 1000 740 hic.
1031 685 1453 759 Induratumque
1498 699 1573 742 est
1603 706 1694 743 cor
1734 686 1979 743 Pharao—

395 778 501 839 nis,
527 787 574 831 et
600 793 703 830 non
732 777 933 830 audivit
953 794 1041 832 eos
1062 779 1195 832 sicut
1218 791 1533 850 prwceperat
1566 780 1841 835 Dominus.
1869 780 1978 851 (Ea:

396 866 736 935 Augustino.)
769 865 923 932 Quod
949 867 1203 927 dixerunt
1230 870 1375 940 magi
1402 870 1471 923 ad
1497 869 1860 936 Pharaonem,
1891 871 1983 925 di-

394 958 535 1026 gitus
571 955 671 1009 Dei
709 965 785 1010 est
811 956 915 1010 hic.
959 956 1240 1024 Quomodo
1283 974 1388 1014 non
1420 969 1715 1029 potuerunt
1744 960 1981 1017 educere

394 1047 704 1117 sciniphes?
733 1046 1034 1105 Senserunt
1072 1050 1320 1120 profecto
1360 1067 1485 1107 eum
1528 1054 1727 1108 artium
1753 1069 1977 1115 suarum

394 1137 727 1193 nefariarum
770 1140 976 1196 scirent
1018 1144 1338 1210 potentiam,
1371 1159 1478 1198 non
1511 1144 1707 1200 talibus
1744 1146 1974 1210 artibus,

395 1230 544 1285 velut
558 1232 900 1301 potentiorin
916 1232 998 1287 eis
1015 1242 1159 1288 esset
1179 1233 1407 1304 Moyses,
1423 1250 1551 1290 suos
1564 1245 1797 1291 conatus
1812 1236 1979 1292 fuisse

396 1324 706 1389 frustratos,
732 1333 793 1379 ut
821 1340 929 1380 non
954 1335 1175 1395 possent
1198 1328 1428 1384 educere
1454 1330 1750 1400 sciniphes,
1778 1331 1873 1385 sed
1902 1331 1981 1385 di-

394 1416 510 1483 gito
530 1416 645 1478 Dei,
666 1417 759 1485 qui
781 1418 970 1485 utique
988 1427 1251 1487 operatur
1271 1435 1368 1489 per
1384 1419 1624 1491 Moysen.
1651 1422 1860 1491 Digitus
1882 1422 1974 1476 Dei

396 1511 579 1558 autem
613 1504 756 1558 sicut
802 1504 1148 1574 Evangelium
1188 1507 1476 1564 manifeste
1510 1510 1768 1580 loquitur,
1800 1509 1978 1579 Spiri-

399 1605 487 1649 tus
518 1603 740 1650 sanctus
776 1596 1113 1667 intelligitur.
1160 1597 1294 1653 Nam
1325 1600 1469 1669 quod
1504 1616 1612 1655 uno
1646 1600 1976 1672 evangelista

398 1686 473 1739 ita
518 1694 778 1741 narrante
826 1688 991 1742 verba
1031 1688 1275 1755 Domini,
1322 1699 1384 1744 ut
1413 1691 1640 1756 diceret,
1688 1691 1746 1747 Si
1790 1710 1883 1762 ego
1922 1695 1978 1746 in

2077 511 2222 555 tuum
2240 501 2438 572 (Exod.
2458 505 2596 573 vui).
2614 501 2723 575 [Ex
2748 502 3088 575 Augustino.]
3105 504 3257 570 Quod
3279 507 3363 560 hic
3379 508 3661 580 Scriptura

2079 595 2310 665 aperuit,
2332 610 2402 649 ne
2433 594 2743 666 ubicunque
2777 595 2984 649 diceret
3028 595 3329 669 intelligere
3369 600 3661 664 debemus.

2077 686 2174 739 sed
2210 685 2264 739 in
2304 686 2700 754 posterioribus
2728 694 2782 741 et
2826 688 2877 741 in
2927 689 3200 758 prioribus
3238 690 3405 760 signis
3457 689 3657 747 factum

2078 791 2219 841 esse,
2235 787 2294 831 ut
2311 786 2451 832 terra
2470 778 2520 831 in
2537 793 2641 848 qua
2656 778 2937 835 habitabat
2954 781 3184 850 populus
3205 782 3297 834 Dei
3314 781 3474 837 nullis
3487 781 3660 852 plagis

2079 866 2278 921 talibus
2303 876 2608 922 vexaretur.
2634 867 3007 938 Opportunum
3034 878 3215 924 autem
3246 869 3347 926 fuit
3375 880 3434 925 ut
3465 872 3534 926 ibi
3559 871 3662 927 hoc

2078 968 2265 1028 aperte
2296 968 2605 1028 poneretur,
2637 962 2778 1017 unde
2801 963 2913 1033 jam
2954 964 3218 1034 incipiunt
3263 964 3436 1035 signa,
3466 964 3665 1032 quibus
3724 998 3725 1003 η

2078 1050 2218 1119 magi
2254 1049 2451 1105 similia
2492 1066 2594 1105 nec
2640 1052 2818 1105 conati
2864 1063 2989 1107 sunt
3032 1051 3234 1119 facere.
3265 1052 3459 1107 Procul
3494 1052 3663 1107 dubio

2077 1140 2221 1194 enim
2250 1141 2374 1210 quia
2419 1141 2613 1209 ubique
2644 1140 2858 1196 fuerant
2892 1141 3164 1212 sciniphes
3206 1143 3259 1197 in
3304 1159 3468 1213 regno
3515 1142 3660 1197 Pha-

2078 1230 2278 1294 raonis,
2307 1246 2414 1284 non
2460 1240 2638 1286 autem
2679 1229 2893 1285 fuerant
2923 1232 2979 1285 in
3011 1240 3157 1286 terra
3193 1231 3418 1295 Gcssen,
3448 1231 3538 1285 ubi
3569 1246 3663 1285 eo-

2078 1321 2191 1391 nati
2217 1331 2345 1375 suut
2376 1323 2513 1392 magi
2536 1322 2787 1376 similiter
2817 1322 2995 1378 facere
3015 1331 3070 1377 et
3100 1322 3320 1379 minime
3349 1331 3660 1392 potuerunt.

2079 1412 2370 1482 Quousque
2412 1428 2555 1483 ergo.
2586 1413 2900 1479 deﬁcerent,
2930 1414 3063 1469 nihil
3110 1415 3174 1469 de
3204 1414 3348 1469 illius
3377 1424 3533 1469 terra:
3580 1430 3662 1469 sc-

2077 1502 2387 1572 gregationc
2417 1503 2619 1561 dictum
2646 1513 2761 1569 est;
2792 1504 2885 1558 sed
2908 1519 2973 1557 ex
2996 1519 3103 1573 quo
3123 1515 3407 1574 coeperunt
3435 1522 3497 1559 ea
3524 1506 3661 1571 ﬁeri,

2078 1594 2167 1648 ubi
2194 1593 2307 1662 jam
2344 1594 2447 1649 illis
2476 1594 2669 1649 similia
2711 1594 2890 1650 facere
2920 1611 3023 1650 nec
3053 1596 3241 1650 conari
3272 1597 3552 1661 auderent,
3591 1597 3664 1652 ibi

2079 1693 2562 1740 commemoratum
2611 1695 2714 1740 est.
2769 1686 2888 1757 (Ea:
2934 1684 3191 1758 Isidoro.)
3235 1686 3442 1754 Quarto
3485 1697 3663 1742 autem

395 1775 563 1843 digito
610 1774 706 1828 Dei
753 1776 907 1845 ejieio
959 1776 1223 1832 (immania
1261 1776 1425 1848 (Luc.
1452 1778 1575 1851 ιι),
1621 1779 1759 1835 alius
1811 1795 1977 1834 evan-
2006 1774 2052 1833 Β
2080 1775 2197 1831 loco
2240 1775 2507 1847 IEgyptus
2556 1779 2757 1833 muscis
2796 1779 3121 1848 percutitur.
3170 1779 3354 1835 Musca
3393 1780 3536 1835 enim
3577 1780 3664 1834 ni-

395 1862 607 1931 gclista.
647 1864 877 1933 idipsum
912 1879 1166 1931 narrans,
1207 1881 1478 1937 exponere
1527 1868 1697 1922 voluit
1741 1869 1872 1939 quid
1906 1869 1977 1924 sit

397 1953 598 2022 digitus
618 1951 713 2007 Dei
742 1961 797 2008 et
826 1953 940 2007 ait:
966 1952 1143 2025 Si,ego
1164 1955 1218 2009 in
1245 1954 1449 2025 Spiritu
1470 1955 1571 2011 Dei
1594 1958 1748 2027 ejicio
1775 1958 1975 2013 damo-

397 2045 485 2097 uia
506 2043 721 2114 (Matth.
741 2047 863 2113 ιιι).
882 2045 1015 2101 Cum
1042 2046 1225 2116 itaque
1240 2048 1381 2120 magi
1399 2048 1720 2115 faterentur,
1743 2065 1974 2119 quorum

395 2136 608 2190 Pharao
654 2138 909 2208 potentia:
957 2139 1292 2206 conﬁdebat,
1343 2141 1568 2213 digitum
1609 2142 1701 2197 Dei
1751 2156 1879 2197 esse
1920 2142 1975 2197 in

397 2226 601 2297 Moyse,
630 2227 683 2280 in
710 2241 817 2297 quo
844 2228 1241 2296 superabantur
1268 2240 1323 2285 et
1350 2244 1540 2286 eorum
1571 2230 1828 2286 veneﬁcia
1862 2230 1975 2285 frn.

393 2320 743 2384 strabantur,
790 2326 970 2374 tamen
1022 2321 1330 2376 induratum
1385 2330 1472 2377 est
1516 2337 1613 2377 cor
1676 2321 1978 2381 Pharaonis

394 2426 538 2465 nunc
566 2409 800 2466 mirabili
836 2413 1062 2467 omnino
1086 2412 1308 2466 duritia.
1339 2411 1450 2467 Cur
1488 2421 1668 2469 autem
1719 2414 1773 2468 in
1815 2413 1974 2469 tertia

393 2505 500 2559 ista
524 2504 680 2573 plaga
717 2505 857 2576 magi
888 2504 1202 2561 defecerunt
1226 2504 1384 2576 (nam
1398 2506 1570 2577 plaga:
1603 2514 1886 2577 coeperunt
1906 2521 1975 2560 ex

389 2608 503 2663 quo
532 2610 669 2664 aqua
704 2594 757 2648 in
792 2594 1116 2665 sanguinem
1145 2609 1301 2651 versa
1330 2595 1436 2666 est)
1467 2602 1523 2649 et
1559 2596 1761 2651 sentire
1793 2603 1849 2650 et
1880 2594 1977 2650 eit-

390 2684 599 2754 piicare
622 2684 834 2740 diﬁcile
860 2692 964 2740 est.
992 2685 1250 2741 Poterant
1278 2686 1423 2740 enim
1447 2693 1504 2741 et
1532 2686 1586 2740 in
1615 2685 1792 2756 primo
1819 2685 1975 2756 signo

393 2773 647 2837 deﬁcere,
687 2775 779 2829 ubi
824 2775 879 2830 in
925 2784 1229 2845 serpentem
1273 2777 1420 2847 virga
1467 2791 1729 2831 conversa
1765 2788 1876 2838 est,
1919 2784 1976 2831 et

396 2866 449 2919 in
479 2865 651 2934 prima
679 2865 858 2936 plaga,
884 2866 975 2921 ubi
1015 2882 1155 2936 aqua
1186 2867 1238 2922 in
1286 2868 1602 2936 sanguinem
1647 2875 1975 2923 commutata

392 2968 509 3021 est,
536 2966 594 3012 et
622 2958 677 3011 in
725 2958 962 3013 secunda
1006 2958 1073 3012 de
1111 2958 1280 3022 ranis,
1322 2958 1368 3013 si
1408 2959 1512 3014 hoc
1552 2958 1743 3012 fuisset
1777 2956 1975 3033 digitus

394 3049 515 3114 Dei,
547 3049 599 3104 id
640 3057 724 3104 est
769 3050 992 3119 spiritus
1021 3050 1136 3104 Dei.
1171 3048 1302 3115 Quis
1344 3048 1487 3103 enim
1535 3048 1973 3104 dementissimns

2078 1865 2180 1920 mis
2228 1866 2467 1923 insolens
2501 1876 2555 1922 et
2598 1868 2894 1938 inquietum
2934 1869 3133 1924 animal
3163 1878 3269 1935 est,
3300 1869 3354 1926 in
3398 1887 3502 1940 qua
3539 1871 3666 1940 quid

2077 1956 2221 2012 aliud
2250 1973 2414 2027 quam
2442 1959 2741 2035 insolentes
2769 1976 2914 2015 cura:
2942 1960 3338 2015 desideriorum
3365 1960 3663 2015 carnalium

2075 2046 2463 2118 designantur?
2488 2047 2755 2119 [Egyptus
2788 2064 2916 2120 ergo
2945 2050 3147 2105 muscis
3177 2050 3504 2120 percutitur,
3536 2050 3663 2117 quia

2075 2148 2263 2190 eorum
2290 2137 2455 2192 corda
2482 2139 2574 2208 qui
2598 2139 2698 2194 hoc
2720 2138 2977 2195 saeculum
2999 2140 3245 2207 diligunt,
3270 2139 3662 2194 desideriorum

2076 2242 2302 2282 suorum
2340 2227 2803 2297 inquietudinibus
2836 2229 3058 2284 feriunt.
3109 2230 3282 2285 Porro
3313 2230 3664 2301 Septuaginta

2075 2317 2400 2389 interpretes
2431 2320 2845 2390 cynomyiam,id
2874 2329 2960 2376 est
3003 2321 3253 2375 caninam
3299 2337 3666 2391 muscam,po~

2075 2420 2339 2467 suerunt:
2367 2427 2463 2481 per
2514 2427 2675 2482 quam
2713 2413 2896 2467 canini
2947 2428 3128 2469 mores
3170 2413 3568 2485 signiﬁcantur,
3612 2413 3664 2467 in

2074 2500 2272 2570 quibus
2298 2500 2549 2557 humana:
2587 2502 2785 2557 mentis
2815 2501 3064 2557 voluntas
3092 2510 3147 2558 et
3176 2503 3340 2558 libido
3370 2503 3550 2558 carnis
3581 2520 3667 2557 ar-

2075 2591 2277 2661 guitur.
2296 2591 2481 2647 Potest
2494 2593 2708 2663 quidem
2723 2593 2826 2648 hoc
2841 2593 2960 2649 loco
2979 2594 3287 2666 signiﬁcare
3301 2596 3464 2650 etiam
3478 2611 3663 2650 musca

2075 2684 2268 2738 canina
2304 2683 2575 2741 forensem
2624 2686 2903 2741 hominum
2938 2686 3338 2756 eloquentiam,
3375 2704 3481 2759 qua
3520 2689 3661 2743 velut

2074 2788 2238 2828 canes
2266 2774 2588 2842 alterutrum
2619 2790 2676 2830 se
2703 2774 2965 2830 lacerant.
3010 2774 3215 2829 Vocarit
3246 2787 3419 2831 autem
3449 2775 3663 2831 ΡΙιατγτυ

2079 2860 2298 2932 Moysen
2337 2872 2385 2917 et
2433 2864 2647 2930 Aaron,
2688 2874 2735 2918 et
2769 2866 2842 2918 ait
2881 2865 2987 2919 illis
3022 2879 3039 2917 :
3078 2864 3182 2931 Ite,
3215 2864 3514 2935 sacri/irate
3559 2866 3666 2923 Deo

2076 2962 2241 3007 vestro
2278 2954 2331 3006 in
2374 2963 2514 3006 terra
2544 2955 2661 3007 hac.
2695 2954 2924 3008 Nolcbat
2953 2956 3097 3008 enim
3133 2970 3226 3010 eos
3258 2956 3335 3010 ire
3383 2974 3490 3027 quo
3522 2960 3665 3013 dice-

2074 3042 2227 3105 bant,
2256 3043 2351 3097 sed
2389 3051 2446 3098 ut
2484 3043 2593 3098 illic
2633 3043 2686 3097 in
2730 3043 2967 3115 [Egypto
3014 3045 3396 3113 innuolarent,
3426 3049 3662 3103 volebat.

395 3140 620 3204 dixerit,
660 3141 886 3212 digitum
920 3139 1018 3195 Dei
1056 3140 1110 3195 in
1139 3140 1240 3195 hoc
1275 3140 1430 3210 signo
1472 3140 1710 3209 potuisse
1747 3148 1974 3194 conatus
2000 3131 2044 3192 C
2076 3131 2192 3189 Hoc
2227 3136 2517 3190 ostendunt
2544 3135 2711 3192 verba
2741 3135 2907 3209 Moysi
2952 3154 3072 3208 quae
3103 3149 3425 3208 sequuntur,
3456 3143 3545 3197 ubi
3584 3144 3662 3197 di-

396 3247 679 3304 magorum
719 3232 1002 3302 impedire,
1033 3240 1091 3286 et
1126 3231 1179 3286 in
1226 3231 1594 3301 superioribus
1640 3230 1977 3301 nequivisse?

397 3324 633 3378 Omnino
659 3338 791 3395 ergo
816 3331 966 3379 certa
1004 3328 1282 3378 causaest
1309 3338 1479 3393 quare
1510 3323 1598 3378 illa
1632 3324 1811 3379 facere
1838 3324 1976 3378 hnc-

399 3427 572 3481 usque
619 3413 868 3483 permissi
904 3420 1049 3468 sunt.
1099 3411 1521 3468 Commendatur
1557 3414 1701 3467 enim
1748 3412 1978 3468 fortasse

398 3503 678 3558 Trinitas:
703 3511 758 3559 et
781 3504 926 3574 quod
950 3519 1136 3558 verum
1166 3511 1272 3569 est,
1296 3503 1491 3559 summi
1518 3504 1822 3574 phihiSOphi
1848 3520 1979 3574 gen-

401 3595 555 3659 tium,
578 3602 838 3664 quantum
866 3594 921 3648 in
941 3609 1130 3649 eorum
1156 3594 1352 3649 litteris
1379 3594 1684 3665 indagatur,
1714 3595 1831 3651 sine
1859 3594 1980 3664 Spi-

399 3686 510 3740 ritu
551 3696 740 3741 sancto
767 3686 1129 3756 philosophati
1158 3694 1305 3751 sunt,
1345 3687 1593 3756 quamvis
1621 3687 1688 3742 de
1731 3686 1893 3743 Patre
1923 3696 1978 3742 et

399 3775 538 3830 Filio
565 3792 670 3831 non
698 3785 999 3839 tacuerunt,
1045 3778 1187 3846 quod
1229 3778 1394 3833 etiam
1430 3778 1690 3849 Didymus
1734 3778 1789 3833 in
1838 3778 1976 3835 libro

398 3885 500 3924 suo
530 3870 773 3925 meminit
811 3884 971 3938 quem
1009 3870 1229 3938 scripsit
1255 3869 1320 3924 de
1362 3868 1568 3937 Spiritu
1615 3877 1825 3924 sancto.
1872 3868 1978 3940 (Ea:

400 3956 655 4027 Isidoro.)
702 3957 924 4029 Mystiee
966 3966 1167 4022 autem,
1195 3958 1336 4012 sicut
1364 3957 1683 4013 conciliatus
1708 3966 1764 4013 et
1787 3958 1977 4027 placa-

403 4059 486 4102 tus
516 4046 750 4117 Spiritus
774 4056 994 4103 sanctus
1021 4049 1263 4118 requiem
1290 4058 1513 4119 prmstat
1536 4050 1759 4109 mitibus
1788 4060 1842 4106 et
1872 4052 1976 4107 hu-

401 4141 619 4195 milibus
644 4140 826 4206 corde,
857 4139 932 4193 ita
977 4140 1282 4195 contrarius
1315 4148 1371 4195 et
1411 4141 1694 4206 adversus,
1740 4142 1977 4199 immites

398 4246 464 4285 ac
493 4231 752 4301 superbos
778 4230 1147 4300 inquietudine
1175 4232 1429 4302 exagitat.
1454 4232 1625 4299 Quam
1652 4233 1977 4303 inquietudi-

399 4336 523 4375 nem
580 4335 780 4376 muscae
824 4319 928 4375 illa:
976 4320 1308 4379 brevissimae
1354 4322 1823 4394 signiﬁcaverunt,
1875 4325 1976 4379 sub

397 4412 596 4483 quibus
626 4412 766 4482 magi
792 4411 1094 4467 Pharaonis
1116 4412 1432 4468 defecerunt
1455 4414 1732 4470 dicentes:
1762 4414 1974 4485 Digitus

398 4503 497 4556 Dei
527 4516 600 4556 est
624 4503 729 4556 hic.

983 4594 1210 4651 CAPUT
1249 4597 1386 4652 xw.
1504 4663 1513 4671 ι

906 4685 981 4740 De
1008 4687 1199 4741 muscis
1231 4688 1467 4757 prolatis.

472 4774 619 4830 Dixit
648 4793 850 4848 quoque
877 4778 1134 4834 Dominus
1159 4781 1229 4833 ad
1260 4780 1478 4850 Moysen
1501 4798 1518 4833 :
1548 4779 1811 4851 Consurgo
1838 4781 1977 4835 dilu-

401 4864 545 4931 culo,
581 4874 631 4919 et
669 4876 751 4920 sta
795 4883 971 4921 coram
1022 4868 1321 4925 Pharaone.
1370 4868 1685 4940 Egredietur
1723 4871 1862 4924 enim
1908 4871 1977 4924 ad

402 4972 589 5025 equas,
609 4965 658 5008 et
682 4956 820 5011 dices
850 4957 919 5010 ad
944 4974 1105 5011 eum:
1136 4956 1266 5011 [hec
1286 4958 1412 5012 dicit
1442 4958 1700 5013 Dominus
1723 4976 1740 5013 ε
1760 4957 1978 5013 Dimitte

401 5043 650 5114 populum
684 5063 852 5114 meum
886 5057 941 5100 ut
970 5046 1227 5116 sacri/lcet
1256 5048 1402 5103 milii.
1434 5047 1591 5113 Quod
1625 5049 1670 5102 si
1696 5065 1798 5103 non
1829 5048 1982 5102 dimi-

402 5136 533 5188 seris
558 5152 695 5201 cum,
721 5153 837 5191 ecce
871 5154 963 5207 ego
1004 5138 1261 5193 immitem
1301 5138 1356 5192 in
1390 5147 1438 5193 te
1472 5148 1520 5193 et
1548 5139 1603 5192 in
1631 5156 1802 5194 servos
1839 5149 1978 5205 tuos,

403 5230 459 5281 in
490 5228 737 5298 papulutn
773 5240 920 5284 tuum
959 5240 1007 5284 et
1042 5232 1096 5283 in
1129 5230 1309 5285 domos
1338 5240 1480 5295 tuas,
1504 5246 1656 5284 omne
1680 5247 1838 5300 genus
1869 5247 1982 5283 mu-

399 5332 610 5371 scarum
634 5334 653 5371 :
680 5330 725 5372 et
763 5319 1116 5389 implebantur
1157 5335 1334 5374 omnes
1364 5306 1560 5383 domus
1604 5318 1978 5392 Afgyptiorum

402 5409 595 5463 muscis
620 5410 809 5465 diversi
852 5413 1055 5483 generis
1079 5426 1096 5464 :
1123 5422 1170 5464 et
1200 5412 1439 5465 universa
1476 5422 1616 5465 terra
1657 5412 1710 5465 in
1739 5428 1841 5482 qua
1867 5392 2011 5481 [ue-'

405 5502 508 5553 rint
532 5517 549 5554 .·
580 5501 875 5575 faciamque
899 5503 1187 5557 mirabilem
1222 5502 1275 5556 in
1302 5503 1386 5557 die
1413 5501 1507 5555 illa
1544 5511 1737 5555 terram
1767 5499 1977 5563 (Iessea,

403 5591 456 5641 in
488 5607 591 5660 qua
621 5593 847 5663 papulas
886 5611 1028 5648 meus
1054 5604 1159 5657 est,
1193 5603 1247 5656 ut
1280 5609 1383 5647 non
1420 5593 1524 5647 sint
1567 5592 1637 5645 ibi
1676 5609 1897 5658 musae;
1932 5603 1981 5646 et

403 5683 542 5740 scias
571 5686 816 5753 quoniam
846 5694 937 5756 ego
969 5686 1221 5741 Dominus
1257 5686 1310 5741 in
1350 5685 1518 5739 medio
1546 5695 1730 5745 term;
1770 5702 1981 5755 pomm-

2079 3225 2173 3291 cit,
2202 3241 2306 3279 non
2335 3242 2490 3296 posse
2518 3226 2634 3281 ﬁeri
2661 3237 2880 3298 propter
2916 3228 3346 3285 abominationes
3378 3230 3658 3303 Egyptio-

2077 3332 2217 3371 rum.
2250 3315 2341 3371 Sic
2387 3317 2532 3372 enim
2575 3319 2833 3388 scriptum
2864 3328 2947 3374 est
2983 3338 2995 3373 :
3030 3319 3098 3374 Et
3128 3321 3201 3375 ait
3239 3320 3447 3392 Moyses
3486 3338 3504 3375 :
3536 3322 3658 3376 Non

2074 3417 2242 3477 potest
2268 3408 2341 3461 ita
2372 3408 2490 3476 ﬁeri
2514 3426 2532 3462 :
2564 3409 2986 3464 Abominationes
3011 3410 3384 3482 {Egyptiorum
3413 3413 3659 3467 immola-

2076 3499 2243 3555 bimus
2272 3499 2498 3555 Domino
2542 3501 2649 3556 Dco
2679 3513 2873 3557 nostra.
2900 3502 2979 3558 Ae
3008 3506 3053 3560 si
3091 3506 3332 3560 diceret:
3364 3504 3481 3560 Non
3528 3521 3656 3574 pos-

2076 3608 2261 3649 sumus
2288 3608 2351 3647 ea
2379 3594 2627 3649 animalia
2656 3610 2775 3664 qum
2810 3596 3191 3651 abominantur
3227 3596 3493 3669 1Egyptii,
3525 3615 3664 3668 pra:-

2074 3684 2320 3739 sentibus
2355 3683 2460 3739 illis
2507 3685 2732 3738 Domino
2776 3686 2885 3739 Deo
2932 3694 3121 3742 nostro
3165 3686 3466 3741 immolare.
3519 3688 3661 3743 Oves

2076 3775 2222 3841 enim
2247 3772 2488 3849 Egyptii
2514 3775 2675 3829 edere
2707 3775 3086 3846 dedignantur.
3118 3778 3271 3833 Unde
3298 3788 3352 3833 et
3387 3780 3438 3833 in
3470 3778 3661 3834 Genesi

2075 3869 2336 3938 scriptum
2379 3879 2462 3924 cst
2501 3887 2513 3923 :
2553 3867 2753 3944 Omnes
2798 3878 3044 3939 pastores
3089 3871 3271 3925 ovium
3320 3873 3661 3926 detestantur

2074 3958 2318 4031 Egyptii
2361 3957 2516 4031 (Gen.
2545 3959 2723 4030 xui).
2761 3959 2913 4028 Quod
2954 3969 3133 4015 autem
3173 3960 3390 4030 adjecit,
3424 3961 3578 4027 Quod
3617 3963 3662 4015 si

2076 4053 2477 4109 mactaverimus
2505 4069 2567 4106 ea
2592 4069 2709 4123 quo?
2740 4051 2916 4107 colunt
2938 4052 3182 4123 .‘Egyptii
3212 4070 3389 4107 coram
3417 4055 3489 4107 eis
3523 4053 3662 4124 lapi-

2077 4141 2230 4195 dibus
2260 4158 2355 4196 nos
2387 4141 2624 4196 obruent.
2667 4139 2929 4212 Suggillat
2965 4141 3109 4212 ipsos
3143 4142 3390 4214 gentiles,
3425 4158 3488 4195 eo
3518 4139 3659 4210 quod

2079 4232 2395 4291 animalium
2434 4232 2660 4304 ﬁguram
2692 4248 2791 4301 pro
2823 4232 2930 4285 Deo
2966 4248 3178 4286 summo
3219 4232 3469 4287 colebant
3517 4231 3663 4300 ligno

2076 4333 2132 4378 et
2168 4324 2438 4394 lapidibus
2475 4326 2815 4393 impressam.
2842 4321 2975 4376 Nam
3017 4322 3336 4377 Ammonem
3372 4319 3558 4377 Jovem
3608 4322 3657 4375 in

2077 4416 2247 4472 ariete
2276 4416 2702 4481 venerabantur;
2731 4414 2978 4470 Anubcm
3008 4415 3062 4477 in
3094 4430 3258 4481 cane;
3281 4414 3420 4485 Apin
3448 4430 3656 4484 quoque

2004 4476 2053 4538 υ
2081 4507 2322 4564 colentes
2348 4507 2402 4562 in
2454 4517 2632 4573 tauro,
2675 4516 2731 4562 et
2771 4515 2968 4563 cmtera
3002 4515 3251 4578 portenta
3286 4508 3456 4577 magis
3498 4523 3660 4577 quam

2083 4599 2328 4663 numina,
2355 4614 2474 4668 qua:
2503 4599 2616 4669 ipsa
2664 4597 2928 4669 tEgypms
2953 4598 3098 4653 cultu
3128 4599 3382 4654 credebat
3412 4597 3660 4652 venerari

2082 4691 2296 4756 divino;
2351 4691 2578 4761 ideoque
2625 4690 2836 4761 Moyses
2872 4698 2927 4746 et
2971 4690 3151 4745 Aaron
3190 4690 3441 4746 dicebant
3490 4705 3546 4744 se
3583 4690 3662 4743 ire

2081 4782 2219 4837 velle
2247 4782 2335 4838 ubi
2361 4781 2601 4853 Egyptii
2641 4799 2746 4836 non
2787 4780 3034 4837 viderent
3078 4780 3503 4834 abominationes
3535 4795 3663 4834 suas

2085 4872 2373 4927 immolari.
2402 4872 2511 4942 (Ea:
2533 4870 2872 4944 Augustino.)
2904 4870 3016 4925 Hoc
3045 4878 3224 4923 autem
3256 4868 3659 4940 intelligendum

2076 4970 2162 5016 est
2214 4962 2438 5032 mystice
2489 4961 2815 5031 signiﬁcari,
2856 4959 2998 5029 quod
3041 4974 3202 5028 supra
3235 4958 3488 5022 diximus,
3516 4960 3659 5038 quia

2077 5059 2235 5106 erant
2273 5050 2543 5120 JEgyptiis
2575 5065 2704 5104 oves
2750 5056 2805 5103 et
2853 5058 3100 5119 pastores
3146 5064 3332 5102 earum
3378 5049 3657 5102 abomina-

2076 5140 2214 5195 biles
2236 5149 2289 5194 ct
2318 5140 2437 5194 ideo
2463 5146 2766 5208 separatam
2801 5146 2999 5192 terram
3041 5138 3298 5193 Israelita:
3337 5145 3659 5204 acceperunt

2079 5245 2200 5285 cum
2242 5237 2504 5284 venerunt
2554 5228 2608 5281 in
2643 5227 2956 5298 Egyptum.
2989 5226 3081 5283 Sic
3123 5228 3270 5283 enim
3306 5237 3364 5283 et
3392 5226 3652 5282 sacriﬁcia

2078 5320 2444 5377 lsraelitarum
2468 5318 2894 5372 abominationes
2921 5325 3046 5373 sunt
3072 5317 3356 5387 :Egyptiis,
3386 5315 3523 5368 sicut
3558 5312 3627 5364 iui

2081 5412 2203 5481 quis
2255 5411 2364 5465 vita
2407 5410 2699 5482 justorum.
2740 5409 2848 5482 (Ea:
2894 5407 3192 5480 Gregorio.)
3243 5405 3426 5462 Sancti
3462 5405 3657 5473 quippe

2082 5502 2184 5557 viri
2214 5502 2439 5555 Domino
2480 5516 2611 5556 ores
2647 5499 2901 5565 oﬂ'crunt,
2941 5500 3066 5569 quia
3114 5498 3489 5567 simplicitates
3533 5510 3658 5545 suus

2081 5593 2432 5663 omnipotenti
2483 5592 2592 5646 Deo
2641 5591 2969 5646 sacriﬁcium
3018 5588 3326 5643 ostendunt.
3374 5584 3479 5638 Sed
3530 5600 3658 5637 oves
3754 5652 3769 5665 ι

2084 5685 2462 5738 abominantur
2485 5683 2744 5754 Egypt“,
2769 5684 2892 5753 quia
2915 5683 3060 5737 cives
3089 5676 3247 5747 hujus
3275 5675 3453 5732 smruli
3480 5693 3657 5744 asper-
