4052 6184
428 304 500 364 39
1068 296 1132 351 B.
1173 292 1428 350 RABANI
1466 284 1685 349 usum
1726 280 2045 345 ARCHIEP.
2086 280 2396 345 uocum.
2436 282 2719 341 OPERUM
2754 231 2936 340 psus
2973 282 3014 339 ι.
3617 279 3686 340 ιο

431 427 639 475 nuntur
675 423 731 473 et
761 413 1072 489 despiciunt
1100 409 1500 481 simplicitatem
1529 408 1816 464 bonorum.
1855 404 2011 461 Sicut
2037 408 2090 468 Α
2114 417 2278 459 manu
2324 401 2524 472 aliquid
2567 400 3050 471 operantur?-quid
3089 396 3192 455 sibi
3235 400 3350 454 vult
3374 399 3478 454 ista
3513 397 3712 472 diver-q

426 525 560 583 ergo
589 515 717 563 sunt
741 503 1167 560 abominationcs
1193 501 1456 556 malorum
1491 512 1715 570 operum
1742 512 1881 568 quas
1914 496 2008 551 de-
2108 495 2276 551 sitas?
2303 509 2477 565 neque
2502 494 2649 549 enim
2681 492 2837 548 nihil.
2874 490 3227 562 Tulernntque
3254 490 3477 544 cinerem
3515 489 3581 544 de
3606 506 3694 545 ca-

431 577 698 654 testantnr
720 594 867 659 boni,
894 593 970 647 ita
998 592 1261 648 bonorum
1287 604 1513 661 operum
1537 602 1715 643 causze
1733 587 2011 642 abomina-
2108 585 2274 649 mino,
2309 594 2358 639 et
2395 591 2648 639 steterunt
2675 598 2860 642 coram
2886 579 3209 635 Pharaone:
3235 590 3284 635 et
3314 579 3507 650 sparsit
3541 577 3693 633 illum

403 693 608 747 ‘tiones
633 696 759 743 sunt
787 686 1052 758 mprobis.
1077 683 1234 740 Unde
1257 683 1520 754 scriptum
1546 689 1631 737 est
1653 698 1666 734 :
1693 678 2012 734 Abominan-

434 794 519 837 ’τιν
536 780 675 853 justi
700 780 864 834 uirum
894 779 1133 848 impium,
1160 786 1209 830 et
1238 774 1611 831 abominantur
1633 771 1780 843 impii
1807 788 1895 827 eos
1922 770 2013 843 qui

432 876 484 928 in
513 882 649 927 recta
675 880 796 926 sunt
826 871 910 926 uia
940 866 1123 941 (Prov.
1148 867 1321 938 ms).

1004 972 1234 1037 CAPUT
1271 967 1430 1035 XVII.

437 1079 535 1134 Ubi
579 1077 738 1132 uestis
772 1074 951 1130 ualida
997 1072 1298 1196 immgtitur
1342 1069 1398 1124 in
1460 1066 1755 1123 animantia
1807 1063 2015 1136 Egyp-

1161 1156 1333 1196 orum.

1161 1156 1333 1196 orum.

501 1237 650 1292 Dixit
695 1243 872 1291 autem
915 1232 1174 1288 Dominus
1220 1230 1301 1285 ad
1330 1228 1549 1301 Moysen
1572 1241 1591 1279 :
1625 1225 1909 1298 Ingredere
1948 1225 2020 1280 ad

439 1329 795 1391 Pharaonem,
822 1336 870 1382 et
898 1325 1106 1403 loquere
1137 1324 1206 1378 ad
1240 1339 1359 1377 eum
1388 1336 1406 1376 :
1435 1320 1566 1375 Ha'c
1593 1319 1723 1374 dicit
1762 1317 2021 1372 Dominus

437 1422 574 1475 Deus
602 1418 943 1474 IIebrmorum
968 1433 987 1472 :
1018 1417 1231 1471 Dimitte
1260 1413 1511 1487 pupulum
1540 1428 1734 1475 meum,
1762 1419 1821 1463 ut
1858 1407 2024 1463 sacri—

441 1514 550 1567 ‘icet
578 1512 727 1566 mihi.
759 1509 914 1578 Quod
941 1510 987 1564 si
1030 1509 1205 1563 adhuc
1248 1507 1425 1561 renuis
1454 1514 1502 1560 et
1544 1504 1733 1559 retines
1774 1518 1882 1567 eos,
1910 1508 2025 1555 ecce

432 1623 622 1660 manus
651 1621 766 1659 mea
802 1604 898 1658 erit
940 1617 1098 1673 super
1130 1613 1285 1671 agros
1313 1607 1451 1662 tuos,
1481 1612 1637 1667 super
1660 1608 1819 1667 equos
1843 1602 1893 1647 et
1920 1591 2025 1646 αεὶ·

2112 676 2319 747 Moyses
2356 676 2415 729 in
2454 674 2640 729 calum
2673 687 2692 726 :
2738 673 2969 744 factique
3010 680 3133 726 sunt
3176 671 3356 726 ulcera
3406 672 3692 725 vesicarum

2111 768 2429 839 turgentium
2454 767 2510 821 in
2542 765 2837 821 hominibus
2863 775 2912 823 et
2935 765 2991 820 in
3014 764 3300 834 jumentis;
3332 777 3425 817 nec
3454 769 3693 833 poterant

2113 854 2342 925 maleﬁci
2381 864 2523 911 stare
2565 870 2745 909 coram
2793 853 2997 925 Iloyse,
3040 862 3251 925 propter
3278 852 3454 910 ulcera
3494 867 3613 924 qua:
3640 850 3696 905 in

2113 946 2220 1002 illis
2254 953 2404 1001 erant
2427 954 2476 1001 et
2502 946 2561 1000 in
2586 945 2730 1007 omni
2757 954 2899 1000 terra
2930 943 3167 1015 £9ypti.
3196 943 3310 1017 (Ea:
3339 937 3594 1014 Isidoro.)
3639 942 3696 997 In

2114 1036 2387 1094 ulceribus
2413 1035 2657 1107 arguitur
2682 1034 2867 1092 dolosa
2902 1030 3064 1103 huius
3101 1034 3287 1090 saeculi
3324 1042 3382 1089 et
3409 1033 3697 1105 purulenta

2116 1129 2352 1197 malitia;
2390 1131 2448 1185 in
2490 1130 2710 1196 vesicis,
2747 1139 2962 1185 tumens
2999 1137 3057 1185 et
3100 1126 3283 1184 inﬂata
3311 1127 3597 1199 superbia;
3644 1126 3697 1179 in

2120 1221 2448 1288 fervoribus,
2479 1223 2560 1278 ira
2605 1221 2807 1279 furoris
2850 1233 2907 1279 et
2953 1224 3189 1278 insania.
3220 1222 3509 1292 ﬂuensque
3552 1221 3695 1276 enim

2120 1314 2250 1370 talia
2278 1328 2376 1383 per
2398 1327 2650 1369 errorum
2680 1329 2901 1371 suorum
2926 1314 3128 1385 ﬁguras
3156 1313 3417 1369 mundam
3442 1312 3701 1384 supplicia

2121 1414 2447 1476 temperant.
2478 1404 2609 1460 Post
2642 1405 2760 1461 hinc
2798 1420 2952 1471 vero,
2979 1407 3205 1461 verbera
3232 1406 3458 1462 veniunt
3502 1404 3570 1458 de
3615 1419 3681 1458 su

2121 1493 2344 1564 pernis:
2374 1498 2538 1549 voces
2577 1492 2817 1558 scilicet,
2863 1493 3100 1548 tonitrua
3140 1503 3196 1548 et
3234 1493 3440 1564 grando
3466 1500 3522 1547 et
3566 1491 3707 1563 ignis

2125 1584 2458 1647 discurrens,
2500 1582 2645 1638 sicut
2684 1582 2739 1638 in
2781 1582 3135 1652 sequentibus
3177 1582 3516 1638 ostendetur.
3560 1574 3707 1633 Dixit

435 1713 551 1761 nos,
583 1706 630 1749 et
673 1693 918 1759 camelos,
946 1671 1194 1757 etibores,
1221 1699 1269 1745 et
1305 1702 1448 1755 oves,
1483 1687 1642 1759 pestis
1669 1684 1827 1742 valde
1854 1682 2028 1755 gravis
2049 1755 2090 1761 _
2126 1690 2328 1747 quoque
2370 1672 2630 1728 Dominus
2660 1673 2731 1727 ad
2774 1672 2991 1744 Moysen
3022 1686 3042 1727 :
3076 1671 3236 1728 Mane
3264 1686 3517 1743 consurge
3539 1679 3588 1726 et
3627 1679 3709 1724 sta

436 1755 635 1858 (Exod.
661 1785 759 1855 Ix).
782 1755 936 1855 Quod
962 1799 1094 1839 vero
1113 1755 1303 1853 quinto
1327 1781 1381 1835 in
1407 1755 1528 1835 loco
1548 1775 1862 1833 animalium
1888 1787 2024 1830 nece
2049 1755 2098 1814 Β
2118 1780 2302 1858 “tam
2338 1763 2646 1858 ξηιοηξςηε,
2683 1774 2734 1819 et
2769 1765 2911 1819 dices
2950 1764 3021 1818 ad
3054 1779 3175 1819 eum
3209 1780 3228 1818 :
3262 1761 3392 1818 Haec
3436 1763 3563 1817 dicit
3597 1761 3710 1815 υο.

437 1878 520 1933 vel
574 1891 831 1949 pecorum
887 1872 1156 1945 Egyptus
1220 1871 1564 1932 verberatur,
1633 1864 1886 1923 vecordia
1938 1864 2028 1920 hic

436 1968 682 2039 arguitur
705 1965 787 2019 vel
818 1963 1046 2021 stultitia
1092 1960 1374 2016 hominum
1403 1958 1738 2022 mortalium,
1769 1957 1862 2027 qui
1906 1956 2029 2010 tan-

439 2056 1022 2131 quaerratiouabilia
1050 2068 1247 2126 pecora
1277 2051 1480 2108 cultum
1502 2058 1559 2107 et
1585 2048 1912 2131 vocabulan
1931 2045 2028 2101 Dei

438 2128 811 2221 imposuerunt
861 2146 1068 2218 ﬁguris,
1116 2159 1222 2200 non
1271 2143 1442 2199 solum
1477 2140 1794 2204 hominum,
1833 2128 1929 2192 sed
1975 2142 2031 2193 et

440 2259 721 2316 pecorum,
755 2242 922 2312 ligno,
953 2238 1189 2295 metallis
1228 2245 1391 2309 atque
1423 2233 1692 2305 lapidibus
1718 2229 2028 2302 impressis;

439 2346 495 2391 et
543 2351 607 2390 ea
638 2349 757 2405 qua:
791 2333 892 2403 ipsi
939 2332 1236 2388 credebant
1274 2325 1423 2383 cultu
1463 2324 1720 2381 honorari
1755 2323 1936 2378 divino
1976 2322 2029 2376 in

440 2425 526 2480 his
571 2424 817 2478 viderent
848 2419 1155 2475 miseranda
1198 2414 1441 2472 exerceri
1472 2412 1752 2484 supplicia.
1787 2410 2031 2466 Mortua—

441 2532 540 2588 que
556 2523 677 2568 sunt
699 2512 875 2566 omnia
898 2509 1191 2565 animantia
1205 2505 1595 2578 Egyptiorum.
1620 2502 1699 2557 De
1717 2499 2034 2556 unintalibus

440 2623 562 2660 vero
587 2604 821 2675 ﬁliorum
843 2599 1015 2656 Israel
1037 2598 1168 2655 nihil
1192 2598 1403 2653 omnino
1432 2593 1607 2666 periit.
1627 2591 1697 2647 Et
1725 2592 1869 2646 misit
1890 2589 2036 2645 Pha-

442 2714 537 2752 rao
563 2696 633 2751 ad
664 2693 940 2750 videndum
961 2706 981 2746 :
1006 2708 1099 2746 nec
1126 2698 1238 2745 erat
1260 2687 1547 2762 quidquam
1571 2694 1838 2740 mortuum
1861 2681 1926 2738 de
1953 2682 2035 2737 his

439 2807 561 2862 qua:
599 2786 894 2860 possidebat
940 2781 1131 2839 Israel.
1160 2778 1606 2852 Ingravatumque
1645 2784 1723 2830 est
1763 2789 1855 2828 cor
1891 2770 2037 2845 Plin:-

444 2881 642 2945 raonis,
667 2888 717 2933 et
744 2894 849 2935 non
872 2875 1070 2930 dimisit
1104 2870 1376 2944 populum.
1403 2868 1511 2942 (Ea:
1535 2863 1869 2939 Augustino.)
1898 2862 2039 2931 Quo-

442 2972 660 3028 modoe
687 2966 980 3024 contrariis
1027 2964 1208 3020 causis
1254 2961 1398 3018 facta
1441 2968 1528 3017 est
1568 2960 1687 3015 htec
1735 2954 2037 3029 ingravatio

439 3063 627 3121 cordis
670 3057 1005 3116 Pharaonis?
1049 3056 1107 3110 Si
1156 3055 1302 3111 enim
1342 3061 1398 3108 et
1430 3066 1629 3123 pecora
1668 3047 2037 3104 lsraelitarnm

2127 1857 2301 1911 minus
2330 1854 2469 1915 Deus
2497 1852 2842 1910 Hebraeorum
2864 1870 2883 1909 :
2905 1853 3121 1909 Dimitte
3153 1853 3400 1925 populum
3434 1871 3627 1921 meum,
3655 1868 3711 1911 ut

2128 1945 2389 2015 sacriﬁcet
2421 1944 2573 2010 mihi,
2597 1945 2723 2016 quia
2747 1946 2803 1999 in
2831 1945 2931 1999 hac
2957 1945 3064 2000 vice
3085 1945 3289 1997 mittam
3315 1960 3494 1999 ontnes
3526 1944 3713 2017 plagas

2129 2051 2272 2090 ηιεαι
2309 2051 2465 2106 super
2492 2051 2585 2089 εον
2622 2045 2793 2100 tuum,
2816 2044 2865 2089 ιι
2901 2048 3058 2105 super
3096 2050 3269 2089 εετυοο
3302 2042 3445 2099 ιιιοσ,
3484 2044 3533 2089 et
3562 2052 3716 2107 super

2130 2123 2379 2196 populum
2415 2134 2594 2191 tuum,
2623 2134 2681 2178 ut
2711 2126 2850 2180 scias
2880 2125 3008 2198 quia
3047 2140 3153 2180 non
3187 2126 3253 2180 sit
3296 2126 3482 2183 similis
3520 2129 3620 2181 mei
3660 2128 3715 2182 in

2130 2215 2276 2269 omni
2301 2225 2462 2269 terra.
2492 2213 2650 2269 Nunc
2682 2216 2821 2269 enim
2846 2213 3129 2270 extendens
3165 2232 3401 2283 manum,
3427 2218 3716 2287 percutiam

2133 2316 2183 2359 te
2195 2316 2248 2358 ‘et
2271 2303 2529 2374 populum
2553 2315 2701 2359 tuum
2728 2315 2886 2376 peste,
2912 2306 3292 2379 peribisqste-ds
3321 2317 3479 2363 terra.
3508 2307 3717 2364 Idcirco

2133 2402 2309 2447 autem
2331 2395 2482 2464 posui
2504 2404 2576 2460 te,
2600 2403 2662 2447 ut
2679 2394 2949 2449 ostendam
2967 2395 3026 2450 in
3051 2405 3100 2450 te
3114 2397 3483 2467 fortitudinem
3506 2408 3677 2451 meum
3692 2414 3719 2454 ς

2133 2492 2185 2538 et
2215 2492 2461 2537 narretur
2492 2494 2684 2538 nomen
2711 2500 2890 2538 meum
2932 2484 2990 2538 in
3034 2485 3176 2539 omni
3206 2496 3366 2545 terra.
3412 2485 3540 2545 lites
3574 2485 3694 2543 Scri

2132 2583 2312 2646 ptum
2340 2576 2506 2631 verba
2530 2584 2592 2630 et
2612 2575 2905 2647 Apostolus
2928 2577 3129 2647 posuit,
3157 2592 3282 2632 cum
3303 2577 3362 2633 in
3386 2578 3577 2634 eodem
3600 2578 3721 2635 loco

2136 2667 2434 2739 ρει-ιιἱῶώί
2467 2677 2795 2730 versaretur.
2828 2668 2907 2724 lbi
2945 2678 3130 2724 autem
3154 2677 3210 2725 et
3237 2669 3342 2724 hoc
3373 2669 3487 2724 ait:
3518 2667 3578 2725 Si
3624 2686 3695 2724 an

2140 2771 2241 2815 tem
2277 2760 2451 2817 volens
2488 2760 2631 2814 Deus
2667 2761 2940 2815 ostendere
2982 2760 3118 2815 iram
3158 2769 3207 2815 et
3249 2760 3608 2816 demonstrare
3625 2775 3696 2831 po

2140 2853 2357 2909 tentiam
2385 2868 2568 2915 suam,
2613 2851 2825 2907 sustulit
2862 2852 2918 2906 in
2948 2850 3114 2907 multa
3136 2852 3397 2923 patientia
3446 2868 3569 2906 uasa
3605 2853 3722 2917 ἕως

2140 2944 2402 3018 parcendo
2422 2943 2604 3015 utique
2631 2942 2713 2997 Itis
2737 2959 2866 3015 quos
2903 2941 3072 2997 malos
3102 2941 3309 3012 futuros
3336 2957 3448 2996 esse
3483 2941 3727 3013 praescio-

2139 3046 2259 3104 τοι»
2295 3051 2413 3106 qua:
2457 3050 2586 3089 vasa
2620 3033 2749 3087 dicit
2781 3031 3011 3104 perfecta
3055 3030 3113 3085 in
3150 3030 3494 3102 perditionem
3528 3046 3547 3085 :
3581 3039 3629 3085 et
3667 3039 3724 3084 ut

443 3159 810 3215 morerentur,
851 3157 982 3202 tunc
1029 3145 1308 3200 videretur
1354 3121 1521 3198 causa
1563 3147 1881 3210 competens
1926 3148 2034 3206 qua
2062 3137 2109 3204 ο
2144 3136 2314 3192 ποιων
2344 3124 2539 3215 illiilli}.
2570 3123 2764 3194 Ῑαεενεε
2800 3122 3011 3176 divitia!
3034 3121 3218 3192 gloria!
3235 3136 3348 3175 ινα
3378 3121 3437 3175 in
3464 3136 3593 3175 υαεα
3621 3121 3726 3175 m5-

444 3263 545 3302 cor
570 3246 689 3321 ejus
720 3248 1037 3314 gravaretur
1061 3236 1128 3292 ad
1172 3232 1628 3292 contemnendum
1675 3230 1877 3295 Deum,
1909 3235 2033 3282 tan-

446 3319 615 3409 quam
659 3335 786 3393 εἰει
813 3331 958 3402 magi
995 3328 1113 3398 ejus
1146 3342 1341 3399 pecora
1370 3323 1737 3380 lsraelitarnm
1780 3319 2040 3376 fecissent

449 3427 610 3485 mori.
642 3424 797 3480 Nune
823 3436 954 3478 vero
978 3421 1121 3477 unde
1149 3417 1336 3475 debuit
1363 3415 1429 3471 ad
1474 3413 1774 3469 timendum
1799 3409 1884 3466 vel
1914 3424 2038 3464 cre-

449 3518 685 3573 dendum
714 3513 954 3577 moveri,
982 3511 1171 3565 videns
1217 3507 1422 3564 nullum
1451 3519 1619 3576 pecus
1646 3510 1923 3559 mortuum
1968 3514 2038 3556 ex

447 3610 740 3682 pecoribus
766 3603 1150 3669 Hebraeorum?
1179 3600 1317 3657 Hinc
1346 3600 1688 3671 ingravatum
1715 3605 1821 3662 est,
1850 3594 1906 3649 id
1934 3603 2037 3659 est,

454 3702 545 3757 illa
596 3698 898 3772 ingravatio
949 3694 1112 3752 etiam
1160 3694 1443 3763 hucusque
1490 3703 1779 3761 progressa
1831 3694 1935 3742 est.
1971 3684 2041 3740 Et

446 3794 587 3847 dixit
627 3790 883 3845 Dominus
917 3787 986 3842 ad
1027 3784 1244 3856 Moysen
1281 3792 1329 3837 et
1364 3782 1543 3836 Aaron
1570 3795 1589 3833 :
1632 3777 1819 3832 Tollite
1859 3775 2041 3847 plenas

445 3900 643 3947 manus
670 3881 862 3937 cineris
890 3879 955 3934 de
985 3878 1191 3932 camino
1216 3891 1234 3929 :
1258 3884 1306 3929 et
1328 3880 1541 3944 spargat
1576 3870 1728 3923 illum
1755 3866 1963 3938 Moyses
1984 3868 2043 3921 in

446 3972 639 4028 caelum
676 3984 853 4026 coram
884 3964 1205 4021 Pharaone;
1230 3964 1399 4034 sitque
1437 3958 1607 4032 puluis
1653 3973 1811 4029 super
1848 3966 2043 4011 terram

456 4036 694 4134 JI‘Egypti.
726 4060 898 4114 Erunt
922 4057 1058 4113 enim
1087 4056 1140 4109 in
1186 4051 1483 4107 hominibus
1511 4058 1559 4104 et
1581 4046 1839 4119 jumentis
1864 4045 2044 4101 ulcera

450 4162 506 4208 et
526 4153 707 4208 vesicte
731 4157 994 4220 turgentes
1017 4147 1072 4200 in
1099 4144 1340 4199 universa
1367 4152 1509 4197 terra
1533 4137 1777 4210 digypti.
1803 4134 1914 4209 (Ea:
1935 4135 2047 4188 Au-

452 4244 711 4318 gustino.)
735 4240 874 4311 Quid
897 4236 1152 4309 estquod
1177 4236 1310 4292 dicit
1339 4234 1482 4290 Deus
1508 4231 1578 4287 ad
1605 4232 1787 4286 Aaron
1814 4237 1872 4283 et
1899 4228 2046 4298 Moy-

456 4352 575 4402 sen,
618 4334 827 4390 Sumite
852 4330 1007 4388 vobis
1041 4328 1230 4399 plenas
1258 4340 1452 4383 manus
1481 4322 1676 4378 favillas
1706 4321 1773 4375 de
1802 4318 2043 4387 fornace,

457 4434 513 4480 et
559 4430 813 4494 aspergat
849 4419 1063 4490 Moyses
1101 4418 1156 4472 in
1198 4415 1397 4471 caelum
1445 4426 1627 4468 coram
1657 4409 1960 4469 Pharaone,
1990 4414 2048 4460 et

2137 3206 2656 3286 sericordite'mom.
2702 3210 2801 3285 lx).
2844 3210 2998 3267 Unde
3027 3224 3280 3267 vasorum
3328 3209 3725 3267 misericordia
3800 3242 3807 3246 -

2137 3323 2245 3365 vox
2287 3313 2374 3363 est
2420 3305 2476 3360 in
2521 3303 2786 3375 psalmis:
2816 3302 2958 3357 Deus
3002 3318 3170 3368 meus,
3214 3301 3573 3356 misericordia
3612 3300 3730 3371 ejus

2137 3402 2414 3475 prteveniet
2462 3415 2564 3453 me.
2600 3398 2741 3452 Deus
2788 3413 2934 3451 meus
2980 3396 3357 3450 demonstravit
3412 3396 3543 3456 mihi
3590 3396 3729 3451 bona

2140 3510 2319 3550 coram
2347 3491 2576 3547 inimicis
2618 3490 2745 3544 meis
2788 3487 2967 3561 (Psal.
3006 3485 3181 3559 Lvln).
3226 3485 3388 3545 Novit
3427 3501 3559 3559 ergo
3588 3487 3732 3542 Reus

2141 3584 2281 3640 bene
2306 3583 2382 3638 uti
2411 3581 2596 3646 malis;
2623 3580 2679 3635 in
2712 3579 2908 3650 quibus
2940 3586 3123 3633 tamen
3152 3576 3444 3635 humanam
3475 3585 3728 3633 naturam

2141 3688 2250 3728 non
2303 3673 2373 3728 ad
2413 3672 2674 3727 malitiam
2720 3677 2903 3730 creat,
2949 3669 3043 3724 sed
3082 3668 3291 3739 profert
3320 3682 3417 3727 eos
3462 3668 3735 3739 patienter

2142 3779 2427 3836 quousque
2467 3763 2571 3820 scit
2597 3770 2852 3832 oportere
2877 3778 2890 3813 :
2918 3774 3025 3815 non
3050 3759 3306 3824 inaniter,
3334 3759 3433 3814 sed
3460 3767 3623 3814 utens
3651 3759 3733 3815 eis

2144 3858 2214 3917 ad
2242 3856 2664 3912 admonitionem
2690 3853 2776 3909 vel
2814 3852 3249 3910 exhortationem
3274 3852 3561 3908 bonorum».
3586 3852 3733 3907 Ecce

2145 3950 2292 4006 enim
2320 3958 2379 4004 ut
2403 3948 2818 4004 annnntiaretur
2842 3961 3037 4002 nomen
3068 3945 3163 4000 Dei
3195 3945 3248 4000 in
3281 3946 3530 4001 universa
3555 3953 3724 4009 terra,

2144 4041 2292 4097 vasis
2320 4039 2704 4096 misericordia:
2731 4040 2917 4108 utique
2951 4039 3191 4108 prodest.
3224 4037 3303 4090 Ad
3333 4051 3519 4092 eorum
3543 4039 3732 4108 itaque

2146 4134 2436 4190 utilitatem
2481 4130 2699 4187 Pharao
2742 4139 2994 4187 servatus
3034 4138 3139 4192 est,
3185 4131 3328 4186 sicut
3354 4137 3410 4184 et
3452 4129 3733 4200 Scriptura

2148 4231 2382 4279 testatur
2400 4230 2457 4277 et
2480 4221 2661 4277 exitus
2685 4219 2862 4277 docet.
2893 4219 2950 4274 Μ
2953 4222 3044 4274 itte
3064 4235 3185 4290 ergo
3205 4220 3321 4288 jam
3347 4234 3507 4283 nunc,
3530 4229 3578 4272 et
3609 4236 3735 4274 con-

2147 4329 2303 4384 grega
2326 4311 2571 4382 jumenta
2599 4320 2710 4375 tua,
2735 4322 2784 4365 et
2808 4312 2986 4365 omnia
3019 4327 3135 4382 qua:
3162 4309 3319 4363 habes
3347 4308 3402 4363 in
3436 4324 3584 4380 agro.
3624 4308 3737 4363 Ho-

2149 4403 2314 4457 mines
2354 4403 2493 4457 enim
2516 4410 2565 4456 et
2583 4400 2851 4472 jumenta,
2878 4410 2928 4455 et
2955 4401 3197 4456 universa
3231 4416 3348 4470 qua:
3376 4401 3583 4455 inuenta
3622 4400 3737 4471 fue-

458 4485 649 4571 ceram
668 4485 850 4568 servis
881 4485 1022 4581 ejus,
1047 4516 1105 4563 et
1140 4507 1233 4560 liat
1266 4505 1440 4576 pulvis
1466 4504 1520 4558 in
1558 4511 1669 4557 tota
1704 4510 1849 4555 terra
1878 4497 2050 4570 Εεν-
2076 4485 2125 4545 D
2152 4497 2255 4551 rint
2279 4496 2431 4567 foris,
2457 4513 2549 4551 nec
2586 4504 2901 4567 congregata
2926 4493 2992 4548 tle
3019 4494 3182 4564 agris,
3212 4493 3738 4566 cecideiitque-saper

462 4604 580 4676 pti?
607 4602 771 4674 Signa
807 4599 955 4655 enim
992 4597 1271 4666 superiora
1301 4595 1452 4663 virga
1499 4592 1717 4655 ﬁebant,
1741 4604 1908 4660 quam
1938 4603 2047 4642 non

466 4698 678 4768 Moyses
704 4693 799 4750 sed
832 4691 1021 4747 Aaron
1063 4687 1390 4745 extendebat
1416 4699 1578 4752 super
1607 4696 1826 4751 aquam,
1870 4678 1955 4733 vel
1980 4676 2049 4733 ad

461 4798 671 4843 terram
699 4782 1059 4858 percntiebat.
1104 4779 1258 4834 Nunc
1296 4792 1427 4832 vero
1471 4772 1805 4844 interpositis
1842 4768 2051 4825 duobus

465 4878 638 4950 signis
677 4877 745 4932 de
789 4873 1074 4947 cynomyia
1093 4879 1149 4926 et
1186 4882 1442 4941 pecorum
1484 4864 1770 4928 mortibus,
1814 4862 1907 4918 ubi
1950 4876 2052 4916 nec

466 4973 650 5026 Aaron
676 4985 779 5027 nec
804 4968 1015 5039 Moyses
1037 4964 1239 5035 aliquid
1264 4976 1425 5017 manu
1454 4957 1663 5031 operati
1685 4963 1834 5020 sunt,
1855 4954 2054 5011 dicitur

468 5070 530 5117 ut
561 5059 774 5133 Moyses
802 5056 1038 5112 favillam
1068 5059 1286 5125 spargat
1322 5051 1376 5105 in
1407 5049 1607 5106 caelum
1633 5046 1699 5101 de
1728 5044 1969 5110 fornace,
1998 5051 2056 5099 et

471 5153 612 5207 hanc
635 5150 796 5204 ambo
820 5160 1035 5205 sumere
1066 5145 1346 5215 jnbentur,
1380 5139 1474 5195 sed
1520 5137 1611 5192 ille
1645 5148 1901 5205 spargere
1943 5148 2052 5188 non

472 5245 527 5298 in
556 5252 760 5298 terram
788 5238 880 5297 sed
911 5239 966 5294 in
998 5236 1228 5301 coelum;
1271 5241 1529 5302 tanquam
1560 5229 1741 5284 Aaron
1772 5227 1864 5297 qui
1896 5227 2054 5281 datus

469 5343 587 5390 erat
629 5333 696 5389 ad
727 5330 1014 5403 pupulum,
1048 5335 1253 5383 terram
1288 5332 1573 5395 percutere
1617 5320 1860 5383 deberet,
1885 5317 1969 5372 vel
1997 5317 2053 5372 in

472 5433 674 5480 terram
717 5421 832 5477 sive
863 5418 919 5473 in
952 5432 1147 5488 aquam
1194 5428 1413 5470 manum
1457 5412 1750 5466 extendere
1782 5428 1799 5463 ς
1841 5408 2054 5480 Moyses

471 5526 624 5577 vero,
665 5511 734 5572 de
772 5523 880 5581 quo
920 5508 1121 5563 dictum
1166 5511 1252 5559 est
1280 5521 1293 5558 :
1321 5502 1437 5557 Erit
1469 5501 1567 5557 tibi
1606 5500 1659 5554 in
1699 5499 1785 5555 his
1824 5513 1947 5569 qua:
1985 5499 2053 5554 ad

475 5600 668 5666 Deum,
710 5601 767 5656 in
811 5598 1009 5656 caelum
1048 5596 1269 5668 iubetur
1314 5592 1553 5647 favillam
1598 5605 1874 5662 spargere.
1915 5588 2055 5657 Quid

479 5692 585 5748 duo
610 5692 697 5747 illa
727 5691 1007 5762 superiora
1042 5689 1217 5761 signa,
1246 5685 1336 5741 ubi
1369 5700 1469 5741 nec
1507 5683 1716 5756 Moyses
1744 5699 1843 5739 nec
1872 5683 2054 5738 Aaron

2146 4602 2209 4640 ea
2239 4586 2462 4657 grando,
2491 4586 2800 4640 morientur.
2825 4583 2936 4657 (Es:
2962 4585 3301 4658 Augustino.)
3324 4585 3461 4653 Quid
3483 4594 3567 4641 cst
3591 4585 3736 4655 quod

2150 4677 2371 4732 mandat
2401 4678 2543 4733 Deus
2584 4675 2881 4742 Pharaoni,
2920 4691 3046 4732 eum
3090 4692 3149 4732 se
3187 4675 3453 4731 factlmtm
3486 4691 3736 4746 magnam

2151 4768 2467 4838 grandinem
2497 4767 2819 4827 minaretur,
2848 4775 2908 4820 nt
2934 4764 3153 4830 festith
3184 4779 3513 4835 congregare
3538 4777 3736 4836 pecora

2151 4874 2274 4925 sua,
2298 4867 2353 4915 et
2376 4871 2712 4930 quaecunque
2740 4856 2817 4911 illi
2843 4863 3028 4910 essent
3054 4855 3107 4910 in
3137 4869 3352 4924 campo,
3381 4870 3449 4910 ne
3476 4856 3737 4927 grandine

2155 4951 2442 5027 intereant.
2480 4949 2595 5004 Hoc
2620 4948 2765 5004 enim
2793 4962 2900 5003 non
2932 4956 3042 5002 tam
3074 4948 3417 5020 indignanter
3446 4964 3610 5017 quam
3635 4949 3737 5004 mi-

2153 5042 2502 5099 sericorditer
2540 5040 2755 5095 videtur
2812 5040 3125 5095 admonere.
3169 5039 3276 5095 Sed
3323 5040 3426 5095 hoc
3461 5055 3565 5095 non
3605 5038 3737 5097 facit

2154 5132 2526 5203 qumstionem,
2560 5130 2776 5201 quando
2807 5131 2948 5185 Deus
2978 5131 3143 5185 etiam
3192 5129 3435 5186 irascens
3472 5138 3738 5202 temperat

2153 5238 2390 5295 pmnam.
2418 5221 2554 5277 Illud
2588 5229 2675 5276 est
2719 5222 2864 5293 quod
2904 5221 3102 5276 merito
3140 5228 3339 5285 movet,
3370 5221 3567 5290 quibus
3592 5235 3738 5276 nunc

2151 5314 2439 5385 pecoribus
2458 5312 2800 5378 consulatur,
2827 5314 2871 5369 si
2897 5313 3078 5368 omnia
3104 5320 3317 5367 mortua
3343 5309 3556 5367 fuerant
3583 5312 3737 5383 plaga

2158 5406 2438 5476 superiore
2463 5405 2554 5462 ubi
2580 5406 2846 5476 scriptum
2867 5413 2953 5459 est
2973 5403 3118 5474 quod
3146 5403 3402 5459 discrevit
3427 5402 3569 5458 Deus
3595 5403 3739 5457 inter

2158 5514 2355 5571 peoora
2406 5497 2757 5555 Hebrtrornm
2800 5504 2858 5553 et
2911 5495 3325 5569 Egyptiorum,
3371 5497 3444 5550 ita
3489 5503 3550 5550 ut
3594 5494 3741 5550 illine

2162 5593 2364 5648 nullum
2393 5600 2718 5658 moreretur,
2759 5591 2942 5647 omnia
2971 5605 3104 5648 vero
3137 5588 3516 5661 Egyptiortim
3545 5602 3740 5658 pecora

2163 5695 2525 5741 morerentur.
2562 5683 2643 5739 An
2673 5698 2735 5739 ea
2767 5682 2995 5739 solvitur
3023 5681 3275 5753 quaestio,
3303 5677 3445 5748 quod
3478 5676 3741 5747 praedixe-
