4052 6184
416 315 480 368 4|
1384 307 1878 364 COMMENTAle
1919 308 1986 362 IN

2089 308 2333 363 tonuit.
2376 339 2442 345 _
2485 306 2614 359 un.
2657 307 2694 359 ι.
3600 312 3670 369 ω

416 433 501 477 rat
536 437 597 476 ea
630 422 907 483 moritura,
936 436 1053 489 qua)
1083 422 1132 474 in
1170 437 1358 489 campo
1398 422 1649 488 fuissent,
1680 430 1735 475 ut
1764 424 1878 477 haec
1904 437 1993 476 ac—
2020 435 2069 493 Α
2098 419 2313 490 Moysen
2343 434 2357 471 :
2392 418 2541 473 Intra
2593 421 2659 473 ad
2703 416 3033 474 Pharaonem
3059 434 3075 471 .'
3104 421 3214 492 Ego
3276 424 3413 476 enim
3459 441 3666 493 gravari

413 516 685 585 cipiantur
708 514 921 577 omnia;
952 513 1318 583 intelligantur
1345 524 1523 569 autem
1547 516 1782 569 evasisse
1802 530 1920 583 quze
1936 515 1991 566 in

412 603 661 659 domibus
699 610 873 668 erant,
900 617 1019 671 quae
1055 612 1343 671 potuerunt
1372 604 1533 658 etiam
1558 619 1589 658 a
1620 605 1990 659 dubitantibus

410 695 614 767 colligi.
639 703 691 749 et
720 695 772 747 in
798 695 957 749 domo
982 702 1183 757 tenere,
1216 711 1282 750 ne
1311 695 1448 750 forte
1471 711 1653 751 verum
1683 704 1827 751 esset
1848 696 1990 765 quod

411 785 623 855 Moyses
654 785 935 839 Dominum
985 784 1251 839 facturum
1296 802 1414 841 esse
1458 787 1806 855 praedixerat;
1836 794 1891 841 et
1923 801 1989 841 ex

411 874 498 926 his
532 888 652 927 esse
689 873 743 925 in
787 873 990 941 campis
1020 875 1213 927 iterum
1258 882 1520 944 poterant,
1560 891 1679 944 qua:
1707 876 1867 929 modo
1897 875 1990 929 ad—

410 973 595 1017 monet
618 975 671 1017 et
699 965 1013 1034 congregari
1046 966 1099 1018 in
1128 966 1333 1029 domos,
1360 982 1425 1020 ne
1446 966 1707 1037 grandine
1734 967 1991 1035 pereant?

413 1053 642 1107 Maxime
660 1054 783 1121 quia
808 1055 1052 1122 sequitur
1080 1056 1376 1125 Scriptura,
1406 1066 1459 1110 et
1486 1057 1618 1111 dicit
1641 1075 1653 1110 :
1689 1056 1793 1123 Qui
1817 1058 1989 1112 timuit

409 1144 617 1196 rerbmn
650 1144 857 1197 Domini
895 1162 1158 1198 servorum
1198 1144 1519 1213 Pharaonis,
1553 1150 1880 1219 congregavit
1903 1165 1991 1217 pe-

404 1249 533 1284 cora
558 1250 652 1285 sua
689 1234 741 1286 in
784 1233 986 1287 domos.
1030 1234 1133 1300 Qui
1163 1246 1337 1289 autem
1370 1254 1471 1290 non
1507 1238 1725 1291 intendit
1768 1247 1988 1291 mentem

409 1324 463 1373 in
504 1322 708 1375 verbum
736 1323 967 1387 Domini,
990 1325 1188 1378 dimisit
1213 1343 1400 1396 pecora
1425 1344 1522 1380 sua
1563 1329 1617 1380 in
1643 1344 1844 1397 campo.
1876 1327 1989 1382 Hoc

405 1426 540 1479 ergo
587 1412 700 1465 fieri
740 1413 950 1480 potuit,
1002 1414 1216 1482 quando
1255 1415 1421 1468 etiam
1461 1426 1689 1469 mortem
1732 1431 1986 1486 pecorum

406 1502 645 1554 minatus
674 1511 756 1555 est
787 1502 951 1568 Deus,
980 1504 1229 1571 quamvis
1266 1504 1317 1557 id
1355 1503 1634 1575 Scriptura
1666 1507 1912 1561 tacuerit.

987 1611 1212 1668 CAPUT
1256 1614 1435 1668 XVIII.

828 1682 900 1734 De
931 1684 1203 1751 grandinis
1229 1684 1567 1738 immissione.

2092 526 2183 562 cor
2229 510 2341 579 ejus
2386 520 2433 562 et
2477 525 2741 563 servorum
2784 511 2917 579 ejus,
2959 521 3014 563 ut
3058 512 3239 565 ordine
3306 516 3667 583 superveniunt

2095 596 2291 666 (Exod.
2323 599 2406 670 Χ),
2441 600 2592 670 signa
2627 616 2745 654 mea
2795 602 2911 655 haec
2943 616 3105 669 super
3132 617 3244 667 eos,
3275 618 3381 658 non
3413 605 3493 660 sic
3526 606 3672 660 acci-

2090 687 2344 756 piendum
2372 696 2455 742 est
2472 729 2485 754 ,
2513 698 2767 758 tanquam
2793 706 2927 760 opus
2954 693 3147 746 habeat
3184 693 3325 749 Deus
3352 694 3666 765 cujusquam

2092 777 2314 830 malitia.
2346 777 2452 831 Sed
2481 779 2560 832 sic
2586 779 2990 850 intelligendum
3016 788 3098 835 est
3123 797 3186 835 ac
3212 783 3257 835 si
3286 782 3490 839 diceret
3515 804 3528 838 :
3554 786 3667 855 Ego

2091 868 2233 921 enim
2279 870 2491 937 patiens
2520 869 2593 924 fui
2623 887 2784 940 super
2827 886 2948 925 eum
2980 882 3033 926 et
3074 888 3259 928 servos
3308 876 3426 944 ejus
3454 885 3511 930 ut
3558 894 3665 932 non

2090 972 2183 1011 eos
2208 959 2497 1025 auferrem,
2521 969 2577 1014 ut
2597 962 2784 1015 ordine
2799 963 3178 1029 superveniunt
3205 963 3355 1033 signa
3370 982 3488 1020 mea
3506 982 3669 1036 super

2089 1060 2201 1100 eos.
2233 1048 2346 1114 Qua
2377 1050 2634 1118 patientia
2663 1050 2806 1103 enim
2837 1051 2928 1104 Dei
2953 1051 3277 1106 obstinatior
3304 1053 3466 1108 ﬁebat
3492 1056 3666 1109 malus

2090 1140 2325 1205 animus,
2350 1142 2469 1194 ideo
2497 1157 2595 1210 pro
2623 1157 2687 1195 eo
2710 1143 2833 1210 quia
2863 1142 2915 1195 in
2942 1159 3065 1195 eum
3096 1142 3211 1207 fuit,
3242 1146 3439 1199 dicitur
3453 1149 3665 1216 gravari

2090 1245 2184 1283 cor
2211 1230 2346 1296 ejus.

2668 1321 2894 1375 CAPUT
2936 1321 3074 1375 XIX.

2696 1412 2773 1466 De
2808 1416 2973 1467 locust
2986 1418 3041 1466 ἐ.

2158 1501 2304 1555 Dixit
2343 1512 2516 1555 autem
2561 1502 2814 1556 Dominus
2846 1504 2914 1557 ad
2950 1504 3183 1575 Moysem
3215 1521 3233 1560 :
3282 1505 3520 1560 Extende
3550 1524 3662 1560 ma-

2087 1609 2212 1645 num
2238 1603 2381 1645 tuam
2406 1608 2561 1661 super
2586 1601 2777 1645 terram
2816 1593 3033 1664 /Egypti
3065 1595 3133 1648 ad
3162 1596 3443 1661 locustam,
3488 1609 3546 1651 ut
3573 1615 3661 1651 as-

2088 1683 2270 1737 cendat
2290 1700 2444 1753 super
2463 1700 2578 1737 eam
2600 1700 2619 1738 :
2644 1695 2690 1737 et
2709 1685 2913 1739 devoret
2939 1703 3142 1739 omnem
3165 1687 3375 1741 herbam
3395 1706 3511 1758 qua:
3533 1692 3635 1744 resi
3645 1718 3664 1731 ο

484 1770 546 1823 Et
590 1771 723 1823 dixit
775 1772 1028 1824 Dominus
1068 1771 1138 1825 ad
1195 1772 1411 1842 Moysen
1442 1791 1459 1826 :
1503 1773 1740 1827 Extende
1777 1791 1990 1828 manuni
2019 1781 2065 1838 B
2092 1774 2200 1827 dua
2242 1775 2341 1843 fuit
2365 1774 2632 1844 grandini.
2677 1774 2743 1827 Et
2768 1776 2995 1828 extendit
3032 1775 3237 1846 Moyses
3268 1778 3467 1848 virgam
3504 1795 3663 1849 super

400 1871 551 1913 tuam
582 1862 635 1915 in
665 1860 867 1924 calum,
898 1870 944 1913 et
981 1861 1076 1914 erit
1107 1862 1305 1931 grando
1334 1864 1386 1915 in
1420 1863 1561 1916 omni
1597 1874 1737 1917 terra
1767 1863 1986 1934 zEgypti

405 1949 603 2021 (Exod.
630 1948 727 2020 is).
756 1950 893 2004 Ecce
918 1949 1113 2003 iterum
1139 1965 1243 2003 non
1262 1950 1315 2004 in
1344 1953 1686 2012 terram,'sed
1712 1953 1764 2006 in
1790 1952 1985 2007 coelum

402 2055 623 2092 ntanum
643 2039 862 2109 jubetur
887 2040 1198 2103 extendere,
1231 2041 1369 2094 sicut
1397 2042 1645 2111 superius
1669 2043 1735 2096 de
1782 2043 1979 2098 favilla.

404 2130 754 2200 Extenditque
797 2128 1001 2199 Moyses
1047 2131 1240 2200 virgam
1275 2131 1329 2183 in
1376 2131 1594 2197 caelum,
1635 2143 1681 2185 et
1729 2133 1983 2188 Dominus

402 2222 545 2274 dedit
577 2222 807 2274 tonitrua
836 2230 884 2274 et
925 2220 1254 2290 grandinem,
1293 2237 1354 2273 ac
1390 2220 1739 2275 discurrentia
1770 2221 1982 2292 fulgura

400 2328 558 2381 super
582 2323 806 2377 terram;
829 2318 883 2366 et
919 2311 1147 2379 reliqua.
1174 2310 1281 2382 (Ex
1312 2309 1565 2382 Isidoro.)
1591 2310 1831 2380 Septimo
1865 2313 1982 2368 loco

402 2419 568 2473 super
595 2402 886 2473 IEgyptum
921 2401 1148 2457 verbera
1177 2402 1399 2456 veniunt
1429 2402 1495 2457 de
1521 2404 1791 2471 supernis,
1823 2420 1982 2459 voces

401 2495 611 2549 scilicet
644 2504 698 2549 et
728 2495 986 2561 tonitrua,
1017 2494 1070 2548 et
1097 2495 1303 2564 grando
1326 2502 1379 2547 et
1408 2495 1545 2565 ignis
1566 2496 1890 2551 discurrens.
1924 2497 1981 2551 In

401 2585 660 2640 touitruis
704 2586 846 2639 enim
878 2584 1271 2654 increpationes
1299 2600 1363 2639 ac
1392 2586 1585 2640 divinat
1615 2588 1982 2657 correptiones

397 2674 794 2744 intelliguntur,
837 2673 962 2744 quia
1012 2690 1120 2729 non
1155 2691 1278 2730 cum
1327 2674 1539 2729 silentio
1583 2675 1856 2742 verberat,
1886 2677 1981 2731 sed

400 2766 497 2819 dat
531 2779 722 2829 voces;
750 2774 804 2819 et
837 2764 1135 2819 doctrinam
1188 2765 1400 2820 ccelitus
1446 2765 1634 2831 mittit,
1678 2780 1779 2837 per
1816 2780 1980 2838 quam

400 2856 572 2926 possit
609 2855 820 2925 culpam
867 2870 1045 2921 suam,
1076 2855 1291 2910 etelitus
1327 2856 1641 2927 castigatus,
1683 2871 1983 2928 agnoscere

400 2948 652 3000 mundus.
684 2946 786 3000 Dat
810 2954 865 2999 et
891 2946 1229 3015 grandinem,
1258 2961 1355 3017 per
1399 2954 1561 3017 Quam
1591 2954 1778 3002 tenera
1805 2947 1983 3002 adhuc

399 3046 680 3090 vastentur
724 3039 1000 3091 nascentia
1038 3038 1323 3103 vitiorum;
1358 3039 1443 3092 dat
1475 3046 1532 3093 et
1558 3038 1761 3109 ignem,
1802 3038 1983 3096 sciens

2087 1871 2279 1915 terram
2320 1862 2539 1932 .Egypti
2589 1862 2795 1933 (Exod.
2826 1862 3018 1934 xvnt).
3056 1863 3166 1937 [Ex
3197 1864 3453 1938 Isidoro.]
3504 1865 3660 1933 Quod

2087 1952 2416 2007 locustarum
2441 1960 2630 2005 octavo
2653 1954 2705 2006 in
2736 1953 2854 2007 loco
2880 1953 2939 2006 tit
2965 1955 3188 2020 mentio,
3230 1964 3453 2024 putatur
3480 1972 3511 2010 a
3538 1958 3664 2028 qu;-

2084 2041 2331 2105 buslam,
2373 2058 2467 2111 per
2506 2044 2609 2098 hoc
2645 2060 2815 2114 genus
2856 2045 3045 2116 plagae,
3087 2047 3401 2104 dissidentis
3437 2065 3469 2104 a
3497 2066 3557 2106 se
3601 2062 3658 2106 et

2086 2134 2466 2198 discordantis,
2493 2136 2713 2191 humani
2742 2140 2956 2209 generis
2979 2140 3343 2194 inconstantia
3363 2142 3655 2197 confutari.

2082 2224 2201 2278 Alio
2215 2240 2426 2294 quoque
2447 2240 2609 2280 sensu
2629 2226 2850 2281 locustm
2872 2242 2969 2296 pro
2994 2229 3292 2284 mobilitate
3312 2230 3545 2287 levitatis
3570 2249 3663 2288 ac-

2082 2316 2341 2386 cipiendte
2358 2324 2484 2370 sunt
2500 2324 2752 2386 tanquam
2769 2334 2916 2388 vaga}
2936 2328 2990 2372 et
3007 2319 3259 2374 salientes
3275 2321 3468 2377 anima:
3488 2322 3543 2376 in
3564 2338 3661 2377 sae-

2081 2408 2187 2463 culi
2213 2407 2532 2477 voluptates.
2586 2408 2654 2462 Et
2687 2410 2941 2465 Dominus
2970 2411 3179 2465 induxit
3201 2422 3410 2467 ventum
3430 2424 3662 2471 urentem

2079 2506 2187 2551 tota
2201 2498 2291 2550 illa
2305 2497 2389 2552 die
2409 2516 2470 2552 ac
2490 2508 2656 2565 nocte,
2676 2509 2743 2566 et,
2759 2500 2896 2569 facto
2918 2517 3093 2566 mane,
3109 2512 3288 2555 ventus
3309 2519 3463 2557 urens
3477 2504 3660 2560 levavit

2080 2588 2327 2651 locustas,
2377 2606 2514 2660 quae.
2542 2589 2885 2643 ascenderunt
2926 2590 3084 2661 super
3126 2593 3418 2647 universam
3463 2604 3658 2649 terram

2086 2679 2326 2749 Aigypti,
2353 2688 2403 2733 et
2452 2679 2695 2733 sederunt
2741 2680 2795 2733 in
2818 2683 3017 2734 cunctis
3052 2681 3245 2749 ﬁnibus
3281 2682 3653 2753 ngyptiorum

2080 2770 2500 2831 innumerabiles,
2545 2769 2726 2839 quales
2754 2780 2874 2824 ante
2894 2770 3026 2823 illud
3047 2781 3244 2842 tempus
3289 2789 3391 2827 non
3426 2774 3659 2842 fuerunt.

2080 2877 2173 2915 nec
2196 2869 2374 2929 postea
2413 2859 2609 2929 futura:
2630 2869 2750 2913 sunt
2770 2874 2791 2924 ;
2816 2870 3232 2930 operueruntque
3249 2861 3544 2916 universam
3568 2880 3662 2917 su-

2079 2948 2342 3019 perﬁciem
2380 2958 2554 3014 terrm,
2578 2956 2838 3002 vastantes
2861 2948 3059 3002 omnia.
3103 2948 3366 3003 Devorata
3385 2960 3461 3006 est
3503 2952 3665 3021 igitur

2080 3040 2239 3094 herba
2264 3049 2433 3102 teme,
2487 3050 2534 3093 et
2571 3039 2823 3111 quidquid
2848 3055 3122 3109 pomorum
3151 3040 3206 3094 in
3228 3042 3501 3096 arboribus
3536 3043 3657 3111 fuit,

399 3136 521 3180 che
566 3126 748 3194 spinas
776 3135 830 3181 et
882 3126 1127 3193 tribulos,
1173 3144 1307 3197 quos
1353 3129 1547 3183 debeat
1584 3130 1724 3199 ignis
1750 3130 1837 3185 ille
1884 3130 1981 3185 de-
2009 3112 2053 3175 Ο
2089 3146 2206 3201 quae
2236 3129 2435 3200 grando
2465 3130 2776 3184 dimiserat:
2812 3129 3044 3200 nihilque
3090 3132 3301 3185 omnino
3338 3132 3505 3187 virens
3549 3133 3665 3188 reli-

400 3218 585 3287 pasci;
619 3218 685 3271 de
712 3233 820 3286 quo
856 3218 986 3272 dicit
1021 3217 1298 3285 Dominus,
1335 3219 1516 3290 Ignem
1548 3223 1658 3275 veni
1691 3221 1894 3276 mittere
1933 3222 1991 3277 in

405 3319 604 3363 terram
641 3308 790 3380 (Luc.
817 3310 936 3381 xu).
974 3310 1076 3364 Per
1099 3311 1244 3365 hunc
1277 3313 1421 3365 enim
1449 3312 1716 3366 incentiva
1746 3312 1990 3382 volupta-

405 3399 484 3452 tis
539 3408 590 3451 et
638 3400 874 3455 libidinis
913 3408 1320 3455 consumuntur.
1366 3400 1610 3471 Misitque
1654 3399 1902 3467 Pharao,
1940 3411 1988 3454 et

411 3491 709 3549 convocavit
748 3490 964 3562 Moysen
995 3500 1042 3544 et
1079 3491 1257 3546 Aaron
1283 3493 1460 3546 dicens
1505 3494 1573 3545 ad
1613 3508 1739 3546 eos:
1769 3490 1990 3545 Peccavi

403 3583 566 3634 ctiam
617 3596 777 3641 nunc,
806 3580 1062 3635 Dominus
1094 3582 1315 3652 justus;
1341 3598 1431 3652 ego
1473 3594 1520 3636 et
1562 3580 1782 3655 papulas
1819 3597 1988 3647 meus,

407 3673 577 3731 impii.
623 3672 783 3727 Orate
823 3672 1134 3739 Dominum,
1168 3684 1223 3726 ut
1263 3673 1503 3728 desinant
1543 3676 1771 3729 tonitrua
1805 3673 1904 3727 Dei
1939 3682 1988 3727 et

407 3764 631 3834 grando,
666 3774 713 3818 et
749 3765 1009 3819 dimittant
1034 3782 1140 3830 vos,
1168 3775 1214 3820 et
1245 3781 1569 3836 nequaquam
1598 3766 1682 3818 hic
1711 3764 1849 3817 ultra
1876 3780 1988 3817 ma-

410 3857 598 3907 neatis.
628 3855 710 3908 Ait
743 3852 951 3926 Moyses
975 3871 993 3908 :
1024 3854 1155 3909 Cum
1192 3871 1425 3926 egressus
1455 3854 1604 3923 fuero
1632 3854 1698 3908 de
1724 3852 1870 3918 urbe,
1897 3868 1989 3906 ea}-

406 3947 614 3999 tcndam
642 3946 844 4015 palmas
885 3962 1025 3999 meas
1070 3945 1139 3999 ad
1170 3945 1482 4011 Dominum,
1513 3955 1560 4001 et
1592 3943 1863 3998 cessabunt
1907 3952 1986 3996 to-

410 4038 610 4099 nitrua,
637 4047 684 4089 et
721 4036 923 4106 grando
954 4053 1057 4089 non
1091 4037 1186 4088 erit
1208 4051 1226 4088 :
1258 4044 1311 4088 ut
1345 4035 1482 4088 scias
1510 4035 1635 4107 quia
1672 4030 1886 4088 Domini
1912 4041 1986 4086 est

410 4136 570 4178 terra.
608 4126 654 4180 Ν
659 4128 738 4180 ovi
763 4136 935 4179 autem
973 4125 1109 4197 quod
1132 4135 1179 4179 et
1205 4136 1259 4180 tu
1283 4135 1329 4179 et
1357 4126 1489 4179 servi
1519 4126 1617 4190 tui,
1646 4141 1738 4179 nec
1769 4124 1895 4177 dum
1922 4124 1988 4176 ti-

410 4217 595 4269 meatis
647 4215 927 4287 Dominum
964 4216 1167 4281 Deum,
1209 4225 1263 4269 et
1298 4215 1503 4285 reliqua
1538 4215 1690 4286 (Luc.
1715 4214 1835 4287 xu).
1881 4213 1987 4285 (Ea;

410 4305 748 4375 Augustino.)
774 4304 906 4360 Cum
946 4304 1157 4375 fragore
1189 4304 1310 4358 eteli
1337 4304 1430 4375 qui
1460 4305 1750 4359 vehemens
1786 4311 1903 4358 erat
1931 4303 1985 4356 in

409 4398 693 4468 grandine,
724 4397 933 4453 Pharao
974 4398 1165 4452 tertius
1196 4397 1402 4468 rogavit
1444 4396 1661 4467 Moysen
1703 4405 1762 4449 ut
1803 4403 1987 4449 oraret

408 4503 510 4556 pro
549 4487 658 4552 illo,
693 4487 954 4555 confitens
985 4488 1321 4557 iniquitatem
1362 4502 1514 4541 suam
1534 4527 1548 4551 ,
1578 4494 1634 4540 et
1661 4484 1839 4554 populi
1868 4485 1982 4549 sui;

413 4577 626 4646 Moyses
654 4579 700 4631 ei
728 4578 899 4633 dixit:
931 4573 997 4632 Et
1026 4586 1082 4630 tu
1116 4587 1162 4631 et
1189 4578 1322 4631 servi
1348 4578 1424 4631 tui
1455 4578 1562 4631 scio
1590 4576 1727 4646 quod
1759 4576 1987 4629 nondum

407 4667 603 4719 timetis
634 4666 934 4720 Dominum.
980 4666 1202 4735 Qualem
1233 4657 1496 4721 timorem
1544 4667 1852 4734 quaerebat,
1902 4666 1989 4720 cui

413 4754 580 4807 timor
625 4754 726 4809 iste
760 4756 994 4809 nondum
1022 4764 1141 4809 erat
1170 4755 1379 4809 Domini
1412 4754 1609 4809 timor?
1640 4753 1816 4808 Facile
1843 4754 1987 4808 enim

409 4854 498 4897 est
536 4859 749 4913 pinnam
783 4846 992 4910 timere,
1021 4835 1114 4901 sed
1148 4847 1249 4901 hoc
1288 4862 1393 4899 non
1440 4854 1526 4901 est
1572 4846 1741 4900 Deum
1776 4847 1984 4912 timere,

410 4937 509 4990 illo
554 4936 759 4989 scilicet
786 4937 977 4991 timore
1002 4937 1236 5007 pietatis,
1270 4952 1388 5006 qua:
1416 4944 1800 4992 commemorat
1824 4934 1990 4990 Iacob

410 5029 506 5082 ubi
537 5028 705 5081 dicit:
744 5026 861 5081 Nisi
890 5028 1029 5082 Deus
1076 5029 1242 5098 patris
1292 5029 1391 5083 mei
1433 5028 1719 5092 Abraham,
1747 5037 1793 5080 et
1837 5028 1994 5080 timor

412 5119 578 5172 Isaac
605 5127 733 5171 esset
759 5118 906 5182 mihi,
936 5134 1071 5171 nunc
1093 5134 1173 5170 me
1201 5118 1408 5171 inanem
1437 5118 1737 5171 dimisisses.
1765 5115 1834 5169 Et
1862 5115 1994 5169 dixit

413 5209 676 5262 Dominus
702 5208 770 5262 ad
810 5207 1027 5279 Moysen
1051 5222 1069 5259 :
1094 5207 1376 5278 Ingredere
1407 5208 1474 5262 ad
1504 5207 1856 5262 Pharaonem.
1884 5207 1995 5277 Ego

406 5304 556 5357 enim
594 5300 835 5353 induravi
879 5317 971 5354 cor
996 5298 1109 5370 ejus
1135 5308 1183 5352 et
1226 5316 1488 5355 servorum
1517 5299 1682 5364 illius,
1711 5308 1767 5353 ut
1802 5300 1996 5368 faciam

410 5398 571 5462 signa
603 5402 715 5444 mea
745 5391 855 5444 ha'c
882 5394 936 5446 in
967 5408 1027 5445 eo
1050 5407 1069 5444 :
1095 5400 1141 5444 et
1172 5408 1352 5445 narres
1380 5392 1435 5444 in
1474 5392 1688 5445 auribus
1719 5392 1818 5460 ﬁlii
1848 5391 1924 5443 tui
1951 5400 1998 5443 et

412 5492 662 5551 nepotum
711 5492 941 5545 tuorum,
986 5482 1188 5552 quoties
1237 5481 1565 5534 contriverim
1617 5481 1912 5551 Egyptios,
1951 5489 1998 5532 et

410 5590 571 5643 signa
594 5590 708 5627 mea
733 5573 946 5643 fecerim
968 5576 1021 5628 in
1049 5575 1120 5627 eis
1143 5587 1160 5624 :
1190 5583 1236 5627 et
1267 5573 1445 5626 sciatis
1473 5572 1598 5642 quia
1626 5589 1716 5641 ego
1746 5572 2001 5625 Dominus

415 5663 564 5719 Deus
587 5662 743 5735 (Gen.
772 5663 947 5732 XXXI),
974 5672 1028 5717 et
1054 5664 1277 5733 reliqua.
1312 5663 1464 5730 Quod
1494 5662 1751 5717 Dominus
1781 5662 1908 5717 dicit
1934 5662 2002 5715 ad

825 5756 1098 5812 Parnoc.
1136 5754 1351 5814 CVIII.

2092 3230 2235 3275 ctum
2262 3228 2338 3275 est
2361 3221 2418 3274 in
2440 3219 2595 3289 lignis
2639 3230 2688 3274 et
2708 3221 2881 3275 herbis
2904 3231 3077 3286 term,
3114 3220 3168 3274 in
3190 3230 3377 3275 cuncta
3401 3222 3474 3275 1E
3479 3222 3655 3293 gypto,

2093 3309 2202 3380 (Ea:
2228 3308 2524 3383 Gregorio.)
2548 3309 2768 3375 Ventus,
2786 3310 2975 3380 inquit,
2991 3325 3158 3365 urens
3180 3309 3379 3365 levavit
3399 3311 3659 3378 locustas,

2089 3414 2209 3468 qua:
2258 3401 2614 3455 ascenderunt
2642 3415 2804 3472 super
2832 3399 3140 3455 universam
3186 3409 3387 3453 terram
3413 3399 3656 3473 Egypti,

2089 3496 2524 3558 operueruntque
2568 3488 2871 3542 universam
2925 3488 3119 3544 faciem
3173 3496 3351 3552 terrm,
3384 3497 3665 3545 vastantes

2088 3578 2289 3633 omnia.
2327 3577 2587 3633 Devorata
2614 3589 2690 3634 est
2732 3581 2894 3649 igitur
2932 3577 3090 3633 herba
3133 3588 3288 3633 terra:
3321 3589 3369 3634 et
3410 3582 3664 3654 quidquid

2086 3683 2356 3737 pomorum
2379 3670 2434 3721 in
2455 3667 2726 3722 arboribus
2747 3668 2867 3737 fuit.
2908 3668 3174 3724 Exhibitus
3190 3670 3405 3726 cmlitus
3442 3670 3661 3742 .Egypti

2088 3759 2284 3828 plagae,
2318 3775 2438 3830 quae
2481 3760 2822 3831 exigentibus
2849 3762 3061 3817 meritis
3092 3763 3448 3832 corporaliter
3484 3756 3650 3812 semel
3728 3774 3741 3779 η

2088 3849 2250 3905 illatae
2271 3858 2419 3916 sunt,
2440 3866 2559 3920 qua:
2581 3851 2719 3905 mala
2742 3862 3155 3922 pravasmentes
3177 3852 3413 3921 quotidie
3436 3851 3675 3919 feriant,

2086 3940 2438 4009 spiritualiter
2486 3942 2852 4013 signaverunt.
2890 3943 2984 3997 Eis
3030 3942 3174 3996 enim
3225 3941 3488 4012 IEgyptus
3541 3943 3658 4013 pla-

2086 4029 2169 4099 gis
2192 4027 2379 4084 at'fecta
2404 4037 2509 4097 est,
2549 4030 2603 4084 in
2628 4030 2823 4100 quibus
2848 4030 3117 4086 exteriore
3140 4031 3482 4099 percussione
3510 4046 3653 4085 como

2087 4128 2251 4184 mota,
2319 4121 2612 4191 dolensque
2688 4122 3063 4190 perpenderit,
3105 4136 3223 4190 qua:
3275 4120 3660 4175 devastationis

2087 4209 2281 4264 damna
2313 4209 2541 4267 interius
2566 4211 2841 4279 negligens
2862 4211 3124 4276 tolerarit,
3175 4218 3234 4263 ut
3262 4210 3386 4264 dum
3413 4208 3545 4263 foris
3568 4224 3660 4279 pe-

2085 4301 2254 4355 rireut
2288 4302 2529 4367 minima,
2565 4302 2792 4370 amplius
2817 4301 3009 4356 delicta
3038 4307 3321 4354 cernerent
3347 4314 3445 4369 per
3471 4313 3657 4355 eorum

2090 4391 2340 4459 speciem,
2397 4400 2454 4446 et
2487 4408 2606 4460 quae
2630 4391 2776 4445 intus
2820 4389 3053 4444 tolerant
3097 4390 3341 4460 graviora
3378 4389 3654 4442 sentirent.

2091 4479 2229 4547 Quid
2263 4496 2392 4552 ergo
2430 4498 2527 4551 per
2558 4480 3000 4552 signiﬁcationem
3048 4480 3266 4535 locusta:
3311 4479 3655 4551 portendunt,

2091 4586 2211 4640 quae
2259 4572 2538 4642 plusquam
2583 4578 2779 4626 caetera
2822 4571 3029 4625 minuta
3070 4585 3299 4641 qumque
3338 4569 3654 4634 animantia,

2091 4662 2339 4716 humanis
2366 4662 2609 4731 frugibus
2633 4668 2848 4727 nocent,
2889 4661 2992 4715 nisi
3035 4662 3243 4730 linguas
3272 4658 3657 4721 advolantium,

2090 4764 2211 4819 quae
2249 4757 2588 4803 terrenorum
2627 4750 2900 4807 hominum
2928 4759 3155 4813 mentes,
3207 4749 3250 4803 si
3280 4746 3495 4818 quando
3519 4749 3658 4802 bona

2092 4840 2271 4909 aliqua
2297 4839 2542 4908 proferre
2561 4840 2915 4911 conspiciunt,
2973 4840 3087 4894 haec
3112 4839 3517 4893 immoderatius
3549 4838 3663 4890 lan-

2097 4932 2273 4997 daudo
2294 4941 2662 5000 corrumpunt.
2693 4931 2922 4985 Fructus
2946 4932 3142 5000 quippe
3176 4929 3550 5000 Egyptiorum
3579 4936 3659 4981 est

2097 5037 2260 5092 opera
2281 5023 2676 5078 cenodoxorum
2704 5038 2866 5091 quam
2895 5021 3112 5077 locusta:
3134 5019 3512 5079 exterminant,
3536 5016 3662 5070 dum

2100 5113 2368 5169 adulantis
2392 5114 2586 5183 linguae
2623 5113 2688 5167 ad
2721 5113 3046 5182 appetendas
3084 5111 3270 5165 laudes
3297 5107 3658 5168 transitorias,

2100 5218 2196 5257 cor
2219 5204 2493 5273 operantis
2546 5203 2823 5257 inclinant.
2865 5202 3070 5256 Herbas
3097 5216 3228 5256 vero
3262 5200 3480 5255 locustze
3519 5209 3665 5248 eom—

2103 5295 2289 5360 edunt,
2319 5294 2534 5364 quando
2559 5293 2863 5347 adulatores
2886 5293 3084 5362 quique
3126 5294 3287 5346 verba
3327 5284 3657 5357 loquentium

2101 5385 2373 5442 favoribus
2393 5385 2675 5440 extollunt.
2699 5382 2863 5440 Prima
2885 5400 3097 5455 quoque
3119 5385 3368 5440 arborum
3384 5380 3663 5440 devorant,

2103 5478 2318 5546 quando
2345 5477 2497 5531 vanis
2528 5476 2773 5531 laudibus
2816 5477 3169 5546 quorumdam
3205 5474 3316 5542 jam
3365 5468 3519 5539 quasi
3550 5469 3663 5523 for.

2105 5570 2238 5623 tium
2276 5584 2440 5638 opera
2491 5577 2770 5623 enervant.
2822 5567 3073 5637 Egressus
3095 5572 3168 5615 est
3217 5561 3417 5631 Moyses
3455 5560 3518 5613 de
3542 5578 3668 5617 conv

2105 5669 2279 5728 specta
2324 5656 2639 5722 Pharaonis,
2680 5658 2912 5711 etoravit
2940 5653 3237 5712 Dominum,
3282 5655 3371 5721 qui
3392 5650 3521 5721 [ia-re
3544 5650 3662 5722 [erit

3196 5741 3236 5802 2
