3992 6182
409 299 474 351 43
1052 290 1110 343 Β.
1155 290 1405 344 ΠΑΒᾹΝΙ
1445 287 1660 344 MAURI
1700 285 1945 341 AliCllllj

2060 286 2364 343 MOGUNT.
2408 284 2688 341 OPERUM
2725 283 2902 339 PARS
2940 283 2980 336 l.
3575 289 3641 345 ιι

407 421 608 463 rentum
649 406 713 458 ab
749 404 1006 458 arridente
1040 404 1537 457 vehementissimam
1558 443 1572 468 ,
1615 411 1662 456 et
1714 411 1975 470 arreptam
2003 400 2051 460 Α
2081 403 2357 467 tentim,ut
2387 402 2498 470 ipse
2521 399 2663 453 dicat
2691 412 2704 451 :
2736 397 2923 450 Nonne
2945 413 3035 450 cor
3060 406 3293 449 nostrum
3316 407 3428 451 erat
3451 401 3641 457 ardens

404 504 656 552 locustam
681 495 894 565 projecit
927 494 981 546 in
1004 510 1147 547 mare
1172 492 1423 546 Rubrum.
1476 491 1597 545 Non
1620 489 1867 544 remansit
1908 506 1968 543 ne

403 603 509 641 una
534 586 739 655 quidem
783 583 1053 637 incunctis
1075 580 1268 651 ﬁnibus
1311 579 1549 651 zEgypti.
1592 578 1661 632 Et
1708 578 1968 631 induravit

403 692 493 729 cor
519 673 832 736 Pharaonis,
888 688 979 725 nec
1002 669 1200 724 dimisit
1240 669 1377 738 ﬁlios
1411 667 1601 722 Israel.
1790 668 1961 737 Augu-
1992 716 2001 727 ,

400 763 581 835 slino.)
642 761 968 817 Beneﬁcium
1007 768 1151 814 certe
1190 759 1282 813 Dei
1330 756 1771 813 commemoravit
1824 754 1970 809 Scri-

401 868 582 925 ptura,
622 853 764 923 quod
798 852 1019 906 abstulit
1049 852 1304 915 locustas,
1341 858 1396 904 et
1421 856 1601 903 secuta
1648 848 1780 902 dixit
1814 847 1968 901 indu-

401 960 551 1000 rasse
580 944 744 998 Deum
772 957 866 996 cor
898 941 1216 995 Pharaonis.
1272 937 1541 993 Beneﬁcio
1568 936 1748 1006 itaque
1781 951 1877 989 suo
1913 942 1968 988 et

400 1034 655 1104 patientia
687 1048 804 1097 sua,
837 1046 939 1101 qua
980 1029 1257 1083 illaiﬁebat
1284 1026 1594 1090 obstinatio,
1624 1026 1749 1079 dum
1774 1024 1821 1078 ei
1849 1038 1968 1092 par-

399 1133 630 1186 ceretur,
658 1121 989 1175 sicutomnia
1018 1117 1159 1173 mala
1189 1118 1347 1172 corda
1377 1116 1674 1180 hominum,
1708 1114 1964 1184 patientia

400 1216 491 1268 Dei
519 1213 656 1265 male
682 1211 880 1265 utendo
907 1210 1217 1264 durescunt.

999 1296 1224 1351 CAPUT
1255 1294 1371 1348 XX.

766 1388 842 1442 De
876 1386 1201 1440 tenebrarum
1232 1384 1567 1437 immissione.

469 1483 606 1536 Dixit
630 1490 798 1534 autem
822 1478 1074 1531 Dominus
1100 1476 1167 1529 ad
1192 1474 1426 1544 Moysent
1452 1491 1464 1526 :
1491 1472 1723 1526 Extende
1751 1487 1961 1525 manum

394 1587 538 1628 luant
570 1574 623 1625 iu
645 1570 848 1632 ctelunt,
870 1579 916 1621 et
949 1568 1051 1621 sint
1079 1565 1299 1619 tenebrw
1324 1579 1479 1633 super
1501 1572 1691 1615 terram
1721 1559 1958 1629 zEgypti,

394 1677 500 1718 tam
529 1665 702 1717 densa:
726 1671 778 1713 ut
802 1659 1007 1730 palpari
1036 1665 1247 1728 queant.
1293 1653 1538 1708 Extendit
1582 1652 1787 1722 Moyses
1845 1668 1961 1704 ma-

2072 493 2211 546 intra
2249 510 2341 547 nos
2391 488 2541 561 (Luc.
2575 487 2721 559 κιαι)
2747 487 2770 539 ?
2798 485 2908 541 Nec
2939 486 3271 540 locustarum
3302 486 3370 540 ab
3399 502 3461 541 ca
3508 490 3641 544 su'b-
3690 540 3695 551 ,

2069 582 2219 637 duxit
2264 578 2531 647 exempla,
2568 577 2762 646 quibus
2802 575 3152 630 mordcantur
3198 584 3252 629 et
3282 575 3641 645 depascantur

2068 688 2255 728 omnes
2284 670 2511 739 inquieti
2539 676 2717 723 motus
2759 665 2872 735 ejus
2913 676 2968 721 et
3000 667 3201 721 turbidi
3234 685 3247 720 :
3281 683 3388 737 quo
3421 676 3480 723 et
3528 669 3639 740 ipse

2066 764 2213 817 dicat
2238 762 2379 829 quod
2408 760 2692 831 Apostolus
2717 758 2890 822 docet,
2925 768 2979 812 ut
3010 758 3185 812 omnia
3210 775 3308 811 sua
3352 761 3638 813 secundum

2066 853 2298 907 ordinem
2325 850 2453 919 ﬁant
2480 848 2563 919 (II
2595 846 2718 902 Cor.
2750 849 2869 918 xu).
2899 847 3001 904 Ubi
3024 864 3149 903 vero
3178 848 3503 905 sullicienter
3527 851 3636 907 lue-

2067 943 2137 995 rit
2160 938 2421 1006 castigata
2462 952 2559 1005 pro
2592 936 2833 990 moribus
2875 944 2930 990 ct
2970 952 3069 1006 pro
3104 937 3486 994 emendationis
3516 941 3638 995 vita:

2065 1027 2399 1084 correctione
2421 1023 2673 1088 coercita,
2701 1038 2822 1077 cum
2849 1034 3121 1077 auctorem
3143 1026 3429 1079 verberum
3458 1042 3638 1083 sense-

2065 1121 2159 1183 rit,
2192 1126 2246 1171 et
2272 1113 2519 1170 conﬁteri
2539 1112 2653 1181 jam
2679 1115 2909 1183 cmperit
2936 1114 3059 1183 quia
3100 1113 3299 1184 digitus
3327 1116 3421 1170 Dci
3450 1127 3555 1183 est,
3584 1127 3638 1170 et

2064 1224 2255 1279 parum
2280 1206 2406 1277 quid
2434 1205 2727 1273 agnitionis
2756 1205 3049 1274 acceperit,
3083 1212 3214 1258 tunc
3248 1207 3517 1276 praecipue
3541 1223 3634 1277 ge-

2064 1306 2270 1352 storum
2302 1310 2519 1349 suorum
2566 1294 2819 1349 tenebras
2848 1295 3029 1359 videt;
3061 1303 3189 1348 tunc
3218 1310 3461 1353 errorum
3515 1313 3636 1351 suo-

2065 1402 2183 1440 rum
2219 1385 2501 1456 caliginem
2524 1388 2707 1439 sentit.
2758 1384 2999 1454 Cumque
3029 1384 3081 1437 in
3118 1384 3219 1438 hoc
3242 1389 3470 1449 venerit,
3509 1394 3638 1441 tunc

2063 1477 2453 1542 merchitur,ut
2483 1477 2896 1546 exstinguuntur
2917 1476 2970 1529 in
2996 1490 3060 1530 ca
3088 1475 3444 1545 primogenita
3468 1475 3637 1546 [Egy-

2060 1567 2139 1634 pti
2173 1582 2185 1617 :
2219 1565 2271 1619 in
2294 1579 2400 1634 quo
2429 1565 2532 1619 tale
2560 1565 2762 1633 aliquid
2789 1564 3012 1634 intelligi
3034 1578 3192 1633 posse
3221 1564 3479 1619 arbitror.
3510 1564 3634 1619 0m-

2062 1657 2147 1710 nis
2176 1656 2353 1709 anima
2408 1671 2532 1710 cum
2564 1656 2631 1709 ad
2664 1654 3091 1725 supplementum
3114 1654 3286 1708 aetatis
3332 1654 3634 1719 advenerit,

394 1772 514 1809 num
545 1754 595 1807 in
618 1751 886 1815 ctzlum,et
908 1750 1062 1817 factm
1081 1756 1199 1800 sunt
1229 1744 1449 1799 tenebra:
1470 1742 1741 1796 horribiles
1764 1743 1817 1795 in
1841 1741 1957 1794 uni-
1985 1745 2032 1803 B
2057 1753 2112 1799 et
2140 1744 2287 1798 velut
2312 1744 2574 1798 naturalis
2596 1744 2650 1797 in
2676 1759 2740 1797 ea
2762 1744 3006 1813 quaedam
3040 1742 3123 1796 lex
3147 1744 3373 1812 cmperit
3398 1759 3496 1798 sua
3512 1744 3637 1814 jura

390 1862 536 1899 versa
566 1853 703 1896 terra
727 1840 961 1910 Egypti.
995 1837 1179 1891 Tribus
1207 1835 1385 1889 diebus
1414 1851 1560 1887 nemo
1580 1834 1705 1887 vidit
1740 1832 1955 1901 fratrem

391 1952 565 1997 suum,
601 1950 691 1987 nec
718 1932 868 1986 movit
895 1948 947 1984 se
987 1929 1051 1982 de
1072 1945 1131 1982 eo
1154 1928 1266 1980 loco
1303 1928 1477 1996 inquo
1500 1934 1611 1978 erat
1643 1923 1838 1994 (Exod.
1875 1922 1952 1992 κ).

393 2028 501 2099 [Eas
527 2023 776 2095 Isidoro.]
819 2022 968 2077 Nona
1009 2021 1160 2091 plaga
1192 2019 1423 2073 tenebas
1466 2017 1620 2070 factae
1646 2023 1770 2069 sunt
1798 2033 1810 2068 :
1843 2016 1955 2069 sive

390 2128 447 2170 ut
478 2115 673 2170 mentis
713 2127 901 2168 eorum
947 2111 1166 2166 carcitas
1194 2115 1468 2178 arguatur,
1518 2107 1630 2159 sive
1677 2114 1733 2158 ut
1763 2104 1957 2158 intelli-

388 2214 515 2276 gant
542 2204 736 2258 divinae
759 2199 1174 2270 dispensationis
1217 2206 1272 2250 et
1302 2193 1647 2265 providentiae
1683 2192 1954 2245 obscuris-

388 2295 552 2346 simas
588 2306 707 2345 esse
738 2288 990 2342 rationes.
1041 2284 1223 2338 Posuit
1251 2283 1394 2337 enim
1439 2282 1690 2335 tenebras
1743 2277 1945 2331 latibu-

388 2383 494 2435 lum
527 2368 725 2435 suum:
760 2394 893 2447 quas
915 2376 987 2429 illi
1018 2376 1273 2428 audacter
1297 2383 1351 2426 ct
1381 2382 1581 2424 temere
1623 2368 1951 2439 perscrutari

386 2471 682 2540 cupientes,
705 2476 759 2521 et
799 2467 903 2520 alia
930 2481 992 2519 ex
1028 2465 1146 2517 aliis
1188 2470 1510 2522 asserentes,
1554 2460 1609 2513 iu
1649 2474 1859 2513 crassas
1897 2465 1953 2513 et

388 2562 681 2634 palpabiles
708 2559 956 2613 tenebras
984 2556 1301 2627 ignorantite
1323 2553 1563 2609 devoluti
1587 2560 1730 2606 sunt.

951 2664 1176 2720 CAPUT
1217 2663 1355 2717 XXI.

386 2766 461 2819 De
484 2764 757 2818 nouissima
769 2762 1041 2833 plagarum
1061 2758 1251 2833 decem,
1275 2757 1369 2833 hoc
1383 2765 1455 2808 est
1466 2795 1479 2817 ,
1494 2754 1557 2807 de
1575 2753 1945 2833 primitivorum

453 2834 684 2897 interitu,
727 2822 779 2885 et.
804 2822 1018 2900 tngstica
1055 2829 1227 2881 decem
1249 2825 1519 2895 plagarum
1542 2822 1878 2893 expositione.

453 2923 522 2978 Et
548 2923 680 2977 dixit
718 2920 973 2974 Dominus
1019 2918 1086 2969 ad
1122 2915 1352 2985 Moysen:
1379 2931 1393 2967 :
1421 2913 1603 2966 Adhuc
1648 2926 1751 2963 una
1788 2908 1945 2978 plaga

382 3028 593 3086 tangam
617 3011 947 3067 Pharaonem
967 3019 1014 3063 et
1036 3006 1345 3077 .Egyptum,
1387 3014 1433 3058 et
1455 3013 1565 3074 post
1588 3004 1698 3056 [nec
1724 3000 1943 3053 dimittet

2058 1833 2365 1897 defendere,
2415 1832 2617 1901 primos
2639 1831 2755 1885 sine
2774 1832 2934 1886 dubio
2962 1840 3135 1885 motus
3170 1832 3469 1886 secundum
3491 1833 3632 1886 desi-

2057 1925 2263 1978 derium
2285 1924 2463 1977 carnis
2487 1923 2755 1993 producit,
2801 1938 2935 1991 quos
2964 1937 3029 1976 ex
3054 1924 3509 1992 concupiscentia:
3548 1924 3633 1977 vel

2057 2013 2151 2067 ira:
2191 2011 2375 2067 fornitc
2409 2013 2673 2067 incentiva
2704 2012 3085 2067 commoverit.
3122 2011 3272 2067 Unde
3313 2014 3470 2082 quasi
3500 2029 3634 2083 pra:-

2055 2103 2266 2172 cipunm
2295 2113 2350 2158 et
2375 2104 2516 2173 quod
2542 2118 2648 2157 non
2681 2103 2746 2156 sit
2773 2118 3059 2157 commune
3081 2118 3203 2158 cum
3220 2105 3432 2159 czeteris
3458 2104 3633 2159 homi-

2054 2193 2234 2257 nibus,
2286 2193 2353 2247 dc
2374 2193 2488 2248 solo
2518 2192 2737 2247 Christo
2774 2192 3043 2261 Propheta
3074 2193 3201 2247 dicit
3229 2212 3241 2247 :
3294 2192 3554 2265 Butyrum
3583 2203 3630 2246 et

2054 2284 2154 2339 mel
2184 2286 2515 2338 manducabit
2569 2282 2739 2356 (l’sal.
2783 2283 2901 2356 vu).
2953 2284 3273 2355 Priusquam
3325 2284 3491 2339 faciat
3542 2293 3633 2337 aut

2052 2373 2287 2442 proferat
2338 2374 2593 2443 maligna,
2638 2374 2796 2443 eliget
2838 2375 3075 2427 bonum:
3112 2391 3271 2444 quam
3317 2378 3627 2447 priusquam

2049 2466 2179 2520 sciat
2199 2479 2328 2534 puer
2348 2464 2537 2515 bonum
2566 2472 2656 2516 aut
2690 2463 2911 2527 malum,
2956 2465 3169 2517 resistet
3190 2464 3409 2517 malitia:
3438 2475 3497 2518 ut
3532 2464 3627 2518 cli-

2049 2563 2139 2625 gat
2162 2555 2305 2626 quod
2330 2554 2528 2607 bonum
2553 2562 2656 2607 est.
2686 2553 2835 2606 Alius
2861 2562 3040 2607 autem
3065 2552 3335 2621 Propheta
3365 2562 3629 2622 tanquam

2048 2646 2114 2701 de
2157 2645 2445 2714 semetipso
2484 2644 2726 2713 loquens,
2780 2644 3036 2698 diccbat:
3092 2644 3294 2697 Delicta
3337 2644 3628 2713 jueenlutis

2047 2750 2176 2789 mea:
2211 2744 2258 2788 et
2302 2734 2614 2804 ignorantia:
2654 2750 2781 2786 mea:
2804 2749 2865 2786 ne
2886 2734 3181 2786 memineris
3227 2731 3400 2802 (Psal.
3452 2733 3623 2803 xxn‘).

2049 2823 2187 2892 Quia
2214 2838 2346 2893 ergo
2366 2822 2529 2893 primi
2557 2822 2643 2877 isti
2666 2822 2858 2876 anima:
2886 2831 3062 2876 motus
3090 2824 3381 2877 secundum
3408 2839 3627 2878 carnem

2046 2913 2262 2986 prolati,
2302 2913 2356 2967 in
2385 2922 2672 2984 peccatum
2712 2922 2895 2977 ruunt,
2952 2913 3145 2966 merito
3184 2914 3472 2967 immortali
3500 2914 3620 2967 loco

2048 3007 2420 3080 Egyptiorum
2452 3006 2724 3075 primitiva
2749 3013 2956 3075 ponunt
2987 3023 2999 3058 :
3031 3021 3149 3075 qua:
3169 3016 3393 3063 eatenus
3421 3007 3625 3064 exstin-

382 3123 491 3170 ιω,
534 3114 581 3159 et
614 3105 755 3157 exire
778 3098 1042 3168 compellet
1067 3096 1261 3168 (Exod.
1296 3095 1395 3165 xi).
1431 3093 1539 3165 [Ex
1570 3089 1826 3162 lsidoro.]
1861 3088 1943 3143 Ad

2047 3108 2296 3171 guuutur,
2320 3099 2365 3152 si
2386 3098 2605 3167 reliquae
2626 3098 2749 3152 vita:
2773 3098 3054 3152 conversio
3092 3099 3516 3155 emendatiorem
3543 3100 3625 3154 di-

384 3194 629 3246 ultimum
662 3189 1055 3260 primitivorum
1082 3185 1312 3239 infertur
1359 3183 1633 3236 interitus.
1688 3179 1947 3234 Delentur

380 3283 524 3337 enim
552 3277 905 3350 primogenita
929 3274 1172 3345 Egypti,
1218 3273 1331 3327 sive
1352 3271 1685 3341 principatus
1715 3276 1769 3323 et
1795 3274 1946 3336 pote—

383 3377 550 3422 states
588 3381 799 3429 eorum,
822 3373 876 3418 et
903 3362 1064 3431 hujus
1090 3359 1270 3414 mundi
1301 3368 1538 3414 rectores
1569 3376 1581 3410 :
1613 3357 1729 3411 sive
1761 3363 1946 3410 aucto-

384 3478 468 3514 ics
516 3469 571 3513 et
598 3460 903 3512 inventores
939 3453 1194 3508 falsarum
1244 3466 1363 3520 qua:
1392 3449 1446 3503 in
1477 3450 1579 3503 hoc
1606 3447 1805 3502 mundo
1831 3444 1944 3499 fue-

387 3558 509 3603 runt
536 3547 851 3616 religionum
881 3558 1051 3612 :quas
1070 3541 1272 3596 Christi
1302 3540 1502 3594 veritas
1540 3553 1664 3593 cum
1694 3537 1808 3592 suis
1841 3551 1935 3590 ex-

379 3641 566 3696 stinxit
587 3638 893 3693 auctoribus
916 3644 966 3692 et
994 3634 1207 3691 delevit.
1237 3633 1362 3689 Haec
1386 3640 1646 3703 quantum
1669 3632 1736 3687 ad
1765 3631 1941 3686 locum

380 3731 662 3801 mysticum
692 3736 954 3798 spectant,
991 3724 1200 3796 prolata
1227 3733 1374 3780 sunt.
1404 3721 1521 3776 Jam
1553 3736 1682 3776 vero
1702 3720 1747 3775 si
1775 3720 1940 3775 etiam

379 3820 597 3874 moralis
648 3819 801 3873 nobis
832 3817 999 3887 ﬁgura
1048 3814 1330 3869 tractanda
1355 3822 1467 3879 est,
1509 3813 1753 3866 dicemus
1795 3810 1941 3880 quod

379 3922 709 3979 unaquaeque
736 3907 915 3961 anima
960 3906 1015 3960 in
1043 3905 1146 3960 hoc
1172 3905 1371 3959 mundo
1406 3903 1533 3959 dum
1583 3902 1635 3955 in
1665 3900 1940 3956 erroribus

377 4000 509 4054 vivit
544 4006 600 4054 et
634 3999 701 4052 in
746 3995 1043 4067 ignorantia
1070 3994 1337 4059 veritatis,
1377 3993 1433 4046 in
1479 3991 1716 4062 Egypto
1763 3990 1937 4059 posita

376 4100 478 4145 est.
510 4089 648 4145 Huic
695 4088 740 4143 si
767 4086 1196 4157 appropinquare
1221 4084 1446 4154 cmperit
1478 4083 1563 4137 lex
1593 4081 1710 4148 Dei,
1768 4096 1938 4151 aquas

375 4181 427 4235 ei
456 4178 620 4234 vertit
662 4177 715 4231 in
732 4175 1063 4246 sanguinem,
1111 4174 1166 4228 id
1193 4182 1297 4240 est,
1344 4171 1558 4227 ﬂuidam
1605 4179 1659 4225 et
1678 4170 1936 4225 lubricam

370 4267 665 4336 juventutis
690 4266 852 4319 vitam
876 4264 1143 4318 convertit
1172 4264 1238 4318 ad
1263 4262 1575 4334 sanguinem
1608 4259 1813 4315 Veteris
1853 4259 1936 4313 vel

376 4358 509 4412 Novi
538 4356 888 4411 Testamenti.
937 4355 1071 4409 Tum
1103 4354 1295 4409 deinde
1323 4352 1504 4408 educit
1549 4367 1616 4405 ex
1646 4364 1709 4404 ea
1740 4363 1931 4403 vanam

2050 3190 2190 3261 rigat
2217 3205 2456 3244 cursum.
2486 3188 2579 3243 Sic
2603 3204 2731 3258 ergo
2759 3189 2811 3243 in
2834 3190 3012 3243 anima
3037 3205 3196 3258 quam
3226 3190 3312 3245 lex
3342 3192 3525 3247 divina
3556 3191 3624 3244 ab

2044 3281 2320 3336 erroribus
2353 3288 2659 3350 susceptam
2686 3280 2913 3349 castigat
2950 3287 3004 3333 et
3032 3280 3275 3349 corrigit,
3322 3282 3486 3336 etiam
3512 3279 3623 3350 pri-

2044 3373 2312 3443 mogenita
2369 3371 2745 3443 Egyptiorum
2799 3371 3168 3441 intelliguntur
3215 3385 3336 3427 csse
3390 3374 3617 3433 deleta;

2044 3462 2149 3516 nisi
2184 3468 2306 3531 post
2336 3462 2451 3517 lucc
2477 3463 2676 3524 omnia,
2709 3461 2765 3515 in
2794 3460 3107 3514 inﬁdelitate
3133 3462 3408 3529 perduret,
3440 3472 3495 3517 et
3521 3478 3616 3515 no-

2044 3549 2104 3604 lit
2128 3550 2277 3621 jungi
2315 3550 2621 3605 lsraeliticze
2642 3550 2806 3619 plebi,
2860 3558 2919 3603 ut
2951 3558 3103 3603 exeat
3136 3548 3202 3604 de
3230 3550 3519 3620 profundo,
3560 3560 3619 3604 et

2042 3643 2205 3696 vadat
2244 3641 2546 3707 incolumis,
2600 3642 2693 3695 sed
2732 3641 2787 3695 in
2845 3640 3127 3710 iniquitate
3170 3651 3511 3711 permaneat,
3564 3652 3619 3695 et

2041 3731 2332 3786 descendat
2380 3738 2637 3801 tanquam
2683 3729 2955 3800 plumbum
3008 3728 3063 3782 in
3108 3745 3303 3799 aquam
3348 3730 3616 3785 validissi-

2039 3837 2205 3875 mam.
2235 3820 2497 3892 Iniquitas
2523 3822 2690 3886 enim,
2715 3818 3004 3874 secundum
3039 3819 3313 3874 Zachariae
3341 3822 3616 3892 pr0pliet:c

2039 3910 2234 3977 visum,
2283 3927 2437 3980 super
2476 3911 2727 3963 talentum
2768 3908 2966 3979 plumbi
3011 3911 3153 3964 sedet
3195 3909 3395 3982 (Zach.
3426 3912 3533 3984 v):
3563 3919 3612 3963 et

2038 4001 2158 4056 ideo
2190 4001 2280 4069 qui
2304 4008 2581 4069 permanet
2627 4001 2679 4053 in
2710 4000 3013 4067 iniquitate,
3057 4010 3311 4071 tanquam
3335 4003 3611 4071 plumbum

2037 4090 2277 4162 demergl
2312 4091 2512 4145 dicitur
2558 4090 2609 4142 in
2640 4088 2985 4158 profundum.
3034 4090 3176 4144 Sane
3206 4094 3345 4160 quod
3374 4094 3426 4145 in
3454 4106 3609 4161 supe-

2037 4180 2266 4235 rioribus
2292 4179 2695 4236 observavimus
2721 4180 2963 4248 quredam
2993 4181 3233 4251 prodigia
3266 4198 3364 4251 per
3405 4183 3607 4244 Aaron,

2034 4271 2275 4340 qutedam
2316 4284 2414 4339 per
2442 4267 2694 4339 Moysem,
2743 4269 2989 4338 quaedam
3017 4284 3144 4323 vero
3170 4286 3267 4339 per
3297 4271 3472 4342 ipsum
3503 4271 3602 4326 Do-

2036 4365 2239 4419 minum
2286 4363 2609 4427 ministrata,
2647 4362 2871 4433 intelligi
2902 4372 3125 4419 eatenus
3164 4374 3388 4433 possunt
3432 4376 3487 4421 ut
3518 4381 3607 4435 ag-

374 4454 429 4499 et
454 4446 674 4501 ,iuanem
704 4444 1101 4511 loquacitatem,
1145 4453 1199 4498 ct
1225 4444 1509 4497 adversum
1535 4440 1629 4495 Dei
1654 4439 1937 4509 providen-

2047 4469 2326 4510 noscamus
2349 4454 2403 4508 in
2446 4453 2767 4523 quibusdam
2819 4469 2914 4523 per
2948 4453 3217 4509 sacriﬁcia
3268 4458 3609 4512 sacerdotum

377 4538 527 4601 tiam,
557 4548 808 4588 ranarum
829 4534 1055 4587 similem
1090 4533 1381 4600 querelam.
1414 4532 1613 4601 Purgat
1642 4531 1802 4583 etiam
1824 4544 1935 4582 ma-

374 4627 547 4693 lignas
567 4622 917 4692 cogitationes
939 4620 1073 4688 ejus,
1090 4629 1145 4675 et
1169 4622 1467 4691 sciniphum
1499 4619 1837 4673 mordacitati
1864 4617 1936 4671 si-

378 4709 873 4775 i.ailes,calliditatis
896 4707 1108 4763 aculeos
1134 4708 1369 4763 discutit.
1395 4707 1694 4760 Libidinum
1723 4719 1935 4773 quoque

376 4814 584 4855 morsus
599 4795 887 4867 cyuomyiae
908 4796 1123 4865 spiculis
1142 4797 1344 4851 similes
1375 4795 1589 4865 depellit
1612 4811 1626 4861 ;
1652 4794 1932 4850 stultitiam

376 4891 426 4942 in
455 4904 517 4944 ea
562 4896 617 4941 et
662 4887 988 4942 intellectum
1033 4886 1326 4954 pecudibus
1364 4886 1594 4940 similem
1639 4884 1801 4950 delet,
1835 4898 1934 4953 per

373 4996 531 5050 quam
561 4980 721 5033 homo
749 4994 871 5032 cum
903 4978 957 5032 in
984 4979 1188 5033 honore
1217 4987 1361 5033 esset
1391 4994 1496 5032 non
1525 4977 1807 5043 intellexit,
1839 4976 1932 5032 sed

372 5078 712 5142 comparatus
737 5080 815 5123 est
833 5070 1096 5139 jumentis
1126 5070 1503 5139 insipientibus
1552 5079 1607 5123 et
1633 5069 1825 5123 similis
1851 5067 1931 5120 fa-

371 5175 491 5220 ctus
516 5171 598 5219 est
622 5160 744 5216 illis.
775 5160 962 5231 Arguit
989 5161 1106 5230 ejus
1151 5169 1205 5216 et
1234 5162 1436 5228 ulcera,
1478 5169 1821 5231 peccatorum
1845 5167 1928 5213 at-

368 5271 474 5326 que
513 5251 832 5321 arrogantia:
859 5259 1120 5305 tumorem
1170 5250 1539 5321 fervoremque
1559 5252 1614 5305 in
1639 5266 1703 5305 ea
1731 5249 1931 5307 luroris

367 5347 677 5418 exstinguit.
725 5343 957 5399 Adhibet
999 5354 1120 5413 post
1146 5347 1260 5400 haec
1284 5347 1446 5400 etiam
1492 5362 1651 5403 voces
1696 5347 1925 5401 ﬁliorum

370 5439 609 5503 tonitrui,
636 5438 692 5493 id
707 5442 812 5501 est,
837 5436 1171 5506 evangelieas
1196 5438 1622 5508 apostolicasque
1634 5440 1923 5495 doctrinas.

367 5528 473 5584 Sed
501 5539 556 5583 et
575 5529 983 5602 castigationem
1008 5529 1281 5597 grandinis
1294 5530 1555 5593 admovet,
1588 5540 1641 5585 ut
1660 5531 1923 5586 luxuriam

365 5618 765 5691 voluptatesque
785 5628 1048 5677 coerceat.
1075 5620 1470 5675 Adhibetsimul
1492 5632 1543 5676 et
1569 5623 1743 5693 ignem
1759 5626 1928 5693 pmni-

2035 4551 2091 4596 et
2141 4544 2543 4597 observationes
2585 4542 2897 4613 pontiﬁcum
2944 4560 3051 4599 non
3103 4560 3223 4600 esse
3266 4546 3603 4616 purgandos,

2035 4634 2177 4704 quod
2225 4634 2403 4690 Aaron
2426 4649 2656 4705 persona
2696 4634 3063 4704 designat;in
3114 4638 3430 4705 quibusdam
3475 4652 3603 4693 vero

2034 4737 2129 4790 per
2148 4722 2422 4775 scientiam
2452 4723 2645 4777 divina:
2669 4723 2799 4793 legis
2827 4725 3209 4791 emendandos,
3266 4729 3407 4797 quod
3438 4725 3603 4796 Moysi

2035 4811 2279 4881 designat
2324 4812 2594 4877 ollicium;
2634 4813 2688 4865 in
2737 4812 2856 4865 aliis
2899 4822 3076 4866 autem
3128 4815 3245 4869 sine
3282 4819 3444 4873 dubio
3485 4832 3603 4887 quae

2034 4899 2331 4956 diﬂiciliora
2362 4904 2505 4966 sunt,
2541 4901 2706 4970 ipsius
2732 4901 2943 4954 Domini
2972 4917 3115 4970 aegre
3154 4905 3369 4959 virtute.
3408 4908 3510 4962 Sed
3535 4921 3602 4959 ne

2035 4994 2164 5048 illud
2193 4996 2405 5063 quidem
2447 4993 2737 5063 putandum
2765 5000 2847 5046 est
2880 4994 3036 5048 nobis
3074 4994 3305 5049 inaniter
3342 5000 3599 5056 observa—

2037 5094 2147 5139 tum
2176 5085 2315 5155 quod
2345 5084 2517 5152 primo
2546 5081 2760 5151 quidem
2793 5082 3000 5153 Moyses
3028 5101 3131 5139 non
3157 5086 3233 5139 int
3266 5095 3320 5140 at
3351 5090 3420 5143 ad
3451 5091 3594 5143 Pha-

2032 5192 2269 5239 raonem,
2301 5175 2393 5229 sed
2427 5174 2663 5229 occurrit
2683 5174 2733 5227 ei
2766 5175 2979 5228 exeunti
3020 5175 3085 5228 ad
3124 5186 3311 5240 auuas,
3361 5187 3598 5245 postmo-

2034 5270 2159 5323 dum
2194 5281 2321 5321 vero
2375 5266 2543 5320 intrat
2575 5266 2642 5320 ad
2668 5280 2809 5320 eum.
2844 5265 2971 5320 Post
3002 5267 3119 5321 hmo
3160 5278 3257 5319 nec
3291 5269 3431 5323 intra
3463 5313 3476 5335 ,
3504 5268 3596 5324 sed

2031 5358 2324 5413 accersitus
2360 5358 2567 5411 accedit
2613 5365 2667 5411 et
2695 5359 2748 5412 in
2782 5361 2886 5414 hoc
2928 5360 3001 5414 ita
3023 5368 3083 5414 ut
3117 5361 3352 5416 arbitror
3373 5360 3590 5432 intelligi

2026 5461 2207 5517 posse,
2236 5446 2378 5515 quod
2405 5447 2517 5500 sive
2544 5447 2699 5502 nobis
2721 5449 2773 5501 in
2805 5449 2969 5503 verbo
2996 5449 3087 5504 Dei
3127 5459 3182 5504 et
3205 5450 3479 5522 religionis
3502 5464 3587 5504 as-

2026 5544 2288 5590 sertorem
2327 5545 2603 5590 certamen
2633 5546 2717 5591 est
2769 5538 3053 5592 adversum
3086 5538 3444 5607 Pharaonem,
3481 5542 3595 5595 sive

2025 5626 2187 5681 etiam
2213 5625 2463 5680 obsessas
2492 5626 2559 5681 ab
2582 5640 2647 5682 co
2685 5627 2909 5693 animas,
2962 5628 3026 5683 de
3058 5626 3321 5699 potestate
3357 5630 3470 5701 ejus
3500 5642 3591 5681 co-
