3992 6182
345 320 423 375 l3
1325 318 1819 375 COMMENTARIA
1862 316 1903 384 li

2006 310 2275 370 ,XODUM.
2314 343 2384 357 --
2423 313 2547 367 LIB.
2592 313 2629 367 1.
2870 354 2875 359 .
3524 318 3591 374 ιϐ

344 449 548 488 namur
596 433 827 502 eripere,
865 442 917 486 et
946 442 1026 487 est
1049 433 1200 487 nobis
1254 435 1305 487 in
1332 434 1694 505 disputatione
1752 432 1922 485 lncta-
1951 435 1997 492 Α
2027 430 2116 483 hic
2142 430 2327 485 itidem
2358 431 2457 484 sub
2485 430 2717 499 Trajano
2752 430 2903 500 plaga
2941 428 3152 483 Judmos
3175 431 3468 486 excitavit:
3499 435 3590 503 qui

343 539 497 587 men,
526 538 632 577 non
652 524 832 577 statim
858 524 910 577 in
934 524 1110 591 prima
1137 523 1317 577 frmite
1339 524 1544 595 ingredi
1572 521 1830 576 debemus
1853 520 1922 573 ad

338 614 538 667 ultima
585 613 940 683 quaestionum
987 614 1141 677 loca;
1186 614 1279 667 sed
1322 613 1715 669 occurrendum
1763 611 1922 665 nobis

335 712 428 757 est
447 703 777 766 adversario,
808 712 863 757 et
886 705 1274 758 occurrendum
1297 704 1362 758 ad
1382 719 1551 773 aquas
1579 719 1724 758 suas.
1749 703 1917 772 Aquae

336 791 490 845 enim
516 807 625 847 sua:
670 803 797 846 sunt
837 801 1086 847 auctores
1130 793 1407 863 gentilium
1448 791 1915 862 philosophorum.

335 884 413 937 1ὺί
436 898 572 953 ergo
604 883 761 936 nobis
790 883 965 951 primo
981 883 1258 952 disputare
1284 883 1589 937 volentibus
1613 896 1879 937 occurren
1896 909 1915 919 ι

336 970 469 1024 dum
507 980 591 1026 est
625 971 846 1039 utipsos
875 985 1186 1040 arguamus,
1214 979 1269 1024 et
1311 970 1457 1039 ipsos
1495 985 1681 1023 errare
1733 969 1921 1022 docea-

335 1076 508 1124 mus;
560 1069 683 1130 post
720 1062 822 1115 hoc
856 1060 970 1128 jam
1003 1061 1401 1129 ingreliendum
1424 1069 1508 1114 est
1549 1059 1702 1114 nobis
1729 1060 1796 1111 ad
1829 1058 1914 1111 in-

337 1151 543 1204 teriora
564 1151 896 1205 certaminis.
948 1150 1088 1205 Dicit
1129 1153 1271 1206 enim
1300 1152 1558 1205 Dominus
1589 1170 1600 1203 :
1635 1149 1751 1203 Nisi
1801 1150 1917 1221 quis

332 1241 486 1309 prius
513 1240 800 1311 alligaverit
837 1241 1044 1309 fortem,
1069 1258 1171 1295 non
1194 1252 1356 1311 potest
1380 1243 1597 1295 introire
1624 1242 1677 1295 in
1702 1242 1915 1295 domum

332 1331 478 1399 ejus,
531 1341 578 1383 et
600 1347 723 1385 uasa
744 1330 857 1399 ejus
900 1330 1124 1400 diripere
1156 1330 1369 1402 (Matth.
1403 1334 1526 1401 xu).
1600 1326 1757 1387 Prius
1784 1347 1915 1402 ergo

334 1420 498 1472 nobis
528 1419 829 1488 alligandos
861 1427 944 1473 est
984 1419 1160 1485 fortis,
1188 1428 1244 1473 et
1281 1421 1636 1490 qumstionum
1686 1420 1915 1475 vinculis

334 1511 826 1578 constringendus:
855 1518 911 1565 et
936 1510 1010 1564 ita
1050 1512 1429 1566 introeundum
1453 1511 1520 1565 ad
1554 1512 1911 1580 diripiendum

334 1616 468 1652 vasa
514 1599 648 1667 eius,
708 1609 763 1655 ct
813 1600 1119 1655 liberandas
1164 1602 1373 1656 animas
1418 1617 1551 1671 quas
1585 1602 1914 1671 deceptionis

332 1692 529 1746 fraude
548 1693 877 1761 possederat.
896 1692 1048 1759 Quod
1064 1709 1184 1747 cum
1201 1693 1394 1763 sacpius
1409 1693 1717 1759 fecerimus,
1735 1702 1790 1749 et
1804 1704 1912 1749 ste-

2024 533 2330 592 cumatque
2353 524 2550 592 ubique
2590 524 2840 593 dispersi,
2889 523 2960 576 ita
2992 522 3212 593 jamque
3267 541 3371 579 non
3409 539 3593 582 essent

2022 613 2385 682 quiescerent,
2435 614 2713 681 repentino
2744 628 2955 683 quoque
3003 614 3182 668 calore
3230 617 3484 682 permoti,
3534 618 3587 672 in

2021 702 2167 770 ipsos
2196 702 2336 757 inter
2363 719 2499 773 quos
2538 713 2694 758 erant
2723 712 2838 758 toto
2876 702 3003 758 orbe
3030 703 3337 770 sznvierant,
3386 706 3590 776 absque

2020 789 2345 846 immanibus
2393 792 2681 846 multarum
2729 792 2940 846 urbium
2990 791 3183 855 ruinis,
3224 807 3359 861 quas
3406 792 3589 848 crebri

2020 887 2355 935 terraemotus
2404 881 2591 935 iisdem
2643 882 2972 950 temporibus
3012 881 3357 936 subruerunt.
3403 881 3482 937 1ὺί
3531 882 3588 938 in

2018 978 2211 1037 quarta
2238 970 2393 1041 plaga
2427 987 2624 1026 musca:
2679 972 2886 1027 caninae
2919 971 3157 1037 fuerunt,
3215 987 3371 1027 smvze
3416 972 3588 1027 alum-

2018 1073 2099 1112 nae
2114 1060 2409 1128 putredinis
2430 1064 2803 1131 vermiumque
2826 1070 3056 1128 matres;
3086 1063 3370 1117 hicitidem
3394 1073 3590 1134 quarta

2016 1150 2115 1205 sub
2145 1151 2324 1206 Marco
2349 1153 2582 1209 Antonio
2608 1154 2784 1223 plaga,
2815 1154 2930 1210 lues
2954 1155 3197 1224 plurimis
3227 1154 3403 1210 infusa
3460 1171 3589 1225 pro-

2014 1238 2225 1303 vinciis,
2255 1240 2459 1295 lt-iliam
2503 1257 2715 1311 quoque
2746 1258 2867 1297 cum
2897 1243 3029 1296 urbe
3057 1242 3226 1297 Roma
3252 1243 3582 1309 universam,

2015 1331 2417 1400 exercitumque
2451 1332 2831 1397 Routanorum,
2884 1348 2981 1402 per
3016 1332 3339 1403 longinquos
3384 1333 3585 1389 limites

2014 1421 2069 1475 in
2106 1422 2315 1477 diversa
2368 1423 2591 1476 hiberna
2640 1424 2940 1491 dispersam
2964 1463 2979 1487 ,
3023 1430 3199 1477 morte
3237 1423 3581 1488 dissolutum,

2012 1513 2282 1582 putredini
2347 1513 2505 1568 simul
2572 1530 2636 1568 ac
2692 1514 2967 1569 vermibus
3032 1513 3198 1567 dedit.
3255 1513 3333 1568 1ὺί
3394 1515 3584 1583 quinta

2010 1603 2281 1672 correptio
2320 1618 2575 1673 pecorum
2624 1619 2688 1657 ac
2711 1602 3076 1671 jumentorum
3128 1603 3405 1670 repentino
3440 1604 3583 1658 intc—

2012 1692 2119 1745 ritu
2143 1692 2353 1761 expleta
2384 1701 2506 1757 est;
2549 1694 2637 1747 hic
2672 1694 2925 1748 similiter
2959 1694 3149 1764 quinta
3188 1692 3319 1748 ultio
3351 1693 3453 1748 sub
3488 1694 3584 1748 Se-

334 1781 565 1835 terimus
581 1790 765 1835 contra
793 1783 987 1851 ipsum,
1017 1783 1325 1837 steterimus
1339 1792 1514 1838 autem
1536 1797 1601 1837 eo
1626 1785 1783 1839 modo
1808 1798 1914 1854 quo
1942 1779 1989 1837 B
2017 1798 2144 1837 vero
2180 1793 2543 1851 persecutore,
2584 1785 2930 1841 creberrimis
2975 1785 3222 1840 civilibus
3246 1785 3422 1850 bellis,
3457 1798 3585 1854 pro-

331 1870 618 1938 Apostolus
640 1871 823 1926 dicens
849 1872 1032 1927 :State
1052 1889 1173 1941 ergo
1202 1873 1451 1927 succincti
1475 1872 1674 1926 lumbos
1704 1884 1895 1928 vestros

332 1960 386 2013 in
404 1963 633 2015 ‘reritate
654 1961 866 2032 (Ep/tes.
896 1960 969 2034 vi)
994 1979 1007 2028 ;
1037 1971 1089 2017 et
1112 1965 1303 2018 iterum
1335 1979 1348 2016 :
1375 1961 1518 2017 State
1541 1970 1594 2015 in
1620 1962 1843 2018 Domino
1863 1974 1911 2018 et

333 2048 555 2102 ririliter
572 2049 705 2119 agite
732 2050 898 2121 (Phil.
924 2051 1030 2121 iv);
1063 2067 1186 2105 cum
1218 2065 1344 2120 ergo
1368 2050 1469 2105 hoc
1506 2052 1664 2106 modo
1703 2054 1913 2107 steteri-

335 2153 459 2193 mus
486 2141 736 2194 adversus
764 2140 960 2209 ipsum,
993 2142 1078 2194 ille
1107 2142 1301 2195 artifex
1325 2142 1578 2212 antiquus
1600 2151 1653 2197 et
1686 2143 1909 2198 callidus

334 2229 506 2282 etiam
530 2230 666 2283 vinci
698 2246 755 2285 se
783 2231 1053 2285 simulavit
1093 2241 1148 2285 et
1175 2232 1402 2298 cedere;
1434 2233 1478 2287 si
1507 2232 1644 2288 forte
1686 2249 1783 2304 per
1809 2236 1909 2290 hoc

334 2319 745 2390 negligentiores
772 2336 872 2374 nos
904 2320 1097 2375 eiliciat
1123 2322 1190 2375 ad
1216 2329 1513 2375 certamen.
1558 2320 1661 2376 Sed
1691 2332 1747 2377 ct
1788 2337 1907 2393 pce-

330 2412 618 2465 nitentiam
658 2412 934 2467 simulabit
974 2422 1029 2467 et
1058 2412 1435 2483 deprecabitur
1475 2429 1575 2469 nos
1628 2415 1907 2472 discedere

331 2501 569 2570 quidem,
618 2502 709 2555 sed
761 2518 868 2556 non
926 2502 1082 2571 longe
1109 2503 1405 2558 discedere.
1454 2502 1583 2559 Vult
1622 2520 1721 2559 nos
1757 2507 1904 2559 enim

330 2606 453 2645 esse
499 2592 600 2646 sibi
632 2592 809 2661 aliqua
854 2608 921 2646 ex
957 2601 1110 2663 parte
1162 2594 1407 2662 vicinos;
1441 2595 1555 2649 vult
1591 2611 1689 2650 nos
1733 2612 1763 2650 a
1792 2598 1906 2653 suis

337 2682 535 2737 finibus
561 2699 665 2737 non
695 2684 853 2755 longe
879 2686 1176 2750 discedere,
1232 2688 1324 2740 sed
1348 2702 1446 2741 nos
1476 2687 1579 2743 nisi
1603 2689 1670 2744 ab
1698 2704 1762 2744 co
1788 2689 1905 2744 lon-

330 2776 452 2845 gius
482 2777 793 2831 recedamus
835 2786 891 2832 et
944 2788 1281 2833 transeamus
1320 2794 1483 2843 mare,
1529 2787 1583 2835 ct
1622 2779 1897 2836 dicamus:

330 2865 599 2931 Quantum
646 2867 933 2937 interjaeet
975 2877 1128 2922 ortus
1175 2869 1241 2923 ab
1292 2883 1510 2934 occasu,
1567 2869 1839 2939 elongavit
1868 2886 1899 2924 a

330 2956 485 3010 nobis
512 2957 825 3025 iniquitates
869 2967 1103 3025 nostras,
1140 2958 1272 3013 salvi
1301 2973 1420 3013 esse
1457 2974 1563 3013 non
1592 2974 1896 3029 possumus.

328 3043 559 3099 Possunt
586 3054 843 3115 praeterea
877 3055 931 3101 et
975 3048 1059 3101 ha:
1101 3047 1285 3123 decem
1312 3047 1478 3119 plaga
1513 3048 1708 3118 quibus
1727 3046 1898 3120 Egy-

2014 1873 2130 1941 pria
2176 1875 2381 1928 viscera
2425 1882 2479 1929 et
2513 1875 2822 1945 adjumenta
2850 1873 3177 1944 reipublicae,
3205 1874 3309 1928 hoc
3331 1884 3436 1937 est,
3470 1873 3585 1943 ple-

2013 1963 2109 2018 bes
2132 1964 2549 2032 provinciarum,
2579 1973 2633 2018 et
2654 1964 2940 2034 religiones
2977 1964 3207 2019 militum
3237 1963 3583 2017 comminuta:

2013 2064 2159 2110 sunt.
2193 2056 2265 2110 lbi
2290 2063 2440 2110 sexta
2462 2056 2677 2110 vexatio
2719 2054 2896 2109 intulit
2922 2053 3128 2109 vesicas
3144 2051 3580 2113 eﬂ‘ervescentes,

2012 2145 2302 2213 ulceraque
2344 2134 2658 2199 manantia:
2693 2144 2780 2199 hic
2820 2158 2974 2213 teque
3003 2150 3155 2198 sexta
3207 2141 3414 2212 punitio
3459 2155 3581 2210 quae

2016 2244 2137 2306 post
2193 2235 2411 2289 Maximi
2468 2236 2899 2304 persecutionem
2949 2233 3072 2298 fuit,
3129 2233 3221 2301 qui
3271 2230 3580 2301 specialiter

2010 2329 2289 2399 episcopos
2308 2336 2365 2382 et
2382 2327 2606 2382 clericos
2631 2327 2831 2381 omissa
2864 2325 3022 2380 turba
3051 2323 3314 2394 populari,
3341 2323 3445 2377 hoc
3470 2330 3578 2385 est,

2007 2416 2357 2474 ecclesiarum
2398 2416 2656 2486 primates
2702 2414 2932 2470 cruciari
2973 2414 3375 2482 imperaverat;
3433 2411 3577 2465 intu-

2006 2522 2253 2563 mescens
2277 2507 2470 2562 crebro
2498 2505 2578 2559 ira
2605 2512 2765 2574 atque
2795 2502 3016 2568 invidia,
3045 2518 3151 2557 non
3178 2516 3276 2571 per
3304 2499 3444 2572 vulgi
3473 2514 3576 2565 ca;-

2008 2601 2149 2663 dem,
2182 2598 2275 2654 sed
2298 2613 2395 2667 per
2431 2596 2653 2650 vulnera
2675 2594 3019 2650 morientium
3039 2594 3343 2663 principum
3381 2608 3445 2647 ac
3481 2607 3579 2661 po-

2006 2700 2215 2745 tentum
2262 2688 2500 2744 exaltata
2547 2694 2650 2742 est.
2694 2686 2770 2741 1ὺί
2812 2686 3040 2756 septima
3074 2684 3227 2755 plaga
3257 2693 3578 2738 numeratur

2003 2788 2193 2837 coacta
2248 2793 2408 2849 agere
2438 2777 2643 2845 grando
2690 2774 2933 2844 profusa,
2971 2790 3092 2845 qua:
3144 2772 3451 2828 hominibus
3480 2772 3573 2843 ju-

2003 2869 2306 2939 mentisque
2356 2868 2488 2922 satis
2529 2865 2697 2920 exitio
2738 2864 2879 2917 fuit:
2908 2864 2998 2918 hic
3041 2862 3292 2917 similiter
3345 2862 3579 2932 septima

2002 2958 2104 3011 sub
2130 2956 2285 3011 Gallo
2312 2963 2368 3009 et
2392 2954 2706 3018 Volusiano,
2731 2952 2823 3021 qui
2868 2951 3203 3020 persecutori
3245 2950 3408 3004 Decio
3448 2965 3575 3005 mox

2001 3046 2285 3103 interfecto
2314 3054 2703 3107 successerant,
2740 3042 2893 3114 plaga
2914 3040 3139 3097 exstitit.
3164 3038 3300 3094 Nam
3332 3047 3458 3094 tunc
3479 3054 3576 3109 pe-

325 3145 450 3203 ptus
481 3135 761 3191 verberata
796 3147 881 3193 est
924 3146 1148 3208 propter
1190 3136 1483 3205 lsraelitas,
1541 3138 1771 3193 Romani
1811 3154 1898 3195 re-
1926 3140 1971 3203 C
2004 3140 2102 3195 stis
2130 3138 2308 3194 infusa
2348 3148 2431 3193 est
2452 3152 2551 3207 per
2592 3135 2774 3191 omnia
2803 3132 3033 3188 Romani
3073 3130 3227 3203 regni
3268 3129 3336 3184 ab
3363 3130 3575 3185 oriente

328 3227 416 3296 gni
453 3228 754 3295 comparari
809 3229 1160 3298 temporibus,
1219 3229 1346 3297 quia
1393 3229 1512 3283 haec
1566 3230 1621 3283 in
1671 3228 1899 3300 ﬁguram

328 3317 500 3371 nostri
541 3317 683 3373 facta
714 3328 856 3374 sunt.
901 3318 1140 3390 Uterque
1159 3318 1405 3389 populus,
1435 3319 1488 3374 id
1515 3327 1619 3385 est,
1642 3320 1897 3375 lsraeliti-

329 3423 426 3462 cus
453 3416 509 3462 et
526 3406 885 3475 Christianus,
908 3409 1067 3464 unius
1093 3408 1186 3463 Dei
1216 3418 1323 3474 est,
1356 3424 1464 3462 una
1486 3409 1665 3481 populi
1701 3410 1899 3465 utrius-

327 3513 436 3567 que
497 3512 680 3553 causa.
731 3490 958 3555 Subdita
1027 3499 1127 3553 fuit
1198 3500 1559 3553 lsraelitarum
1619 3501 1898 3570 Syuagcgzi

330 3586 616 3659 £gyptiis,
645 3590 856 3644 subdita
876 3589 1307 3645 Christianorum
1336 3590 1575 3643 Ecclesia
1607 3589 1894 3655 Romanis;

331 3683 593 3749 persecuti
627 3690 755 3737 sunt
794 3680 1054 3753 Egyptii,
1082 3681 1357 3753 persecuti
1396 3688 1522 3735 sunt
1554 3689 1608 3735 et
1644 3679 1894 3734 Romani.

332 3773 524 3828 Decem
556 3773 629 3828 ibi
660 3766 1109 3829 contradictiones
1138 3773 1396 3827 adversus
1426 3770 1679 3841 Moysen;
1707 3770 1894 3824 decem

333 3867 404 3919 ibi
434 3868 582 3921 editm
622 3867 883 3921 adversus
915 3865 1211 3921 Christum.
1251 3864 1489 3917 Diversae
1538 3861 1682 3915 enim
1730 3860 1899 3930 plagae

331 3953 733 4024 Egyptiorum;
763 3943 986 4009 diversae
1014 3953 1100 4008 hic
1126 3951 1468 4007 calamitates
1498 3950 1891 4004 Romanorum.

333 4046 462 4098 Nam
483 4054 537 4099 ut
575 4047 739 4099 etiam
770 4046 912 4115 ipsas
935 4045 1074 4098 inter
1099 4059 1157 4099 se
1182 4042 1384 4113 plagas,
1437 4040 1493 4094 in
1522 4049 1784 4109 quantum
1817 4050 1897 4094 ta-

333 4152 454 4189 men
485 4135 650 4207 ﬁgura
679 4122 864 4190 forma:
905 4135 1207 4205 comparari
1252 4140 1454 4204 potest,
1491 4129 1789 4186 conferam.
1818 4131 1893 4185 1ὺί

329 4227 500 4298 prima
542 4228 810 4297 correptio
848 4227 1035 4281 habuit
1078 4226 1398 4294 sanguinem
1429 4223 1587 4294 vulgo
1628 4223 1711 4277 vel
1742 4238 1893 4276 ema—

328 4336 488 4375 nasse
515 4321 580 4376 de
609 4321 802 4390 puteis,
849 4321 931 4374 vel
971 4321 1022 4373 in
1070 4319 1378 4375 ﬂuminibus
1400 4318 1739 4375 concurrisse
1767 4337 1779 4371 :
1809 4318 1896 4373 hic

327 4409 503 4477 prima
544 4409 645 4464 sub
693 4408 906 4464 Nerone
944 4409 1110 4481 exigit
1138 4410 1291 4480 plaga
1327 4418 1385 4462 ut
1423 4409 1623 4478 ubique
1650 4413 1891 4462 morien-

2001 3234 2069 3288 ad
2104 3231 2437 3287 occidentem
2464 3228 2657 3299 spatia,
2713 3240 2834 3281 cum
2859 3238 3020 3280 omne
3052 3222 3441 3292 propemodum
3473 3235 3570 3290 ge-

2001 3338 2105 3377 nus
2132 3320 2410 3375 hominum
2438 3318 2559 3374 neci
2593 3315 2782 3381 dedit;
2802 3322 2929 3369 tunc
2953 3311 3114 3369 etiam
3142 3312 3384 3382 corrupit
3405 3311 3568 3377 latus,

2001 3412 2301 3481 infuditquc
2328 3408 2521 3479 pabula
2549 3408 2692 3462 tabo.
2734 3406 2808 3460 1ὺί
2848 3412 3095 3459 octavam
3121 3400 3338 3473 Egypti
3368 3402 3573 3456 contri-

2003 3504 2201 3557 tionem
2231 3500 2427 3566 facere,
2458 3499 2707 3554 excitata:
2731 3497 2968 3567 undique
2998 3495 3235 3558 locustae,
3280 3502 3575 3548 terrentes-

1998 3610 2104 3662 que
2126 3594 2335 3656 omnia;
2377 3590 2465 3645 hic
2492 3598 2739 3645 octavam
2764 3604 2917 3658 aeque
2946 3588 2999 3642 in
3036 3586 3441 3642 subversionem
3467 3583 3572 3639 Ro-

1998 3698 2171 3738 mana:
2196 3682 2347 3736 urbis
2376 3680 2641 3744 excitatae,
2679 3679 2916 3748 undique
2939 3677 3171 3733 intulere
3196 3688 3403 3748 gentes,
3452 3692 3574 3746 qua:

2001 3776 2236 3832 czedibus
2270 3785 2432 3844 atque
2459 3772 2724 3828 incendiis
2753 3780 2975 3827 cunctas
3017 3772 3325 3841 provincias
3362 3771 3574 3826 deleve-

2001 3875 2144 3920 runt.
2184 3864 2261 3922 Ibi
2292 3880 2431 3918 nona
2464 3862 2699 3918 turbatio
2729 3862 3032 3926 diuturnas,
3062 3876 3279 3916 crassas
3314 3875 3377 3917 ac
3408 3877 3573 3932 pene-

2000 3956 2217 4011 trabiles
2247 3954 2499 4010 tenebras
2521 3954 2711 4010 habuit
2742 3972 2754 4007 :
2787 3954 2908 4024 plus
2930 3953 3150 4009 omnino
3179 3952 3401 4023 periculi
3424 3969 3575 4009 com-

1999 4045 2200 4100 minata
2227 4060 2388 4115 quam
2420 4042 2574 4109 fecit;
2619 4044 2708 4098 hic
2745 4043 2934 4097 eadem
2976 4043 3247 4111 correptio
3278 4041 3399 4107 fuit,
3449 4058 3567 4097 cum

1996 4134 2290 4189 Aureliano
2311 4134 2738 4204 persecutionem
2760 4132 3072 4188 decernenti
3092 4132 3224 4187 diris
3246 4130 3573 4193 turbinibus,

1998 4225 2238 4279 terribile
2286 4240 2349 4278 ac
2392 4224 2550 4277 triste
2571 4220 2774 4276 fulmen
2811 4222 2913 4276 sub
2962 4220 3131 4290 ipsius
3167 4220 3395 4289 pedibus
3441 4221 3572 4285 ruit,

1997 4315 2286 4369 ostendens
2312 4313 2439 4382 quid
2460 4327 2578 4365 cum
2604 4311 2740 4365 ultio
2763 4310 2884 4364 talis
2913 4310 3174 4380 exigeret,
3199 4316 3381 4364 tantus
3406 4309 3578 4377 possit

2003 4404 2169 4466 ultor,
2219 4402 2322 4456 nisi
2364 4409 2419 4454 et
2459 4399 2697 4454 clemens
2723 4407 2869 4452 esset
2894 4404 2950 4451 et
2972 4396 3186 4469 patiens
3217 4415 3230 4450 :
3261 4412 3572 4467 quanquam

329 4499 465 4550 tium
491 4499 706 4568 sanguis
734 4507 898 4562 esset,
956 4472 1277 4553 vel'morbivs
1305 4496 1359 4550 in
1389 4497 1524 4551 urbe
1572 4504 1856 4564 correptus
1880 4535 1894 4559 ,
1924 4472 1979 4530 Β
2007 4496 2147 4548 intra
2192 4508 2284 4546 sex
2313 4492 2401 4545 hic
2426 4504 2659 4553 menses,
2702 4497 2815 4544 tres
2841 4489 3014 4545 occidi
3058 4488 3432 4558 imperatores,
3468 4490 3574 4545 hoc

330 4586 424 4642 vel
446 4588 593 4642 hellis
613 4589 665 4642 in
689 4590 819 4643 orbe
847 4587 1119 4657 profusus.
1148 4588 1224 4642 1ὺί
1250 4602 1480 4657 sequens
1518 4586 1673 4657 plaga
1720 4587 1901 4655 prodit

326 4689 727 4749 perstrepean
802 4679 1267 4750 persultantesque
1338 4678 1392 4731 in
1473 4676 1899 4746 penetrabilibus

332 4786 521 4833 ranas,
560 4772 746 4825 incdize
771 4769 1155 4840 propemodum
1193 4783 1355 4823 causa
1383 4766 1780 4822 habitatoribus
1813 4775 1896 4822 at-

325 4874 441 4929 que
463 4861 603 4914 exitu
638 4860 805 4915 fuisse
841 4861 933 4914 hic
973 4874 1205 4928 sequens
1242 4858 1342 4913 sub
1370 4857 1679 4913 Domitiano
1713 4870 1895 4925 ptena,

325 4950 577 5003 similiter
612 4949 826 5020 quando
857 4948 1144 5003 satellitum
1181 4949 1521 5017 militumque
1549 4947 1667 5018 ejus
1693 4947 1897 5016 impro-

325 5043 421 5097 bis
439 5042 811 5113 eﬂ'renatisque
832 5043 1166 5098 discursibus
1195 5041 1556 5097 cruentissimi
1576 5039 1728 5109 jussa
1748 5040 1897 5109 prin-

324 5132 467 5203 cipis
499 5133 927 5203 exsequentium,
959 5134 1026 5188 ad
1049 5132 1284 5201 inopiam
1314 5145 1453 5200 pene
1477 5144 1667 5185 omnes
1700 5128 1897 5183 Roma-

325 5237 435 5277 nos
460 5223 603 5278 cives
644 5223 890 5289 adactos,
938 5222 1240 5291 exsilioque
1274 5220 1546 5290 dispersos
1574 5220 1769 5290 coegit.
1819 5219 1896 5275 lbi

325 5316 486 5370 tertia
523 5318 735 5372 vexatio
791 5316 981 5372 habuit
1019 5314 1311 5383 sciniphes,
1368 5312 1641 5369 musculos
1691 5312 1897 5368 scilicet

322 5407 669 5475 parvissimas
698 5404 1128 5472 smvissimasque
1170 5420 1183 5455 :
1218 5416 1337 5470 quae
1366 5402 1555 5455 mediis
1589 5416 1729 5471 saepe
1751 5401 1897 5456 aesti-

322 5496 424 5549 bus
449 5511 545 5567 per
581 5497 699 5551 loca
728 5494 973 5564 squalida
1026 5490 1369 5547 coadunatim
1399 5491 1662 5546 vibrando
1703 5491 1897 5546 densa-

324 5595 410 5648 ιςε,
456 5596 509 5641 et
538 5589 591 5641 in
615 5586 707 5641 illo
736 5585 921 5639 volatu
946 5583 1105 5638 allabi
1144 5581 1339 5646 solent,
1372 5580 1683 5651 capillisque
1716 5581 1894 5636 homi-

326 5693 450 5731 num
491 5693 553 5732 ac
586 5678 861 5749 pecudum
901 5674 1031 5730 setis
1065 5687 1188 5728 cum
1220 5678 1413 5729 urente
1446 5686 1625 5726 morsu
1658 5671 1848 5725 infarri
1878 5690 1889 5723 :

2006 4593 2109 4650 est,
2148 4580 2488 4648 Aurelianus,
2521 4580 2742 4635 Tacitus
2768 4589 2823 4634 et
2849 4573 3152 4644 Florianus,
3180 4579 3409 4634 diversis
3443 4596 3575 4634 cau-

2005 4677 2079 4731 sis
2109 4674 2377 4731 interfecti
2410 4684 2553 4730 sunt.
2578 4674 2653 4728 lbi
2680 4681 2953 4744 postremo
2982 4672 3190 4726 decima
3230 4669 3406 4741 plaga,
3450 4687 3574 4740 qua:

2003 4767 2295 4822 novissima
2339 4766 2580 4822 onmium
2617 4764 2738 4829 fuit,
2803 4762 3106 4818 interfectio
3150 4759 3384 4816 ﬁliorum
3439 4778 3577 4832 quos

2003 4859 2207 4927 primos
2236 4858 2434 4927 quique
2460 4865 2792 4929 genuerunt:
2818 4854 2907 4909 hic
2948 4852 3299 4908 nihilominus
3343 4853 3575 4919 decima,

2007 4948 2060 5003 id
2086 4957 2188 5013 est,
2213 4948 2503 5002 novissima
2529 4960 2691 5016 ptena
2716 4952 2818 5010 est,
2865 4943 3108 4999 omnium
3151 4943 3385 5014 perditio
3410 4944 3579 5000 idolo-

2005 5055 2145 5103 rum,
2185 5054 2305 5108 quze
2336 5036 2589 5107 primitus
2626 5034 2788 5098 facta,
2835 5033 2889 5087 in
2946 5032 3139 5104 primis
3179 5031 3451 5087 amabant.
3499 5032 3575 5087 lbi

2005 5146 2099 5185 rex
2130 5128 2428 5199 potentiam
2466 5125 2563 5181 Dei
2603 5124 2791 5190 sentit,
2832 5131 2888 5178 et
2924 5121 3178 5194 probavit
3210 5129 3268 5177 et
3320 5121 3572 5183 credidit.
3618 5174 3621 5179 .

2004 5237 2068 5277 ac
2091 5237 2190 5292 per
2223 5221 2327 5275 hoc
2371 5216 2628 5289 populum
2663 5214 2762 5270 Dei
2803 5214 2882 5267 ire
2906 5212 3154 5283 permisit
3186 5230 3200 5265 :
3233 5210 3324 5267 hic
3359 5225 3456 5281 per
3479 5223 3575 5278 po-

2003 5314 2225 5369 tentiam
2254 5312 2349 5367 Dei
2373 5311 2537 5367 sentit
2563 5318 2620 5364 et
2643 5306 2889 5380 probavit
2907 5313 2963 5361 et
2986 5304 3234 5370 credidit,
3263 5319 3328 5358 ac
3350 5316 3448 5371 per
3468 5300 3575 5358 hoc

2000 5402 2253 5474 populum
2277 5402 2369 5456 Dei
2398 5401 2475 5455 ire
2500 5400 2731 5455 liberum
2760 5411 2882 5451 esse
2904 5395 3171 5465 permisit.
3191 5393 3267 5448 lbi
3292 5405 3573 5460 nunquam

1999 5501 2188 5561 postea
2214 5488 2440 5560 populus
2460 5487 2554 5543 Dei
2578 5486 2645 5542 ad
2668 5486 2985 5541 servitutem
3010 5489 3273 5537 retractus
3294 5478 3417 5535 :bic
3435 5494 3575 5536 nun-

1999 5598 2161 5652 quam
2199 5590 2384 5652 postea
2426 5578 2652 5649 populus
2696 5576 2792 5630 Dei
2840 5576 2907 5629 ad
2948 5569 3305 5627 idololatriam
3352 5581 3573 5629 coactus

1998 5682 2100 5727 est.
2129 5671 2205 5726 1ὺί
2258 5670 2631 5741 Ᾰίεγριίονιιηι
2656 5681 2786 5721 vasa
2822 5664 3057 5736 pretiosa
3091 5659 3330 5716 Hebraeis
3371 5661 3573 5718 tradita
