4052 6184
376 251 446 304 47
1031 246 1093 302 Β.
1133 247 1386 303 BABANI
1425 249 1641 309 MAUlll
1683 251 2003 309 ARCIIIEP.
2050 255 2354 311 MOGU'NT.
2396 258 2683 330 OPERUM
2721 264 2904 322 PARS
2941 270 2980 322 Ι.
3551 281 3620 334 48

373 371 516 419 sunt.
549 360 647 414 llic
682 361 934 414 Erclasim
983 359 1416 418 Christianorum
1453 367 1722 436 praecipua
1773 383 1938 438 paga-
1970 377 2017 430 Α
2045 369 2251 424 dentem
2278 389 2372 442 pro
2399 374 2548 429 dente
2581 375 2774 448 (Exod.
2807 385 2942 452 xxi),
2960 389 3346 456 prax-ipiuutur
3372 397 3618 466 exigere;

370 469 562 520 norum
593 453 784 522 templa
810 462 1112 508 cesserunt.
1139 453 1282 510 Sane
1305 455 1454 522 illud,
1484 465 1544 510 ut
1573 457 1706 523 dixi,
1736 459 1943 514 denun-

368 523 612 599 tiandum
643 549 792 610 puto,
823 541 950 610 quia
977 541 1116 596 sicut
1145 542 1408 615 Egyptus
1451 555 1574 616 post
1622 547 1721 602 has
1755 548 1940 603 decem

367 632 551 704 plagas
587 630 840 685 dimissos
883 629 1136 686 llebrmos
1181 635 1456 702 persequi,
1488 636 1832 692 molientibus
1867 639 1940 692 ir-

366 726 474 779 ruit
495 739 589 794 per
617 723 998 792 superductum
1021 739 1170 778 mare
1215 733 1419 780 aeterna
1455 729 1690 797 perditio
1719 745 1734 783 :
1769 731 1840 784 ita
1874 740 1938 810 et

364 830 463 868 nos
487 814 700 886 quidem
724 813 891 866 libere
910 814 1340 883 peregrinantes,
1368 828 1756 888 superventura
1773 835 1938 896 quan-

363 905 648 974 doquidem
697 904 1004 974 persecutio
1031 905 1310 974 gentilium
1354 916 1552 974 manat,
1584 909 1757 965 donec
1785 927 1934 966 mare
1963 977 1966 981 λ

362 995 623 1060 Rubrum,
668 994 719 1048 id
749 1002 852 1058 est,
903 994 1086 1063 ignem
1123 993 1333 1062 jndieii,
1384 998 1500 1068 ipso
1545 998 1775 1054 Domino
1797 1002 1932 1057 duce

360 1093 416 1138 ct
434 1083 635 1154 judice,
665 1087 1026 1137 transeamus.
1066 1083 1128 1136 lli
1164 1100 1290 1138 vero
1312 1086 1362 1139 in
1391 1102 1526 1154 quos
1555 1087 1930 1159 Egyptiornm

360 1172 532 1226 forma
567 1170 980 1238 transfunditur,
1017 1173 1278 1241 permissa
1319 1175 1385 1229 ad
1422 1187 1634 1246 tempus
1661 1188 1928 1248 potestate

357 1263 636 1316 saevientes
658 1263 989 1330 gravissimis
1012 1265 1228 1333 quidem
1252 1267 1516 1334 permissu
1543 1269 1640 1324 Dei
1664 1271 1928 1328 Christia-

355 1367 454 1406 nos
496 1351 824 1406 cruciatibus
871 1363 1313 1422 persequuntur:
1344 1367 1713 1414 verumtamen
1765 1362 1924 1418 iidem

352 1458 540 1498 omnes
567 1443 768 1498 inimici
793 1443 990 1500 Christi
1017 1461 1138 1500 cum
1162 1461 1286 1517 rege
1315 1463 1414 1502 suo
1438 1449 1796 1525 Antichristo,
1828 1469 1922 1508 ac-

349 1543 505 1606 cepto
533 1544 720 1608 stagno
748 1537 888 1608 ignis
916 1538 1124 1604 aeterni,
1182 1541 1326 1608 quod
1366 1557 1559 1612 magna
1591 1543 1920 1614 impediente

347 1628 575 1698 caligine
599 1631 724 1685 dum
773 1647 880 1686 non
928 1632 1223 1700 videretur,
1271 1635 1527 1702 intratur,
1585 1629 1908 1708 perpetuam

2043 468 2096 513 ct
2123 463 2443 532 quandoque
2471 475 2652 523 tamen
2678 472 2949 530 revelaute
2971 480 3144 545 gratia
3167 489 3398 550 percussi
3424 463 3486 542 in
3507 507 3622 544 nta-

2039 551 2225 605 a‘illam
2276 570 2478 640 unam,
2507 557 2727 614 alteram
2759 563 3014 632 jubentur
3037 571 3267 638 prwbcrc
3293 575 3508 642 (Matth.
3545 586 3616 638 vi.

2041 639 2174 705 Quia
2214 643 2358 697 enim
2385 660 2599 716 semper
2621 649 2742 718 plus
2780 653 2859 706 ira
2903 655 2956 708 in
2995 657 3227 715 vindicta
3263 639 3426 734 erigit
3457 683 3617 738 quam

2039 729 2234 798 injuria
2283 737 2500 806 accipit,
2534 740 2660 794 dum
2689 742 2897 798 discunt
2939 748 3078 803 mala
3118 766 3223 810 non
3269 729 3619 828 multiplicius

2037 821 2294 888 reddere,
2320 827 2534 894 quando
2562 828 2834 886 discerent
2867 850 2928 888 ea
2968 847 3021 890 et
3046 840 3397 910 multiplicata
3426 821 3616 915 sponte

2035 913 2286 969 tolerare.
2318 916 2454 973 llinc
2479 930 2561 974 est
2589 925 2732 991 quod
2779 929 3024 982 cuuulcm
3073 933 3257 990 rudem
3297 913 3548 1008 pupulum
3581 958 3612 994 τι

2033 1003 2351 1072 quibusdam
2374 1010 2666 1078 prohibuit,
2691 1017 2933 1084 qua-dam
2963 1035 3088 1077 vero
3108 1024 3157 1078 ei
3183 1025 3236 1078 in
3261 1043 3360 1082 usu
3382 1031 3610 1098 pristino

2031 1094 2304 1160 servavit;
2344 1098 2436 1152 sed
2466 1099 2579 1154 lucc
2605 1101 2719 1170 ipsa
2751 1112 2928 1160 tamen
2957 1109 3010 1162 in
3047 1112 3250 1168 meliori
3287 1116 3411 1172 vita:
3437 1119 3606 1192 ﬁgura

2029 1185 2347 1252 composuit.
2375 1185 2540 1242 Bruta
2570 1206 2802 1262 namque
2832 1197 3084 1254 animalia
3111 1203 3266 1259 idolis
3295 1207 3349 1261 in
3372 1185 3605 1281 [Egjrpto

2029 1275 2342 1332 mactahant
2381 1277 2540 1348 eique
2575 1281 2626 1338 in
2665 1298 2763 1338 usu
2793 1293 3132 1354 postmodum
3183 1275 3494 1354 animalium
3523 1303 3602 1355 vi-

2025 1361 2187 1416 ctima
2215 1362 2317 1418 fuit
2341 1383 2354 1419 :
2392 1375 2450 1420 ut
2477 1368 2602 1423 dum
2631 1371 2697 1426 de
2727 1389 2825 1428 usu
2862 1392 2959 1431 suo
2985 1378 3182 1450 aliquid
3221 1385 3599 1455 admitterent,

2024 1453 2434 1511 consolarentur
2461 1457 2578 1526 ejus
2613 1460 2811 1518 infirmi
2847 1481 2944 1535 per
2981 1469 3084 1525 hoc
3113 1473 3254 1540 quod
3285 1476 3348 1530 de
3373 1493 3470 1532 usu
3497 1453 3596 1534 suo

2023 1540 2222 1611 aliquid
2249 1545 2531 1604 haberent.
2562 1549 2693 1606 Mira
2727 1564 2904 1610 autem
2931 1558 3330 1630 dispensatione
3359 1570 3591 1637 consilii,

2021 1633 2162 1700 quod
2204 1634 2251 1687 ei
2283 1634 2543 1694 Dominus
2582 1640 2650 1694 de
2683 1649 3071 1704 consuetudine
3113 1654 3318 1708 carnali
3349 1659 3590 1725 retinuit,

345 1719 702 1788 perditionem
783 1721 1178 1778 immortalibus
1240 1725 1416 1780 περι-ί
1478 1727 1757 1796 suppliciis
1819 1744 1916 1798 pa-
1945 1731 1991 1790 Β
2018 1721 2196 1776 hocin
2224 1723 2392 1794 ﬁgura
2420 1728 2640 1796 spiritus
2664 1735 2942 1805 potentius
2967 1740 3146 1794 vertit.
3174 1740 3310 1809 Quid
3339 1746 3487 1802 enim
3506 1719 3592 1803 sa;

350 1807 570 1863 tientnr.

914 1901 1142 1962 CAPUT
1175 1905 1340 1960 XXII.

345 2013 891 2098 Mandatum-Domini
907 2033 1002 2097 per
1027 2015 1240 2098 Moysen
1261 2016 1492 2098 ad'ﬁlios
1513 2017 1684 2074 Israel
1707 2020 1910 2084 datum,

413 2093 467 2136 ut
499 2093 676 2152 petant
703 2102 734 2138 n
761 2086 944 2138 vicinis
971 2087 1081 2140 suis
1115 2097 1164 2140 et
1187 2087 1370 2140 amicis
1397 2105 1522 2142 vasa
1561 2105 1721 2143 aurea
1751 2100 1797 2142 et
1827 2106 1915 2142 ar-

410 2163 612 2221 gentm.

414 2261 636 2316 Locutus
660 2272 734 2317 est
764 2261 1022 2318 Dominus
1045 2265 1114 2318 ad
1142 2265 1376 2336 Moysen,
1410 2266 1622 2320 dicens:
1661 2266 1758 2321 Dic
1790 2284 1911 2338 ergo

339 2355 476 2407 omni
513 2353 649 2424 plebi
688 2363 743 2407 ut
781 2355 1002 2423 postulet
1032 2356 1110 2410 rir
1137 2357 1202 2410 ab
1229 2358 1398 2411 amico
1437 2374 1556 2423 suo,
1585 2367 1632 2411 et
1667 2358 1854 2412 mulier
1878 2375 1910 2412 a

337 2443 505 2497 ricina
530 2461 652 2509 sua,
690 2460 812 2497 vasa
854 2461 1015 2498 aurea
1045 2455 1092 2498 et
1121 2457 1385 2516 argentea.
1415 2446 1572 2500 Dabit
1606 2457 1778 2501 autem
1803 2447 1911 2500 Do-

335 2535 506 2590 minus
529 2537 754 2599 qratiam
771 2534 960 2606 populo
982 2553 1076 2590 suo
1099 2553 1274 2590 coram
1295 2537 1558 2608 /Egyptiis
1582 2537 1779 2606 (Exod.
1807 2539 1906 2608 XI).

338 2623 454 2678 Non
487 2624 615 2678 hinc
649 2624 878 2694 quisque
904 2625 1220 2679 sumendum
1259 2625 1560 2696 exemplum
1591 2636 1786 2696 putare
1812 2627 1907 2680 de-

335 2713 426 2767 bet
455 2712 521 2765 ad
551 2711 957 2782 exspoliandum
989 2715 1093 2768 isto
1121 2715 1278 2768 modo
1308 2715 1632 2784 proximum.
1666 2715 1774 2786 (Ea:
1800 2715 1909 2768 Au-

333 2805 594 2878 gustino.)
637 2805 751 2862 lloc
793 2807 936 2868 enim
969 2807 1112 2866 Deus
1143 2809 1335 2879 jussit,
1379 2811 1471 2880 qui
1514 2819 1736 2866 noverat
1778 2811 1907 2882 quid

331 2911 600 2966 quemque
626 2897 736 2968 pati
767 2905 1078 2967 oporteret;
1109 2915 1207 2956 nec
1243 2901 1500 2958 lsraelitaa
1526 2900 1728 2960 furtum
1759 2901 1906 2958 fece-

332 2997 483 3052 runt,
533 2990 630 3044 sed
678 2989 788 3048 Deo
831 2987 1039 3058 jubenti
1096 2993 1454 3050 ministerium
1513 2995 1898 3067 praabueruut:

2019 1809 2219 1866 criﬁcia
2250 1812 2462 1872 illorum
2509 1819 2851 1889 animalium,
2900 1826 3002 1881 nisi
3051 1827 3322 1901 Unigeuiti
3362 1847 3588 1893 mortem

2017 1901 2337 1971 designant?
2370 1906 2509 1974 Quid
2551 1911 2816 1968 sacriﬁcia
2857 1915 3070 1972 illorum
3109 1923 3454 1990 animalium,
3485 1930 3588 1984 nisi

2015 1993 2429 2051 cxstinclionem
2455 2001 2690 2058 carnalis
2715 2004 2836 2060 vitae
2857 2015 3054 2064 nostrae
3073 2011 3412 2083 signiﬁcant?
3441 2017 3592 2074 Ulufe

2013 2095 2142 2152 ergo
2165 2084 2517 2144 imbecillitati
2538 2091 2716 2162 populi
2740 2095 2888 2152 rudis
2911 2100 3347 2160 condescendens
3369 2107 3587 2172 dicitur,

2015 2171 2140 2228 inde
2165 2175 2214 2229 ei
2247 2193 2346 2247 per
2373 2179 2722 2255 obumbratas
2758 2187 3135 2258 allegoriarum
3170 2197 3376 2266 species
3417 2199 3589 2268 major

2013 2259 2270 2320 fortitudo
2298 2267 2520 2336 spiritus
2544 2273 2841 2328 nuntiatur.

2573 2361 2804 2420 CAPUT
2838 2366 3021 2423 XXIII.

2233 2444 2312 2499 De
2337 2450 2606 2504 sanctione
2632 2451 2852 2509 Pasclue
2876 2457 2928 2512 in
2953 2467 3093 2515 term
3123 2462 3360 2536 zEgypti.

2080 2534 2226 2589 Dixit
2252 2554 2454 2609 quoque
2476 2539 2734 2598 Dominus
2755 2546 2822 2598 ad
2852 2545 3067 2618 Moysen
3091 2561 3138 2604 et
3160 2534 3337 2610 Aaron
3365 2558 3418 2611 in
3443 2568 3584 2614 terra

2009 2623 2229 2696 Αἴθρη)ιὶ
2251 2641 2270 2679 :
2309 2627 2504 2684 Mensis
2536 2633 2630 2688 iste
2658 2637 2799 2690 vobis
2829 2639 3142 2711 principium
3167 2647 3442 2714 mensium,
3475 2653 3584 2720 pri-

2007 2729 2124 2768 mus
2163 2718 2261 2770 erit
2293 2719 2346 2772 in
2387 2723 2648 2777 mensibus
2685 2727 2830 2781 anni.
2869 2727 3167 2802 Loquimini
3191 2737 3261 2791 ad
3286 2744 3582 2798 universum

2007 2812 2192 2858 caelum
2217 2806 2448 2875 ﬁliorum
2479 2809 2670 2878 Israel,
2700 2825 2748 2869 et
2777 2816 2934 2873 dicite
2959 2821 3034 2876 eis
3055 2839 3073 2877 :
3098 2824 3308 2883 Decima
3333 2832 3417 2886 die
3439 2850 3586 2888 men-

2003 2895 2077 2949 sis
2118 2895 2278 2966 hujus
2319 2900 2468 2955 tollat
2514 2908 2866 2978 unusquisque
2907 2928 3098 2981 agnum
3139 2933 3232 2985 per
3259 2919 3490 2987 fanti/ias
3528 2939 3575 2979 ct

2005 2985 2186 3040 domos
2211 3005 2354 3044 suas.
2387 2990 2482 3045 Sin
2509 3004 2680 3050 autem
2707 2998 2878 3053 minor
2904 3011 2980 3056 est
3000 3019 3246 3062 numerus
3269 3015 3578 3084 utsu/j‘icere

328 3079 780 3150 quemadmodum
830 3095 952 3138 cum
1001 3081 1250 3138 minister
1288 3083 1486 3152 judicis
1535 3083 1734 3137 occidit
1775 3098 1898 3138 eum

3311 3062 3574 3083 Γ--.-

2005 3090 2108 3128 non
2148 3079 2310 3146 possit
2354 3079 2424 3134 ad
2459 3085 2760 3140 vescendum
2809 3106 3030 3160 agnum,
3080 3111 3306 3154 assumat
3353 3062 3582 3163 virginum

327 3185 485 3238 quem
508 3167 674 3240 judex
694 3167 858 3237 jussit
887 3169 1094 3236 occidi,
1121 3170 1364 3240 profecto
1393 3171 1439 3225 si
1477 3172 1530 3226 id
1555 3181 1744 3241 sponte
1775 3173 1894 3235 ﬁat,

328 3257 592 3312 homicida
626 3265 710 3312 est
737 3257 896 3312 etiam
925 3258 970 3312 si
1005 3273 1128 3312 eum
1155 3259 1365 3314 occidat
1401 3275 1560 3329 quem
1598 3260 1701 3314 scit
1726 3261 1898 3315 occidi

327 3361 356 3398 a
375 3345 554 3413 judice
581 3345 849 3400 debuisse.
881 3346 976 3401 Est
1002 3345 1164 3401 etiam
1201 3347 1304 3401 ista
1344 3347 1600 3402 nonnulla
1628 3349 1856 3417 quaestio
1881 3367 1894 3402 :

328 3433 384 3488 Si
417 3449 660 3488 seorsum
689 3435 1006 3491 habitabant
1031 3436 1242 3492 Hebrmi
1270 3437 1325 3492 in
1357 3445 1500 3492 terra
1529 3438 1732 3494 Gessen
1754 3479 1768 3503 ,
1805 3439 1897 3494 ubi

326 3538 424 3578 nec
442 3523 624 3594 .plagae
659 3523 858 3580 ﬁebant
903 3525 1098 3596 quibus
1127 3542 1348 3598 regnum
1376 3526 1674 3583 Pharaonis
1697 3527 1896 3599 adlige-

324 3612 503 3679 batur,
535 3614 803 3684 quomodo
830 3617 962 3686 petit
999 3616 1228 3687 quisque
1253 3632 1284 3672 a
1312 3617 1561 3687 proximo
1593 3617 1679 3672 vel
1705 3633 1736 3672 a
1763 3633 1893 3688 pro-

320 3703 464 3758 xima
503 3719 728 3770 aurmn,
775 3713 832 3760 et
875 3715 1180 3778 argentum,
1225 3715 1280 3761 et
1309 3715 1547 3774 vestem,
1591 3709 1894 3778 praesertim

319 3793 445 3862 quia
475 3794 563 3848 ubi
588 3794 819 3864 primum
847 3795 948 3850 hoc
975 3796 1263 3851 mandatur
1285 3812 1383 3868 per
1407 3797 1622 3868 Moysen
1639 3839 1656 3864 ,
1686 3799 1766 3853 sic
1791 3814 1892 3868 po-

318 3883 480 3940 situm
510 3893 593 3938 est
620 3902 632 3938 :
671 3878 934 3938 et'mulier
954 3901 986 3938 a
1013 3884 1180 3939 vicina
1214 3902 1336 3950 sua,
1367 3897 1424 3940 et
1447 3887 1773 3942 coucellaria
1809 3888 1892 3943 vel

318 3969 682 4035 concellania,
731 3970 776 4025 si
823 3971 896 4024 ita
925 3969 1210 4027 dicendum
1241 3981 1354 4038 est,
1395 3973 1480 4028 vel
1509 3975 1892 4032 cohabitatrice

319 4073 437 4113 sua.
473 4057 626 4115 Unde
656 4059 1062 4130 intelligendum
1106 4070 1190 4116 est
1227 4063 1390 4116 etiam
1430 4063 1483 4118 in
1516 4071 1662 4119 terra
1687 4064 1890 4122 Gessen

317 4165 426 4204 non
451 4149 594 4205 solos
623 4149 878 4206 Hebraeos
913 4151 1216 4220 habitasse,
1247 4153 1340 4208 sed
1367 4155 1448 4210 eis
1477 4155 1684 4226 aliquos
1717 4155 1889 4228 Egy-

313 4240 454 4308 ptios
482 4239 536 4294 in
569 4239 657 4294 illa
687 4247 832 4295 terra
869 4242 1265 4299 cohabitatorcs
1296 4242 1494 4312 fuisse,
1525 4245 1593 4300 ad
1628 4261 1763 4317 quos
1787 4261 1886 4317 po-

314 4339 532 4386 tueruut
555 4333 746 4388 merito
774 4331 1121 4389 Hebraeorum
1157 4337 1318 4390 etiam
1354 4335 1440 4391 illa
1471 4337 1729 4394 beneﬁcia
1759 4355 1885 4411 per-

2001 3181 2152 3219 suum
2179 3169 2268 3238 qui
2296 3172 2605 3242 conjunctus
2627 3186 2701 3230 est
2729 3177 2906 3234 domui
2935 3200 3048 3239 sum
3068 3203 3086 3240 :
3106 3187 3264 3256 juxta
3303 3209 3574 3252 numerum

2000 3255 2294 3312 animarum
2323 3278 2440 3331 qua:
2465 3265 2695 3333 suﬁicere
2729 3283 2944 3338 possunt
2989 3277 3058 3330 ad
3097 3295 3240 3334 esum
3277 3285 3422 3352 agni.
3457 3286 3570 3342 Erit

1999 3354 2172 3399 autem
2211 3365 2381 3418 agnus
2418 3351 2607 3423 absque
2645 3357 2884 3425 macula,
2930 3365 3224 3434 masculus,
3273 3351 3568 3432 anniculus.

1997 3433 2163 3490 Juxta
2189 3454 2338 3508 quem
2371 3441 2528 3496 ritum
2558 3443 2749 3500 tolletis
2768 3457 2815 3501 et
2837 3449 3043 3508 Itwdum
3058 3472 3076 3508 :
3097 3465 3146 3510 et
3166 3461 3434 3517 servabitis
3453 3483 3568 3519 eum

1996 3541 2156 3593 usque
2190 3529 2260 3582 ad
2283 3541 2526 3600 quartam
2561 3533 2813 3592 decimum
2851 3539 2987 3595 diem
3016 3547 3204 3601 mensis
3238 3550 3434 3620 hujus:
3471 3557 3570 3608 int-

1995 3615 2308 3688 molabitque
2331 3637 2449 3674 eum
2476 3623 2714 3680 universa
2738 3629 3016 3686 multitudo
3038 3634 3270 3702 ﬁliorum
3302 3615 3474 3698 lsrael
3498 3647 3567 3702 ad

1939 3716 1943 3719 ·
1993 3719 2256 3790 uesperam
2283 3707 2478 3780 (Exod.
2510 3711 2632 3784 xu).
2664 3715 2860 3774 Mensis
2895 3721 3038 3778 enim
3072 3726 3166 3780 iste
3197 3729 3340 3786 vobis
3373 3735 3567 3805 princi-

1985 3792 2134 3863 pium
2162 3799 2438 3866 mensium,
2463 3802 2662 3870 primus
2683 3807 2780 3860 erit
2800 3809 2854 3861 in
2875 3813 3134 3870 mensibus
3159 3821 3304 3874 anni.
3327 3792 3562 3880 Menscm

1992 3883 2222 3952 primum
2248 3899 2406 3944 vocat
2430 3891 2591 3948 Nisan
2615 3899 2907 3954 secundum
2938 3901 3194 3963 Hebraeos
3213 3908 3266 3966 in
3286 3926 3393 3980 quo
3413 3930 3564 3970 crea-

1993 3985 2103 4031 tum
2131 3988 2216 4034 est
2243 3981 2440 4037 ctelum
2466 3993 2520 4040 et
2543 3994 2711 4054 terra,
2740 3999 2796 4044 et
2817 3995 3000 4050 mundi
3027 3999 3235 4055 exstitit
3261 4006 3560 4063 exordiuni.

1991 4065 2155 4136 Cujus
2181 4071 2381 4127 mensis
2401 4073 2775 4146 plenilunium,
2798 4091 2918 4150 post
2943 4087 3324 4155 atquinoctium
3347 4097 3562 4152 vernale

1991 4171 2206 4228 semper
2233 4160 2397 4218 debet
2423 4165 2628 4221 attendi
2658 4168 2710 4223 in
2752 4185 2840 4238 eo,
2869 4180 2923 4226 et
2958 4173 3110 4244 plebs
3137 4177 3500 4240 lsraelitarum
3528 4203 3558 4240 a

1989 4250 2248 4306 servitute
2272 4251 2648 4326 Egyptiorum
2689 4259 2914 4318 liberata
2952 4273 3055 4331 est,
3096 4277 3151 4321 et
3174 4285 3343 4341 genus
3373 4275 3559 4330 Imma-

1991 4353 2116 4394 num
2143 4355 2240 4409 per
2264 4339 2463 4398 Christi
2493 4347 2807 4416 sanguinem
2838 4365 2870 4404 a
2903 4339 3402 4420 potestatc'diaboli
3441 4379 3560 4421 ere-

313 4421 524 4485 venire,
552 4429 612 4474 ut
640 4422 730 4476 hic
755 4437 850 4478 eos
882 4432 936 4478 et
960 4424 1245 4494 diligerent
1268 4426 1426 4482 iidem
1453 4427 1695 4500 [Egyptii
1723 4401 1888 4485 coha-
1910 4401 1964 4461 D
1987 4436 2137 4497 ptum
2163 4437 2324 4500 atque
2348 4401 2660 4494 translatuum
2687 4446 2788 4492 est.
2817 4401 3032 4497 Decima
3053 4445 3140 4501 die
3164 4451 3363 4506 mensis
3388 4467 3558 4524 agnus

313 4509 606 4574 bitatores,
637 4519 692 4566 et
733 4513 877 4581 quod
918 4515 1174 4582 petebant
1216 4513 1374 4571 facile
1405 4519 1880 4575 commendarent:

311 4610 414 4650 nec
442 4605 617 4651 tamen
650 4597 790 4652 Deus
809 4597 1072 4667 judicavit
1110 4601 1182 4654 ita
1224 4601 1346 4656 illos
1388 4603 1596 4660 alienos
1622 4604 1790 4660 fuisse
1816 4607 1884 4663 ab

313 4686 525 4758 injuriis
550 4697 604 4743 et
637 4688 1155 4746 contradictionibus
1189 4707 1326 4760 quas
1355 4694 1585 4762 p0pulus
1622 4694 1719 4750 Dei
1762 4711 1886 4766 per-

313 4771 465 4842 tulit,
505 4785 566 4832 ut
603 4793 704 4834 nec
732 4779 837 4834 isto
865 4779 1064 4834 damno
1099 4780 1420 4858 ferirentur,
1452 4784 1543 4852 qui
1580 4784 1756 4856 plagis
1781 4785 1886 4842 illis

309 4875 532 4936 propter
543 4869 686 4939 quod
709 4878 868 4926 terra:
886 4869 962 4925 illi
977 4871 1299 4941 parcebatur
1317 4874 1556 4942 percussi
1580 4889 1686 4930 non
1707 4885 1881 4932 erant.

312 4955 420 5026 (Ex
449 4955 744 5031 Gregorio.)
775 4957 872 5014 llic
897 4974 1108 5030 quoque
1129 4959 1416 5032 diligenter
1435 4963 1884 5020 considerandum

308 5052 394 5100 est
421 5046 564 5116 quod
587 5056 797 5104 mentes
821 5049 942 5103 usui
965 5049 1088 5104 vita:
1111 5051 1342 5106 carnalis
1368 5051 1883 5122 inhaerentes,evelli

309 5134 379 5190 ab
405 5135 608 5192 inﬁmis
630 5152 736 5192 non
765 5147 1024 5208 possunt,
1058 5141 1163 5197 nisi
1205 5143 1470 5213 gradatim
1501 5146 1661 5202 ducta
1690 5149 1878 5218 praedi-

308 5229 521 5284 catione
541 5231 843 5299 proﬁciant.
874 5231 1011 5289 Hinc
1036 5234 1236 5306 quippe
1271 5245 1354 5292 est
1388 5240 1531 5307 quod
1559 5241 1614 5295 in
1644 5239 1879 5313 Egypto

307 5321 517 5390 positis,
547 5321 637 5392 pio
653 5319 908 5392 justeque
935 5325 1304 5382 moderamine
1323 5369 1340 5394 ,
1382 5329 1582 5388 latente
1625 5336 1877 5406 concupi-

308 5412 514 5466 scentia
537 5414 984 5470 condescenditur
1003 5457 1017 5481 ,
1061 5426 1118 5472 et
1159 5419 1457 5476 vicinorum
1484 5439 1702 5480 suorum
1729 5428 1874 5483 vasis

307 5499 486 5553 aureis
503 5503 880 5572 argenteisque
900 5503 1145 5570 sublatis,
1171 5507 1449 5566 discedere
1466 5509 1744 5581 jubentur.
1769 5514 1870 5582 Qui

275 5586 375 5660 ,δά
396 5586 522 5640 Sina
545 5602 774 5646 montem
797 5593 960 5658 ducti,
975 5605 1196 5664 accepta
1216 5595 1331 5666 lege
1354 5605 1558 5672 oculum
1580 5620 1674 5673 pro
1695 5605 1870 5673 oculo,

1988 4525 2186 4578 assumi
2205 4525 2424 4595 jubetur
2443 4536 2497 4582 et
2519 4531 2726 4586 servari
2749 4547 2916 4603 usque
2938 4537 3005 4592 ad
3024 4549 3269 4608 quartam
3290 4543 3553 4600 decimam

1987 4613 2129 4667 diem
2159 4617 2361 4671 mensis
2387 4615 2625 4686 ejusdem
2648 4621 2714 4676 ad
2744 4638 3046 4694 vesperam,
3070 4637 3124 4682 et
3147 4629 3227 4685 sic
3255 4631 3554 4688 immolari:

1985 4703 2058 4757 ita
2090 4713 2146 4759 et
2177 4704 2504 4779 Redemptor
2531 4721 2714 4768 noster
2737 4713 2944 4770 decima
2979 4719 3094 4782 die,
3131 4721 3235 4775 hoc
3268 4733 3384 4788 est,
3428 4734 3554 4781 ante

1986 4791 2223 4863 quinque
2247 4794 2362 4852 dies
2388 4797 2606 4855 Paschre
2631 4800 3017 4874 Jerosolymam
3050 4808 3290 4875 veniens,
3329 4812 3382 4869 in
3420 4821 3555 4870 lem-

1982 4881 2071 4951 plo
2105 4891 2266 4952 atque
2295 4885 2350 4940 in
2387 4895 2655 4942 conventu
2693 4891 3060 4947 insidiantium
3090 4892 3394 4954 Judteorum
3429 4916 3550 4956 ver-

1980 4972 2107 5026 bum
2133 4972 2228 5028 Dei
2245 4976 2463 5039 docens,
2479 4979 2812 5045 exspectavit
2835 4991 3080 5050 quartam
3097 4985 3358 5041 decimam
3379 4987 3544 5056 diem,

1980 5061 2035 5116 in
2071 5077 2178 5131 quo
2211 5063 2415 5118 Pascha
2445 5065 2730 5136 mysticum
2775 5083 2899 5122 cum
2939 5071 3213 5143 discipulis
3255 5076 3367 5131 suis
3401 5077 3544 5134 celc~

1977 5151 2142 5207 brans
2161 5194 2176 5218 ,
2212 5169 2309 5225 per
2341 5149 2539 5208 'Judam
2579 5155 2912 5226 proditorem
2936 5160 2990 5214 in
3019 5177 3210 5218 manus
3237 5163 3542 5222 ludatur-um

1979 5243 2208 5299 traditus
2233 5252 2336 5308 est,
2363 5252 2523 5314 atque
2551 5248 2796 5316 sequenti
2835 5249 2922 5309 die
2955 5250 3006 5304 in
3037 5267 3194 5310 cruce
3221 5264 3306 5309 est
3332 5271 3430 5326 pro
3458 5273 3542 5313 re-

1976 5333 2284 5402 demptione
2317 5345 2500 5390 nostra
2545 5338 2870 5396 immolatus.
2919 5342 3070 5410 Quod
3111 5354 3288 5400 autem
3333 5348 3541 5404 decima

1974 5421 2062 5476 die
2083 5423 2285 5478 mensis
2313 5439 2484 5494 agnus
2514 5426 2740 5492 tollitur,
2771 5429 2865 5483 sed
2901 5445 3006 5485 non
3034 5431 3342 5490 immolatur
3373 5453 3539 5506 usque

1973 5513 2040 5567 ad
2065 5523 2311 5582 quartam
2335 5515 2598 5570 decimam
2621 5518 2784 5583 diem,
2806 5520 3069 5592 signiﬁcat
3092 5527 3234 5594 quod
3253 5543 3350 5596 per
3368 5527 3536 5598 legem

1971 5603 2184 5671 quidem
2222 5603 2424 5659 Christi
2468 5609 2644 5675 passio
2685 5611 3157 5684 prm'igurabatur,
3205 5627 3383 5674 tamen
3429 5635 3538 5678 non
3583 5668 3591 5677 .
