3992 6182
320 388 378 443 ω
928 343 934 349 ’
1278 373 1777 430 conurzxrams
1817 376 1880 429 1N

1998 373 2226 429 LODUM.
2266 406 2334 414 —-
2372 376 2501 429 LIB.
2544 377 2582 430 1.
3483 380 3551 436 50

319 500 412 556 nisi
437 492 706 563 Evangelii
730 494 1049 548 coruscante
1073 487 1246 560 gratia
1269 488 1583 557 completur.
1617 488 1880 542 Denarius
1908 487 1957 545 Λ
1982 487 2038 541 1η
2070 495 2300 561 utroque
2344 493 2542 548 etenim
2590 500 2742 563 poste
2792 494 2909 563 agni
2958 496 3178 563 sanguis
3220 506 3303 552 est
3348 500 3558 562 positus

318 592 447 647 enim
476 601 731 644 nmnerus
750 590 969 655 propter
996 574 1308 649 decalogum
1334 579 1400 633 ad
1428 579 1599 649 legem
1624 580 1880 648 pertinet,

319 691 368 737 et
410 676 788 750 quaternarius
816 679 1044 744 propter
1072 676 1304 740 quatuor
1349 667 1636 736 Evangelia
1676 667 1883 722 Novum

321 770 561 844 exprimit
584 768 1012 822 Testamentum.
1046 763 1158 818 Hoc
1203 762 1365 834 igitur
1407 758 1551 829 quod
1600 754 1886 828 unicuique

322 878 504 935 agnum
527 861 684 930 jubet
709 872 924 914 sumere
949 871 1045 926 per
1083 855 1316 911 familias
1344 863 1400 908 et
1425 853 1614 908 domos
1648 865 1803 913 suas,
1833 855 1889 903 et

323 960 362 1012 si
392 956 563 1010 minor
588 953 661 1007 sit
692 965 954 1004 numerus
988 948 1261 1004 edentium
1292 945 1383 1015 qui
1417 959 1521 998 non
1557 942 1727 1012 possit
1765 939 1886 1009 agni

322 1063 527 1105 carnem
556 1056 902 1105 consumere,
930 1040 1151 1094 mandat
1181 1038 1420 1092 vicinum
1449 1050 1604 1090 suum
1644 1032 1733 1101 qui
1766 1031 1888 1100 jun-

325 1151 432 1195 ctus
456 1146 539 1194 est
560 1136 743 1191 domui
764 1134 844 1189 eis
871 1145 1151 1189 assumere
1171 1170 1185 1194 ,
1224 1136 1493 1198 quatenus
1528 1125 1795 1181 suﬁicicns
1819 1122 1890 1176 sit

326 1244 570 1286 numerus
602 1227 671 1281 ad
695 1240 850 1280 esum
898 1223 1053 1293 agni,
1093 1220 1267 1291 typice
1310 1218 1557 1286 designat
1592 1214 1735 1284 quod
1781 1228 1908 1265 non-

326 1320 482 1376 solum
511 1334 579 1371 ex
604 1315 828 1378 Iudicis,
857 1312 949 1368 sed
978 1312 1139 1367 etiam
1166 1326 1231 1364 ex
1264 1308 1528 1379 gentibus,
1559 1302 1888 1360 convocandi

327 1419 469 1466 erant
502 1408 568 1463 ad
609 1406 770 1460 ﬁdem
816 1403 1016 1459 Christi
1064 1409 1119 1455 et
1158 1400 1225 1454 ad
1264 1398 1378 1452 veri
1406 1396 1542 1466 Agni
1569 1391 1890 1448 immolatio-

327 1519 458 1558 nem.
487 1500 604 1554 Non
630 1497 774 1552 enim
812 1495 926 1551 sola
952 1492 1251 1548 sulliciebat
1275 1504 1405 1561 gens
1429 1486 1611 1541 Judma
1640 1484 1704 1541 ad
1735 1482 1889 1553 spiri-

328 1592 456 1648 tuale
495 1589 703 1643 Pascha
746 1583 1166 1646 celebrandum;
1203 1580 1332 1648 quin
1361 1577 1522 1632 etiam
1558 1581 1745 1645 gentes
1773 1586 1891 1640 qua:

326 1686 504 1740 vicinae
531 1682 748 1736 fuerunt
776 1676 958 1732 domui
985 1672 1134 1728 Iudae
1152 1712 1168 1735 ,
1202 1668 1515 1726 adhibenda:
1540 1672 1726 1728 erant,
1754 1678 1890 1732 qua-

326 1784 470 1830 tenus
493 1774 684 1827 domus
713 1768 806 1822 Dei
841 1764 1244 1822 convivantium
1285 1774 1510 1815 numero
1541 1756 1885 1827 impleretur,

328 1874 375 1919 ct
396 1862 513 1933 agni
539 1874 731 1916 carnes
759 1857 927 1926 digne
963 1861 1245 1914 comestre,
1286 1849 1534 1905 ﬁdelibus
1581 1848 1636 1901 in
1678 1853 1890 1915 pastum

329 1956 438 2009 vitae
480 1960 699 2007 :cterna‘.
741 1952 1103 2003 verterentur.
1134 1942 1289 2010 Quod
1328 1950 1508 1995 autem
1538 1939 1681 1992 idem
1719 1950 1892 2005 agnus

329 2059 535 2113 vespere
560 2039 767 2097 comedi
791 2037 1114 2106 jubebatur,
1155 2032 1425 2103 signiﬁcat
1460 2029 1660 2085 Christi
1688 2026 1893 2096 passio-

332 2151 442 2191 nem
476 2134 530 2189 in
564 2130 855 2187 novissima
904 2135 1060 2180 :etate
1106 2123 1289 2178 steculi
1332 2136 1453 2176 esse
1496 2118 1889 2189 complendam.

335 2224 559 2294 Denique
578 2221 719 2291 quod
746 2218 930 2273 haedus
953 2215 1203 2271 similiter
1228 2212 1430 2267 assumi
1448 2210 1689 2278 jubetur,
1706 2215 1760 2262 et
1780 2221 1894 2262 ser-

335 2316 439 2370 vari
464 2329 627 2383 usque
645 2313 711 2366 ad
737 2317 985 2380 quartam
1011 2306 1276 2362 decimam
1299 2302 1465 2367 diem,
1491 2317 1595 2355 non
1625 2298 1893 2354 immerito

334 2405 703 2462 incarnationis
740 2401 940 2456 Christi
979 2397 1236 2469 mysterio
1267 2395 1550 2464 accipitur.
1582 2392 1720 2466 Quid
1749 2391 1893 2446 enim

331 2512 455 2567 opus
484 2504 602 2550 erat
630 2508 783 2549 ovem
812 2490 894 2545 vel
926 2504 1123 2560 agnum
1154 2489 1222 2541 ab
1251 2487 1441 2542 ovibus
1462 2525 1477 2549 ,
1506 2492 1560 2540 et
1582 2483 1796 2538 haedum
1825 2482 1894 2536 ab

335 2588 489 2642 laedis
514 2584 883 2655 accipiendum
907 2580 1132 2644 moneri,
1157 2578 1263 2634 nisi
1290 2577 1377 2632 ille
1402 2576 1724 2647 ﬁguraretur
1742 2572 1894 2642 cujus

336 2696 449 2735 caro
476 2694 579 2733 non
618 2676 792 2732 solum
817 2690 884 2730 ex
908 2673 1071 2743 iustis
1089 2713 1102 2736 ,
1148 2686 1336 2727 verum
1366 2669 1528 2724 etiam
1558 2682 1625 2723 ex
1646 2676 1896 2736 peceato-

335 2770 473 2825 ribus
529 2772 824 2839 propagata
872 2772 995 2818 est:
1052 2777 1359 2832 quanquam
1414 2767 1679 2815 conentur
1726 2758 1895 2814 Judaei

336 2858 482 2911 etiam
528 2856 740 2911 bardum
782 2852 1080 2922 intelligere
1122 2847 1586 2921 accipiendumad
1617 2847 1896 2902 celebran-

335 2949 447 3002 dum
474 2946 699 3010 Pascha,
731 2953 785 2999 et
812 2945 917 2997 hoc
937 2956 1058 2996 esse
1080 2941 1289 3003 dictum
1309 2945 1522 3009 putant,
1544 2937 1612 2991 ab
1633 2935 1823 2992 ovibus
1842 2944 1899 2990 et

333 3040 490 3093 hzcdis
509 3038 772 3107 accipere,
793 3043 1049 3102 tanquam
1071 3031 1277 3085 diceret
1303 3028 1385 3082 vel
1407 3029 1476 3083 ab
1499 3027 1654 3099 agnis
1675 3041 1892 3096 agnum,

334 3132 406 3184 vel
433 3132 499 3184 ah
529 3129 695 3183 haedis
720 3126 928 3181 haedum
955 3165 970 3189 ,
1000 3124 1046 3178 si
1076 3122 1203 3177 illud
1241 3121 1411 3186 desit,
1457 3119 1594 3174 sumi
1623 3126 1893 3188 oportere.

334 3220 554 3290 Apparet
579 3216 840 3271 tamenin
876 3214 1123 3277 Christo,
1172 3211 1332 3266 rebus
1358 3208 1611 3279 impletis,
1637 3207 1766 3277 quid
1806 3206 1897 3263 illo

333 3318 586 3379 praecepto
608 3306 771 3362 fuerit
791 3305 1111 3375 ﬁguratum:
1139 3300 1207 3355 Et
1232 3310 1433 3355 sument
1455 3299 1519 3352 de
1538 3298 1811 3368 sanguine,
1835 3315 1897 3352 ac

331 3413 506 3473 ponent
531 3419 689 3474 super
714 3409 990 3470 utrumque
1014 3407 1231 3470 postem,
1259 3407 1306 3463 et
1330 3396 1385 3450 in
1411 3390 1898 3464 superliminaribus

333 3494 614 3557 domorum,
647 3494 703 3546 in
739 3491 925 3561 quibus
947 3488 1212 3542 comedent
1239 3486 1429 3540 illum:
1464 3493 1512 3539 et
1542 3483 1694 3537 edent
1714 3496 1897 3536 carnes

333 3593 470 3637 nocte
505 3581 599 3637 illa
635 3597 785 3636 assus
824 3580 970 3650 igni,
1009 3586 1055 3632 et
1094 3593 1305 3648 azymos
1344 3592 1503 3647 panes
1527 3591 1643 3628 cum
1680 3573 1899 3627 lactucis

336 3674 627 3742 agrestibus.
661 3671 785 3727 Non
813 3669 1089 3725 comedetis
1132 3684 1197 3723 ea:
1243 3684 1301 3723 eo
1347 3666 1571 3721 crudum
1607 3665 1764 3736 quid,
1806 3679 1899 3716 nec

332 3777 518 3821 coctum
541 3782 706 3836 aqua,
733 3762 824 3818 sed
850 3777 1028 3817 assum
1058 3769 1263 3815 tantum
1294 3759 1423 3829 igni.
1462 3758 1630 3827 Caput
1666 3772 1781 3809 cum
1811 3771 1899 3825 pe-

332 3859 472 3912 dibus
499 3867 545 3912 et
569 3856 831 3911 intestinis
861 3852 1121 3917 rorabitis,
1149 3868 1239 3905 nec
1264 3848 1545 3904 remanebit
1572 3862 1637 3901 ea:
1659 3862 1719 3900 eo
1741 3845 1896 3918 quid-

330 3964 477 4015 quam
504 3962 664 4016 usque
692 3959 866 3997 mane.
892 3941 952 3997 Si
977 3941 1102 4012 quid
1128 3939 1324 3994 residui
1347 3937 1529 4008 fuerit,
1554 3935 1671 4006 igne
1695 3935 1900 3989 combu-

335 4041 463 4092 retis.
486 4037 617 4104 Qua:
637 4043 819 4091 autem
840 4033 1235 4103 superaverint,
1252 4029 1447 4100 inquit,
1462 4027 1531 4083 ab
1551 4042 1617 4082 eo
1640 4029 1693 4083 in
1716 4041 1896 4091 mane,

332 4128 446 4197 igne
490 4124 927 4183 eoucremabitis.
979 4122 1087 4193 (Ea:
1117 4119 1454 4192 Augustino.)
1506 4118 1684 4186 Quaeri
1725 4124 1900 4187 potest

332 4220 587 4289 quamde
616 4217 822 4287 aliquid
847 4215 1143 4285 superavit,
1174 4226 1298 4269 cum
1329 4214 1432 4268 hoc
1456 4210 1759 4282 prtemoniti
1784 4209 1899 4264 fue-

332 4320 465 4377 runt,
496 4321 555 4366 nt
583 4312 629 4365 si
668 4310 861 4365 domus
887 4321 995 4361 non
1035 4304 1285 4360 habuerit
1321 4302 1687 4358 consumendo
1715 4300 1897 4371 pecori

332 4402 565 4455 iloncam
614 4398 1046 4461 multitudinem,
1076 4395 1238 4450 vicini
1268 4401 1629 4448 assumantur.
1668 4390 1773 4446 Sed
1816 4391 1897 4444 in-

331 4495 574 4563 adﬁgitur
599 4494 855 4562 quoniam
886 4492 1087 4545 dictum
1116 4496 1228 4552 est,
1271 4486 1348 4541 0s
1398 4503 1500 4540 non
1540 4483 1896 4538 comminuelis
1923 4521 1975 4579 D

326 4603 386 4636 et
411 4602 470 4639 eo
488 4626 503 4647 ,
531 4598 847 4639 remansura
873 4581 1061 4650 utique
1104 4578 1271 4633 fuisse
1299 4591 1422 4631 ossa
1459 4590 1580 4645 quae
1609 4574 1731 4643 igne
1766 4588 1896 4627 con-

325 4684 687 4729 rrcmarcntnr
714 4692 728 4727 :
768 4672 858 4727 Sic
895 4680 1067 4724 autem
1094 4668 1371 4723 comedetis
1401 4664 1590 4719 illum:
1625 4662 1788 4716 Renes
1814 4679 1898 4716 ve-

325 4776 453 4821 stros
481 4767 781 4835 accingeris,
807 4763 1160 4817 calceamenta
1188 4768 1357 4813 vestra
1396 4754 1649 4810 habebitis
1674 4756 1728 4807 in
1753 4754 1897 4823 pedi-

325 4859 433 4918 bus,
459 4864 684 4909 tenentes
708 4852 920 4907 buculos
953 4852 1008 4906 in
1044 4850 1284 4905 manibus
1305 4889 1319 4914 ,
1366 4856 1415 4901 et
1448 4845 1726 4900 comedetis
1752 4844 1897 4913 festi-

326 4954 520 4997 nmtes.
552 4944 646 4998 Est
679 4944 819 4997 enim
848 4941 1034 5003 Phase,
1068 4942 1123 4994 id
1152 4949 1225 4995 est
1257 4939 1511 4993 transitus
1559 4935 1787 4989 Domini.
1825 4934 1894 4988 Et

323 5033 551 5087 transibo
579 5049 671 5103 per
696 5044 890 5086 terram
919 5030 993 5085 1E
998 5031 1136 5101 ggpti
1164 5041 1313 5084 nocte
1342 5027 1435 5082 illa
1458 5069 1473 5094 ,
1510 5026 1898 5097 percutiamgue

323 5138 472 5175 omne
498 5123 899 5192 primogenitum
925 5121 981 5173 in
1001 5130 1140 5173 terra
1163 5118 1400 5189 Aigypti,
1420 5119 1484 5171 ab
1508 5117 1716 5171 homine
1736 5131 1898 5185 usque

317 5211 388 5263 ad
416 5228 590 5281 pecus,
619 5221 668 5265 et
694 5212 749 5265 in
792 5210 991 5263 cunctis
1019 5209 1121 5263 diis
1167 5207 1384 5277 λείπῃ)ιὶ
1413 5207 1610 5276 facium
1648 5205 1855 5275 judicia
1878 5223 1896 5259 :

320 5315 410 5368 ego
442 5298 716 5354 Dominus.
752 5298 872 5369 (Ea:
900 5295 1213 5369 Gregorio.)
1248 5296 1372 5351 Haec
1418 5296 1670 5350 videlicet
1704 5303 1897 5349 cuncta

322 5403 570 5459 magnam
594 5390 748 5444 nobis
776 5386 1185 5444 :editicationcm
1219 5387 1455 5456 pariunt,
1481 5386 1526 5440 si
1562 5384 1763 5439 fuerint
1788 5398 1900 5454 my-

317 5484 454 5537 stica
489 5482 932 5552 interpretatione
953 5480 1214 5535 discussa.
1253 5477 1386 5545 Quis
1420 5491 1653 5546 namque
1681 5476 1753 5530 sit
1777 5490 1900 5530 san-

319 5575 438 5643 guis
459 5574 606 5644 agni,
638 5590 745 5628 non
774 5572 1042 5627 audiendo
1067 5572 1162 5626 sed
1199 5570 1433 5626 bibendo
1454 5569 1759 5624 didicimus.
1798 5565 1900 5633 Qui

317 5666 538 5734 sanguis
564 5678 730 5735 super
754 5671 1041 5732 utrumque
1069 5670 1276 5732 postem
1303 5661 1771 5732 ponitur,quando
1793 5676 1899 5715 non

316 5752 493 5808 solum
525 5768 619 5809 ore
662 5752 939 5825 corporis,
974 5753 1069 5808 sed
1102 5752 1264 5809 etiam
1301 5766 1397 5808 ore
1423 5751 1604 5809 cordis
1628 5752 1895 5808 hauritur.

1984 588 2196 657 quando
2225 593 2622 642 sacramentum
2649 586 2916 656 passionis
2946 588 3088 643 illius
3115 604 3235 643 cum
3262 605 3358 644 ore
3379 594 3445 645 ad
3471 605 3557 646 re-
3636 606 3657 622 ⁴

1985 677 2348 747 demptionem
2372 676 2624 741 sumitur,
2649 679 2715 730 ad
2740 677 3093 732 imitationem
3121 693 3332 748 quoque
3355 680 3558 735 intenta

1986 777 2165 824 mente
2201 768 2488 838 cogitatur.
2537 767 2671 821 Nam
2710 768 2800 836 qui
2841 769 2919 823 sic
2958 767 3335 838 Redemptoris
3386 771 3556 824 nostri

1986 859 2300 929 sanguinem
2327 859 2543 926 acc'pit,
2576 867 2636 912 ut
2671 858 2871 912 imitari
2914 859 3220 928 passionem
3266 859 3407 915 illius
3438 876 3560 915 nec-

1988 951 2112 1005 dum
2134 949 2281 1013 velit,
2311 950 2365 1003 in
2392 965 2499 1005 uno
2523 959 2674 1019 poste
2695 950 3009 1021 sanguinem
3040 951 3238 1021 posuit.
3275 951 3376 1019 Qui
3397 953 3561 1007 etiam

1988 1039 2042 1092 in
2090 1037 2593 1108 superliminaribus
2634 1039 2917 1103 domorum
2959 1040 3237 1110 ponendus
3274 1048 3377 1094 est.
3425 1041 3562 1106 Quid

1988 1128 2133 1183 enim
2167 1128 2520 1197 spiritualiter
2555 1127 2765 1194 domos,
2796 1129 2899 1182 nisi
2932 1137 3141 1183 mentes
3170 1139 3384 1184 nostras
3423 1130 3565 1184 acci—

1988 1222 2204 1289 pimus,
2249 1220 2302 1274 in
2351 1220 2548 1290 quibus
2589 1236 2685 1290 per
2731 1220 3111 1290 cogitationem
3159 1221 3565 1276 inhabitamus?

1988 1314 2152 1382 Cujus
2185 1313 2376 1368 domus
2403 1312 2843 1381 superliminare,
2894 1321 2977 1366 est
3020 1314 3130 1381 ipsa
3164 1313 3417 1378 intentio,
3449 1330 3567 1383 qua:

1991 1407 2355 1477 supereminet
2398 1405 2617 1459 actioni.
2669 1403 2770 1470 Qui
2813 1418 2941 1473 ergo
2972 1405 3323 1459 intentionem
3361 1407 3565 1476 cogita-

1990 1498 2152 1553 tionis
2173 1512 2284 1551 suae
2305 1496 2371 1550 ad
2395 1495 2750 1549 imitationem
2768 1495 3058 1550 Dominica:
3080 1496 3344 1565 passionis
3365 1496 3566 1566 dirigit.

1993 1588 2045 1643 in
2081 1586 2495 1657 superliminare
2530 1586 2721 1641 domus
2758 1586 2879 1656 agni
2913 1586 3229 1656 sanguinem
3261 1587 3431 1655 ponit.
3477 1588 3568 1642 Vel

1995 1691 2142 1736 certe
2173 1680 2365 1734 domus
2390 1678 2506 1746 ipsa
2532 1686 2660 1731 sunt
2690 1691 2921 1746 corpora
2942 1717 2956 1739 ,
2986 1677 3038 1730 in
3067 1677 3262 1744 quibus
3293 1692 3574 1746 quousque

1992 1770 2242 1832 vivimus,
2268 1768 2604 1830 habitamus,
2632 1776 2687 1823 et
2714 1768 2768 1821 in
2798 1767 3209 1836 superliminare
3236 1768 3426 1823 domus
3448 1771 3569 1838 agni

1995 1862 2307 1931 sanguinem
2345 1860 2616 1930 ponimus,
2652 1860 2779 1928 quia
2802 1875 3018 1915 crucem
3045 1860 3313 1928 passionis
3338 1861 3483 1915 illius
3518 1862 3570 1915 in

1993 1952 2171 2007 fronte
2198 1959 2495 2021 portamus.
2539 1950 2615 2004 De
2652 1965 2759 2019 quo
2797 1965 2935 2021 agno
2976 1951 3151 2006 adhuc
3193 1951 3476 2005 subditur:
3504 1949 3571 2005 Et

1993 2042 2144 2096 edent
2188 2056 2370 2094 carnes
2401 2048 2547 2093 nocte
2592 2037 2686 2091 illa
2730 2055 2876 2092 assas
2914 2039 3039 2108 igni.
3082 2039 3138 2092 In
3171 2047 3331 2094 nocte
3377 2040 3576 2108 quippe

1996 2149 2192 2205 agnum
2224 2130 2586 2193 comedimus,
2627 2130 2719 2199 qui
2747 2129 2803 2182 in
2834 2138 3173 2185 sacramento
3203 2130 3360 2183 modo
3396 2132 3571 2184 Domi-

1997 2224 2176 2278 nicum
2206 2236 2405 2289 corpus
2428 2218 2751 2288 accipimus,
2783 2217 2998 2286 quando
3027 2220 3202 2272 adhuc
3240 2219 3308 2272 ab
3344 2220 3571 2275 invicem

1996 2324 2211 2372 nostras
2238 2312 2600 2369 conscientias
2622 2326 2727 2364 non
2750 2310 3017 2363 videmus.
3032 2308 3161 2374 Qua:
3183 2317 3359 2362 tamen
3382 2325 3575 2364 carnes

1996 2406 2119 2479 agni
2155 2402 2398 2460 assandac
2441 2410 2599 2465 sunt,
2642 2399 2765 2470 quia
2809 2399 3063 2453 nimirum
3108 2396 3576 2453 dissolvit’carues

1996 2513 2134 2569 quas
2161 2510 2301 2566 aqua
2329 2493 2574 2557 coxerit;
2614 2506 2749 2560 quas
2771 2506 2900 2545 vero
2934 2490 3075 2559 ignis
3106 2490 3222 2545 sine
3253 2505 3390 2559 aqua
3418 2506 3576 2545 cxco-

1996 2589 2133 2660 quit,
2165 2588 2405 2642 roborat;
2438 2582 2642 2639 Carnes
2666 2582 2849 2650 itaque
2873 2581 2995 2652 agni
3031 2582 3199 2636 nostri
3233 2581 3372 2650 ignis
3395 2582 3574 2646 coxit,

1997 2679 2122 2748 quia
2155 2692 2279 2733 eum
2305 2674 2387 2729 vis
2416 2673 2685 2744 passionis
2713 2671 2857 2726 illius
2891 2671 2959 2725 ad
3000 2672 3452 2726 resurrectionem
3478 2688 3575 2725 va-

1998 2767 2279 2823 lentiorem
2309 2763 2571 2827 reddidit,
2596 2770 2758 2831 atque
2794 2762 3252 2831 incorruptionem
3279 2762 3573 2818 roboravit.

1996 2859 2127 2926 Qum
2146 2857 2290 2912 enim
2318 2871 2386 2909 ex
2414 2861 2589 2909 morte
2615 2852 2910 2917 convaluit,
2947 2851 3196 2905 videlicet
3220 2867 3412 2907 carnes
3439 2852 3579 2907 illius

1998 2949 2066 3003 ab
2089 2948 2212 3018 igne
2241 2945 2542 2999 diruerunt.
2575 2941 2728 2996 Unde
2747 2941 2910 2995 etiam
2930 2955 3027 3010 per
3051 2940 3394 2995 Psalmistam
3417 2942 3575 2998 dicit:

2000 3037 2229 3093 Examit
2257 3034 2392 3090 velut
2422 3042 2554 3087 testa
2585 3033 2746 3085 virtus
2773 3047 2887 3084 mea
2916 3028 3089 3098 (Psat.
3122 3030 3258 3101 xxi).

2071 3127 2210 3197 Quid
2233 3130 2584 3196 namque'cst
2606 3131 2745 3176 testa
2772 3132 2895 3175 ante
2920 3121 3096 3191 ignem
3116 3162 3132 3186 ,
3174 3122 3276 3177 nisi
3312 3124 3472 3182 molle
3499 3125 3581 3178 lu-

2002 3221 2158 3276 tum?
2191 3218 2284 3274 sed
2310 3217 2360 3272 ei
2391 3232 2455 3272 ex
2482 3216 2605 3286 igne
2632 3213 2812 3285 agitur
2838 3219 2896 3267 ut
2928 3212 3208 3267 solidetur.
3238 3214 3422 3270 Virtus
3449 3230 3580 3285 ergo

2000 3307 2351 3367 humanitatis
2378 3304 2495 3375 ejus
2529 3304 2677 3360 velut
2725 3310 2862 3358 testa
2902 3304 3148 3368 exaruit,
3191 3304 3318 3372 quia
3347 3304 3417 3359 ab
3456 3305 3579 3376 igne

1996 3399 2267 3471 passionis
2286 3397 2355 3451 ad
2380 3396 2633 3450 virtutem
2664 3393 3089 3463 incorruptionis
3115 3393 3303 3448 crevit.
3336 3394 3441 3450 Sed
3469 3395 3580 3449 sola

1999 3487 2377 3558 Redemptoris
2416 3484 2586 3540 nostri
2622 3493 2874 3553 percepta
2915 3493 3252 3539 sacramenta
3290 3486 3361 3541 ad
3400 3501 3580 3541 veram

2000 3578 2397 3636 solemnitatem
2422 3575 2620 3631 mentis
2653 3590 2757 3628 non
2795 3574 3098 3640 sutliciunt,
3125 3575 3230 3630 nisi
3260 3576 3342 3631 eis
3370 3590 3583 3649 quoque

2000 3678 2055 3724 et
2082 3669 2222 3724 bona
2246 3681 2411 3737 opera
2433 3666 2749 3735 iungantur.
2786 3664 2925 3732 Quid
2963 3666 3108 3719 enim
3138 3666 3360 3735 prodest
3386 3682 3583 3736 c0rpus

1998 3770 2054 3816 et
2078 3759 2395 3831 sanguinem
2425 3757 2568 3813 illius
2587 3772 2682 3812 ore
2705 3759 3009 3827 percipere,
3034 3767 3091 3812 et
3109 3760 3157 3813 ei
3180 3760 3448 3829 perversis
3469 3775 3584 3816 mo-

2003 3852 2151 3907 ribus
2175 3849 2492 3906 contraire?
2526 3849 2680 3905 Unde
2717 3848 2856 3905 bene
2886 3849 3061 3905 adhuc
3087 3852 3154 3906 ad
3194 3853 3583 3908 comedendum

2001 3941 2288 3998 subditur:
2328 3939 2397 3993 Et
2423 3956 2637 4010 azymos
2660 3955 2820 4009 panes
2856 3957 2975 3994 cum
3015 3941 3234 4003 lactucis
3271 3943 3580 4014 agrestibus.

1999 4033 2174 4089 Panes
2203 4033 2402 4103 quippe
2423 4031 2538 4087 sine
2562 4030 2832 4088 fermento
2853 4034 3110 4100 comedit,
3133 4035 3225 4104 qui
3251 4043 3397 4090 recta
3418 4050 3583 4106 opera

2000 4124 2117 4178 sine
2141 4123 2489 4192 corruptione
2518 4136 2672 4176 vana:
2697 4122 2882 4192 gloria:
2911 4132 3170 4186 exercet;
3203 4125 3295 4194 qui
3332 4127 3583 4181 mandata

2002 4214 2388 4270 misericordia:
2425 4214 2541 4268 sine
2590 4213 2935 4269 admixtione
2971 4215 3179 4283 peccati
3220 4214 3466 4277 exhibet,
3518 4229 3584 4269 ne

2000 4318 2256 4373 perverse
2300 4303 2521 4372 diripiat
2561 4303 2706 4370 quod
2747 4304 2901 4371 quasi
2940 4311 3086 4360 recte
3130 4303 3426 4372 dispensat.
3469 4303 3582 4359 Hoc

2001 4407 2215 4461 quoque
2241 4391 2450 4460 peccati
2472 4390 2796 4445 fermentum
2818 4392 2972 4446 bona:
2993 4407 3104 4447 sure
3130 4394 3328 4449 actioni
3356 4395 3585 4451 miscue-

2002 4488 2159 4547 runt,
2203 4481 2401 4550 quibus
2443 4481 2720 4550 propheta:
2749 4496 2880 4537 voce
2905 4496 3004 4552 per
3030 4484 3451 4554 increpationem
3481 4486 3586 4543 Do.

2002 4574 2182 4628 minus
2206 4571 2369 4627 dicit:
2413 4570 2594 4625 Venite
2619 4571 2688 4625 ad
2714 4571 2923 4636 Bethel,
2955 4582 3003 4627 et
3028 4574 3184 4644 impie
3211 4575 3364 4645 agite.
3407 4578 3586 4647 Atque

2002 4677 2125 4738 post
2153 4682 2352 4737 pauca:
2379 4666 2447 4719 Et
2475 4666 2771 4735 sacriﬁcate
2794 4667 2859 4721 de
2887 4667 3140 4737 fermento
3175 4669 3382 4725 laudent
3404 4671 3584 4743 (Amos

2003 4761 2101 4832 tv).
2132 4760 2211 4815 De
2239 4759 2504 4814 fermento
2530 4774 2764 4828 namque
2783 4759 2994 4814 laudem
3016 4760 3271 4824 immolat,
3301 4764 3391 4833 qui
3419 4765 3584 4819 sacri-

2005 4854 2187 4908 ﬁcium
2219 4850 2330 4906 Deo
2360 4850 2425 4905 de
2460 4851 2647 4919 rapina
2675 4857 2849 4919 parat.
2906 4850 3155 4906 Lactucae
3179 4867 3310 4908 vero
3344 4863 3584 4924 agrestes

2003 4942 2162 4996 valde
2198 4954 2397 4994 amar:e
2440 4950 2607 5003 sunt;
2649 4953 2843 4994 carnes
2869 4954 3002 4994 vero
3043 4941 3165 5009 agni
3206 4956 3331 4996 cum
3360 4942 3585 4998 lactucis

2001 5029 2307 5099 agrestibus
2331 5035 2456 5083 sunt
2483 5027 2720 5091 edendae,
2750 5035 2807 5082 ut
2832 5038 2956 5083 cum
2985 5043 3183 5097 corpus
3210 5029 3583 5100 Redemptoris

2001 5123 2316 5192 accipimus,
2347 5135 2446 5175 nos
2477 5135 2576 5190 pro
2610 5120 2850 5189 peecatis
2885 5121 3087 5177 nostris
3121 5122 3175 5176 in
3205 5122 3418 5177 ﬂetibus
3449 5121 3581 5175 ami-

2002 5231 2213 5287 gamus,
2243 5222 2508 5283 quatenus
2534 5213 2648 5282 ipsa
2670 5212 2975 5267 amaritudo
3009 5214 3339 5283 poenitentiae
3373 5212 3582 5267 abster—

2002 5314 2093 5377 gat
2121 5322 2151 5358 a
2183 5305 2379 5359 mentis
2405 5302 2687 5358 stomacho
2722 5316 2990 5373 perversa:
3024 5319 3262 5359 amorem
3292 5303 3432 5358 vitaz.
3478 5300 3580 5357 Ubi

2001 5404 2057 5450 et
2080 5395 2357 5450 subditur:
2388 5391 2508 5448 Non
2538 5393 2814 5448 comedetis
2838 5409 2905 5448 ea:
2929 5410 2988 5448 eo
3015 5394 3235 5449 crudum
3253 5391 3401 5464 quid,
3418 5408 3582 5463 neque

1997 5494 2205 5539 coctum
2231 5500 2390 5555 aqua.
2420 5483 2559 5538 Ecce
2596 5482 2708 5552 jam
2755 5498 2861 5539 non
2898 5484 3010 5553 ipsa
3039 5485 3203 5538 verba
3231 5482 3471 5538 historize
3510 5483 3580 5539 ab

2003 5574 2276 5630 intellectu
2319 5571 2580 5629 historico
2624 5574 2905 5643 repellunt.
2955 5573 3206 5643 Nunquid
3253 5572 3583 5631 lsraeliticus

2002 5666 2091 5720 ille
2113 5664 2340 5734 populus
2370 5664 2423 5719 in
2449 5663 2686 5735 Egypto
2722 5666 3049 5719 constitutus
3076 5679 3268 5735 agnum
3298 5668 3582 5723 comedere

2002 5755 2229 5811 crudum
2249 5764 2623 5816 consueverat,
2649 5763 2707 5810 ut
2738 5755 2814 5809 illi
2842 5755 2928 5810 lex
2951 5753 3124 5821 dicat,
3152 5755 3273 5811 Non
3302 5758 3576 5812 comedetis
