3992 6182
414 295 475 355 81
1086 295 1147 351 Β.
1188 293 1441 351 RABANI
1480 293 1695 350 MAURI
1735 296 2052 350 ARClliEP.
2099 294 2402 353 MOCL'NT.
2441 298 2722 355 OPERUM
2762 299 2939 355 PARS
2978 299 3018 354 Ι.

3574 298 3647 353 5Ξ¹

409 425 474 468 ex
502 430 559 468 co
581 413 800 468 crudum
826 412 987 483 quid?
1009 410 1098 464 ubi
1126 418 1180 465 et
1208 409 1443 473 additur,
1489 426 1649 478 neque
1684 419 1882 462 coctum
1924 409 1977 462 in
2005 410 2053 468 Α
2081 408 2216 460 riam
2244 409 2545 478 praevaluit,
2577 410 2643 465 de
2672 410 2760 466 illo
2781 426 2910 465 voce
2935 406 3210 465 Dominica
3240 401 3465 465 dicitur:
3489 406 3644 463 Ροιρ.

410 522 568 576 aqua.
598 503 701 560 Sed
724 503 852 573 quid
875 516 1013 572 aqua
1042 500 1143 556 nisi
1182 502 1470 555 humanam
1517 500 1792 553 scientiam
1834 501 1975 553 desi-

408 598 576 669 gnat?
605 595 763 650 Juxta
792 595 895 649 hoc
920 594 1062 664 quod
1080 607 1177 662 per
1201 590 1540 646 Salomonem
1568 591 1666 644 sub
1694 592 1973 645 hteretico-

410 702 527 743 rum
552 701 683 743 voce
708 687 933 741 dicitur:
965 686 1125 754 Aquw
1144 685 1351 753 furtiva:
1370 682 1626 736 dulciores
1647 692 1764 735 sunt
1789 679 1966 753 (Prov.

409 779 506 847 Iv).
544 776 680 843 Quid
705 774 884 830 cruda:
914 774 1039 843 agni
1067 786 1277 836 carnes,
1305 772 1408 825 nisi
1434 770 1884 824 inconsideratam
1906 783 1971 822 ac

404 870 522 923 sine
544 868 840 922 reverentia
864 865 1201 936 cogitationis
1230 863 1479 932 rejeetam
1511 861 1651 915 illius
1673 859 1970 914 humanita-

406 967 514 1012 tem
544 956 881 1027 significant?
906 955 1078 1010 Omne
1120 953 1263 1007 enim
1300 953 1442 1022 quod
1468 950 1736 1005 subtiliter
1769 949 1968 1017 cogita-

403 1064 543 1113 mus,
578 1049 679 1102 hoc
703 1055 881 1103 mente
909 1046 1207 1115 coquimus.
1248 1042 1353 1098 Sed
1380 1042 1499 1113 agni
1530 1056 1657 1096 caro
1683 1055 1781 1093 nec
1804 1038 1966 1093 cruda

403 1138 609 1195 edenda
642 1144 741 1199 est,
776 1149 874 1191 nec
901 1150 1039 1205 aqua
1063 1142 1239 1197 cocta,
1265 1133 1389 1202 quia
1420 1130 1743 1199 Redemptor
1764 1137 1963 1190 noster,

402 1245 501 1284 nec
524 1242 691 1298 purus
711 1226 870 1281 homo
889 1224 1235 1280 restimandus
1255 1230 1358 1287 est,
1373 1236 1544 1290 neque
1563 1235 1658 1289 per
1678 1221 1964 1274 humanam

401 1318 715 1388 sapientiam
746 1317 975 1386 qualiter
999 1314 1266 1369 incarnari
1304 1315 1444 1367 Deus
1487 1311 1687 1380 potuit,
1727 1309 1965 1379 cogitan-

401 1412 518 1463 dus.
547 1409 733 1464 Omnis
757 1409 899 1462 enim
929 1407 1018 1475 qui
1058 1405 1468 1473 Redemptorem
1499 1407 1739 1453 nostrum
1771 1412 1961 1467 purum

401 1501 670 1553 hominem
699 1498 888 1562 credit,
929 1497 1055 1566 quid
1102 1496 1199 1549 iste
1240 1492 1385 1547 aliud
1421 1505 1580 1559 quam
1618 1489 1740 1559 agni
1768 1496 1964 1541 carnes

396 1588 591 1643 crucias
614 1585 866 1648 comedit,
881 1599 1013 1654 quas
1033 1582 1277 1637 videlicet
1301 1594 1532 1648 coquere
1553 1593 1650 1647 per
1668 1576 1963 1630 divinitatis

397 1677 511 1744 ejus
539 1675 939 1744 intelligentiam
970 1672 1180 1726 noluit?
1214 1669 1399 1725 Omnis
1425 1683 1555 1723 vero
1579 1664 1961 1720 incarnationis

2078 508 2186 552 stas
2216 501 2328 568 ejus
2358 501 2413 553 in
2438 499 2626 554 lumbis
2654 500 2766 570 ejus
2793 499 2947 572 (Job.
2980 497 3239 570 xxxvut).
3266 496 3366 563 Qui
3396 513 3524 569 ergo
3548 512 3640 568 pa-

2078 592 2203 645 scha
2235 594 2487 658 comedit,
2518 593 2717 647 habere
2742 606 2897 647 renes
2935 594 3208 646 accinctos
3233 591 3415 653 debet,
3451 597 3511 645 ut
3548 589 3639 660 qui

2076 682 2469 749 solemnitatem
2529 681 2940 736 resurrectionis
3001 688 3161 749 atque
3224 678 3640 749 incorrisptionis

2075 772 2203 840 agit,
2236 772 2565 841 corruptioni
2586 770 2696 838 jam
2724 787 2821 841 per
2850 771 2977 824 vitia
3003 768 3133 826 nulli
3163 768 3434 836 subjaccat
3454 811 3468 833 ,
3497 770 3641 825 volu-

2070 868 2245 928 ptates
2275 861 2505 921 edoniet,
2537 875 2750 914 carnem
2789 874 2819 912 a
2859 858 3068 911 luxuria
3116 858 3423 927 restringat.
3458 857 3639 926 Neque.

2072 952 2213 1004 enim
2238 949 2483 1019 cognovit
2506 964 2625 1018 qum
2650 948 2722 1001 sit
2750 947 3061 1001 solemuitas
3088 946 3523 1014 incorruptionis,
3546 947 3637 1014 qui

2071 1046 2244 1099 adhuc
2270 1057 2364 1113 per
2388 1042 2826 1097 incontinentiam
2849 1040 3206 1109 corruptionis
3229 1039 3487 1108 subjacct.
3514 1038 3638 1093 Haec

2070 1134 2388 1203 quibusdam
2417 1132 2548 1187 dura
2576 1138 2722 1195 sunt,
2744 1128 2837 1184 sed
2856 1137 3076 1199 angusta
3095 1137 3243 1198 porta
3266 1137 3341 1182 est
3358 1145 3475 1198 qute
3493 1113 3637 1180 ducit

2041 1213 2138 1278 'ad
2169 1224 2345 1286 vitam,
2369 1229 2423 1275 et
2448 1220 2707 1275 habemus
2724 1220 2834 1289 jam
2873 1234 2979 1273 non
3002 1218 3172 1271 multa
3197 1218 3439 1286 exempla
3465 1218 3640 1272 conti-

2069 1312 2306 1368 nentium
2340 1330 2353 1366 :
2394 1309 2757 1367 Calceamenta
2811 1310 3060 1364 habebitis
3125 1310 3179 1363 in
3220 1309 3454 1379 pedibus.
3496 1309 3635 1376 Quid

2069 1410 2192 1457 sunt
2211 1402 2409 1456 etenim
2437 1401 2602 1471 pedes
2631 1401 2800 1454 nostri
2836 1400 2937 1453 nisi
2972 1401 3171 1468 opera?
3198 1398 3335 1465 Quid
3372 1415 3500 1454 vero
3528 1399 3638 1454 cal-

2068 1497 2342 1544 ecamcnta
2378 1489 2479 1542 nisi
2506 1488 2672 1557 pelles
2701 1497 3031 1541 mortuorum
3057 1487 3404 1541 animalium?
3424 1488 3637 1543 Calcea-

2067 1588 2248 1634 menta
2278 1586 2457 1633 autem
2484 1579 2644 1647 pedes
2671 1578 2933 1631 muniunt.
2961 1577 3088 1643 Qua:
3111 1591 3241 1631 vero
3270 1586 3396 1631 sunt
3423 1588 3633 1632 mortua

2067 1668 2319 1722 animalia
2342 1684 2406 1722 ex
2431 1682 2657 1736 quorum
2682 1667 2908 1735 pellibus
2929 1666 3095 1720 nostri
3121 1667 3431 1720 muniantur
3450 1668 3632 1736 pedes,

397 1771 516 1840 ejus
550 1771 802 1843 mysteria
834 1771 987 1840 juxta
1030 1767 1316 1820 humanam
1346 1762 1661 1832 sapientiam
1701 1760 1967 1814 discutere
1994 1753 2041 1811 B
2070 1759 2173 1813 nisi
2202 1759 2408 1827 antiqui
2438 1758 2622 1812 Patres
2646 1759 2736 1827 qui
2760 1773 2855 1811 nos
2884 1759 2948 1811 ad
2970 1765 3222 1811 :eternam
3244 1758 3470 1825 patriam
3498 1774 3635 1825 prm—

397 1868 641 1924 conatur,
671 1872 862 1915 carnes
897 1857 1017 1926 agni
1061 1870 1196 1924 aqua
1223 1853 1334 1907 vult
1368 1865 1630 1921 coquere,
1672 1850 1722 1902 id
1748 1858 1831 1902 est
1854 1847 1962 1901 dis-

394 1954 725 2025 pensationis
746 1943 1082 2023 mysterium,
1098 1964 1195 2018 per
1212 1946 1523 2001 dissolutam
1549 1942 1662 1995 vult
1682 1940 1957 1995 scientiam

398 2054 701 2115 penetrare.
733 2044 833 2110 Qui
871 2045 1031 2112 igitur
1067 2038 1334 2109 paschalis
1362 2035 1538 2105 gaudii
1569 2033 1957 2088 solemnitatem

395 2135 670 2189 celebrare
691 2133 978 2196 desiderat,
997 2145 1189 2199 agnum
1216 2143 1385 2195 neque
1400 2141 1535 2195 aqua
1560 2131 1773 2191 coquat,
1788 2138 1959 2191 neque

394 2224 620 2278 crudum
642 2223 917 2283 comedat;
943 2229 1002 2273 ut
1029 2232 1199 2287 neque
1218 2231 1315 2285 per
1333 2217 1617 2269 humanam
1643 2211 1956 2279 sapientiam

400 2311 813 2383 profunditatem
839 2306 1225 2363 incarnationis
1248 2305 1388 2358 illius
1415 2310 1697 2372 penetrare
1725 2307 1955 2369 appetat,

400 2415 571 2469 neque
600 2399 652 2453 in
675 2414 795 2453 eum
820 2406 1073 2466 tanquam
1104 2396 1157 2448 in
1196 2394 1465 2448 hominem
1507 2404 1697 2459 purum
1736 2387 1955 2452 credat;

397 2490 490 2545 sed
513 2497 718 2544 assatas
745 2487 852 2556 igni
881 2500 1072 2540 carnes
1096 2482 1362 2545 comedat,
1388 2489 1446 2534 ut
1465 2478 1758 2548 dispensari
1779 2476 1958 2531 omnia
2003 2521 2007 2524 ι

394 2597 490 2652 per
524 2579 697 2634 sancti
728 2577 958 2648 Spiritus
986 2575 1276 2646 potentiam
1322 2573 1477 2627 sciat.
1520 2572 1595 2625 De
1638 2585 1743 2638 quo
1784 2568 1958 2622 adhuc

394 2679 541 2724 recte
585 2666 956 2737 subiungitur:
1000 2665 1166 2734 Caput
1201 2678 1317 2715 cum
1355 2658 1567 2731 pedibus
1607 2667 1656 2711 et
1703 2656 1958 2710 intestinis

394 2758 658 2815 vorabitis.
675 2759 851 2825 Quare
876 2755 1199 2822 Redemptor
1220 2761 1402 2805 noster
1421 2757 1497 2801 est
1518 2771 1549 2801 α
1564 2757 1616 2801 et
1641 2772 1678 2801 ω
1697 2746 1874 2816 (Apoc.
1893 2743 1953 2815 ι).

394 2850 540 2905 Deus
564 2847 812 2904 videlicet
847 2854 971 2900 ante
1001 2843 1191 2899 smcula
1210 2883 1224 2905 ,
1252 2849 1305 2895 et
1335 2841 1492 2894 homo
1521 2839 1575 2891 in
1604 2837 1709 2891 ﬁne
1737 2835 1959 2891 stt-culo-

392 2956 536 2995 rum.
568 2939 740 3010 Caput
774 2952 902 3009 ergo
926 2936 1047 3007 agni
1077 2947 1298 2997 vorare,
1328 2940 1411 2985 est
1451 2929 1783 2983 divinitatem
1816 2927 1959 2980 illius

392 3030 496 3085 ﬁde
527 3029 822 3100 percipere.
847 3027 1018 3082 Pedes
1050 3038 1179 3077 vero
1215 3022 1338 3092 agni
1375 3034 1594 3080 vorare,
1623 3027 1703 3072 est
1731 3018 1955 3085 vestigia

2064 1856 2365 1913 cesserunt,
2395 1864 2620 1916 quorum
2650 1848 2775 1900 dum
2797 1846 3037 1915 exempla
3059 1846 3435 1915 conspicimus,
3461 1847 3633 1899 nostri

2062 1943 2242 2012 operis
2270 1944 2433 2011 pedes
2462 1941 2762 1994 mouimus?
2783 1940 3153 1993 Caleeamenta
3181 1954 3309 2008 ergo
3336 1940 3385 1993 in
3409 1939 3635 2008 pedibus

2062 2032 2261 2087 habere
2300 2037 2381 2085 est
2421 2037 2751 2082 mortuorum
2783 2027 2947 2080 vitam
2979 2027 3318 2095 conspicere,
3358 2035 3411 2081 et
3448 2036 3632 2079 nostra

2064 2120 2288 2190 vestigia
2317 2136 2344 2172 a
2368 2119 2571 2187 peccati
2600 2118 2819 2171 vulnere
2839 2115 3129 2170 custodire.
3156 2115 3402 2169 Tenentes
3424 2114 3636 2168 buculos

2063 2212 2118 2264 in
2147 2210 2406 2264 manibus.
2451 2208 2587 2274 Quid
2626 2207 2711 2261 lex
2754 2221 2850 2275 per
2883 2207 3149 2271 baculum,
3180 2206 3282 2259 nisi
3311 2204 3634 2274 pastoralem

2062 2302 2363 2357 custodiam
2392 2299 2677 2369 designat?
2714 2297 2780 2351 Et
2808 2298 3098 2351 notandum
3127 2298 3267 2364 quod
3308 2297 3456 2365 prius
3491 2310 3633 2363 prte-

2060 2390 2290 2458 cipimur
2312 2404 2469 2442 rencs
2496 2388 2796 2457 accingere,
2811 2387 3150 2456 postmodum
3173 2386 3391 2439 baculos
3415 2394 3598 2439 tenere
3615 2403 3633 2439 :

2061 2480 2187 2548 quia
2219 2478 2295 2532 illi
2322 2478 2519 2533 debent
2545 2491 2730 2531 curam
2755 2474 3076 2544 pastoralem
3106 2474 3380 2543 suscipere
3405 2475 3494 2543 qui
3518 2473 3634 2543 jam

2060 2570 2114 2622 in
2139 2584 2237 2622 suo
2267 2581 2491 2634 corpore
2516 2564 2693 2619 sciunt
2715 2561 2856 2616 ﬂuxa
2886 2562 3107 2615 luxuria:
3134 2561 3353 2614 domare
3373 2600 3387 2625 ,
3419 2569 3479 2613 ut
3506 2576 3634 2614 cum

2061 2658 2181 2712 aliis
2210 2657 2368 2712 fortia
2397 2654 2710 2725 praedicant,
2744 2652 2845 2721 ipsi
2881 2651 3160 2706 desideriis
3188 2650 3439 2704 mollibus
3476 2665 3635 2704 ener-

2061 2749 2202 2800 viter
2225 2760 2329 2799 non
2354 2745 2725 2798 succumbant.
2748 2740 2889 2793 Bene
2907 2750 3085 2793 autem
3109 2739 3354 2792 subditur
3377 2755 3389 2789 :
3414 2738 3477 2789 lit
3494 2754 3635 2790 com-

2060 2838 2220 2891 edetis
2266 2837 2588 2905 festinantes.
2624 2830 2927 2886 Notandum
2974 2844 3103 2883 vero
3140 2828 3282 2896 quod
3325 2828 3522 2882 dicitur
3555 2825 3633 2894 fe-

2059 2931 2331 2991 stinantes,
2354 2941 2452 2980 nos
2481 2918 2778 2979 admonere“
2795 2936 2900 2989 quo
2935 2920 3185 2972 mandata
3216 2918 3333 2983 Dei,
3375 2919 3629 2987 mysteria

2065 3015 2456 3085 Redemptoris,
2481 3012 2714 3068 coalestis
2736 3009 2912 3062 Patris
2934 3006 3126 3078 gaudia
3150 3023 3270 3060 cum
3292 3006 3632 3060 festinatione

391 3117 741 3171 humanitatis
790 3113 907 3181 ejus
955 3112 1183 3166 amando
1223 3119 1279 3163 et
1327 3108 1584 3161 imitath
1626 3105 1952 3175 perquirere.
1985 3081 2030 3142 (ἶ
2061 3081 2468 3177 cognoscamus,
2497 3111 2550 3156 et
2568 3106 2834 3170 praecepta
2868 3098 2989 3151 vitm
3014 3112 3137 3151 cum
3163 3094 3504 3149 festinatione
3531 3095 3632 3151 im—

393 3209 531 3276 Quid
557 3222 684 3262 vero
705 3215 830 3260 sunt
857 3205 1130 3266 intestina,
1150 3202 1250 3255 nisi
1273 3200 1559 3254 verborum
1584 3198 1723 3251 illius
1745 3195 1954 3251 occulta

392 3309 448 3353 et
474 3298 700 3368 mystica
730 3294 1018 3350 mandata?
1051 3291 1181 3358 Quae
1208 3300 1333 3343 tunc
1356 3302 1627 3350 voramus,
1652 3302 1772 3340 eum
1796 3285 1955 3338 verba

390 3390 513 3443 vita:
549 3403 671 3444 cum
715 3385 969 3442 aviditate
1015 3383 1295 3438 sumimus.
1341 3380 1397 3434 ln
1446 3393 1552 3448 quo
1594 3374 1956 3432 devorationis

391 3482 579 3545 verbo,
601 3480 728 3550 quid
754 3478 897 3532 aliud
917 3492 1077 3546 quam
1100 3482 1299 3529 nostra:
1320 3472 1547 3543 pigritiae
1568 3479 1755 3539 torpor
1782 3483 1958 3537 repre-

390 3569 665 3634 henditur,
695 3568 786 3637 qui
811 3566 926 3635 ejus
953 3567 1114 3621 verba
1145 3573 1305 3632 atque
1339 3561 1615 3633 mysteria,
1640 3570 1693 3614 et
1714 3570 1812 3627 per
1834 3574 1958 3612 nos-

390 3660 647 3730 metipsos
671 3674 778 3713 non
806 3657 1129 3728 requirimus
1147 3698 1163 3721 ,
1202 3663 1258 3710 et
1284 3654 1427 3709 dicta
1467 3653 1533 3707 ab
1561 3652 1681 3706 aliis
1710 3651 1956 3705 audimus

390 3748 589 3801 inviti?
623 3746 747 3801 Non
776 3746 1055 3801 remanebit
1083 3761 1147 3798 ea:
1172 3761 1232 3798 eo
1268 3742 1551 3814 quidquam
1580 3757 1741 3810 usque
1768 3755 1951 3803 inane,

391 3838 515 3907 quia
543 3837 657 3906 ejus
684 3838 827 3892 dicta
850 3850 1041 3907 magna
1072 3843 1197 3889 sunt
1218 3831 1572 3887 sollicitudine
1597 3829 1951 3891 discutienda,

388 3936 656 3995 quatenus
691 3926 1002 3995 priusquam
1031 3924 1146 3977 dies
1173 3918 1580 3976 resurrectionis
1604 3924 1872 3985 appareat,
1900 3917 1954 3970 in

391 4018 496 4074 hac
528 4018 806 4086 praesentis
840 4017 945 4068 vita
985 4014 1267 4069 vocatione
1310 4010 1489 4066 omnia
1524 4009 1776 4062 mandata
1815 4007 1955 4061 illius

391 4106 735 4177 intelligendo
757 4113 810 4160 et
834 4104 1105 4173 operando
1127 4108 1493 4171 penetrentur.
1520 4097 1625 4152 Sed
1650 4097 1774 4165 quia
1802 4097 1956 4150 valde

390 4203 475 4252 est
500 4197 710 4253 dilliciie
741 4205 798 4251 ut
824 4212 984 4253 omne
1028 4196 1150 4265 agni
1194 4192 1464 4262 eloquium
1501 4189 1671 4260 possit
1708 4188 1952 4258 intelligi,

387 4281 445 4348 et
462 4305 618 4345 omne
638 4290 754 4359 ejus
776 4287 1088 4360 mysterium
1111 4284 1399 4352 penetrari,
1422 4289 1564 4336 recte
1585 4278 1951 4349 subjungitur:

388 4376 446 4430 Si
470 4378 595 4447 quid
617 4389 787 4431 autem
812 4375 1145 4437 remanserit,
1179 4373 1287 4443 igni
1322 4370 1652 4424 comburetis.
1699 4369 1849 4436 Quod
1884 4383 1950 4422 ex

388 4482 526 4534 agno
555 4474 793 4520 remanet
818 4466 924 4534 igni
954 4463 1340 4525 comburimus,
1364 4461 1576 4530 quando
1602 4461 1702 4514 hoc
1726 4459 1865 4527 quod
1885 4459 1951 4512 de

388 4555 649 4623 mysterio
685 4554 1069 4607 incarnationis
1109 4552 1227 4619 ejus
1267 4550 1562 4619 intelligere
1592 4558 1645 4603 et
1671 4557 1952 4617 penetrare

388 4659 493 4696 non
532 4657 846 4711 possumus,
890 4639 1142 4709 potestati
1188 4637 1421 4707 Spiritus
1467 4635 1635 4689 sancti
1682 4635 1954 4689 humiliter

387 4748 746 4797 reservamus,
774 4740 833 4785 ut
853 4747 955 4784 non
983 4728 1210 4798 superbe
1234 4726 1354 4795 quis
1390 4726 1584 4779 audeat
1609 4722 1693 4776 vel
1722 4732 1955 4777 contem-

388 4837 551 4886 nere,
602 4822 681 4875 vel
728 4820 1040 4876 denuntiare
1078 4817 1219 4887 quod
1255 4831 1360 4870 non
1396 4813 1678 4883 intelligit;
1726 4813 1820 4866 sed
1852 4812 1954 4867 hoc

388 4915 495 4985 igui
526 4914 707 4977 tradit,
729 4927 849 4966 cum
873 4910 1097 4980 Spiritui
1122 4915 1308 4964 sancto
1334 4914 1593 4962 reservat.

458 5003 594 5071 Quia
641 5002 800 5072 igitur
836 5000 1067 5069 qualiter
1088 4998 1352 5054 edendum
1380 4996 1452 5051 sit
1476 4997 1677 5065 pascha
1700 4993 1953 5066 cognovi-

388 5111 539 5160 mus,
579 5108 722 5148 nunc
763 5091 995 5162 qualiter
1015 5089 1101 5144 edi
1128 5088 1337 5153 debeat,
1364 5099 1734 5156 agnoscamus.
1762 5082 1952 5152 Sequi-

387 5199 507 5245 tur:
547 5186 634 5243 Sic
658 5195 828 5239 autem
855 5182 1131 5237 comedetis
1157 5180 1340 5235 illum:
1368 5195 1514 5233 renes
1542 5186 1732 5232 vestros
1769 5176 1946 5229 accin-

385 5294 536 5354 geris.
552 5278 689 5349 Quid
716 5278 769 5331 in
791 5275 1008 5330 renibus
1026 5274 1129 5329 nisi
1152 5272 1435 5328 delectatio
1456 5269 1636 5326 carnis
1657 5267 1950 5336 accipitur?

386 5373 540 5429 Unde
568 5380 622 5426 et
654 5366 932 5425 Psalmista
960 5365 1211 5435 postulat,
1235 5363 1418 5417 dicens
1441 5379 1453 5413 :
1489 5358 1555 5414 Ut
1578 5374 1723 5413 renes
1749 5366 1950 5411 nostros

387 5463 560 5532 (Psal.
591 5460 737 5531 xxv).
782 5459 837 5514 Si
867 5458 1011 5511 enim
1034 5454 1357 5523 voluptatem
1387 5449 1623 5504 libidinis
1652 5449 1708 5502 in
1732 5446 1949 5529 renibus

386 5568 506 5608 esse
529 5555 777 5616 nesciret,
799 5564 894 5607 eos
919 5547 1002 5602 uri
1024 5544 1242 5600 minime
1264 5542 1503 5612 petisset.
1533 5539 1681 5594 Unde
1705 5539 1829 5607 quia
1856 5526 1950 5605 po-

390 5653 557 5700 testas
598 5642 791 5699 diaboli
832 5646 884 5698 iu
923 5643 1155 5696 humano
1180 5649 1375 5708 genere
1417 5632 1646 5687 maxime
1675 5646 1770 5699 per
1796 5629 1949 5682 luxu-

2059 3199 2206 3267 plere
2241 3209 2510 3250 curemus.
2552 3191 2687 3256 Quia
2727 3189 2871 3243 enim
2914 3188 3089 3241 adhuc
3132 3185 3290 3240 hodie
3335 3185 3458 3239 licet
3495 3185 3632 3239 bene

2059 3302 2219 3357 agere
2249 3284 2471 3347 scimus,
2507 3290 2685 3333 utrum
2730 3293 2852 3331 cras
2886 3276 3062 3338 liceat,
3101 3276 3427 3344 ignoramus.
3456 3272 3633 3327 Festi-

2058 3384 2246 3430 nantes
2267 3388 2394 3443 ergo
2418 3371 2615 3442 pascha
2646 3367 3008 3428 comedamus,
3042 3364 3097 3419 id
3123 3373 3207 3419 est
3234 3364 3629 3419 solemnitatem

2057 3465 2244 3534 patria:
2282 3460 2521 3517 cmlestis
2548 3456 2880 3511 anhelcmus.
2912 3453 3080 3507 Nemo
3122 3454 3174 3506 in
3206 3451 3364 3519 hujus
3391 3452 3512 3506 vita:
3538 3451 3623 3505 ιιι-

2059 3572 2186 3610 uere
2213 3561 2445 3623 torpeat,
2465 3566 2532 3605 ne
2555 3551 2605 3603 in
2630 3549 2805 3619 patria
2826 3547 3001 3602 locum
3024 3544 3234 3614 perdat.
3260 3543 3464 3597 Pascha
3482 3542 3628 3597 enim

2057 3655 2297 3701 nostrum
2325 3642 2573 3698 Christus
2609 3648 2712 3703 est,
2740 3637 2907 3691 Paulo
2934 3642 3220 3689 attestante
3247 3635 3337 3703 qui
3365 3633 3440 3686 ait
3483 3651 3495 3685 :
3527 3632 3628 3685 Et~

2055 3740 2192 3792 enim
2213 3736 2403 3805 pascha
2426 3743 2658 3786 nostrum
2672 3728 2969 3805 immolatus
2985 3736 3059 3779 est
3083 3723 3316 3778 Christus
3331 3721 3383 3792 (I
3404 3721 3525 3775 Cor.
3544 3721 3622 3791 v).

2055 3825 2225 3880 Porro
2255 3822 2396 3891 quod
2424 3819 2666 3888 sequitur
2685 3857 2700 3881 ,
2745 3816 2802 3868 in
2843 3798 2944 3867 diis
2992 3828 3171 3866 eorum
3199 3811 3317 3879 fecit
3337 3808 3621 3878 judicium,

2055 3915 2182 3970 illud
2204 3912 2412 3967 Hebraei
2444 3916 2723 3963 autumant
2751 3905 2892 3975 quod
2929 3911 3086 3959 noete
3117 3917 3221 3971 qua
3255 3914 3502 3969 egressus
3535 3905 3624 3953 est

2053 4004 2310 4077 populus,
2351 4001 2528 4055 omnia
2570 3999 2623 4053 in
2668 3997 2900 4066 {Egypto
2929 3993 3121 4060 templa
3149 3992 3418 4045 destructa
3461 3995 3621 4052 sunt,

2055 4076 2167 4150 sive
2212 4099 2361 4146 motu
2398 4097 2574 4152 terrai,
2611 4087 2724 4141 sive
2752 4093 2895 4138 tactu
2929 4080 3228 4135 fulminum.
3259 4076 3625 4145 Spiritualiter

2054 4193 2233 4238 autem
2261 4181 2489 4237 dicimus
2513 4177 2655 4248 quod
2691 4173 3087 4247 egredientibus
3117 4184 3184 4223 ex
3211 4166 3445 4237 Egypto
3472 4181 3624 4221 erro-

2054 4291 2173 4329 rum
2217 4272 2355 4328 idola
2392 4276 2664 4332 corruant,
2696 4273 2750 4319 et
2786 4264 2960 4319 omnis
3002 4272 3376 4331 perversorum
3402 4257 3624 4327 dogma-

2054 4373 2166 4418 tum
2198 4363 2404 4418 cultura
2429 4359 2719 4429 quatiatur.
2761 4353 2877 4407 Erit
2920 4360 3091 4404 autem
3132 4347 3345 4417 sanguis
3382 4345 3525 4399 vobis
3565 4346 3620 4399 in

2052 4456 2259 4525 signum
2295 4454 2349 4505 in
2389 4449 2585 4505 (edibus
2614 4447 2669 4500 in
2692 4443 2875 4515 quibus
2904 4440 3065 4494 eritis.
3109 4437 3177 4490 Et
3202 4436 3381 4491 videbo
3403 4435 3615 4504 sangui-

2054 4562 2168 4601 nem
2197 4562 2259 4598 ac
2288 4541 2519 4597 transibo
2562 4554 2672 4601 vos,
2701 4551 2792 4589 nec
2831 4532 2929 4587 erit
2970 4531 3027 4584 in
3071 4528 3212 4583 vobis
3240 4526 3395 4597 plaga
3424 4526 3617 4595 disper-

2052 4637 2221 4699 dens,
2268 4631 2478 4704 quando
2515 4641 2816 4701 percussero
2863 4634 3055 4677 terram
3104 4617 3342 4689 {Egypttl
3394 4614 3622 4684 Sanguis

2052 4726 2255 4782 Christi
2301 4725 2354 4776 in
2395 4722 2606 4791 signum
2633 4725 2716 4771 est
2744 4712 3086 4769 credentibus
3110 4723 3176 4762 ne
3207 4714 3396 4761 noceat
3419 4705 3498 4759 eis
3521 4719 3619 4758 ex—

2056 4815 2391 4877 terminator,
2432 4811 2557 4880 quia
2598 4806 2831 4861 maxima
2870 4801 3034 4855 tutela
3081 4806 3267 4853 contra
3314 4798 3496 4849 hostes
3539 4802 3623 4847 est

2055 4904 2378 4964 Christianis
2411 4897 2665 4955 memoria
2710 4890 2977 4962 passionis
3003 4887 3223 4942 Christi.
3261 4884 3412 4949 Quod
3440 4890 3618 4936 autem

2056 4996 2197 5053 idem
2242 4991 2489 5062 sanguis,
2521 4988 2690 5041 tincto
2720 4978 2974 5036 fasciculo
3010 4975 3263 5045 hyssopi,
3308 4971 3519 5041 aspergi
3564 4969 3617 5023 in

2053 5059 2478 5156 superliminare,
2493 5083 2548 5130 et
2573 5075 2625 5127 in
2653 5081 2942 5138 utrumque
2967 5073 3171 5136 postem
3196 5062 3431 5131 juhctur,
3457 5059 3621 5128 signi-

2055 5149 2211 5238 ﬁcat,
2256 5171 2398 5241 quod
2441 5163 2732 5221 secundum
2781 5158 2938 5213 ﬁdem
2985 5152 3302 5211 catholicam
3353 5149 3620 5217 passionis

2052 5264 2253 5321 Christi
2276 5239 2683 5315 sacramentum
2710 5249 2983 5306 celebrare
3023 5244 3297 5299 debemus.
3344 5239 3619 5308 llysSOpus

2048 5356 2191 5411 enim
2220 5352 2386 5408 herba
2415 5357 2497 5403 cst
2522 5342 2742 5399 humilis
2777 5336 3075 5392 radicibus.
3105 5331 3383 5384 adhaerens
3418 5336 3616 5396 petrae,

2048 5454 2103 5501 ct
2130 5439 2418 5514 purgandis
2444 5432 2786 5507 pulmonibus
2813 5434 2970 5497 apta:
3013 5423 3093 5478 sic
3131 5427 3186 5473 et
3233 5418 3363 5471 fides
3391 5414 3614 5475 Christi,

2049 5511 2209 5608 quam
2234 5534 2285 5587 in
2316 5527 2604 5597 Evangelio
2631 5521 2847 5594 (Matth.
2879 5517 2998 5585 tun)
3027 5516 3139 5585 ipse
3168 5511 3423 5567 Dominus
3449 5520 3613 5608 grqno

2051 5594 2245 5692 sinapis
2276 5624 2567 5688 comparat,
2593 5611 2777 5667 humili
2807 5608 3086 5664 devotione
3114 5611 3391 5670 suscepta,
3430 5606 3484 5651 et
3525 5594 3612 5648 ﬁr-
