4052 6184
500 291 566 350 εδ
1092 244 1096 249 η
1467 287 1962 343 (ΞΟΜΜΕΚΤᾹἎΙΑ
2000 287 2056 340 ΙΝ

2158 285 2411 343 RODUM.
2456 319 2519 327 ——
2558 288 2686 341 LIB.
2729 289 2767 341 l.
2814 284 2835 299 ’
3180 349 3184 353 ,
3675 295 3744 348 δι

490 404 652 455 miter
681 399 735 453 in
762 398 923 454 corde
955 405 1185 463 retenta,
1217 412 1402 451 omnes
1436 397 1718 451 interiores
1744 397 1908 450 animi
1936 396 2063 450 aﬁ‘e-
2093 398 2142 458 Α
2168 414 2281 451 mus
2310 414 2427 451 cum
2456 398 2547 451 illo
2593 417 2684 469 per
2719 401 3027 470 baptismum
3065 407 3120 458 in
3148 414 3344 470 ntorte;
3391 416 3444 460 ut
3483 411 3742 477 quomodo

489 501 608 545 etus
632 498 830 561 purgat
867 498 923 544 et
967 494 1256 553 enmndat,
1306 504 1371 544 ac
1417 499 1881 543 sacramentorum
1909 488 2071 543 coele-

490 586 655 639 stium
708 582 941 638 habilem
990 583 1261 637 hominem
1307 580 1520 635 ellieiet.
1580 580 1848 633 Ilabebitis
1897 590 2068 632 autem

490 678 629 728 hunc
652 674 789 727 diem
813 672 867 727 in
890 681 1299 737 monumentum,
1331 681 1377 725 et
1399 671 1722 725 celebrabitis
1746 688 1861 724 eunt
1888 671 2070 723 solem-

491 783 605 818 nem
633 763 887 825 Domino,
927 764 981 816 in
1023 763 1440 832 generationibus
1470 762 1651 815 vestris
1688 760 1831 814 cultu
1872 761 2065 830 sempi-

489 866 656 908 terno.
675 854 783 925 (Ex
804 853 1141 923 Augustino.)
1164 852 1316 920 Quod
1336 852 1592 920 scriptum
1626 859 1731 916 est,
1762 850 1828 903 Et
1857 850 2065 904 facietis

488 944 631 997 diem
656 945 800 997 hunc
826 926 883 997 in
909 942 1192 1013 progenies
1220 950 1432 995 vestras
1454 940 1748 1010 legitimum
1780 947 2060 1003 aeternum,

488 1032 916 1097 wlmternalem,
934 1031 1079 1100 quod
1096 1029 1283 1085 Graece
1304 1030 1502 1084 dicitur
1522 1032 1735 1093 αἰώνιον,
1756 1043 1863 1081 non
1880 1028 1957 1082 sic
1979 1043 2064 1082 ac-

488 1125 792 1194 cipiendum
817 1132 899 1178 est
924 1134 1177 1193 tanquam
1196 1123 1364 1193 possit
1380 1123 1602 1176 istorum
1619 1121 2059 1192 praetereuntium

486 1215 600 1269 dies
626 1229 745 1269 esse
771 1214 912 1269 ullus
947 1224 1200 1279 aeternus,
1231 1214 1323 1268 sed
1355 1213 1483 1267 illud
1515 1222 1776 1267 aeternum
1809 1221 1894 1266 est
1919 1212 2061 1280 quod

486 1308 589 1362 iste
615 1307 883 1379 signiﬁcat
909 1309 1046 1372 dies,
1078 1309 1226 1363 velut
1254 1325 1375 1363 cum
1404 1308 1631 1363 dicimus
1667 1308 1839 1374 ipsum
1892 1307 2059 1361 Deum

485 1406 767 1465 mternum,
800 1415 903 1454 non
929 1401 1112 1469 utique
1133 1400 1263 1455 istas
1298 1401 1429 1455 duas
1464 1400 1692 1471 syllabas
1722 1408 1952 1454 ceternas
1977 1399 2060 1452 di-

483 1491 677 1553 cimus,
712 1490 806 1545 sed
848 1491 990 1560 quod
1041 1490 1366 1561 signiﬁcant.
1418 1490 1735 1559 Quanquam
1778 1489 2062 1560 diligenter

484 1582 834 1636 scrutandum
866 1583 939 1636 sit
967 1583 1235 1651 quomodo
1264 1583 1536 1653 appellare
1571 1581 1846 1650 Scriptura
1894 1581 2064 1635 soleat

482 1681 768 1738 :eternum,
817 1688 885 1727 ne
915 1672 1053 1728 forte
1079 1674 1152 1726 ita
1185 1674 1384 1728 dixerit
1430 1673 1745 1728 solemniter
1775 1683 2062 1736 aeternum,

2171 492 2451 545 resurrexit
2474 490 2713 546 Christus
2743 511 2775 547 α
2807 494 3023 548 mortuis
3058 512 3150 564 per
3190 495 3411 565 gloriam
3440 496 3631 560 Patris,
3669 502 3743 552 ita

2168 593 2215 636 et
2242 599 2333 637 nos
2355 584 2409 637 in
2440 584 2661 638 novitate
2683 584 2798 638 vita:
2837 584 3159 637 ambulemus
3191 584 3366 655 (Rom.
3400 585 3496 657 vt).
3542 588 3682 658 Ergo
3713 605 3742 640 a

2168 690 2389 744 vespera
2413 684 2619 744 quat-tce
2663 676 2884 730 decima:
2907 676 3011 730 diei
3039 677 3198 744 primi
3231 678 3453 741 mensis,
3487 694 3585 748 per
3606 680 3743 734 inte~

2167 782 2316 838 grant
2363 766 2610 820 videlicet
2643 766 3019 835 septimanam,
3074 781 3262 837 azyma
3302 764 3319 834 j
3362 767 3553 821 bemur
3594 784 3740 823 com-

2164 858 2345 920 edere,
2362 856 2484 926 quia
2506 872 2537 910 a
2565 856 2906 926 perceptione
2929 857 3067 910 sacri
3097 856 3456 926 baptismatis,
3480 873 3649 927 usque
3674 859 3739 913 ad

2165 946 2325 1001 ﬁnem
2359 946 2483 1001 vitae
2505 944 2821 1015 simpliciter
2851 952 2905 998 et
2947 945 3064 998 sine
3091 945 3213 999 dolo
3242 946 3497 1014 debemus
3536 948 3736 1003 vivere.

2165 1037 2317 1093 Unde
2344 1047 2398 1093 et
2425 1037 2619 1091 Petrus
2651 1037 2764 1091 ait:
2792 1037 3112 1107 Deponentes
3156 1055 3359 1093 omnem
3396 1038 3650 1093 malitiam
3693 1051 3741 1095 et

2162 1144 2363 1181 omnem
2390 1127 2588 1189 dolum,
2621 1137 2667 1181 et
2691 1127 3048 1181 simulationes
3074 1137 3119 1181 et
3136 1128 3362 1181 invidias
3377 1139 3423 1182 et
3448 1146 3628 1183 omnes
3652 1132 3743 1186 dc-

2162 1221 2463 1282 tractiones,
2494 1220 2626 1273 sicut
2660 1218 2814 1272 modo
2840 1219 3000 1289 geniti
3044 1219 3295 1287 infantes,
3348 1219 3653 1273 rationabile
3693 1230 3739 1273 et

2160 1312 2270 1364 sine
2304 1309 2423 1363 dolo
2454 1310 2536 1363 lac
2557 1309 2919 1379 concupiscite,
2948 1319 3004 1361 ut
3033 1311 3086 1362 in
3127 1326 3186 1363 eo
3222 1296 3465 1362 crescalis
3506 1311 3559 1362 in
3593 1308 3741 1363 salu-

2160 1411 2282 1454 tem.
2315 1400 2599 1470 Sequitur:
2638 1399 2942 1469 Quicunque
2966 1399 3243 1453 comederit
3268 1398 3595 1468 fermentum,
3622 1416 3739 1468 per-

2162 1490 2253 1543 ibit
2282 1491 2457 1543 nnima
2486 1489 2598 1558 ejus
2627 1489 2690 1542 de
2716 1489 2853 1543 caelis
2878 1487 3067 1553 Israel,
3112 1500 3216 1541 tam
3248 1487 3310 1541 de
3348 1487 3556 1541 advenis
3583 1505 3740 1558 quam

2164 1580 2228 1633 de
2261 1579 2517 1649 indigenis
2540 1588 2712 1633 terrm.
2756 1578 2889 1645 Quia
2921 1579 3174 1633 nimirum
3217 1580 3394 1633 onmis
3435 1581 3525 1650 qui
3558 1581 3739 1635 dolose

2166 1671 2315 1734 vivit,
2341 1678 2395 1725 et
2423 1685 2647 1725 erronea
2673 1670 2916 1724 doctrina
2943 1669 3194 1737 pollutus,
3226 1682 3544 1740 praesentem
3572 1673 3736 1726 vitam

480 1780 643 1835 quem
671 1763 821 1819 nefas
848 1765 1087 1819 habeant
1128 1766 1548 1834 praetermittere
1606 1773 1698 1818 aut
1738 1780 1833 1819 sua
1874 1771 2062 1832 sponte
2092 1753 2137 1811 Β
2166 1776 2334 1831 usque
2358 1763 2425 1815 ad
2456 1761 2616 1816 ﬁnem
2645 1761 2979 1831 perduxerit,
3028 1770 3155 1817 tunc
3193 1771 3473 1833 separatus
3501 1764 3566 1818 de
3595 1774 3738 1819 coetu

482 1861 714 1907 mutare.
763 1852 921 1907 Aliud
951 1862 1035 1909 est
1062 1855 1206 1908 enim
1237 1855 1377 1924 quod
1416 1855 1746 1924 praecipitur,
1780 1868 2060 1924 quousque

481 1942 575 1996 ﬁat
615 1943 753 1997 sicut
796 1955 1124 2014 praeceptum
1150 1954 1254 2009 est,
1296 1953 1357 1999 ut
1384 1946 1582 2015 septies
1618 1962 1801 2000 muros
1845 1945 2061 1999 Jericbo

478 2035 880 2089 eireuiretarea
914 2052 928 2099 ;
963 2035 1108 2090 aliud
1134 2052 1258 2091 cum
1296 2037 1611 2106 praecipitur
1658 2036 1738 2090 sic
1781 2034 2059 2090 observari

480 2125 705 2196 aliquid,
728 2133 788 2180 ut
816 2126 994 2181 nullus
1035 2127 1296 2182 terminus
1344 2127 1677 2196 prmﬁniatur
1727 2127 2059 2182 observatio—

481 2216 586 2281 nis,
624 2217 738 2271 sive
755 2217 1018 2286 quotidic,
1067 2218 1180 2272 sive
1224 2232 1322 2286 per
1353 2231 1587 2281 menses,
1630 2217 1744 2271 sive
1767 2231 1866 2286 per
1887 2230 2057 2270 annos

481 2308 813 2371 solemniter,
860 2308 974 2363 sive
1010 2323 1109 2378 per
1150 2308 1463 2374 multorum,
1495 2308 1607 2363 sive
1632 2308 1934 2377 aliquorum
1962 2322 2060 2361 an-

479 2415 671 2454 norum
699 2407 846 2455 certa
872 2398 1169 2452 intervalla.
1205 2398 1312 2452 Ant
1333 2414 1463 2469 ergo
1490 2399 1570 2453 sic
1595 2397 1883 2468 appellavit
1903 2405 2059 2451 arter-

479 2506 633 2555 num,
668 2491 810 2560 quod
852 2507 958 2545 non
1000 2506 1097 2545 sua
1126 2499 1317 2560 sponte
1363 2490 1597 2545 audeant
1626 2491 1873 2546 desinere
1919 2491 2059 2546 cele-

480 2581 672 2645 brare;
701 2590 794 2635 aut
820 2581 958 2635 sicut
987 2580 1119 2643 dixi,
1151 2589 1209 2633 ut
1238 2595 1342 2634 non
1388 2581 1496 2650 ipsa
1528 2580 1679 2650 signa
1711 2594 1911 2645 rerum,
1964 2581 2059 2644 sed

481 2688 567 2728 res
594 2689 712 2743 qum
738 2675 822 2728 his
854 2674 1229 2744 signiﬁcantur
1274 2682 1491 2729 aeternae
1528 2673 1911 2744 intelligantur.
1961 2673 2056 2729 Se-

477 2771 613 2831 ptem
635 2763 815 2817 diebus
835 2781 1020 2834 azyma
1053 2764 1347 2817 comedetis.
1406 2763 1470 2817 In
1505 2764 1589 2817 die
1615 2764 1783 2834 primo
1811 2782 1912 2819 non
1958 2766 2056 2820 crit

478 2851 785 2920 fermentum
808 2853 863 2905 in
894 2852 1131 2906 dantibus
1168 2853 1369 2906 vestris.
1436 2851 1741 2922 Quicunque
1778 2853 2056 2907 comederit

475 2944 865 3013 fermentatum,
894 2944 1079 3014 peribit
1107 2945 1282 2997 anima
1311 2942 1454 2997 illius
1480 2943 1543 2996 de
1571 2942 1763 3007 Israel,
1812 2960 1844 2996 a
1885 2944 2053 3013 primo

474 3035 560 3087 die
599 3051 762 3105 usque
802 3034 870 3087 ad
919 3034 1057 3087 diem
1109 3035 1404 3104 septimum.
1474 3034 1613 3101 Quid
1657 3036 1912 3104 estquod
1946 3035 2050 3089 Pa-

474 3126 607 3179 scha
642 3124 1011 3180 celebraturos
1057 3132 1266 3193 septem
1315 3124 1503 3179 diebus
1546 3140 1734 3195 azyma
1770 3123 1928 3193 jubet
1956 3140 2049 3179 co-

474 3215 711 3279 medere,
736 3215 838 3269 nisi
866 3215 1007 3284 quod
1032 3230 1220 3270 omnes
1241 3215 1330 3284 qui
1358 3214 1625 3284 passionis
1660 3215 1860 3270 Christi
1892 3224 1947 3270 et
1971 3232 2057 3271 re-

473 3307 826 3363 surrectionis
847 3306 965 3376 ejus
999 3306 1253 3376 mysteria
1286 3305 1389 3360 ﬁde
1410 3320 1537 3359 vera
1571 3306 1867 3372 celebrant,
1899 3321 2057 3375 opor-

474 3405 552 3449 tet
578 3405 638 3449 ut
672 3396 787 3450 sine
808 3394 1073 3450 fermento
1112 3394 1331 3448 malitia:
1361 3402 1415 3447 et
1456 3395 1709 3463 nequitiae
1733 3403 2055 3464 prmsentem

476 3488 664 3551 vitam,
695 3501 814 3556 quae
835 3486 1141 3555 septenario
1165 3487 1373 3541 dierum
1404 3502 1628 3541 numero
1672 3486 1947 3551 discurrit,
1977 3496 2057 3540 to-

473 3588 584 3630 tam
631 3576 1116 3631 incontaminatam
1151 3575 1401 3630 ducant?
1461 3575 1614 3631 Unde
1670 3587 1725 3630 et
1763 3577 2049 3644 sequitur:

478 3666 617 3730 Dies,
648 3665 843 3735 inquit,
871 3666 1040 3735 prima
1063 3665 1161 3719 erit
1187 3676 1367 3719 sancta
1393 3674 1546 3735 atque
1567 3664 1808 3720 solemnis
1833 3680 1851 3717 :
1879 3676 1925 3719 et
1946 3665 2057 3720 dies

472 3754 695 3824 septima
720 3753 901 3807 eadem
926 3753 1205 3824 festiuitate
1228 3754 1555 3808 venerabilis.
1600 3753 1750 3808 Nihil
1780 3759 1949 3820 operis
1980 3757 2057 3825 fa-

473 3844 621 3897 cietis
659 3844 714 3896 in
734 3845 831 3909 eis,
853 3845 1074 3915 exceptis
1100 3844 1181 3898 his
1202 3861 1318 3916 qua:
1341 3845 1409 3897 ad
1432 3844 1734 3899 vescendum
1758 3847 2010 3915 pertinent
2035 3864 2054 3910 ;

474 3946 520 3990 et
541 3936 812 3990 servabitis
843 3953 1050 4007 azyma.
1108 3936 1259 3991 Diem
1299 3937 1532 4007 primam
1588 3935 1800 3990 initium
1827 3936 2057 3990 creduli-

476 4027 621 4089 tatis,
647 4034 704 4082 et
720 4028 859 4082 diem
891 4028 1173 4097 septimam
1200 4027 1360 4082 ﬁnem
1377 4028 1655 4097 praesentis
1673 4035 1846 4082 vocat.
1886 4026 2056 4083 Omne

474 4118 620 4172 enim
656 4125 865 4188 tempus
897 4120 1179 4189 praesentis
1202 4119 1324 4173 vitae
1349 4119 1601 4174 convenit
1634 4119 1776 4174 veris
1801 4118 2055 4174 lsraelitis

478 4207 729 4263 festivum
760 4210 976 4277 ducere,
997 4210 1099 4265 hoc
1119 4219 1202 4266 est
1247 4211 1301 4265 in
1330 4213 1599 4282 passionis
1625 4222 1679 4268 et
1709 4213 2056 4268 resurrectio-

476 4302 563 4357 nis
589 4287 789 4358 Cbristi
825 4305 1084 4375 mysterio
1131 4305 1428 4372 honorare;
1474 4305 1713 4374 nihilque
1769 4305 1949 4373 operis
1996 4306 2052 4359 in

476 4390 583 4446 illis
621 4389 823 4457 facere,
854 4394 1093 4462 exceptis
1120 4394 1204 4447 his
1250 4410 1370 4464 qua:
1420 4393 1489 4447 ad
1516 4394 1839 4448 vescendum
1881 4394 2051 4462 perti-

476 4491 608 4537 nent
636 4500 649 4536 :
676 4483 803 4553 quia
832 4499 938 4537 non
966 4482 1091 4537 licet
1126 4483 1206 4538 eis
1237 4484 1291 4537 in
1322 4482 1505 4537 mundi
1533 4482 1971 4552 concupiscentia
1997 4491 2052 4537 et

472 4579 818 4640 peccatorum
836 4586 996 4641 opere
1008 4572 1275 4638 laborare,
1293 4572 1386 4627 sed
1408 4571 1462 4625 in
1486 4571 1831 4626 meditatione
1845 4580 2054 4626 saneta-

474 4677 594 4715 rum
620 4660 1023 4732 Seripturarum
1053 4673 1215 4732 atque
1237 4662 1291 4717 in
1319 4663 1477 4717 bonis
1502 4662 1755 4731 operibus
1777 4677 1881 4731 qua
1903 4671 2053 4719 mter-

474 4767 599 4805 nam
619 4751 672 4806 in
688 4751 841 4806 cmlis
854 4751 1202 4809 refectionem
1228 4754 1428 4807 sanctis
1453 4763 1779 4823 prmparant,
1795 4756 2051 4810 continuo

474 4843 761 4899 desudare.
800 4844 950 4899 Unde
999 4845 1277 4913 sequitur:
1309 4843 1493 4897 Primo
1520 4861 1711 4910 mense,
1739 4857 1925 4915 quarta
1960 4847 2051 4900 de-

474 4935 612 4987 cima
647 4934 733 4989 die
769 4936 955 4989 mensis
994 4934 1062 4988 ad
1091 4950 1373 5004 vesperam,
1418 4933 1694 4987 comedetis
1716 4951 1925 5003 azyma,
1956 4953 2047 4989 us-

474 5040 574 5095 que
600 5025 668 5080 ad
694 5025 834 5079 diem
882 5025 1181 5096 vigesimum
1226 5025 1451 5094 primum
1492 5024 1727 5094 ejusdem
1762 5026 1951 5078 mensis
1981 5025 2048 5077 ad

476 5131 758 5185 vesperam.
809 5114 946 5183 Quid
975 5114 1244 5186 signiﬁcat
1262 5128 1484 5183 vespera
1512 5121 1702 5183 quarta
1725 5113 1930 5167 decima
1946 5113 2050 5167 diei

473 5203 641 5275 primi
670 5205 893 5271 mensis,
915 5204 971 5258 in
1000 5219 1106 5274 quo
1134 5203 1343 5258 Pascha
1368 5202 1698 5258 celebratum
1732 5209 1835 5268 est,
1858 5211 1913 5257 et
1928 5202 2049 5272 agni

476 5295 773 5352 immolatio
797 5294 1053 5367 perfecta,
1094 5296 1197 5351 nisi
1241 5295 1630 5366 depositionem
1654 5294 1852 5349 veteris
1879 5293 2053 5349 homi-

474 5390 583 5455 nis,
610 5396 667 5444 et
685 5389 896 5443 initium
919 5388 1344 5444 conversationis
1371 5401 1521 5442 novat
1542 5385 1684 5456 quod
1701 5387 1757 5440 in
1784 5386 2055 5456 baptismo

474 5478 680 5535 Christi
693 5486 867 5535 morte
882 5478 1144 5548 ligurante
1156 5479 1440 5534 inchoatur
1455 5477 1483 5531 .’
1502 5476 1654 5532 Unde
1666 5475 2018 5548 ctApostolus
2033 5490 2045 5526 :

478 5571 787 5642 Quicunque
806 5609 822 5635 ,
858 5570 1059 5640 inquit,
1089 5570 1336 5639 baptizafi
1370 5585 1548 5623 sumus
1590 5569 1647 5623 in
1672 5567 1877 5623 Christo
1898 5567 2048 5632 Iesu,

472 5668 530 5718 in
554 5672 717 5715 morte
742 5661 903 5733 ipsius
926 5660 1173 5728 baptizati
1210 5673 1408 5713 sumus.
1472 5657 1771 5728 Consepulti
1801 5658 1933 5713 enim
1962 5675 2051 5713 su-

1458 5876 1553 5979 ﬂ

2161 1860 2489 1917 sanctorum,
2518 1854 2791 1941 perpetuis
2811 1853 3140 1907 cruciatibus
3152 1854 3268 1909 sine
3296 1854 3400 1908 ﬁne
3414 1855 3737 1925 puniendus,

2160 1942 2212 1995 in
2236 1951 2494 1996 aeternum
2523 1943 2739 2011 peribit.
2780 1941 3197 2014 Incurvatusque
3226 1946 3447 2015 populus
3478 1944 3735 1999 adoravit.

2161 2029 2230 2083 Et
2268 2031 2458 2101 egressi
2493 2031 2592 2099 lilii
2619 2029 2789 2085 Israel
2842 2030 3071 2101 fecerunt
3096 2045 3229 2086 sicut
3274 2044 3587 2104 prazceperat
3637 2034 3739 2086 Do-

2158 2122 2329 2174 minus
2349 2120 2521 2192 Moysi
2540 2131 2589 2174 et
2613 2123 2811 2174 Aaron.
2865 2120 2950 2175 Fit
2976 2121 3177 2176 Pascha
3202 2123 3253 2176 in
3269 2123 3542 2177 occisione
3565 2124 3686 2194 agni
3721 2140 3736 2188 ;

2159 2212 2424 2267 occiditur
2445 2212 2711 2278 Christus,
2730 2213 2794 2267 de
2823 2228 2929 2282 quo
2951 2214 3003 2266 in
3019 2213 3307 2282 Evangelia
3328 2213 3527 2267 dicitur
3561 2232 3572 2267 :
3603 2214 3736 2267 Ecce

2157 2300 2337 2372 Agnus
2368 2301 2485 2365 Dei,
2536 2317 2650 2355 ecce
2676 2302 2765 2371 qui
2793 2300 2928 2356 tollit
2973 2311 3184 2371 peccata
3226 2302 3407 2355 mundi
3443 2301 3623 2372 (Ioan.
3650 2300 3735 2371 ιι).

2158 2391 2394 2463 Vespere
2422 2391 2732 2447 immolatur
2748 2408 2952 2463 agnus;
2982 2393 3035 2446 in
3065 2407 3290 2461 vespera
3319 2391 3525 2456 mundi,
3543 2407 3736 2463 passus

2159 2490 2239 2538 est
2277 2482 2547 2537 Christus.
2606 2482 2965 2537 Prohibentur
3010 2482 3102 2551 qui
3136 2481 3341 2537 Pascha
3386 2481 3588 2536 faciunt
3613 2498 3734 2537 ossa

2158 2578 2435 2649 frangere;
2475 2593 2580 2631 non
2608 2575 2930 2646 franguntur
2957 2576 3008 2629 in
3043 2590 3205 2630 cruce
3236 2590 3357 2629 ossa
3387 2574 3619 2639 Domini,
3649 2582 3732 2628 at-

2159 2678 2390 2725 testante
2416 2669 2768 2739 evangelista,
2797 2669 2887 2738 qui
2912 2668 3042 2723 dicit
3071 2684 3083 2719 :
3114 2665 3187 2721 Os
3235 2666 3349 2734 ejus
3392 2683 3496 2720 non
3530 2667 3741 2719 commi-

2157 2764 2348 2817 nuetis.
2413 2760 2685 2831 Sanguine
2710 2760 2833 2827 agni
2891 2759 3193 2814 illiniuntur
3242 2758 3606 2813 lsraelitarum
3644 2772 3737 2826 po-

2156 2859 2287 2916 stes,
2308 2867 2373 2905 ne
2386 2859 2628 2905 vastator
2647 2851 2869 2922 angelus
2884 2851 3081 2905 audeat
3103 2844 3300 2903 inferre
3322 2848 3613 2918 perniciem
3632 2866 3646 2914 ;
3665 2849 3737 2901 si-

2155 2948 2386 3010 gnantur
2411 2940 2562 3009 signo
2580 2941 2870 2994 Dominieaa
2882 2940 3148 3009 passionis
3167 2940 3221 2993 in
3246 2938 3516 2993 frontibus
3545 2938 3730 2994 ﬁdeles

2154 3030 2336 3100 populi
2373 3030 2443 3084 ad
2470 3029 2687 3084 tutelam
2727 3029 2937 3093 salutis,
2963 3030 3096 3083 utbi
3127 3028 3222 3084 soli
3247 3030 3314 3083 ab
3338 3028 3557 3083 interitu
3602 3028 3734 3084 libe-

2160 3127 2367 3181 rentur,
2384 3119 2474 3189 qui
2502 3134 2697 3173 cruore
2710 3118 3002 3173 Dominicm
3026 3118 3291 3188 passionis
3312 3118 3473 3173 corde
3495 3125 3548 3172 et
3560 3117 3735 3173 fronte

2159 3209 2353 3279 signati
2387 3217 2542 3273 sunt;
2575 3209 2667 3278 qui
2697 3209 2858 3264 etiam
2882 3223 3046 3278 opere
3088 3209 3377 3278 loquuntur
3409 3226 3421 3261 :
3457 3207 3733 3280 Signatum

2156 3310 2229 3354 est
2247 3317 2403 3371 super
2424 3317 2515 3355 nos
2536 3300 2709 3355 lumen
2724 3299 3003 3364 vultustui,
3023 3300 3239 3354 Domine
3254 3297 3424 3372 (Psal.
3450 3298 3547 3370 tv).
3584 3297 3737 3354 Undc

2158 3392 2455 3461 appellatur
2485 3392 2584 3445 ista
2613 3390 2928 3446 solemnitas
2964 3391 3150 3461 phase,
3199 3391 3339 3459 quod
3393 3406 3493 3445 nos
3529 3390 3729 3444 transi-

2159 3493 2271 3538 tum
2307 3499 2590 3554 possumus
2614 3498 2827 3548 vocare,
2857 3499 2922 3539 eo
2950 3485 3092 3555 quod
3126 3485 3191 3539 de
3227 3484 3501 3554 pejoribus
3528 3485 3597 3538 ad
3621 3500 3731 3538 me-

2157 3574 2290 3630 liora
2361 3582 2644 3645 pergentes
2677 3615 2690 3638 ,
2748 3575 3082 3630 tenebrosam
3142 3573 3431 3646 Egyptum
3496 3576 3729 3632 derelin-

2157 3680 2403 3735 quamus.

2730 3754 2954 3809 CAPUT
2983 3754 3168 3809 XXIV.

2158 3845 2233 3899 De
2249 3846 2473 3900 transitu
2505 3844 2715 3898 Domini
2733 3845 2786 3897 in
2811 3845 2972 3926 noctis
2994 3845 3160 3926 medi?
3173 3860 3262 3915 per
3282 3842 3729 3913 terramxlfgypti,

2530 3925 2577 3968 et
2599 3916 2930 3983 percussione
2953 3915 3350 3985 primitivorum.

2233 4027 2455 4082 Factum
2491 4038 2565 4082 est
2602 4036 2775 4082 autem
2817 4030 2872 4082 in
2904 4028 3066 4081 noctis
3091 4026 3280 4089 medio,
3328 4028 3579 4096 percussit
3624 4026 3737 4079 Do-

2156 4123 2329 4174 minus
2353 4137 2503 4174 omne
2545 4121 2943 4189 primogenitum
2966 4120 3027 4198 in
3044 4129 3182 4173 terra
3212 4118 3447 4189 .nggpti,
3478 4136 3509 4170 a
3535 4118 3731 4187 primo-

2156 4212 2328 4280 genita
2360 4207 2657 4262 Pharaonis
2681 4210 2770 4277 qui
2810 4210 3017 4263 sedebat
3042 4210 3096 4262 in
3121 4209 3253 4262 solio
3279 4210 3413 4278 ejus,
3452 4224 3611 4278 usque
3655 4206 3726 4262 ad

2154 4299 2552 4368 primogenitum
2578 4299 2813 4367 captivm,
2851 4314 2966 4367 qua:
2996 4307 3105 4351 erat
3140 4298 3195 4350 in
3240 4312 3462 4357 carcere,
3503 4307 3549 4350 et
3579 4313 3730 4352 omne

2153 4389 2548 4459 primogenitum
2569 4388 2948 4457 jumentorum.
2995 4386 3332 4459 Surrexitque
3354 4385 3566 4441 Pharao
3583 4399 3730 4442 nocte

2153 4488 2201 4533 et
2231 4495 2407 4533 omnes
2432 4479 2566 4533 serui
2585 4478 2722 4549 ejus,
2751 4488 3037 4549 cunctaque
3070 4477 3331 4549 ngg/ptus
3356 4493 3374 4529 .·
3409 4488 3457 4533 et
3485 4489 3630 4533 ortus
3653 4488 3728 4533 est

2150 4569 2350 4626 clamor
2372 4587 2589 4641 magnus
2613 4571 2668 4623 in
2689 4569 2939 4639 /Eggpto,
2963 4586 3124 4641 neque
3146 4570 3280 4623 enim
3310 4579 3418 4624 erat
3450 4568 3636 4624 domus
3671 4571 3726 4623 in

2151 4678 2256 4733 qua
2290 4678 2393 4714 non
2408 4661 2603 4730 jaceret
2642 4669 2876 4712 mortuus
2900 4658 3094 4730 (Exod.
3120 4658 3242 4729 xu).
3279 4658 3475 4713 Factus
3515 4666 3618 4723 est,
3651 4659 3728 4711 in-

2151 4751 2288 4821 quit,
2316 4751 2521 4805 clamor
2542 4764 2767 4819 magnus
2795 4749 2848 4803 in
2879 4756 3025 4803 terra
3050 4748 3289 4819 Egypti,
3314 4764 3418 4803 non
3444 4748 3590 4802 enim
3614 4747 3728 4801 fue—

2150 4852 2236 4897 rat
2264 4841 2456 4896 domus
2488 4841 2542 4893 in
2567 4856 2671 4908 qua
2724 4855 2827 4893 non
2853 4838 3061 4907 jaceret
3095 4847 3356 4893 mortuus.
3404 4837 3591 4893 Nonne
3632 4852 3727 4908 po—

2157 4936 2258 4987 tuit
2281 4948 2397 4987 esse
2418 4932 2596 5001 aliqua
2627 4932 2814 4984 domus
2835 4944 2957 4999 qum
2986 4928 3397 4998 primogenitum
3418 4943 3524 4983 non
3564 4927 3729 4981 habe-

2157 5024 2278 5076 ret?
2313 5021 2419 5092 (Ea:
2442 5017 2774 5089 Augustino.)
2802 5018 2936 5072 Cum
2963 5032 3091 5087 ergo
3121 5015 3461 5088 primogeniti
3486 5023 3725 5069 tantum-

2157 5114 2316 5169 modo
2338 5119 2694 5175 morerentur,
2716 5111 2985 5179 quomodo
3015 5108 3158 5162 nulla
3184 5116 3302 5163 crat
3337 5123 3457 5178 quas
3482 5121 3587 5160 non
3630 5106 3726 5159 ha-

2155 5206 2313 5261 beret
2361 5201 2665 5257 mortuum?
2714 5200 2796 5254 An
2844 5208 2901 5254 et
2949 5201 3051 5257 hoc
3094 5198 3353 5253 divinitus
3387 5194 3723 5268 pnescientia

2156 5294 2251 5350 Dei
2276 5293 2452 5348 fuerat
2478 5299 2843 5362 procuratum,
2860 5299 2919 5344 ut
2946 5292 2998 5344 in
3028 5288 3277 5345 omnibus
3301 5287 3519 5341 omnino
3545 5291 3727 5339 essent

2156 5386 2402 5443 domibus
2430 5381 2790 5452 primogeniti,
2816 5380 2872 5434 in
2893 5380 3086 5450 quibus
3116 5382 3528 5449 percuterentur
3551 5371 3723 5444 Egy-

2155 5473 2297 5545 ptii?
2329 5472 2412 5528 Ab
2455 5472 2556 5526 hac
2585 5485 2713 5526 sane
2740 5470 2895 5539 plaga
2928 5484 3032 5523 non
3061 5464 3283 5537 putandi
3307 5468 3435 5517 sunt
3460 5460 3725 5516 immunes

2158 5564 2323 5619 fuisse
2349 5560 2585 5633 JEgyptii
2617 5560 2705 5629 qui
2759 5559 3078 5614 habitabant
3106 5556 3158 5608 in
3185 5563 3328 5609 terra
3350 5548 3577 5615 Gessen,
3628 5552 3725 5606 bo-

2157 5656 2359 5710 minum
2379 5653 2576 5723 quippe
2596 5660 2711 5707 erat
2738 5651 2819 5705 vel
2847 5648 3175 5709 animalium,
3205 5661 3309 5701 non
3337 5656 3514 5703 terrae,
3542 5637 3595 5694 id
3621 5644 3711 5692 est
