  <div class='ocr_page' id='page_1' title='image "/cluster/home/n/w/nwhite01/storage/ocr_20150623/108/hvd.32044054759733/033.png"; bbox 0 0 3992 6182; ppageno 0'>
   <div class='ocr_carea' id='block_1_1' title="bbox 375 0 543 17">
    <p class='ocr_par' dir='ltr' id='par_1_1' title="bbox 375 0 543 17">
     <span class='ocr_line' id='line_1_1' title="bbox 375 0 543 17; baseline 0 0"><span class='ocrx_word' id='word_1_1' title='bbox 375 0 457 17; x_wconf 50' lang='lat' dir='ltr'><strong>vi</strong></span> <span class='ocrx_word' id='word_1_2' title='bbox 488 0 543 17; x_wconf 55' lang='grc' dir='ltr'><strong>λζ</strong></span> 
     </span>
    </p>
   </div>
   <div class='ocr_carea' id='block_1_2' title="bbox 388 12 553 65">
    <p class='ocr_par' dir='ltr' id='par_1_2' title="bbox 388 12 553 65">
     <span class='ocr_line' id='line_1_2' title="bbox 388 12 553 65; baseline 0 -52"><span class='ocrx_word' id='word_1_3' title='bbox 388 12 553 65; x_wconf 42' lang='grc' dir='ltr'><em>ἵ</em></span> 
     </span>
    </p>
   </div>
   <div class='ocr_carea' id='block_1_3' title="bbox 322 237 3577 312">
    <p class='ocr_par' dir='ltr' id='par_1_3' title="bbox 322 237 3577 312">
     <span class='ocr_line' id='line_1_3' title="bbox 322 237 3577 312; baseline 0.005 -20"><span class='ocrx_word' id='word_1_4' title='bbox 322 237 389 293; x_wconf 70' lang='lat'><strong>83</strong></span> <span class='ocrx_word' id='word_1_5' title='bbox 956 238 1017 295; x_wconf 85' lang='grc' dir='ltr'><strong>Β.</strong></span> <span class='ocrx_word' id='word_1_6' title='bbox 1058 241 1313 297; x_wconf 71' lang='grc' dir='ltr'><strong>ΒᾹΒΑΜ</strong></span> <span class='ocrx_word' id='word_1_7' title='bbox 1352 240 1570 299; x_wconf 77' lang='lat' dir='ltr'><strong>MAUBI</strong></span> <span class='ocrx_word' id='word_1_8' title='bbox 1609 242 1927 299; x_wconf 75' lang='lat' dir='ltr'><strong>ARCIIIEI’.</strong></span> <span class='ocrx_word' id='word_1_9' title='bbox 1970 247 2278 304; x_wconf 74' lang='lat' dir='ltr'><strong>MOGUNT.</strong></span> <span class='ocrx_word' id='word_1_10' title='bbox 2322 248 2606 304; x_wconf 77' lang='lat' dir='ltr'><strong>OPERUM</strong></span> <span class='ocrx_word' id='word_1_11' title='bbox 2646 248 2826 304; x_wconf 79' lang='lat' dir='ltr'><strong>PARS</strong></span> <span class='ocrx_word' id='word_1_12' title='bbox 2861 248 2900 303; x_wconf 95' lang='lat' dir='ltr'><strong>I.</strong></span> <span class='ocrx_word' id='word_1_13' title='bbox 3506 252 3577 312; x_wconf 76' lang='lat'><strong>56</strong></span> 
     </span>
    </p>
   </div>
   <div class='ocr_carea' id='block_1_4' title="bbox 323 353 3573 435">
    <p class='ocr_par' dir='ltr' id='par_1_4' title="bbox 323 353 3573 435">
     <span class='ocr_line' id='line_1_4' title="bbox 323 353 3573 435; baseline 0.002 -22"><span class='ocrx_word' id='word_1_14' title='bbox 323 360 566 415; x_wconf 81' lang='lat' dir='ltr'><strong>homines</strong></span> <span class='ocrx_word' id='word_1_15' title='bbox 616 368 672 415; x_wconf 89' lang='lat' dir='ltr'><strong>et</strong></span> <span class='ocrx_word' id='word_1_16' title='bbox 714 353 966 414; x_wconf 83' lang='lat' dir='ltr'><strong>animalia</strong></span> <span class='ocrx_word' id='word_1_17' title='bbox 1002 362 1357 432; x_wconf 79' lang='lat' dir='ltr'><strong>primogenita</strong></span> <span class='ocrx_word' id='word_1_18' title='bbox 1404 361 1771 415; x_wconf 76' lang='lat' dir='ltr'><strong>moriebantur</strong></span> <span class='ocrx_word' id='word_1_19' title='bbox 1805 377 1894 415; x_wconf 90' lang='lat' dir='ltr'><strong>oc-</strong></span> <span class='ocrx_word' id='word_1_20' title='bbox 1922 368 1970 424; x_wconf 76' lang='grc' dir='ltr'>Α</span> <span class='ocrx_word' id='word_1_21' title='bbox 1998 364 2281 418; x_wconf 89' lang='lat' dir='ltr'><strong>suetudine</strong></span> <span class='ocrx_word' id='word_1_22' title='bbox 2312 365 2549 435; x_wconf 84' lang='lat' dir='ltr'><strong>gentium</strong></span> <span class='ocrx_word' id='word_1_23' title='bbox 2582 405 2596 427; x_wconf 93' lang='lat'><strong>,</strong></span> <span class='ocrx_word' id='word_1_24' title='bbox 2653 381 2758 419; x_wconf 89' lang='lat' dir='ltr'><strong>non</strong></span> <span class='ocrx_word' id='word_1_25' title='bbox 2808 364 2983 417; x_wconf 90' lang='lat' dir='ltr'><strong>inutili</strong></span> <span class='ocrx_word' id='word_1_26' title='bbox 3046 365 3222 419; x_wconf 82' lang='lat' dir='ltr'><strong>studio</strong></span> <span class='ocrx_word' id='word_1_27' title='bbox 3273 368 3573 421; x_wconf 84' lang='lat' dir='ltr'><strong>discuntur.</strong></span> 
     </span>
    </p>
   </div>
   <div class='ocr_carea' id='block_1_5' title="bbox 320 449 1895 522">
    <p class='ocr_par' dir='ltr' id='par_1_5' title="bbox 320 449 1895 522">
     <span class='ocr_line' id='line_1_5' title="bbox 320 449 1895 522; baseline 0 -19"><span class='ocrx_word' id='word_1_28' title='bbox 320 449 463 504; x_wconf 87' lang='lat' dir='ltr'><strong>culto</strong></span> <span class='ocrx_word' id='word_1_29' title='bbox 489 460 544 505; x_wconf 90' lang='lat' dir='ltr'><strong>et</strong></span> <span class='ocrx_word' id='word_1_30' title='bbox 565 450 807 522; x_wconf 80' lang='lat' dir='ltr'><strong>angelico</strong></span> <span class='ocrx_word' id='word_1_31' title='bbox 842 465 1139 520; x_wconf 86' lang='lat' dir='ltr'><strong>percussu:</strong></span> <span class='ocrx_word' id='word_1_32' title='bbox 1176 467 1280 504; x_wconf 87' lang='lat' dir='ltr'><strong>non</strong></span> <span class='ocrx_word' id='word_1_33' title='bbox 1311 450 1507 520; x_wconf 84' lang='lat' dir='ltr'><strong>aliquid</strong></span> <span class='ocrx_word' id='word_1_34' title='bbox 1561 450 1612 504; x_wconf 91' lang='lat' dir='ltr'><strong>in</strong></span> <span class='ocrx_word' id='word_1_35' title='bbox 1644 450 1780 503; x_wconf 86' lang='lat' dir='ltr'><strong>coelo</strong></span> <span class='ocrx_word' id='word_1_36' title='bbox 1810 451 1895 505; x_wconf 88' lang='lat' dir='ltr'><strong>vel</strong></span> 
     </span>
    </p>
   </div>
   <div class='ocr_carea' id='block_1_6' title="bbox 320 535 1899 605">
    <p class='ocr_par' dir='ltr' id='par_1_6' title="bbox 320 535 1899 605">
     <span class='ocr_line' id='line_1_6' title="bbox 320 535 1899 605; baseline 0.001 -14"><span class='ocrx_word' id='word_1_37' title='bbox 320 537 375 593; x_wconf 89' lang='lat' dir='ltr'><strong>in</strong></span> <span class='ocrx_word' id='word_1_38' title='bbox 405 548 548 593; x_wconf 85' lang='lat' dir='ltr'><strong>terra</strong></span> <span class='ocrx_word' id='word_1_39' title='bbox 578 535 776 592; x_wconf 89' lang='lat' dir='ltr'><strong>factum</strong></span> <span class='ocrx_word' id='word_1_40' title='bbox 804 548 943 605; x_wconf 88' lang='lat' dir='ltr'><strong>erat,</strong></span> <span class='ocrx_word' id='word_1_41' title='bbox 972 539 1114 594; x_wconf 87' lang='lat' dir='ltr'><strong>sicut</strong></span> <span class='ocrx_word' id='word_1_42' title='bbox 1158 555 1307 603; x_wconf 87' lang='lat' dir='ltr'><strong>rana,</strong></span> <span class='ocrx_word' id='word_1_43' title='bbox 1340 539 1420 593; x_wconf 87' lang='lat' dir='ltr'><strong>vel</strong></span> <span class='ocrx_word' id='word_1_44' title='bbox 1449 539 1671 602; x_wconf 87' lang='lat' dir='ltr'><strong>locusta,</strong></span> <span class='ocrx_word' id='word_1_45' title='bbox 1706 538 1786 591; x_wconf 91' lang='lat' dir='ltr'><strong>vel</strong></span> <span class='ocrx_word' id='word_1_46' title='bbox 1820 549 1899 593; x_wconf 90' lang='lat' dir='ltr'><strong>te-</strong></span> 
     </span>
    </p>
   </div>
   <div class='ocr_carea' id='block_1_7' title="bbox 322 628 1895 699">
    <p class='ocr_par' dir='ltr' id='par_1_7' title="bbox 322 628 1895 699">
     <span class='ocr_line' id='line_1_7' title="bbox 322 628 1895 699; baseline 0.002 -17"><span class='ocrx_word' id='word_1_47' title='bbox 322 628 520 693; x_wconf 66' lang='lat' dir='ltr'><strong>nebrae,</strong></span> <span class='ocrx_word' id='word_1_48' title='bbox 547 628 689 682; x_wconf 89' lang='lat' dir='ltr'><strong>unde</strong></span> <span class='ocrx_word' id='word_1_49' title='bbox 724 630 815 699; x_wconf 91' lang='lat' dir='ltr'><strong>qui</strong></span> <span class='ocrx_word' id='word_1_50' title='bbox 872 631 1188 685; x_wconf 90' lang='lat' dir='ltr'><strong>habitabant</strong></span> <span class='ocrx_word' id='word_1_51' title='bbox 1211 629 1607 699; x_wconf 82' lang='lat' dir='ltr'><strong>allligerentur;</strong></span> <span class='ocrx_word' id='word_1_52' title='bbox 1637 645 1667 683; x_wconf 89' lang='lat' dir='ltr'><strong>a</strong></span> <span class='ocrx_word' id='word_1_53' title='bbox 1704 630 1895 685; x_wconf 80' lang='lat' dir='ltr'><strong>talibus</strong></span> 
     </span>
    </p>
   </div>
   <div class='ocr_carea' id='block_1_8' title="bbox 321 719 1896 789">
    <p class='ocr_par' dir='ltr' id='par_1_8' title="bbox 321 719 1896 789">
     <span class='ocr_line' id='line_1_8' title="bbox 321 719 1896 789; baseline -0.001 -15"><span class='ocrx_word' id='word_1_54' title='bbox 321 719 465 774; x_wconf 91' lang='lat' dir='ltr'><strong>enim</strong></span> <span class='ocrx_word' id='word_1_55' title='bbox 491 719 660 789; x_wconf 80' lang='lat' dir='ltr'><strong>plagis</strong></span> <span class='ocrx_word' id='word_1_56' title='bbox 689 735 811 775; x_wconf 91' lang='lat' dir='ltr'><strong>cum</strong></span> <span class='ocrx_word' id='word_1_57' title='bbox 844 727 983 774; x_wconf 89' lang='lat' dir='ltr'><strong>terra</strong></span> <span class='ocrx_word' id='word_1_58' title='bbox 1016 719 1219 775; x_wconf 84' lang='lat' dir='ltr'><strong>Cessen</strong></span> <span class='ocrx_word' id='word_1_59' title='bbox 1264 720 1452 774; x_wconf 81' lang='lat' dir='ltr'><strong>fuisset</strong></span> <span class='ocrx_word' id='word_1_60' title='bbox 1483 720 1678 786; x_wconf 90' lang='lat' dir='ltr'><strong>aliena,</strong></span> <span class='ocrx_word' id='word_1_61' title='bbox 1710 720 1896 789; x_wconf 88' lang='lat' dir='ltr'><strong>procul</strong></span> 
     </span>
    </p>
   </div>
   <div class='ocr_carea' id='block_1_9' title="bbox 322 797 1897 882">
    <p class='ocr_par' dir='ltr' id='par_1_9' title="bbox 322 797 1897 882">
     <span class='ocr_line' id='line_1_9' title="bbox 322 797 1897 882; baseline -0.002 -15"><span class='ocrx_word' id='word_1_62' title='bbox 322 797 483 867; x_wconf 80' lang='lat' dir='ltr'><strong>dubio</strong></span> <span class='ocrx_word' id='word_1_63' title='bbox 509 813 854 882; x_wconf 89' lang='lat' dir='ltr'><strong>perveniebat</strong></span> <span class='ocrx_word' id='word_1_64' title='bbox 903 812 1222 867; x_wconf 79' lang='lat' dir='ltr'><strong>beneficium</strong></span> <span class='ocrx_word' id='word_1_65' title='bbox 1262 811 1329 865; x_wconf 90' lang='lat' dir='ltr'><strong>ad</strong></span> <span class='ocrx_word' id='word_1_66' title='bbox 1372 826 1465 867; x_wconf 88' lang='lat' dir='ltr'><strong>eos</strong></span> <span class='ocrx_word' id='word_1_67' title='bbox 1492 809 1775 881; x_wconf 63' lang='lat' dir='ltr'><strong>Egyptios</strong></span> <span class='ocrx_word' id='word_1_68' title='bbox 1804 810 1897 879; x_wconf 88' lang='lat' dir='ltr'><strong>qui</strong></span> 
     </span>
    </p>
   </div>
   <div class='ocr_carea' id='block_1_10' title="bbox 323 901 1897 958">
    <p class='ocr_par' dir='ltr' id='par_1_10' title="bbox 323 901 1897 958">
     <span class='ocr_line' id='line_1_10' title="bbox 323 901 1897 958; baseline 0.001 -2"><span class='ocrx_word' id='word_1_69' title='bbox 323 903 374 956; x_wconf 90' lang='lat' dir='ltr'><strong>in</strong></span> <span class='ocrx_word' id='word_1_70' title='bbox 405 903 592 957; x_wconf 87' lang='lat' dir='ltr'><strong>eadem</strong></span> <span class='ocrx_word' id='word_1_71' title='bbox 624 910 768 958; x_wconf 91' lang='lat' dir='ltr'><strong>terra</strong></span> <span class='ocrx_word' id='word_1_72' title='bbox 807 918 928 958; x_wconf 92' lang='lat' dir='ltr'><strong>cum</strong></span> <span class='ocrx_word' id='word_1_73' title='bbox 956 901 1195 958; x_wconf 69' lang='lat' dir='ltr'><strong>Hebrreis</strong></span> <span class='ocrx_word' id='word_1_74' title='bbox 1216 904 1562 958; x_wconf 81' lang='lat' dir='ltr'><strong>morabantur</strong></span> <span class='ocrx_word' id='word_1_75' title='bbox 1590 919 1603 958; x_wconf 89' lang='lat'>:</span> <span class='ocrx_word' id='word_1_76' title='bbox 1636 903 1739 956; x_wconf 91' lang='lat' dir='ltr'><strong>hac</strong></span> <span class='ocrx_word' id='word_1_77' title='bbox 1767 916 1897 957; x_wconf 87' lang='lat' dir='ltr'><strong>vero</strong></span> 
     </span>
    </p>
   </div>
   <div class='ocr_carea' id='block_1_11' title="bbox 320 989 1895 1063">
    <p class='ocr_par' dir='ltr' id='par_1_11' title="bbox 320 989 1895 1063">
     <span class='ocr_line' id='line_1_11' title="bbox 320 989 1895 1063; baseline -0.001 -17"><span class='ocrx_word' id='word_1_78' title='bbox 320 992 799 1063; x_wconf 80' lang='lat' dir='ltr'><strong>primogenitorum</strong></span> <span class='ocrx_word' id='word_1_79' title='bbox 841 1008 1029 1047; x_wconf 90' lang='lat' dir='ltr'><strong>omnes</strong></span> <span class='ocrx_word' id='word_1_80' title='bbox 1069 993 1310 1063; x_wconf 86' lang='lat' dir='ltr'><strong>percussi</strong></span> <span class='ocrx_word' id='word_1_81' title='bbox 1350 1001 1494 1048; x_wconf 90' lang='lat' dir='ltr'><strong>sunt.</strong></span> <span class='ocrx_word' id='word_1_82' title='bbox 1564 989 1695 1045; x_wconf 83' lang='lat' dir='ltr'><strong>Filii</strong></span> <span class='ocrx_word' id='word_1_83' title='bbox 1722 1000 1895 1044; x_wconf 77' lang='lat' dir='ltr'><strong>aittem</strong></span> 
     </span>
    </p>
   </div>
   <div class='ocr_carea' id='block_1_12' title="bbox 325 1080 1896 1154">
    <p class='ocr_par' dir='ltr' id='par_1_12' title="bbox 325 1080 1896 1154">
     <span class='ocr_line' id='line_1_12' title="bbox 325 1080 1896 1154; baseline -0.001 -19"><span class='ocrx_word' id='word_1_84' title='bbox 325 1080 493 1136; x_wconf 80' lang='lat' dir='ltr'><strong>Israel</strong></span> <span class='ocrx_word' id='word_1_85' title='bbox 523 1084 759 1153; x_wconf 79' lang='lat' dir='ltr'><strong>fecerunt</strong></span> <span class='ocrx_word' id='word_1_86' title='bbox 783 1084 913 1137; x_wconf 86' lang='lat' dir='ltr'><strong>sicut</strong></span> <span class='ocrx_word' id='word_1_87' title='bbox 939 1093 1251 1154; x_wconf 66' lang='lat' dir='ltr'><strong>praeceperat</strong></span> <span class='ocrx_word' id='word_1_88' title='bbox 1276 1082 1382 1137; x_wconf 89' lang='lat' dir='ltr'><strong>illis</strong></span> <span class='ocrx_word' id='word_1_89' title='bbox 1404 1082 1693 1153; x_wconf 78' lang='lat' dir='ltr'><strong>Moyses,et</strong></span> <span class='ocrx_word' id='word_1_90' title='bbox 1732 1082 1896 1151; x_wconf 84' lang='lat' dir='ltr'><strong>petie-</strong></span> 
     </span>
    </p>
   </div>
   <div class='ocr_carea' id='block_1_13' title="bbox 323 1171 1894 1242">
    <p class='ocr_par' dir='ltr' id='par_1_13' title="bbox 323 1171 1894 1242">
     <span class='ocr_line' id='line_1_13' title="bbox 323 1171 1894 1242; baseline -0.001 -18"><span class='ocrx_word' id='word_1_91' title='bbox 323 1180 441 1225; x_wconf 86' lang='lat' dir='ltr'><strong>runt</strong></span> <span class='ocrx_word' id='word_1_92' title='bbox 469 1171 533 1225; x_wconf 90' lang='lat' dir='ltr'><strong>ab</strong></span> <span class='ocrx_word' id='word_1_93' title='bbox 566 1171 829 1242; x_wconf 70' lang='lat' dir='ltr'><strong>.IEggptiis</strong></span> <span class='ocrx_word' id='word_1_94' title='bbox 852 1189 978 1227; x_wconf 84' lang='lat' dir='ltr'><strong>vasa</strong></span> <span class='ocrx_word' id='word_1_95' title='bbox 1005 1190 1167 1227; x_wconf 86' lang='lat' dir='ltr'><strong>aurea</strong></span> <span class='ocrx_word' id='word_1_96' title='bbox 1210 1182 1258 1226; x_wconf 90' lang='lat' dir='ltr'><strong>et</strong></span> <span class='ocrx_word' id='word_1_97' title='bbox 1281 1182 1526 1242; x_wconf 88' lang='lat' dir='ltr'><strong>argentea</strong></span> <span class='ocrx_word' id='word_1_98' title='bbox 1578 1181 1626 1225; x_wconf 88' lang='lat' dir='ltr'><strong>et</strong></span> <span class='ocrx_word' id='word_1_99' title='bbox 1661 1180 1847 1225; x_wconf 81' lang='lat' dir='ltr'><strong>vestem</strong></span> <span class='ocrx_word' id='word_1_100' title='bbox 1876 1186 1894 1222; x_wconf 90' lang='lat'><strong><em>:</em></strong></span> 
     </span>
    </p>
   </div>
   <div class='ocr_carea' id='block_1_14' title="bbox 322 1262 1894 1336">
    <p class='ocr_par' dir='ltr' id='par_1_14' title="bbox 322 1262 1894 1336">
     <span class='ocr_line' id='line_1_14' title="bbox 322 1262 1894 1336; baseline -0.001 -20"><span class='ocrx_word' id='word_1_101' title='bbox 322 1272 370 1316; x_wconf 89' lang='lat' dir='ltr'><strong>et</strong></span> <span class='ocrx_word' id='word_1_102' title='bbox 391 1262 646 1317; x_wconf 75' lang='lat' dir='ltr'><strong>Dominus</strong></span> <span class='ocrx_word' id='word_1_103' title='bbox 666 1263 806 1317; x_wconf 80' lang='lat' dir='ltr'><strong>dedit</strong></span> <span class='ocrx_word' id='word_1_104' title='bbox 836 1266 1059 1335; x_wconf 90' lang='lat' dir='ltr'><strong>gratiam</strong></span> <span class='ocrx_word' id='word_1_105' title='bbox 1081 1264 1271 1336; x_wconf 86' lang='lat' dir='ltr'><strong>populo</strong></span> <span class='ocrx_word' id='word_1_106' title='bbox 1292 1281 1387 1318; x_wconf 85' lang='lat' dir='ltr'><strong>suo</strong></span> <span class='ocrx_word' id='word_1_107' title='bbox 1410 1280 1586 1317; x_wconf 85' lang='lat' dir='ltr'><strong>coram</strong></span> <span class='ocrx_word' id='word_1_108' title='bbox 1609 1262 1894 1333; x_wconf 62' lang='lat' dir='ltr'><strong>.Eggptiis,</strong></span> 
     </span>
    </p>
   </div>
   <div class='ocr_carea' id='block_1_15' title="bbox 323 1351 1892 1426">
    <p class='ocr_par' dir='ltr' id='par_1_15' title="bbox 323 1351 1892 1426">
     <span class='ocr_line' id='line_1_15' title="bbox 323 1351 1892 1426; baseline 0.001 -22"><span class='ocrx_word' id='word_1_109' title='bbox 323 1362 371 1405; x_wconf 89' lang='lat' dir='ltr'><strong>et</strong></span> <span class='ocrx_word' id='word_1_110' title='bbox 401 1352 855 1408; x_wconf 77' lang='lat' dir='ltr'><strong>commodaverunt</strong></span> <span class='ocrx_word' id='word_1_111' title='bbox 889 1353 1014 1420; x_wconf 72' lang='lat' dir='ltr'><strong>illis,</strong></span> <span class='ocrx_word' id='word_1_112' title='bbox 1069 1364 1119 1410; x_wconf 87' lang='lat' dir='ltr'><strong>et</strong></span> <span class='ocrx_word' id='word_1_113' title='bbox 1166 1355 1389 1426; x_wconf 70' lang='lat' dir='ltr'><strong>prtedati</strong></span> <span class='ocrx_word' id='word_1_114' title='bbox 1419 1363 1541 1408; x_wconf 88' lang='lat' dir='ltr'><strong>sunt</strong></span> <span class='ocrx_word' id='word_1_115' title='bbox 1594 1351 1892 1423; x_wconf 60' lang='lat' dir='ltr'><strong>ngyptios.</strong></span> 
     </span>
    </p>
   </div>
   <div class='ocr_carea' id='block_1_16' title="bbox 321 1441 1895 1516">
    <p class='ocr_par' dir='ltr' id='par_1_16' title="bbox 321 1441 1895 1516">
     <span class='ocr_line' id='line_1_16' title="bbox 321 1441 1895 1516; baseline 0 -21"><span class='ocrx_word' id='word_1_116' title='bbox 321 1441 439 1513; x_wconf 75' lang='lat' dir='ltr'><strong>Iam</strong></span> <span class='ocrx_word' id='word_1_117' title='bbox 464 1443 567 1497; x_wconf 90' lang='lat' dir='ltr'><strong>hoc</strong></span> <span class='ocrx_word' id='word_1_118' title='bbox 599 1443 802 1499; x_wconf 85' lang='lat' dir='ltr'><strong>factum</strong></span> <span class='ocrx_word' id='word_1_119' title='bbox 838 1444 1014 1500; x_wconf 82' lang='lat' dir='ltr'><strong>fuerat</strong></span> <span class='ocrx_word' id='word_1_120' title='bbox 1035 1454 1160 1501; x_wconf 84' lang='lat' dir='ltr'><strong>ante</strong></span> <span class='ocrx_word' id='word_1_121' title='bbox 1196 1453 1397 1501; x_wconf 86' lang='lat' dir='ltr'><strong>mortes</strong></span> <span class='ocrx_word' id='word_1_122' title='bbox 1414 1444 1895 1516; x_wconf 85' lang='lat' dir='ltr'><strong>primogenitorum</strong></span> 
     </span>
    </p>
   </div>
   <div class='ocr_carea' id='block_1_17' title="bbox 323 1532 1896 1608">
    <p class='ocr_par' dir='ltr' id='par_1_17' title="bbox 323 1532 1896 1608">
     <span class='ocr_line' id='line_1_17' title="bbox 323 1532 1896 1608; baseline 0.001 -22"><span class='ocrx_word' id='word_1_123' title='bbox 323 1532 721 1605; x_wconf 64' lang='lat' dir='ltr'><strong>.‘Egyptiorum,</strong></span> <span class='ocrx_word' id='word_1_124' title='bbox 770 1536 862 1591; x_wconf 89' lang='lat' dir='ltr'><strong>sed</strong></span> <span class='ocrx_word' id='word_1_125' title='bbox 888 1552 1031 1591; x_wconf 93' lang='lat' dir='ltr'><strong>nunc</strong></span> <span class='ocrx_word' id='word_1_126' title='bbox 1058 1552 1156 1607; x_wconf 90' lang='lat' dir='ltr'><strong>per</strong></span> <span class='ocrx_word' id='word_1_127' title='bbox 1182 1536 1673 1608; x_wconf 85' lang='lat' dir='ltr'><strong>rccapitulationem</strong></span> <span class='ocrx_word' id='word_1_128' title='bbox 1702 1534 1896 1605; x_wconf 88' lang='lat' dir='ltr'><strong>repeti-</strong></span> 
     </span>
    </p>
   </div>
   <div class='ocr_carea' id='block_1_18' title="bbox 323 1625 1896 1699">
    <p class='ocr_par' dir='ltr' id='par_1_18' title="bbox 323 1625 1896 1699">
     <span class='ocr_line' id='line_1_18' title="bbox 323 1625 1896 1699; baseline 0.001 -22"><span class='ocrx_word' id='word_1_129' title='bbox 323 1633 428 1679; x_wconf 88' lang='lat' dir='ltr'><strong>tur.</strong></span> <span class='ocrx_word' id='word_1_130' title='bbox 498 1625 631 1680; x_wconf 83' lang='lat' dir='ltr'><strong>Nam</strong></span> <span class='ocrx_word' id='word_1_131' title='bbox 668 1635 941 1683; x_wconf 87' lang='lat' dir='ltr'><strong>narratum</strong></span> <span class='ocrx_word' id='word_1_132' title='bbox 968 1637 1054 1684; x_wconf 89' lang='lat' dir='ltr'><strong>est</strong></span> <span class='ocrx_word' id='word_1_133' title='bbox 1103 1630 1315 1699; x_wconf 83' lang='lat' dir='ltr'><strong>quando</strong></span> <span class='ocrx_word' id='word_1_134' title='bbox 1357 1628 1557 1684; x_wconf 82' lang='lat' dir='ltr'><strong>factum</strong></span> <span class='ocrx_word' id='word_1_135' title='bbox 1587 1637 1686 1684; x_wconf 88' lang='lat' dir='ltr'><strong>est.</strong></span> <span class='ocrx_word' id='word_1_136' title='bbox 1743 1626 1896 1680; x_wconf 76' lang='lat' dir='ltr'><strong>Modo</strong></span> 
     </span>
    </p>
   </div>
   <div class='ocr_carea' id='block_1_19' title="bbox 2000 452 3570 527">
    <p class='ocr_par' dir='ltr' id='par_1_19' title="bbox 2000 452 3570 527">
     <span class='ocr_line' id='line_1_19' title="bbox 2000 452 3570 527; baseline 0.003 -21"><span class='ocrx_word' id='word_1_137' title='bbox 2000 452 2107 507; x_wconf 88' lang='lat' dir='ltr'><strong>Sed</strong></span> <span class='ocrx_word' id='word_1_138' title='bbox 2135 454 2247 508; x_wconf 83' lang='lat' dir='ltr'><strong>sive</strong></span> <span class='ocrx_word' id='word_1_139' title='bbox 2275 454 2377 508; x_wconf 91' lang='lat' dir='ltr'><strong>hoc</strong></span> <span class='ocrx_word' id='word_1_140' title='bbox 2405 454 2690 522; x_wconf 85' lang='lat' dir='ltr'><strong>signiﬁcet,</strong></span> <span class='ocrx_word' id='word_1_141' title='bbox 2723 453 2834 507; x_wconf 90' lang='lat' dir='ltr'><strong>sive</strong></span> <span class='ocrx_word' id='word_1_142' title='bbox 2862 453 2991 507; x_wconf 90' lang='lat' dir='ltr'><strong>illud</strong></span> <span class='ocrx_word' id='word_1_143' title='bbox 3015 455 3158 522; x_wconf 88' lang='lat' dir='ltr'><strong>quod</strong></span> <span class='ocrx_word' id='word_1_144' title='bbox 3186 469 3253 510; x_wconf 66' lang='lat' dir='ltr'><strong>ex</strong></span> <span class='ocrx_word' id='word_1_145' title='bbox 3289 455 3420 526; x_wconf 85' lang='lat' dir='ltr'><strong>ipsis</strong></span> <span class='ocrx_word' id='word_1_146' title='bbox 3448 473 3570 527; x_wconf 84' lang='lat' dir='ltr'><strong>gen-</strong></span> 
     </span>
    </p>
   </div>
   <div class='ocr_carea' id='block_1_20' title="bbox 2000 547 3578 617">
    <p class='ocr_par' dir='ltr' id='par_1_20' title="bbox 2000 547 3578 617">
     <span class='ocr_line' id='line_1_20' title="bbox 2000 547 3578 617; baseline 0.001 -19"><span class='ocrx_word' id='word_1_147' title='bbox 2000 547 2141 601; x_wconf 84' lang='lat' dir='ltr'><strong>tibus</strong></span> <span class='ocrx_word' id='word_1_148' title='bbox 2171 547 2364 600; x_wconf 63' lang='lat' dir='ltr'><strong>anima:</strong></span> <span class='ocrx_word' id='word_1_149' title='bbox 2396 548 2644 617; x_wconf 80' lang='lat' dir='ltr'><strong>pretiosae</strong></span> <span class='ocrx_word' id='word_1_150' title='bbox 2678 555 2932 614; x_wconf 86' lang='lat' dir='ltr'><strong>tanquam</strong></span> <span class='ocrx_word' id='word_1_151' title='bbox 2956 560 3084 599; x_wconf 87' lang='lat' dir='ltr'><strong>vasa</strong></span> <span class='ocrx_word' id='word_1_152' title='bbox 3109 561 3275 601; x_wconf 88' lang='lat' dir='ltr'><strong>aurea</strong></span> <span class='ocrx_word' id='word_1_153' title='bbox 3294 555 3350 601; x_wconf 90' lang='lat' dir='ltr'><strong>ct</strong></span> <span class='ocrx_word' id='word_1_154' title='bbox 3379 562 3578 616; x_wconf 84' lang='lat' dir='ltr'><strong>argen-</strong></span> 
     </span>
    </p>
   </div>
   <div class='ocr_carea' id='block_1_21' title="bbox 1952 636 3579 707">
    <p class='ocr_par' dir='ltr' id='par_1_21' title="bbox 1952 636 3579 707">
     <span class='ocr_line' id='line_1_21' title="bbox 1952 636 3579 707; baseline 0.001 -18"><span class='ocrx_word' id='word_1_155' title='bbox 1952 651 1956 655; x_wconf 79' lang='lat'>&#39;</span> <span class='ocrx_word' id='word_1_156' title='bbox 2000 645 2104 697; x_wconf 90' lang='lat' dir='ltr'><strong>tea,</strong></span> <span class='ocrx_word' id='word_1_157' title='bbox 2136 652 2258 691; x_wconf 91' lang='lat' dir='ltr'><strong>eum</strong></span> <span class='ocrx_word' id='word_1_158' title='bbox 2294 637 2405 690; x_wconf 91' lang='lat' dir='ltr'><strong>suis</strong></span> <span class='ocrx_word' id='word_1_159' title='bbox 2428 637 2613 707; x_wconf 91' lang='lat' dir='ltr'><strong>utique</strong></span> <span class='ocrx_word' id='word_1_160' title='bbox 2655 636 2967 706; x_wconf 86' lang='lat' dir='ltr'><strong>corporibus</strong></span> <span class='ocrx_word' id='word_1_161' title='bbox 2999 638 3142 706; x_wconf 89' lang='lat' dir='ltr'><strong>quod</strong></span> <span class='ocrx_word' id='word_1_162' title='bbox 3169 644 3369 691; x_wconf 88' lang='lat' dir='ltr'><strong>vestem</strong></span> <span class='ocrx_word' id='word_1_163' title='bbox 3413 637 3579 706; x_wconf 59' lang='lat' dir='ltr'><strong>signi-</strong></span> 
     </span>
    </p>
   </div>
   <div class='ocr_carea' id='block_1_22' title="bbox 1998 715 3580 800">
    <p class='ocr_par' dir='ltr' id='par_1_22' title="bbox 1998 715 3580 800">
     <span class='ocr_line' id='line_1_22' title="bbox 1998 715 3580 800; baseline 0.001 -19"><span class='ocrx_word' id='word_1_164' title='bbox 1998 727 2183 792; x_wconf 88' lang='lat' dir='ltr'><strong>ﬁcant,</strong></span> <span class='ocrx_word' id='word_1_165' title='bbox 2213 727 2508 799; x_wconf 77' lang='lat' dir='ltr'><strong>adiungunt</strong></span> <span class='ocrx_word' id='word_1_166' title='bbox 2533 744 2591 785; x_wconf 85' lang='lat' dir='ltr'><strong>se</strong></span> <span class='ocrx_word' id='word_1_167' title='bbox 2619 730 2818 800; x_wconf 88' lang='lat' dir='ltr'><strong>popqu</strong></span> <span class='ocrx_word' id='word_1_168' title='bbox 2838 731 2951 795; x_wconf 90' lang='lat' dir='ltr'><strong>Dei,</strong></span> <span class='ocrx_word' id='word_1_169' title='bbox 2986 737 3046 787; x_wconf 91' lang='lat' dir='ltr'><strong>ut</strong></span> <span class='ocrx_word' id='word_1_170' title='bbox 3073 715 3232 783; x_wconf 88' lang='lat' dir='ltr'><strong>simul</strong></span> <span class='ocrx_word' id='word_1_171' title='bbox 3257 731 3322 783; x_wconf 89' lang='lat' dir='ltr'><strong>de</strong></span> <span class='ocrx_word' id='word_1_172' title='bbox 3356 728 3458 782; x_wconf 90' lang='lat' dir='ltr'><strong>hoc</strong></span> <span class='ocrx_word' id='word_1_173' title='bbox 3484 744 3580 783; x_wconf 79' lang='lat' dir='ltr'><strong>sa:-</strong></span> 
     </span>
    </p>
   </div>
   <div class='ocr_carea' id='block_1_23' title="bbox 1997 816 3579 891">
    <p class='ocr_par' dir='ltr' id='par_1_23' title="bbox 1997 816 3579 891">
     <span class='ocr_line' id='line_1_23' title="bbox 1997 816 3579 891; baseline 0 -20"><span class='ocrx_word' id='word_1_174' title='bbox 1997 816 2141 877; x_wconf 90' lang='lat' dir='ltr'><strong>eulo.</strong></span> <span class='ocrx_word' id='word_1_175' title='bbox 2169 828 2427 888; x_wconf 82' lang='lat' dir='ltr'><strong>tanquam</strong></span> <span class='ocrx_word' id='word_1_176' title='bbox 2472 820 2535 874; x_wconf 90' lang='lat' dir='ltr'><strong>de</strong></span> <span class='ocrx_word' id='word_1_177' title='bbox 2562 819 2820 891; x_wconf 64' lang='lat' dir='ltr'><strong>rEgypto,</strong></span> <span class='ocrx_word' id='word_1_178' title='bbox 2862 823 3181 877; x_wconf 84' lang='lat' dir='ltr'><strong>liberentur.</strong></span> <span class='ocrx_word' id='word_1_179' title='bbox 3241 819 3381 873; x_wconf 87' lang='lat' dir='ltr'><strong>Tulit</strong></span> <span class='ocrx_word' id='word_1_180' title='bbox 3417 820 3579 889; x_wconf 77' lang='lat' dir='ltr'><strong>igitur</strong></span> 
     </span>
    </p>
   </div>
   <div class='ocr_carea' id='block_1_24' title="bbox 1994 909 3575 985">
    <p class='ocr_par' dir='ltr' id='par_1_24' title="bbox 1994 909 3575 985">
     <span class='ocr_line' id='line_1_24' title="bbox 1994 909 3575 985; baseline 0.001 -22"><span class='ocrx_word' id='word_1_181' title='bbox 1994 909 2217 979; x_wconf 77' lang='lat' dir='ltr'><strong>papulas</strong></span> <span class='ocrx_word' id='word_1_182' title='bbox 2252 927 2579 980; x_wconf 79' lang='lat' dir='ltr'><strong>conspersum</strong></span> <span class='ocrx_word' id='word_1_183' title='bbox 2605 912 2833 980; x_wconf 84' lang='lat' dir='ltr'><strong>farinam</strong></span> <span class='ocrx_word' id='word_1_184' title='bbox 2861 924 3139 985; x_wconf 80' lang='lat' dir='ltr'><strong>antequam</strong></span> <span class='ocrx_word' id='word_1_185' title='bbox 3154 914 3575 982; x_wconf 77' lang='lat' dir='ltr'><strong>fermentaretur,</strong></span> 
     </span>
    </p>
   </div>
   <div class='ocr_carea' id='block_1_25' title="bbox 1996 998 3578 1075">
    <p class='ocr_par' dir='ltr' id='par_1_25' title="bbox 1996 998 3578 1075">
     <span class='ocr_line' id='line_1_25' title="bbox 1996 998 3578 1075; baseline 0.006 -26"><span class='ocrx_word' id='word_1_186' title='bbox 1996 1009 2044 1050; x_wconf 83' lang='lat' dir='ltr'><strong>et</strong></span> <span class='ocrx_word' id='word_1_187' title='bbox 2075 998 2243 1068; x_wconf 79' lang='lat' dir='ltr'><strong>ligans</strong></span> <span class='ocrx_word' id='word_1_188' title='bbox 2278 1001 2332 1052; x_wconf 84' lang='lat' dir='ltr'><strong>in</strong></span> <span class='ocrx_word' id='word_1_189' title='bbox 2357 1000 2554 1070; x_wconf 84' lang='lat' dir='ltr'><strong>palliis,</strong></span> <span class='ocrx_word' id='word_1_190' title='bbox 2577 1005 2750 1074; x_wconf 86' lang='lat' dir='ltr'><strong>posuit</strong></span> <span class='ocrx_word' id='word_1_191' title='bbox 2775 1022 2929 1075; x_wconf 83' lang='lat' dir='ltr'><strong>super</strong></span> <span class='ocrx_word' id='word_1_192' title='bbox 2958 1006 3198 1059; x_wconf 87' lang='lat' dir='ltr'><strong>humeros</strong></span> <span class='ocrx_word' id='word_1_193' title='bbox 3237 1022 3378 1059; x_wconf 83' lang='lat' dir='ltr'><strong>suos.</strong></span> <span class='ocrx_word' id='word_1_194' title='bbox 3423 1004 3578 1071; x_wconf 81' lang='lat' dir='ltr'><strong>Quod</strong></span> 
     </span>
    </p>
   </div>
   <div class='ocr_carea' id='block_1_26' title="bbox 1998 1092 3577 1166">
    <p class='ocr_par' dir='ltr' id='par_1_26' title="bbox 1998 1092 3577 1166">
     <span class='ocr_line' id='line_1_26' title="bbox 1998 1092 3577 1166; baseline 0.006 -24"><span class='ocrx_word' id='word_1_195' title='bbox 1998 1106 2127 1145; x_wconf 86' lang='lat' dir='ltr'><strong>vero</strong></span> <span class='ocrx_word' id='word_1_196' title='bbox 2156 1093 2232 1145; x_wconf 90' lang='lat' dir='ltr'><strong>ait</strong></span> <span class='ocrx_word' id='word_1_197' title='bbox 2276 1092 2541 1148; x_wconf 86' lang='lat' dir='ltr'><strong>fermento</strong></span> <span class='ocrx_word' id='word_1_198' title='bbox 2586 1097 2795 1151; x_wconf 89' lang='lat' dir='ltr'><strong>sublato</strong></span> <span class='ocrx_word' id='word_1_199' title='bbox 2837 1098 2932 1160; x_wconf 47' lang='lat' dir='ltr'><strong>sic,</strong></span> <span class='ocrx_word' id='word_1_200' title='bbox 2958 1096 3227 1166; x_wconf 84' lang='lat' dir='ltr'><strong>profectos</strong></span> <span class='ocrx_word' id='word_1_201' title='bbox 3276 1112 3395 1151; x_wconf 85' lang='lat' dir='ltr'><strong>esse</strong></span> <span class='ocrx_word' id='word_1_202' title='bbox 3442 1097 3577 1151; x_wconf 86' lang='lat' dir='ltr'><strong>ﬁlios</strong></span> 
     </span>
    </p>
   </div>
   <div class='ocr_carea' id='block_1_27' title="bbox 1996 1179 3575 1253">
    <p class='ocr_par' dir='ltr' id='par_1_27' title="bbox 1996 1179 3575 1253">
     <span class='ocr_line' id='line_1_27' title="bbox 1996 1179 3575 1253; baseline 0.004 -21"><span class='ocrx_word' id='word_1_203' title='bbox 1996 1179 2157 1234; x_wconf 83' lang='lat' dir='ltr'><strong>Israel</strong></span> <span class='ocrx_word' id='word_1_204' title='bbox 2189 1182 2253 1236; x_wconf 90' lang='lat' dir='ltr'><strong>de</strong></span> <span class='ocrx_word' id='word_1_205' title='bbox 2278 1181 2533 1253; x_wconf 61' lang='lat' dir='ltr'><strong>Egypto,</strong></span> <span class='ocrx_word' id='word_1_206' title='bbox 2580 1185 2682 1239; x_wconf 88' lang='lat' dir='ltr'><strong>hoc</strong></span> <span class='ocrx_word' id='word_1_207' title='bbox 2707 1194 2761 1239; x_wconf 91' lang='lat' dir='ltr'><strong>et</strong></span> <span class='ocrx_word' id='word_1_208' title='bbox 2793 1201 2822 1239; x_wconf 89' lang='lat' dir='ltr'><strong>a</strong></span> <span class='ocrx_word' id='word_1_209' title='bbox 2850 1186 3004 1240; x_wconf 85' lang='lat' dir='ltr'><strong>nobis</strong></span> <span class='ocrx_word' id='word_1_210' title='bbox 3032 1186 3205 1240; x_wconf 89' lang='lat' dir='ltr'><strong>modis</strong></span> <span class='ocrx_word' id='word_1_211' title='bbox 3232 1186 3504 1247; x_wconf 89' lang='lat' dir='ltr'><strong>omnibus,</strong></span> <span class='ocrx_word' id='word_1_212' title='bbox 3531 1187 3575 1239; x_wconf 92' lang='lat' dir='ltr'><strong>si</strong></span> 
     </span>
    </p>
   </div>
   <div class='ocr_carea' id='block_1_28' title="bbox 1998 1271 3577 1342">
    <p class='ocr_par' dir='ltr' id='par_1_28' title="bbox 1998 1271 3577 1342">
     <span class='ocr_line' id='line_1_28' title="bbox 1998 1271 3577 1342; baseline 0.002 -18"><span class='ocrx_word' id='word_1_213' title='bbox 1998 1271 2113 1324; x_wconf 89' lang='lat' dir='ltr'><strong>ﬁeri</strong></span> <span class='ocrx_word' id='word_1_214' title='bbox 2152 1281 2349 1342; x_wconf 81' lang='lat' dir='ltr'><strong>potest,</strong></span> <span class='ocrx_word' id='word_1_215' title='bbox 2384 1274 2766 1329; x_wconf 75' lang='lat' dir='ltr'><strong>elaborandum</strong></span> <span class='ocrx_word' id='word_1_216' title='bbox 2803 1285 2905 1339; x_wconf 87' lang='lat' dir='ltr'><strong>est,</strong></span> <span class='ocrx_word' id='word_1_217' title='bbox 2936 1284 2995 1329; x_wconf 90' lang='lat' dir='ltr'><strong>ut</strong></span> <span class='ocrx_word' id='word_1_218' title='bbox 3018 1284 3274 1329; x_wconf 83' lang='lat' dir='ltr'><strong>exeuntes</strong></span> <span class='ocrx_word' id='word_1_219' title='bbox 3320 1291 3350 1328; x_wconf 91' lang='lat' dir='ltr'><strong>a</strong></span> <span class='ocrx_word' id='word_1_220' title='bbox 3396 1275 3577 1327; x_wconf 78' lang='lat' dir='ltr'><strong>saeculi</strong></span> 
     </span>
    </p>
   </div>
   <div class='ocr_carea' id='block_1_29' title="bbox 1997 1361 3568 1430">
    <p class='ocr_par' dir='ltr' id='par_1_29' title="bbox 1997 1361 3568 1430">
     <span class='ocr_line' id='line_1_29' title="bbox 1997 1361 3568 1430; baseline -0.002 -12"><span class='ocrx_word' id='word_1_221' title='bbox 1997 1361 2156 1430; x_wconf 82' lang='lat' dir='ltr'><strong>hujus</strong></span> <span class='ocrx_word' id='word_1_222' title='bbox 2205 1362 2493 1428; x_wconf 84' lang='lat' dir='ltr'><strong>illecebris,</strong></span> <span class='ocrx_word' id='word_1_223' title='bbox 2550 1380 2655 1418; x_wconf 89' lang='lat' dir='ltr'><strong>non</strong></span> <span class='ocrx_word' id='word_1_224' title='bbox 2685 1364 3020 1418; x_wconf 90' lang='lat' dir='ltr'><strong>ambulemus</strong></span> <span class='ocrx_word' id='word_1_225' title='bbox 3072 1364 3124 1417; x_wconf 91' lang='lat' dir='ltr'><strong>in</strong></span> <span class='ocrx_word' id='word_1_226' title='bbox 3172 1363 3434 1418; x_wconf 81' lang='lat' dir='ltr'><strong>fermento</strong></span> <span class='ocrx_word' id='word_1_227' title='bbox 3481 1379 3568 1415; x_wconf 76' lang='lat' dir='ltr'><strong>vc-</strong></span> 
     </span>
    </p>
   </div>
   <div class='ocr_carea' id='block_1_30' title="bbox 1998 1453 3576 1525">
    <p class='ocr_par' dir='ltr' id='par_1_30' title="bbox 1998 1453 3576 1525">
     <span class='ocr_line' id='line_1_30' title="bbox 1998 1453 3576 1525; baseline -0.001 -18"><span class='ocrx_word' id='word_1_228' title='bbox 1998 1454 2130 1507; x_wconf 88' lang='lat' dir='ltr'><strong>teris</strong></span> <span class='ocrx_word' id='word_1_229' title='bbox 2152 1454 2367 1508; x_wconf 71' lang='lat' dir='ltr'><strong>malitia:</strong></span> <span class='ocrx_word' id='word_1_230' title='bbox 2389 1462 2443 1508; x_wconf 87' lang='lat' dir='ltr'><strong>et</strong></span> <span class='ocrx_word' id='word_1_231' title='bbox 2467 1455 2736 1524; x_wconf 68' lang='lat' dir='ltr'><strong>nequi‘iae,</strong></span> <span class='ocrx_word' id='word_1_232' title='bbox 2756 1455 2847 1509; x_wconf 88' lang='lat' dir='ltr'><strong>sed</strong></span> <span class='ocrx_word' id='word_1_233' title='bbox 2873 1455 2924 1509; x_wconf 92' lang='lat' dir='ltr'><strong>in</strong></span> <span class='ocrx_word' id='word_1_234' title='bbox 2940 1455 3144 1525; x_wconf 75' lang='lat' dir='ltr'><strong>azymis</strong></span> <span class='ocrx_word' id='word_1_235' title='bbox 3168 1453 3491 1508; x_wconf 82' lang='lat' dir='ltr'><strong>sinceritatis</strong></span> <span class='ocrx_word' id='word_1_236' title='bbox 3524 1463 3576 1506; x_wconf 88' lang='lat' dir='ltr'><strong>et</strong></span> 
     </span>
    </p>
   </div>
   <div class='ocr_carea' id='block_1_31' title="bbox 1998 1543 3577 1613">
    <p class='ocr_par' dir='ltr' id='par_1_31' title="bbox 1998 1543 3577 1613">
     <span class='ocr_line' id='line_1_31' title="bbox 1998 1543 3577 1613; baseline 0.001 -18"><span class='ocrx_word' id='word_1_237' title='bbox 1998 1544 2258 1607; x_wconf 64' lang='lat' dir='ltr'><strong>veritatis,</strong></span> <span class='ocrx_word' id='word_1_238' title='bbox 2287 1545 2428 1613; x_wconf 81' lang='lat' dir='ltr'><strong>quod</strong></span> <span class='ocrx_word' id='word_1_239' title='bbox 2460 1555 2543 1598; x_wconf 79' lang='lat' dir='ltr'><strong>est</strong></span> <span class='ocrx_word' id='word_1_240' title='bbox 2565 1545 2686 1599; x_wconf 85' lang='lat' dir='ltr'><strong>novi</strong></span> <span class='ocrx_word' id='word_1_241' title='bbox 2715 1545 2945 1599; x_wconf 90' lang='lat' dir='ltr'><strong>hominis</strong></span> <span class='ocrx_word' id='word_1_242' title='bbox 2985 1544 3344 1607; x_wconf 89' lang='lat' dir='ltr'><strong>conversatio,</strong></span> <span class='ocrx_word' id='word_1_243' title='bbox 3388 1543 3577 1597; x_wconf 69' lang='lat' dir='ltr'><strong>reliclo</strong></span> 
     </span>
    </p>
   </div>
   <div class='ocr_carea' id='block_1_32' title="bbox 1997 1631 3575 1700">
    <p class='ocr_par' dir='ltr' id='par_1_32' title="bbox 1997 1631 3575 1700">
     <span class='ocr_line' id='line_1_32' title="bbox 1997 1631 3575 1700; baseline -0.002 -15"><span class='ocrx_word' id='word_1_244' title='bbox 1997 1633 2225 1700; x_wconf 89' lang='lat' dir='ltr'><strong>pristino</strong></span> <span class='ocrx_word' id='word_1_245' title='bbox 2250 1633 2464 1686; x_wconf 89' lang='lat' dir='ltr'><strong>homine</strong></span> <span class='ocrx_word' id='word_1_246' title='bbox 2488 1648 2609 1686; x_wconf 91' lang='lat' dir='ltr'><strong>cum</strong></span> <span class='ocrx_word' id='word_1_247' title='bbox 2640 1633 2786 1686; x_wconf 79' lang='lat' dir='ltr'><strong>vitiis</strong></span> <span class='ocrx_word' id='word_1_248' title='bbox 2811 1633 2943 1687; x_wconf 88' lang='lat' dir='ltr'><strong>suis.</strong></span> <span class='ocrx_word' id='word_1_249' title='bbox 2982 1631 3122 1686; x_wconf 86' lang='lat' dir='ltr'><strong>Sane</strong></span> <span class='ocrx_word' id='word_1_250' title='bbox 3166 1632 3290 1700; x_wconf 89' lang='lat' dir='ltr'><strong>quia</strong></span> <span class='ocrx_word' id='word_1_251' title='bbox 3323 1632 3387 1683; x_wconf 88' lang='lat' dir='ltr'><strong>ab</strong></span> <span class='ocrx_word' id='word_1_252' title='bbox 3412 1646 3575 1683; x_wconf 73' lang='lat' dir='ltr'><strong>exor-</strong></span> 
     </span>
    </p>
   </div>
   <div class='ocr_carea' id='block_1_33' title="bbox 321 1710 3576 1793">
    <p class='ocr_par' dir='ltr' id='par_1_33' title="bbox 321 1710 3576 1793">
     <span class='ocr_line' id='line_1_33' title="bbox 321 1710 3576 1793; baseline 0.002 -24"><span class='ocrx_word' id='word_1_253' title='bbox 321 1715 462 1769; x_wconf 85' lang='lat' dir='ltr'><strong>enim</strong></span> <span class='ocrx_word' id='word_1_254' title='bbox 491 1715 606 1770; x_wconf 87' lang='lat' dir='ltr'><strong>ﬁeri</strong></span> <span class='ocrx_word' id='word_1_255' title='bbox 632 1719 899 1786; x_wconf 91' lang='lat' dir='ltr'><strong>quomodo</strong></span> <span class='ocrx_word' id='word_1_256' title='bbox 920 1728 1179 1789; x_wconf 89' lang='lat' dir='ltr'><strong>possetut</strong></span> <span class='ocrx_word' id='word_1_257' title='bbox 1207 1720 1259 1773; x_wconf 90' lang='lat' dir='ltr'><strong>in</strong></span> <span class='ocrx_word' id='word_1_258' title='bbox 1289 1728 1438 1775; x_wconf 88' lang='lat' dir='ltr'><strong>tanto</strong></span> <span class='ocrx_word' id='word_1_259' title='bbox 1478 1717 1622 1773; x_wconf 84' lang='lat' dir='ltr'><strong>luctu</strong></span> <span class='ocrx_word' id='word_1_260' title='bbox 1651 1731 1716 1771; x_wconf 79' lang='lat' dir='ltr'><strong>ex</strong></span> <span class='ocrx_word' id='word_1_261' title='bbox 1754 1733 1896 1771; x_wconf 82' lang='lat' dir='ltr'><strong>mor-</strong></span> <span class='ocrx_word' id='word_1_262' title='bbox 1925 1710 1970 1768; x_wconf 88' lang='grc' dir='ltr'><strong>Β</strong></span> <span class='ocrx_word' id='word_1_263' title='bbox 1999 1724 2087 1777; x_wconf 90' lang='lat' dir='ltr'><strong>dio</strong></span> <span class='ocrx_word' id='word_1_264' title='bbox 2135 1724 2255 1777; x_wconf 91' lang='lat' dir='ltr'><strong>libri</strong></span> <span class='ocrx_word' id='word_1_265' title='bbox 2306 1723 2471 1777; x_wconf 76' lang='lat' dir='ltr'><strong>Exodi</strong></span> <span class='ocrx_word' id='word_1_266' title='bbox 2527 1723 2916 1777; x_wconf 83' lang='lat' dir='ltr'><strong>incrementum</strong></span> <span class='ocrx_word' id='word_1_267' title='bbox 2949 1722 3128 1793; x_wconf 87' lang='lat' dir='ltr'><strong>populi</strong></span> <span class='ocrx_word' id='word_1_268' title='bbox 3186 1721 3465 1776; x_wconf 84' lang='lat' dir='ltr'><strong>Israelitiei</strong></span> <span class='ocrx_word' id='word_1_269' title='bbox 3522 1722 3576 1775; x_wconf 73' lang='lat' dir='ltr'><strong>in</strong></span> 
     </span>
    </p>
   </div>
   <div class='ocr_carea' id='block_1_34' title="bbox 324 1808 1893 1874">
    <p class='ocr_par' dir='ltr' id='par_1_34' title="bbox 324 1808 1893 1874">
     <span class='ocr_line' id='line_1_34' title="bbox 324 1808 1893 1874; baseline -0.001 -12"><span class='ocrx_word' id='word_1_270' title='bbox 324 1808 465 1864; x_wconf 87' lang='lat' dir='ltr'><strong>tibus</strong></span> <span class='ocrx_word' id='word_1_271' title='bbox 495 1825 712 1864; x_wconf 90' lang='lat' dir='ltr'><strong>suorum</strong></span> <span class='ocrx_word' id='word_1_272' title='bbox 747 1812 1220 1868; x_wconf 86' lang='lat' dir='ltr'><strong>accommodarent</strong></span> <span class='ocrx_word' id='word_1_273' title='bbox 1271 1814 1371 1867; x_wconf 90' lang='lat' dir='ltr'><strong>ista</strong></span> <span class='ocrx_word' id='word_1_274' title='bbox 1419 1811 1542 1866; x_wconf 91' lang='lat' dir='ltr'><strong>ﬁliis</strong></span> <span class='ocrx_word' id='word_1_275' title='bbox 1576 1809 1762 1874; x_wconf 90' lang='lat' dir='ltr'><strong>Israel,</strong></span> <span class='ocrx_word' id='word_1_276' title='bbox 1792 1810 1893 1862; x_wconf 84' lang='lat' dir='ltr'><strong>nisi</strong></span> 
     </span>
    </p>
   </div>
   <div class='ocr_carea' id='block_1_35' title="bbox 322 1898 1894 1975">
    <p class='ocr_par' dir='ltr' id='par_1_35' title="bbox 322 1898 1894 1975">
     <span class='ocr_line' id='line_1_35' title="bbox 322 1898 1894 1975; baseline 0.001 -23"><span class='ocrx_word' id='word_1_277' title='bbox 322 1898 458 1953; x_wconf 89' lang='lat' dir='ltr'><strong>forte</strong></span> <span class='ocrx_word' id='word_1_278' title='bbox 472 1902 591 1971; x_wconf 84' lang='lat' dir='ltr'><strong>quis</strong></span> <span class='ocrx_word' id='word_1_279' title='bbox 613 1903 755 1957; x_wconf 86' lang='lat' dir='ltr'><strong>dicat</strong></span> <span class='ocrx_word' id='word_1_280' title='bbox 783 1904 945 1958; x_wconf 89' lang='lat' dir='ltr'><strong>etiam</strong></span> <span class='ocrx_word' id='word_1_281' title='bbox 970 1903 1072 1958; x_wconf 91' lang='lat' dir='ltr'><strong>ista</strong></span> <span class='ocrx_word' id='word_1_282' title='bbox 1099 1904 1252 1975; x_wconf 81' lang='lat' dir='ltr'><strong>plaga</strong></span> <span class='ocrx_word' id='word_1_283' title='bbox 1283 1919 1389 1958; x_wconf 92' lang='lat' dir='ltr'><strong>non</strong></span> <span class='ocrx_word' id='word_1_284' title='bbox 1417 1903 1582 1957; x_wconf 83' lang='lat' dir='ltr'><strong>fuisse</strong></span> <span class='ocrx_word' id='word_1_285' title='bbox 1608 1916 1894 1971; x_wconf 83' lang='lat' dir='ltr'><strong>percussos</strong></span> 
     </span>
    </p>
   </div>
   <div class='ocr_carea' id='block_1_36' title="bbox 322 1988 1894 2062">
    <p class='ocr_par' dir='ltr' id='par_1_36' title="bbox 322 1988 1894 2062">
     <span class='ocr_line' id='line_1_36' title="bbox 322 1988 1894 2062; baseline 0.001 -19"><span class='ocrx_word' id='word_1_286' title='bbox 322 1988 602 2060; x_wconf 66' lang='lat' dir='ltr'><strong>rEgyptios</strong></span> <span class='ocrx_word' id='word_1_287' title='bbox 628 1993 716 2062; x_wconf 90' lang='lat' dir='ltr'><strong>qui</strong></span> <span class='ocrx_word' id='word_1_288' title='bbox 741 2008 862 2048; x_wconf 90' lang='lat' dir='ltr'><strong>cum</strong></span> <span class='ocrx_word' id='word_1_289' title='bbox 890 1992 1129 2049; x_wconf 73' lang='lat' dir='ltr'><strong>Hebmis</strong></span> <span class='ocrx_word' id='word_1_290' title='bbox 1154 1993 1523 2048; x_wconf 86' lang='lat' dir='ltr'><strong>inhabitabant</strong></span> <span class='ocrx_word' id='word_1_291' title='bbox 1546 2002 1743 2046; x_wconf 89' lang='lat' dir='ltr'><strong>terram</strong></span> <span class='ocrx_word' id='word_1_292' title='bbox 1763 1990 1894 2045; x_wconf 86' lang='lat' dir='ltr'><strong>Ges-</strong></span> 
     </span>
    </p>
   </div>
   <div class='ocr_carea' id='block_1_37' title="bbox 320 2079 1893 2153">
    <p class='ocr_par' dir='ltr' id='par_1_37' title="bbox 320 2079 1893 2153">
     <span class='ocr_line' id='line_1_37' title="bbox 320 2079 1893 2153; baseline 0 -22"><span class='ocrx_word' id='word_1_293' title='bbox 320 2094 437 2132; x_wconf 88' lang='lat' dir='ltr'><strong>sen.</strong></span> <span class='ocrx_word' id='word_1_294' title='bbox 473 2079 581 2151; x_wconf 77' lang='lat' dir='ltr'><strong>(Ex</strong></span> <span class='ocrx_word' id='word_1_295' title='bbox 605 2080 861 2153; x_wconf 83' lang='lat' dir='ltr'><strong>Isidoro.)</strong></span> <span class='ocrx_word' id='word_1_296' title='bbox 912 2083 1049 2151; x_wconf 89' lang='lat' dir='ltr'><strong>Quid</strong></span> <span class='ocrx_word' id='word_1_297' title='bbox 1083 2099 1209 2138; x_wconf 88' lang='lat' dir='ltr'><strong>vero</strong></span> <span class='ocrx_word' id='word_1_298' title='bbox 1235 2085 1351 2138; x_wconf 63' lang='lat' dir='ltr'><strong>hinc</strong></span> <span class='ocrx_word' id='word_1_299' title='bbox 1393 2082 1893 2153; x_wconf 67' lang='lat' dir='ltr'><strong>praeﬁguraverunt,</strong></span> 
     </span>
    </p>
   </div>
   <div class='ocr_carea' id='block_1_38' title="bbox 320 2168 1893 2245">
    <p class='ocr_par' dir='ltr' id='par_1_38' title="bbox 320 2168 1893 2245">
     <span class='ocr_line' id='line_1_38' title="bbox 320 2168 1893 2245; baseline 0.001 -24"><span class='ocrx_word' id='word_1_300' title='bbox 320 2168 423 2223; x_wconf 88' lang='lat' dir='ltr'><strong>nisi</strong></span> <span class='ocrx_word' id='word_1_301' title='bbox 466 2171 606 2239; x_wconf 89' lang='lat' dir='ltr'><strong>quod</strong></span> <span class='ocrx_word' id='word_1_302' title='bbox 642 2172 694 2226; x_wconf 92' lang='lat' dir='ltr'><strong>in</strong></span> <span class='ocrx_word' id='word_1_303' title='bbox 723 2189 855 2228; x_wconf 89' lang='lat' dir='ltr'><strong>auro</strong></span> <span class='ocrx_word' id='word_1_304' title='bbox 886 2182 940 2229; x_wconf 89' lang='lat' dir='ltr'><strong>et</strong></span> <span class='ocrx_word' id='word_1_305' title='bbox 972 2183 1196 2245; x_wconf 85' lang='lat' dir='ltr'><strong>argento</strong></span> <span class='ocrx_word' id='word_1_306' title='bbox 1237 2190 1302 2229; x_wconf 91' lang='lat' dir='ltr'><strong>ac</strong></span> <span class='ocrx_word' id='word_1_307' title='bbox 1336 2182 1483 2229; x_wconf 83' lang='lat' dir='ltr'><strong>veste</strong></span> <span class='ocrx_word' id='word_1_308' title='bbox 1520 2172 1893 2244; x_wconf 58' lang='lat' dir='ltr'><strong>Egyptiorum</strong></span> 
     </span>
    </p>
   </div>
   <div class='ocr_carea' id='block_1_39' title="bbox 320 2259 1900 2335">
    <p class='ocr_par' dir='ltr' id='par_1_39' title="bbox 320 2259 1900 2335">
     <span class='ocr_line' id='line_1_39' title="bbox 320 2259 1900 2335; baseline 0.001 -23"><span class='ocrx_word' id='word_1_309' title='bbox 320 2259 634 2330; x_wconf 72' lang='lat' dir='ltr'><strong>signiﬁcata:</strong></span> <span class='ocrx_word' id='word_1_310' title='bbox 658 2271 783 2319; x_wconf 91' lang='lat' dir='ltr'><strong>sunt</strong></span> <span class='ocrx_word' id='word_1_311' title='bbox 813 2265 1056 2335; x_wconf 70' lang='lat' dir='ltr'><strong>quaedam</strong></span> <span class='ocrx_word' id='word_1_312' title='bbox 1084 2266 1341 2321; x_wconf 69' lang='lat' dir='ltr'><strong>doctrinae</strong></span> <span class='ocrx_word' id='word_1_313' title='bbox 1372 2280 1492 2334; x_wconf 86' lang='lat' dir='ltr'><strong>quae</strong></span> <span class='ocrx_word' id='word_1_314' title='bbox 1520 2278 1587 2317; x_wconf 80' lang='lat' dir='ltr'><strong>ex</strong></span> <span class='ocrx_word' id='word_1_315' title='bbox 1623 2264 1736 2332; x_wconf 89' lang='lat' dir='ltr'><strong>ipsa</strong></span> <span class='ocrx_word' id='word_1_316' title='bbox 1769 2275 1900 2315; x_wconf 88' lang='lat' dir='ltr'><strong>con-</strong></span> 
     </span>
    </p>
   </div>
   <div class='ocr_carea' id='block_1_40' title="bbox 329 2398 1635 2423">
    <p class='ocr_par' dir='ltr' id='par_1_40' title="bbox 329 2398 1635 2423">
     <span class='ocr_line' id='line_1_40' title="bbox 329 2398 1635 2423; baseline -0.005 -1"><span class='ocrx_word' id='word_1_317' title='bbox 329 2398 1635 2423; x_wconf 55' lang='lat' dir='ltr'><strong>h———————_~_—.———_——_</strong></span> 
     </span>
    </p>
   </div>
   <div class='ocr_carea' id='block_1_41' title="bbox 1643 2407 1910 2423">
    <p class='ocr_par' dir='ltr' id='par_1_41' title="bbox 1643 2407 1910 2423">
     <span class='ocr_line' id='line_1_41' title="bbox 1643 2407 1910 2423; baseline -0.022 0"><span class='ocrx_word' id='word_1_318' title='bbox 1643 2407 1910 2423; x_wconf 55' lang='grc' dir='ltr'>’,ιι-</span> 
     </span>
    </p>
   </div>
   <div class='ocr_carea' id='block_1_42' title="bbox 2001 1812 3578 1888">
    <p class='ocr_par' dir='ltr' id='par_1_42' title="bbox 2001 1812 3578 1888">
     <span class='ocr_line' id='line_1_42' title="bbox 2001 1812 3578 1888; baseline -0.003 -19"><span class='ocrx_word' id='word_1_319' title='bbox 2001 1815 2257 1888; x_wconf 67' lang='lat' dir='ltr'><strong>Aigypto,</strong></span> <span class='ocrx_word' id='word_1_320' title='bbox 2303 1815 2594 1884; x_wconf 80' lang='lat' dir='ltr'><strong>plagasque</strong></span> <span class='ocrx_word' id='word_1_321' title='bbox 2623 1813 2891 1885; x_wconf 67' lang='lat' dir='ltr'><strong>Egyptiis</strong></span> <span class='ocrx_word' id='word_1_322' title='bbox 2929 1816 3193 1883; x_wconf 82' lang='lat' dir='ltr'><strong>irrogatas</strong></span> <span class='ocrx_word' id='word_1_323' title='bbox 3230 1821 3448 1882; x_wconf 85' lang='lat' dir='ltr'><strong>propter</strong></span> <span class='ocrx_word' id='word_1_324' title='bbox 3498 1812 3578 1865; x_wconf 75' lang='lat' dir='ltr'><strong>in-</strong></span> 
     </span>
    </p>
   </div>
   <div class='ocr_carea' id='block_1_43' title="bbox 2000 1900 3576 1973">
    <p class='ocr_par' dir='ltr' id='par_1_43' title="bbox 2000 1900 3576 1973">
     <span class='ocr_line' id='line_1_43' title="bbox 2000 1900 3576 1973; baseline -0.003 -14"><span class='ocrx_word' id='word_1_325' title='bbox 2000 1904 2360 1960; x_wconf 77' lang='lat' dir='ltr'><strong>obedientiam</strong></span> <span class='ocrx_word' id='word_1_326' title='bbox 2389 1904 2778 1967; x_wconf 80' lang='lat' dir='ltr'><strong>describentes,</strong></span> <span class='ocrx_word' id='word_1_327' title='bbox 2806 1904 3037 1973; x_wconf 89' lang='lat' dir='ltr'><strong>primum</strong></span> <span class='ocrx_word' id='word_1_328' title='bbox 3078 1903 3270 1955; x_wconf 86' lang='lat' dir='ltr'><strong>librum</strong></span> <span class='ocrx_word' id='word_1_329' title='bbox 3310 1917 3477 1970; x_wconf 89' lang='lat' dir='ltr'><strong>usque</strong></span> <span class='ocrx_word' id='word_1_330' title='bbox 3509 1900 3576 1955; x_wconf 64' lang='lat' dir='ltr'><strong>ad</strong></span> 
     </span>
    </p>
   </div>
   <div class='ocr_carea' id='block_1_44' title="bbox 1999 1993 3577 2069">
    <p class='ocr_par' dir='ltr' id='par_1_44' title="bbox 1999 1993 3577 2069">
     <span class='ocr_line' id='line_1_44' title="bbox 1999 1993 3577 2069; baseline -0.004 -18"><span class='ocrx_word' id='word_1_331' title='bbox 1999 1996 2160 2069; x_wconf 83' lang='lat' dir='ltr'><strong>typici</strong></span> <span class='ocrx_word' id='word_1_332' title='bbox 2192 1995 2409 2050; x_wconf 63' lang='lat' dir='ltr'><strong>Paschm</strong></span> <span class='ocrx_word' id='word_1_333' title='bbox 2438 1996 2853 2050; x_wconf 88' lang='lat' dir='ltr'><strong>celebrationem</strong></span> <span class='ocrx_word' id='word_1_334' title='bbox 2879 1996 3251 2066; x_wconf 79' lang='lat' dir='ltr'><strong>perduximus,</strong></span> <span class='ocrx_word' id='word_1_335' title='bbox 3304 1993 3577 2062; x_wconf 81' lang='lat' dir='ltr'><strong>sequentis</strong></span> 
     </span>
    </p>
   </div>
   <div class='ocr_carea' id='block_1_45' title="bbox 1994 2084 3576 2155">
    <p class='ocr_par' dir='ltr' id='par_1_45' title="bbox 1994 2084 3576 2155">
     <span class='ocr_line' id='line_1_45' title="bbox 1994 2084 3576 2155; baseline -0.003 -15"><span class='ocrx_word' id='word_1_336' title='bbox 1994 2086 2117 2141; x_wconf 89' lang='lat' dir='ltr'><strong>libri</strong></span> <span class='ocrx_word' id='word_1_337' title='bbox 2150 2086 2428 2141; x_wconf 81' lang='lat' dir='ltr'><strong>exordium</strong></span> <span class='ocrx_word' id='word_1_338' title='bbox 2453 2087 2521 2140; x_wconf 88' lang='lat' dir='ltr'><strong>ab</strong></span> <span class='ocrx_word' id='word_1_339' title='bbox 2571 2087 2719 2140; x_wconf 79' lang='lat' dir='ltr'><strong>exitu</strong></span> <span class='ocrx_word' id='word_1_340' title='bbox 2768 2085 2997 2140; x_wconf 87' lang='lat' dir='ltr'><strong>ﬁliorum</strong></span> <span class='ocrx_word' id='word_1_341' title='bbox 3053 2085 3217 2140; x_wconf 89' lang='lat' dir='ltr'><strong>Israel</strong></span> <span class='ocrx_word' id='word_1_342' title='bbox 3251 2085 3317 2139; x_wconf 91' lang='lat' dir='ltr'><strong>de</strong></span> <span class='ocrx_word' id='word_1_343' title='bbox 3343 2084 3576 2155; x_wconf 63' lang='lat' dir='ltr'><strong>Algyp&#39;to</strong></span> 
     </span>
    </p>
   </div>
   <div class='ocr_carea' id='block_1_46' title="bbox 1998 2178 3098 2233">
    <p class='ocr_par' dir='ltr' id='par_1_46' title="bbox 1998 2178 3098 2233">
     <span class='ocr_line' id='line_1_46' title="bbox 1998 2178 3098 2233; baseline 0.001 -2"><span class='ocrx_word' id='word_1_344' title='bbox 1998 2178 2365 2233; x_wconf 88' lang='lat' dir='ltr'><strong>inchoandum</strong></span> <span class='ocrx_word' id='word_1_345' title='bbox 2402 2186 2576 2232; x_wconf 85' lang='lat' dir='ltr'><strong>ratum</strong></span> <span class='ocrx_word' id='word_1_346' title='bbox 2602 2193 2722 2233; x_wconf 86' lang='lat' dir='ltr'><strong>esse</strong></span> <span class='ocrx_word' id='word_1_347' title='bbox 2748 2178 3098 2233; x_wconf 85' lang='lat' dir='ltr'><strong>arbitramur.</strong></span> 
     </span>
    </p>
   </div>
   <div class='ocr_carea' id='block_1_47' title="bbox 1473 2496 2404 2585">
    <p class='ocr_par' dir='ltr' id='par_1_47' title="bbox 1473 2496 2404 2585">
     <span class='ocr_line' id='line_1_47' title="bbox 1473 2496 2404 2585; baseline -0.006 0"><span class='ocrx_word' id='word_1_348' title='bbox 1473 2507 1771 2585; x_wconf 83' lang='lat' dir='ltr'><strong>LIBER</strong></span> <span class='ocrx_word' id='word_1_349' title='bbox 1847 2496 2404 2583; x_wconf 77' lang='lat' dir='ltr'><strong>SECUNDUS.</strong></span> 
     </span>
    </p>
   </div>
   <div class='ocr_carea' id='block_1_48' title="bbox 1789 2666 2103 2677">
    <p class='ocr_par' dir='ltr' id='par_1_48' title="bbox 1789 2666 2103 2677">
     <span class='ocr_line' id='line_1_48' title="bbox 1789 2666 2103 2677; baseline -0.01 0"><span class='ocrx_word' id='word_1_350' title='bbox 1789 2666 2103 2677; x_wconf 72' lang='lat'><strong>.—</strong></span> 
     </span>
    </p>
   </div>
   <div class='ocr_carea' id='block_1_49' title="bbox 909 2726 1295 2784">
    <p class='ocr_par' dir='ltr' id='par_1_49' title="bbox 909 2726 1295 2784">
     <span class='ocr_line' id='line_1_49' title="bbox 909 2726 1295 2784; baseline -0.003 -2"><span class='ocrx_word' id='word_1_351' title='bbox 909 2726 1295 2784; x_wconf 62' lang='lat' dir='ltr'><strong>PBHSFATIO.</strong></span> 
     </span>
    </p>
   </div>
   <div class='ocr_carea' id='block_1_50' title="bbox 395 2812 1893 2888">
    <p class='ocr_par' dir='ltr' id='par_1_50' title="bbox 395 2812 1893 2888">
     <span class='ocr_line' id='line_1_50' title="bbox 395 2812 1893 2888; baseline 0.003 -21"><span class='ocrx_word' id='word_1_352' title='bbox 395 2812 576 2869; x_wconf 80' lang='lat' dir='ltr'><strong>Omnis</strong></span> <span class='ocrx_word' id='word_1_353' title='bbox 594 2814 866 2887; x_wconf 72' lang='lat' dir='ltr'><strong>Scriptura</strong></span> <span class='ocrx_word' id='word_1_354' title='bbox 896 2818 1141 2872; x_wconf 82' lang='lat' dir='ltr'><strong>divinitus</strong></span> <span class='ocrx_word' id='word_1_355' title='bbox 1170 2820 1431 2883; x_wconf 87' lang='lat' dir='ltr'><strong>instituta,</strong></span> <span class='ocrx_word' id='word_1_356' title='bbox 1449 2818 1740 2873; x_wconf 88' lang='lat' dir='ltr'><strong>secundum</strong></span> <span class='ocrx_word' id='word_1_357' title='bbox 1755 2815 1893 2888; x_wconf 89' lang='lat' dir='ltr'><strong>Apo-</strong></span> 
     </span>
    </p>
   </div>
   <div class='ocr_carea' id='block_1_51' title="bbox 319 2904 1888 2980">
    <p class='ocr_par' dir='ltr' id='par_1_51' title="bbox 319 2904 1888 2980">
     <span class='ocr_line' id='line_1_51' title="bbox 319 2904 1888 2980; baseline 0.002 -22"><span class='ocrx_word' id='word_1_358' title='bbox 319 2904 442 2958; x_wconf 85' lang='lat' dir='ltr'><strong>stoli</strong></span> <span class='ocrx_word' id='word_1_359' title='bbox 473 2907 794 2960; x_wconf 90' lang='lat' dir='ltr'><strong>sententiam</strong></span> <span class='ocrx_word' id='word_1_360' title='bbox 820 2906 905 2977; x_wconf 88' lang='lat' dir='ltr'><strong>(II</strong></span> <span class='ocrx_word' id='word_1_361' title='bbox 932 2906 1065 2962; x_wconf 86' lang='lat' dir='ltr'><strong>Tim.</strong></span> <span class='ocrx_word' id='word_1_362' title='bbox 1096 2907 1203 2980; x_wconf 85' lang='lat' dir='ltr'><strong>tu),</strong></span> <span class='ocrx_word' id='word_1_363' title='bbox 1222 2908 1364 2963; x_wconf 85' lang='lat' dir='ltr'><strong>utilis</strong></span> <span class='ocrx_word' id='word_1_364' title='bbox 1390 2919 1465 2964; x_wconf 84' lang='lat' dir='ltr'><strong>est</strong></span> <span class='ocrx_word' id='word_1_365' title='bbox 1489 2908 1556 2962; x_wconf 86' lang='lat' dir='ltr'><strong>ad</strong></span> <span class='ocrx_word' id='word_1_366' title='bbox 1579 2907 1888 2973; x_wconf 80' lang='lat' dir='ltr'><strong>docendum,</strong></span> 
     </span>
    </p>
   </div>
   <div class='ocr_carea' id='block_1_52' title="bbox 321 2995 1890 3071">
    <p class='ocr_par' dir='ltr' id='par_1_52' title="bbox 321 2995 1890 3071">
     <span class='ocr_line' id='line_1_52' title="bbox 321 2995 1890 3071; baseline 0.004 -23"><span class='ocrx_word' id='word_1_367' title='bbox 321 2995 388 3048; x_wconf 84' lang='lat' dir='ltr'><strong>ad</strong></span> <span class='ocrx_word' id='word_1_368' title='bbox 413 2997 757 3066; x_wconf 80' lang='lat' dir='ltr'><strong>urguendum,</strong></span> <span class='ocrx_word' id='word_1_369' title='bbox 796 2998 864 3052; x_wconf 90' lang='lat' dir='ltr'><strong>ad</strong></span> <span class='ocrx_word' id='word_1_370' title='bbox 914 3001 1301 3071; x_wconf 82' lang='lat' dir='ltr'><strong>corrigendum,</strong></span> <span class='ocrx_word' id='word_1_371' title='bbox 1352 3001 1423 3055; x_wconf 86' lang='lat' dir='ltr'><strong>ad</strong></span> <span class='ocrx_word' id='word_1_372' title='bbox 1466 3000 1807 3055; x_wconf 84' lang='lat' dir='ltr'><strong>erudiendum</strong></span> <span class='ocrx_word' id='word_1_373' title='bbox 1836 3000 1890 3055; x_wconf 91' lang='lat' dir='ltr'><strong>in</strong></span> 
     </span>
    </p>
   </div>
   <div class='ocr_carea' id='block_1_53' title="bbox 314 3082 1889 3160">
    <p class='ocr_par' dir='ltr' id='par_1_53' title="bbox 314 3082 1889 3160">
     <span class='ocr_line' id='line_1_53' title="bbox 314 3082 1889 3160; baseline 0.003 -21"><span class='ocrx_word' id='word_1_374' title='bbox 314 3082 538 3155; x_wconf 77' lang='lat' dir='ltr'><strong>iustitia.</strong></span> <span class='ocrx_word' id='word_1_375' title='bbox 586 3086 923 3156; x_wconf 75' lang='lat' dir='ltr'><strong>Quapropter</strong></span> <span class='ocrx_word' id='word_1_376' title='bbox 952 3091 1193 3160; x_wconf 88' lang='lat' dir='ltr'><strong>quisquis</strong></span> <span class='ocrx_word' id='word_1_377' title='bbox 1215 3090 1433 3145; x_wconf 90' lang='lat' dir='ltr'><strong>sedulus</strong></span> <span class='ocrx_word' id='word_1_378' title='bbox 1458 3105 1642 3145; x_wconf 91' lang='lat' dir='ltr'><strong>earum</strong></span> <span class='ocrx_word' id='word_1_379' title='bbox 1669 3097 1749 3144; x_wconf 89' lang='lat' dir='ltr'><strong>est</strong></span> <span class='ocrx_word' id='word_1_380' title='bbox 1775 3104 1889 3143; x_wconf 88' lang='lat' dir='ltr'><strong>me-</strong></span> 
     </span>
    </p>
   </div>
   <div class='ocr_carea' id='block_1_54' title="bbox 318 3176 1892 3250">
    <p class='ocr_par' dir='ltr' id='par_1_54' title="bbox 318 3176 1892 3250">
     <span class='ocr_line' id='line_1_54' title="bbox 318 3176 1892 3250; baseline 0.003 -21"><span class='ocrx_word' id='word_1_381' title='bbox 318 3176 536 3241; x_wconf 89' lang='lat' dir='ltr'><strong>ditator,</strong></span> <span class='ocrx_word' id='word_1_382' title='bbox 555 3178 872 3246; x_wconf 86' lang='lat' dir='ltr'><strong>interneque</strong></span> <span class='ocrx_word' id='word_1_383' title='bbox 902 3193 996 3233; x_wconf 87' lang='lat' dir='ltr'><strong>eas</strong></span> <span class='ocrx_word' id='word_1_384' title='bbox 1019 3180 1299 3250; x_wconf 89' lang='lat' dir='ltr'><strong>conspicit,</strong></span> <span class='ocrx_word' id='word_1_385' title='bbox 1336 3180 1542 3234; x_wconf 86' lang='lat' dir='ltr'><strong>invenit</strong></span> <span class='ocrx_word' id='word_1_386' title='bbox 1573 3181 1624 3234; x_wconf 93' lang='lat' dir='ltr'><strong>in</strong></span> <span class='ocrx_word' id='word_1_387' title='bbox 1645 3194 1892 3234; x_wconf 89' lang='lat' dir='ltr'><strong>sermone</strong></span> 
     </span>
    </p>
   </div>
   <div class='ocr_carea' id='block_1_55' title="bbox 318 3265 1891 3334">
    <p class='ocr_par' dir='ltr' id='par_1_55' title="bbox 318 3265 1891 3334">
     <span class='ocr_line' id='line_1_55' title="bbox 318 3265 1891 3334; baseline 0.004 -17"><span class='ocrx_word' id='word_1_388' title='bbox 318 3279 481 3319; x_wconf 86' lang='lat' dir='ltr'><strong>suave</strong></span> <span class='ocrx_word' id='word_1_389' title='bbox 519 3265 919 3333; x_wconf 90' lang='lat' dir='ltr'><strong>documentum,</strong></span> <span class='ocrx_word' id='word_1_390' title='bbox 967 3268 1020 3321; x_wconf 91' lang='lat' dir='ltr'><strong>in</strong></span> <span class='ocrx_word' id='word_1_391' title='bbox 1046 3284 1208 3324; x_wconf 89' lang='lat' dir='ltr'><strong>sensu</strong></span> <span class='ocrx_word' id='word_1_392' title='bbox 1238 3270 1454 3325; x_wconf 86' lang='lat' dir='ltr'><strong>salubre</strong></span> <span class='ocrx_word' id='word_1_393' title='bbox 1490 3270 1793 3334; x_wconf 88' lang='lat' dir='ltr'><strong>consilium,</strong></span> <span class='ocrx_word' id='word_1_394' title='bbox 1836 3269 1891 3324; x_wconf 85' lang='lat' dir='ltr'><strong>in</strong></span> 
     </span>
    </p>
   </div>
   <div class='ocr_carea' id='block_1_56' title="bbox 322 3356 1893 3430">
    <p class='ocr_par' dir='ltr' id='par_1_56' title="bbox 322 3356 1893 3430">
     <span class='ocr_line' id='line_1_56' title="bbox 322 3356 1893 3430; baseline 0.003 -21"><span class='ocrx_word' id='word_1_395' title='bbox 322 3356 576 3427; x_wconf 88' lang='lat' dir='ltr'><strong>mysterio</strong></span> <span class='ocrx_word' id='word_1_396' title='bbox 600 3357 916 3413; x_wconf 85' lang='lat' dir='ltr'><strong>honorabile</strong></span> <span class='ocrx_word' id='word_1_397' title='bbox 941 3370 1361 3415; x_wconf 87' lang='lat' dir='ltr'><strong>sacramentum.</strong></span> <span class='ocrx_word' id='word_1_398' title='bbox 1424 3360 1609 3430; x_wconf 81' lang='lat' dir='ltr'><strong>Neque</strong></span> <span class='ocrx_word' id='word_1_399' title='bbox 1632 3359 1773 3414; x_wconf 89' lang='lat' dir='ltr'><strong>enim</strong></span> <span class='ocrx_word' id='word_1_400' title='bbox 1807 3375 1893 3414; x_wconf 84' lang='lat' dir='ltr'><strong>so-</strong></span> 
     </span>
    </p>
   </div>
   <div class='ocr_carea' id='block_1_57' title="bbox 320 3445 1892 3507">
    <p class='ocr_par' dir='ltr' id='par_1_57' title="bbox 320 3445 1892 3507">
     <span class='ocr_line' id='line_1_57' title="bbox 320 3445 1892 3507; baseline 0.004 -9"><span class='ocrx_word' id='word_1_401' title='bbox 320 3445 589 3504; x_wconf 89' lang='lat' dir='ltr'><strong>lummodo</strong></span> <span class='ocrx_word' id='word_1_402' title='bbox 612 3448 804 3505; x_wconf 86' lang='lat' dir='ltr'><strong>suﬁicit</strong></span> <span class='ocrx_word' id='word_1_403' title='bbox 834 3450 1122 3507; x_wconf 84' lang='lat' dir='ltr'><strong>lectoribus</strong></span> <span class='ocrx_word' id='word_1_404' title='bbox 1159 3452 1461 3506; x_wconf 89' lang='lat' dir='ltr'><strong>divinorum</strong></span> <span class='ocrx_word' id='word_1_405' title='bbox 1490 3451 1748 3506; x_wconf 84' lang='lat' dir='ltr'><strong>librorum</strong></span> <span class='ocrx_word' id='word_1_406' title='bbox 1771 3467 1892 3506; x_wconf 83' lang='lat' dir='ltr'><strong>sen-</strong></span> 
     </span>
    </p>
   </div>
   <div class='ocr_carea' id='block_1_58' title="bbox 318 3539 1893 3614">
    <p class='ocr_par' dir='ltr' id='par_1_58' title="bbox 318 3539 1893 3614">
     <span class='ocr_line' id='line_1_58' title="bbox 318 3539 1893 3614; baseline 0.003 -23"><span class='ocrx_word' id='word_1_407' title='bbox 318 3552 410 3592; x_wconf 89' lang='lat' dir='ltr'><strong>sus</strong></span> <span class='ocrx_word' id='word_1_408' title='bbox 459 3539 768 3606; x_wconf 88' lang='lat' dir='ltr'><strong>historicus,</strong></span> <span class='ocrx_word' id='word_1_409' title='bbox 797 3544 889 3597; x_wconf 77' lang='lat' dir='ltr'><strong>sel</strong></span> <span class='ocrx_word' id='word_1_410' title='bbox 920 3544 1080 3597; x_wconf 88' lang='lat' dir='ltr'><strong>etiam</strong></span> <span class='ocrx_word' id='word_1_411' title='bbox 1130 3543 1419 3614; x_wconf 81' lang='lat' dir='ltr'><strong>diligenter</strong></span> <span class='ocrx_word' id='word_1_412' title='bbox 1463 3542 1543 3596; x_wconf 84' lang='lat' dir='ltr'><strong>eis</strong></span> <span class='ocrx_word' id='word_1_413' title='bbox 1589 3550 1672 3596; x_wconf 89' lang='lat' dir='ltr'><strong>est</strong></span> <span class='ocrx_word' id='word_1_414' title='bbox 1715 3542 1893 3596; x_wconf 83' lang='lat' dir='ltr'><strong>consi—</strong></span> 
     </span>
    </p>
   </div>
   <div class='ocr_carea' id='block_1_59' title="bbox 317 3626 1890 3705">
    <p class='ocr_par' dir='ltr' id='par_1_59' title="bbox 317 3626 1890 3705">
     <span class='ocr_line' id='line_1_59' title="bbox 317 3626 1890 3705; baseline 0.004 -25"><span class='ocrx_word' id='word_1_415' title='bbox 317 3626 610 3683; x_wconf 85' lang='lat' dir='ltr'><strong>derandum</strong></span> <span class='ocrx_word' id='word_1_416' title='bbox 627 3632 753 3700; x_wconf 88' lang='lat' dir='ltr'><strong>quid</strong></span> <span class='ocrx_word' id='word_1_417' title='bbox 775 3648 870 3702; x_wconf 87' lang='lat' dir='ltr'><strong>per</strong></span> <span class='ocrx_word' id='word_1_418' title='bbox 893 3633 1202 3705; x_wconf 80' lang='lat' dir='ltr'><strong>allegoriam</strong></span> <span class='ocrx_word' id='word_1_419' title='bbox 1239 3636 1318 3690; x_wconf 91' lang='lat' dir='ltr'><strong>eis</strong></span> <span class='ocrx_word' id='word_1_420' title='bbox 1341 3633 1687 3703; x_wconf 86' lang='lat' dir='ltr'><strong>propheticus</strong></span> <span class='ocrx_word' id='word_1_421' title='bbox 1713 3648 1890 3687; x_wconf 88' lang='lat' dir='ltr'><strong>sermo</strong></span> 
     </span>
    </p>
   </div>
   <div class='ocr_carea' id='block_1_60' title="bbox 320 3713 1894 3794">
    <p class='ocr_par' dir='ltr' id='par_1_60' title="bbox 320 3713 1894 3794">
     <span class='ocr_line' id='line_1_60' title="bbox 320 3713 1894 3794; baseline 0.006 -25"><span class='ocrx_word' id='word_1_422' title='bbox 320 3713 541 3774; x_wconf 86' lang='lat' dir='ltr'><strong>innuere</strong></span> <span class='ocrx_word' id='word_1_423' title='bbox 586 3720 753 3776; x_wconf 81' lang='lat' dir='ltr'><strong>velit:</strong></span> <span class='ocrx_word' id='word_1_424' title='bbox 790 3724 928 3778; x_wconf 89' lang='lat' dir='ltr'><strong>sicut</strong></span> <span class='ocrx_word' id='word_1_425' title='bbox 961 3725 1011 3777; x_wconf 83' lang='lat' dir='ltr'><strong>in</strong></span> <span class='ocrx_word' id='word_1_426' title='bbox 1042 3724 1294 3794; x_wconf 77' lang='lat' dir='ltr'><strong>prmsenti</strong></span> <span class='ocrx_word' id='word_1_427' title='bbox 1329 3724 1487 3787; x_wconf 80' lang='lat' dir='ltr'><strong>libro,</strong></span> <span class='ocrx_word' id='word_1_428' title='bbox 1535 3724 1750 3793; x_wconf 85' lang='lat' dir='ltr'><strong>quando</strong></span> <span class='ocrx_word' id='word_1_429' title='bbox 1796 3739 1894 3793; x_wconf 87' lang='lat' dir='ltr'><strong>per</strong></span> 
     </span>
    </p>
   </div>
   <div class='ocr_carea' id='block_1_61' title="bbox 318 3803 1890 3883">
    <p class='ocr_par' dir='ltr' id='par_1_61' title="bbox 318 3803 1890 3883">
     <span class='ocr_line' id='line_1_61' title="bbox 318 3803 1890 3883; baseline 0.005 -25"><span class='ocrx_word' id='word_1_430' title='bbox 318 3803 595 3863; x_wconf 79' lang='lat' dir='ltr'><strong>historiam</strong></span> <span class='ocrx_word' id='word_1_431' title='bbox 634 3811 963 3867; x_wconf 88' lang='lat' dir='ltr'><strong>audierimus</strong></span> <span class='ocrx_word' id='word_1_432' title='bbox 996 3822 1215 3883; x_wconf 88' lang='lat' dir='ltr'><strong>propter</strong></span> <span class='ocrx_word' id='word_1_433' title='bbox 1248 3813 1621 3867; x_wconf 74' lang='lat' dir='ltr'><strong>crudelitatem</strong></span> <span class='ocrx_word' id='word_1_434' title='bbox 1652 3822 1890 3866; x_wconf 80' lang='lat' dir='ltr'><strong>exertam</strong></span> 
     </span>
    </p>
   </div>
   <div class='ocr_carea' id='block_1_62' title="bbox 320 3894 1891 3968">
    <p class='ocr_par' dir='ltr' id='par_1_62' title="bbox 320 3894 1891 3968">
     <span class='ocr_line' id='line_1_62' title="bbox 320 3894 1891 3968; baseline 0.004 -22"><span class='ocrx_word' id='word_1_435' title='bbox 320 3896 373 3947; x_wconf 91' lang='lat' dir='ltr'><strong>in</strong></span> <span class='ocrx_word' id='word_1_436' title='bbox 407 3894 544 3950; x_wconf 86' lang='lat' dir='ltr'><strong>ﬁlios</strong></span> <span class='ocrx_word' id='word_1_437' title='bbox 572 3897 759 3962; x_wconf 90' lang='lat' dir='ltr'><strong>Israel,</strong></span> <span class='ocrx_word' id='word_1_438' title='bbox 789 3907 843 3953; x_wconf 91' lang='lat' dir='ltr'><strong>et</strong></span> <span class='ocrx_word' id='word_1_439' title='bbox 871 3909 1091 3968; x_wconf 89' lang='lat' dir='ltr'><strong>propter</strong></span> <span class='ocrx_word' id='word_1_440' title='bbox 1127 3900 1544 3953; x_wconf 68' lang='lat' dir='ltr'><strong>inobedientiam</strong></span> <span class='ocrx_word' id='word_1_441' title='bbox 1578 3914 1681 3968; x_wconf 85' lang='lat' dir='ltr'><strong>qua</strong></span> <span class='ocrx_word' id='word_1_442' title='bbox 1710 3899 1891 3953; x_wconf 89' lang='lat' dir='ltr'><strong>divino</strong></span> 
     </span>
    </p>
   </div>
   <div class='ocr_carea' id='block_1_63' title="bbox 319 3983 1889 4058">
    <p class='ocr_par' dir='ltr' id='par_1_63' title="bbox 319 3983 1889 4058">
     <span class='ocr_line' id='line_1_63' title="bbox 319 3983 1889 4058; baseline 0.004 -25"><span class='ocrx_word' id='word_1_443' title='bbox 319 3983 544 4051; x_wconf 89' lang='lat' dir='ltr'><strong>imperio</strong></span> <span class='ocrx_word' id='word_1_444' title='bbox 577 3986 831 4039; x_wconf 88' lang='lat' dir='ltr'><strong>contrarii</strong></span> <span class='ocrx_word' id='word_1_445' title='bbox 855 3988 1194 4050; x_wconf 77' lang='lat' dir='ltr'><strong>exstiterunt,</strong></span> <span class='ocrx_word' id='word_1_446' title='bbox 1232 3987 1511 4058; x_wconf 73' lang='lat' dir='ltr'><strong>AZgyptios</strong></span> <span class='ocrx_word' id='word_1_447' title='bbox 1536 3985 1736 4053; x_wconf 86' lang='lat' dir='ltr'><strong>justam</strong></span> <span class='ocrx_word' id='word_1_448' title='bbox 1765 3987 1889 4056; x_wconf 87' lang='lat' dir='ltr'><strong>pro-</strong></span> 
     </span>
    </p>
   </div>
   <div class='ocr_carea' id='block_1_64' title="bbox 319 4072 1893 4146">
    <p class='ocr_par' dir='ltr' id='par_1_64' title="bbox 319 4072 1893 4146">
     <span class='ocr_line' id='line_1_64' title="bbox 319 4072 1893 4146; baseline 0.005 -24"><span class='ocrx_word' id='word_1_449' title='bbox 319 4072 576 4126; x_wconf 85' lang='lat' dir='ltr'><strong>meruisse</strong></span> <span class='ocrx_word' id='word_1_450' title='bbox 605 4073 916 4140; x_wconf 81' lang='lat' dir='ltr'><strong>vindictam,</strong></span> <span class='ocrx_word' id='word_1_451' title='bbox 939 4074 1177 4146; x_wconf 79' lang='lat' dir='ltr'><strong>cogitare</strong></span> <span class='ocrx_word' id='word_1_452' title='bbox 1212 4076 1468 4130; x_wconf 78' lang='lat' dir='ltr'><strong>debemus</strong></span> <span class='ocrx_word' id='word_1_453' title='bbox 1501 4091 1689 4129; x_wconf 87' lang='lat' dir='ltr'><strong>eormn</strong></span> <span class='ocrx_word' id='word_1_454' title='bbox 1720 4075 1893 4130; x_wconf 82' lang='lat' dir='ltr'><strong>Israe-</strong></span> 
     </span>
    </p>
   </div>
   <div class='ocr_carea' id='block_1_65' title="bbox 320 4160 1894 4236">
    <p class='ocr_par' dir='ltr' id='par_1_65' title="bbox 320 4160 1894 4236">
     <span class='ocr_line' id='line_1_65' title="bbox 320 4160 1894 4236; baseline 0.003 -25"><span class='ocrx_word' id='word_1_455' title='bbox 320 4160 532 4215; x_wconf 85' lang='lat' dir='ltr'><strong>litarum</strong></span> <span class='ocrx_word' id='word_1_456' title='bbox 560 4162 928 4219; x_wconf 84' lang='lat' dir='ltr'><strong>liberationem</strong></span> <span class='ocrx_word' id='word_1_457' title='bbox 962 4165 1027 4219; x_wconf 88' lang='lat' dir='ltr'><strong>de</strong></span> <span class='ocrx_word' id='word_1_458' title='bbox 1053 4165 1317 4235; x_wconf 88' lang='lat' dir='ltr'><strong>spirituali</strong></span> <span class='ocrx_word' id='word_1_459' title='bbox 1354 4164 1608 4236; x_wconf 53' lang='lat' dir='ltr'><strong>ngypto,</strong></span> <span class='ocrx_word' id='word_1_460' title='bbox 1640 4174 1695 4219; x_wconf 89' lang='lat' dir='ltr'><strong>et</strong></span> <span class='ocrx_word' id='word_1_461' title='bbox 1727 4166 1894 4220; x_wconf 84' lang='lat' dir='ltr'><strong>intro-</strong></span> 
     </span>
    </p>
   </div>
   <div class='ocr_carea' id='block_1_66' title="bbox 318 4249 1892 4328">
    <p class='ocr_par' dir='ltr' id='par_1_66' title="bbox 318 4249 1892 4328">
     <span class='ocr_line' id='line_1_66' title="bbox 318 4249 1892 4328; baseline 0.005 -25"><span class='ocrx_word' id='word_1_462' title='bbox 318 4249 619 4307; x_wconf 88' lang='lat' dir='ltr'><strong>ductionem</strong></span> <span class='ocrx_word' id='word_1_463' title='bbox 650 4254 703 4309; x_wconf 90' lang='lat' dir='ltr'><strong>in</strong></span> <span class='ocrx_word' id='word_1_464' title='bbox 745 4262 944 4309; x_wconf 90' lang='lat' dir='ltr'><strong>terram</strong></span> <span class='ocrx_word' id='word_1_465' title='bbox 974 4258 1428 4328; x_wconf 88' lang='lat' dir='ltr'><strong>repromissionis,</strong></span> <span class='ocrx_word' id='word_1_466' title='bbox 1458 4258 1547 4311; x_wconf 37' lang='lat' dir='ltr'><strong>ulli</strong></span> <span class='ocrx_word' id='word_1_467' title='bbox 1578 4257 1679 4311; x_wconf 85' lang='lat' dir='ltr'><strong>mel</strong></span> <span class='ocrx_word' id='word_1_468' title='bbox 1726 4267 1779 4311; x_wconf 90' lang='lat' dir='ltr'><strong>et</strong></span> <span class='ocrx_word' id='word_1_469' title='bbox 1810 4257 1892 4311; x_wconf 91' lang='lat' dir='ltr'><strong>lac</strong></span> 
     </span>
    </p>
   </div>
   <div class='ocr_carea' id='block_1_67' title="bbox 316 4341 1891 4418">
    <p class='ocr_par' dir='ltr' id='par_1_67' title="bbox 316 4341 1891 4418">
     <span class='ocr_line' id='line_1_67' title="bbox 316 4341 1891 4418; baseline 0.005 -25"><span class='ocrx_word' id='word_1_470' title='bbox 316 4341 593 4408; x_wconf 88' lang='lat' dir='ltr'><strong>spirituale</strong></span> <span class='ocrx_word' id='word_1_471' title='bbox 618 4346 900 4402; x_wconf 88' lang='lat' dir='ltr'><strong>credentes</strong></span> <span class='ocrx_word' id='word_1_472' title='bbox 945 4348 1144 4418; x_wconf 89' lang='lat' dir='ltr'><strong>quique</strong></span> <span class='ocrx_word' id='word_1_473' title='bbox 1190 4347 1512 4403; x_wconf 84' lang='lat' dir='ltr'><strong>sullicienter</strong></span> <span class='ocrx_word' id='word_1_474' title='bbox 1548 4347 1891 4418; x_wconf 89' lang='lat' dir='ltr'><strong>percipiunt;</strong></span> 
     </span>
    </p>
   </div>
   <div class='ocr_carea' id='block_1_68' title="bbox 320 4433 1969 4533">
    <p class='ocr_par' dir='ltr' id='par_1_68' title="bbox 320 4433 1969 4533">
     <span class='ocr_line' id='line_1_68' title="bbox 320 4433 1969 4533; baseline 0.007 -50"><span class='ocrx_word' id='word_1_475' title='bbox 320 4433 658 4503; x_wconf 86' lang='lat' dir='ltr'><strong>hostiumque</strong></span> <span class='ocrx_word' id='word_1_476' title='bbox 713 4438 1069 4506; x_wconf 88' lang='lat' dir='ltr'><strong>spiritualium</strong></span> <span class='ocrx_word' id='word_1_477' title='bbox 1107 4440 1161 4494; x_wconf 92' lang='lat' dir='ltr'><strong>in</strong></span> <span class='ocrx_word' id='word_1_478' title='bbox 1198 4441 1538 4510; x_wconf 79' lang='lat' dir='ltr'><strong>baptismatis</strong></span> <span class='ocrx_word' id='word_1_479' title='bbox 1570 4441 1709 4495; x_wconf 89' lang='lat' dir='ltr'><strong>unda</strong></span> <span class='ocrx_word' id='word_1_480' title='bbox 1736 4480 1749 4502; x_wconf 88' lang='lat'><strong>,</strong></span> <span class='ocrx_word' id='word_1_481' title='bbox 1795 4456 1892 4510; x_wconf 86' lang='lat' dir='ltr'><strong>per</strong></span> <span class='ocrx_word' id='word_1_482' title='bbox 1915 4474 1969 4533; x_wconf 69' lang='grc' dir='ltr'><strong>Ι)</strong></span> 
     </span>
    </p>
   </div>
   <div class='ocr_carea' id='block_1_69' title="bbox 319 4525 1885 4595">
    <p class='ocr_par' dir='ltr' id='par_1_69' title="bbox 319 4525 1885 4595">
     <span class='ocr_line' id='line_1_69' title="bbox 319 4525 1885 4595; baseline 0.005 -22"><span class='ocrx_word' id='word_1_483' title='bbox 319 4536 535 4575; x_wconf 89' lang='lat' dir='ltr'><strong>manum</strong></span> <span class='ocrx_word' id='word_1_484' title='bbox 563 4525 947 4594; x_wconf 87' lang='lat' dir='ltr'><strong>omnipotentis</strong></span> <span class='ocrx_word' id='word_1_485' title='bbox 977 4528 1091 4591; x_wconf 89' lang='lat' dir='ltr'><strong>Dei,</strong></span> <span class='ocrx_word' id='word_1_486' title='bbox 1147 4529 1378 4583; x_wconf 82' lang='lat' dir='ltr'><strong>validam</strong></span> <span class='ocrx_word' id='word_1_487' title='bbox 1410 4530 1839 4583; x_wconf 83' lang='lat' dir='ltr'><strong>interfectionem</strong></span> <span class='ocrx_word' id='word_1_488' title='bbox 1871 4549 1885 4595; x_wconf 88' lang='lat'><strong>;</strong></span> 
     </span>
    </p>
   </div>
   <div class='ocr_carea' id='block_1_70' title="bbox 319 4612 1892 4688">
    <p class='ocr_par' dir='ltr' id='par_1_70' title="bbox 319 4612 1892 4688">
     <span class='ocr_line' id='line_1_70' title="bbox 319 4612 1892 4688; baseline 0.005 -24"><span class='ocrx_word' id='word_1_489' title='bbox 319 4620 375 4665; x_wconf 93' lang='lat' dir='ltr'><strong>ut</strong></span> <span class='ocrx_word' id='word_1_490' title='bbox 400 4612 450 4665; x_wconf 92' lang='lat' dir='ltr'><strong>in</strong></span> <span class='ocrx_word' id='word_1_491' title='bbox 473 4613 557 4667; x_wconf 88' lang='lat' dir='ltr'><strong>his</strong></span> <span class='ocrx_word' id='word_1_492' title='bbox 569 4614 820 4669; x_wconf 91' lang='lat' dir='ltr'><strong>omnibus</strong></span> <span class='ocrx_word' id='word_1_493' title='bbox 848 4617 1115 4679; x_wconf 87' lang='lat' dir='ltr'><strong>instructi,</strong></span> <span class='ocrx_word' id='word_1_494' title='bbox 1133 4620 1304 4686; x_wconf 89' lang='lat' dir='ltr'><strong>parati</strong></span> <span class='ocrx_word' id='word_1_495' title='bbox 1329 4618 1488 4671; x_wconf 87' lang='lat' dir='ltr'><strong>simul</strong></span> <span class='ocrx_word' id='word_1_496' title='bbox 1508 4620 1572 4671; x_wconf 86' lang='lat' dir='ltr'><strong>ad</strong></span> <span class='ocrx_word' id='word_1_497' title='bbox 1586 4634 1742 4672; x_wconf 91' lang='lat' dir='ltr'><strong>omne</strong></span> <span class='ocrx_word' id='word_1_498' title='bbox 1758 4634 1892 4688; x_wconf 82' lang='lat' dir='ltr'><strong>epos</strong></span> 
     </span>
    </p>
   </div>
   <div class='ocr_carea' id='block_1_71' title="bbox 319 4705 1894 4779">
    <p class='ocr_par' dir='ltr' id='par_1_71' title="bbox 319 4705 1894 4779">
     <span class='ocr_line' id='line_1_71' title="bbox 319 4705 1894 4779; baseline 0.003 -22"><span class='ocrx_word' id='word_1_499' title='bbox 319 4706 536 4758; x_wconf 85' lang='lat' dir='ltr'><strong>bonum.</strong></span> <span class='ocrx_word' id='word_1_500' title='bbox 569 4705 696 4760; x_wconf 81' lang='lat' dir='ltr'><strong>Post</strong></span> <span class='ocrx_word' id='word_1_501' title='bbox 723 4710 1289 4763; x_wconf 80' lang='lat' dir='ltr'><strong>commemoratimtem</strong></span> <span class='ocrx_word' id='word_1_502' title='bbox 1316 4726 1444 4779; x_wconf 81' lang='lat' dir='ltr'><strong>ergo</strong></span> <span class='ocrx_word' id='word_1_503' title='bbox 1466 4709 1894 4777; x_wconf 73' lang='lat' dir='ltr'><strong>Paselue,scqt:i-</strong></span> 
     </span>
    </p>
   </div>
   <div class='ocr_carea' id='block_1_72' title="bbox 320 4797 1893 4869">
    <p class='ocr_par' dir='ltr' id='par_1_72' title="bbox 320 4797 1893 4869">
     <span class='ocr_line' id='line_1_72' title="bbox 320 4797 1893 4869; baseline 0.004 -23"><span class='ocrx_word' id='word_1_504' title='bbox 320 4803 406 4847; x_wconf 91' lang='lat' dir='ltr'><strong>tur</strong></span> <span class='ocrx_word' id='word_1_505' title='bbox 435 4810 613 4849; x_wconf 88' lang='lat' dir='ltr'><strong>sermo</strong></span> <span class='ocrx_word' id='word_1_506' title='bbox 627 4797 690 4852; x_wconf 87' lang='lat' dir='ltr'><strong>de</strong></span> <span class='ocrx_word' id='word_1_507' title='bbox 724 4799 951 4852; x_wconf 89' lang='lat' dir='ltr'><strong>transitu</strong></span> <span class='ocrx_word' id='word_1_508' title='bbox 976 4799 1207 4853; x_wconf 86' lang='lat' dir='ltr'><strong>ﬁliorum</strong></span> <span class='ocrx_word' id='word_1_509' title='bbox 1221 4798 1385 4854; x_wconf 89' lang='lat' dir='ltr'><strong>Israel</strong></span> <span class='ocrx_word' id='word_1_510' title='bbox 1411 4813 1475 4853; x_wconf 78' lang='lat' dir='ltr'><strong>ex</strong></span> <span class='ocrx_word' id='word_1_511' title='bbox 1496 4797 1745 4869; x_wconf 69' lang='lat' dir='ltr'><strong>Aigypto,</strong></span> <span class='ocrx_word' id='word_1_512' title='bbox 1768 4814 1893 4867; x_wconf 80' lang='lat' dir='ltr'><strong>pro-</strong></span> 
     </span>
    </p>
   </div>
   <div class='ocr_carea' id='block_1_73' title="bbox 319 4888 578 4942">
    <p class='ocr_par' dir='ltr' id='par_1_73' title="bbox 319 4888 578 4942">
     <span class='ocr_line' id='line_1_73' title="bbox 319 4888 578 4942; baseline 0.012 -3"><span class='ocrx_word' id='word_1_513' title='bbox 319 4888 457 4941; x_wconf 81' lang='lat' dir='ltr'><strong>latus</strong></span> <span class='ocrx_word' id='word_1_514' title='bbox 487 4889 578 4942; x_wconf 82' lang='lat' dir='ltr'><strong>ita.</strong></span> 
     </span>
    </p>
   </div>
   <div class='ocr_carea' id='block_1_74' title="bbox 827 4978 1383 5036">
    <p class='ocr_par' dir='ltr' id='par_1_74' title="bbox 827 4978 1383 5036">
     <span class='ocr_line' id='line_1_74' title="bbox 827 4978 1383 5036; baseline -0.005 0"><span class='ocrx_word' id='word_1_515' title='bbox 827 4981 1053 5036; x_wconf 85' lang='lat' dir='ltr'><strong>CAPUT</strong></span> <span class='ocrx_word' id='word_1_516' title='bbox 1094 4978 1383 5036; x_wconf 75' lang='lat' dir='ltr'><strong>PRIMUM.</strong></span> 
     </span>
    </p>
   </div>
   <div class='ocr_carea' id='block_1_75' title="bbox 318 5086 1890 5161">
    <p class='ocr_par' dir='ltr' id='par_1_75' title="bbox 318 5086 1890 5161">
     <span class='ocr_line' id='line_1_75' title="bbox 318 5086 1890 5161; baseline 0 -17"><span class='ocrx_word' id='word_1_517' title='bbox 318 5086 395 5144; x_wconf 85' lang='lat' dir='ltr'><strong>De</strong></span> <span class='ocrx_word' id='word_1_518' title='bbox 427 5090 742 5161; x_wconf 71' lang='lat' dir='ltr'><strong>profectione</strong></span> <span class='ocrx_word' id='word_1_519' title='bbox 767 5090 995 5159; x_wconf 83' lang='lat' dir='ltr'><strong>ﬁliorum</strong></span> <span class='ocrx_word' id='word_1_520' title='bbox 1024 5090 1194 5144; x_wconf 86' lang='lat' dir='ltr'><strong>Israel</strong></span> <span class='ocrx_word' id='word_1_521' title='bbox 1215 5107 1280 5145; x_wconf 71' lang='lat' dir='ltr'><strong>ex</strong></span> <span class='ocrx_word' id='word_1_522' title='bbox 1302 5090 1531 5161; x_wconf 70' lang='lat' dir='ltr'><strong>/Eggpto</strong></span> <span class='ocrx_word' id='word_1_523' title='bbox 1552 5091 1616 5143; x_wconf 87' lang='lat' dir='ltr'><strong>de</strong></span> <span class='ocrx_word' id='word_1_524' title='bbox 1644 5089 1890 5144; x_wconf 78' lang='lat' dir='ltr'><strong>Ramesse</strong></span> 
     </span>
    </p>
   </div>
   <div class='ocr_carea' id='block_1_76' title="bbox 388 5158 1891 5231">
    <p class='ocr_par' dir='ltr' id='par_1_76' title="bbox 388 5158 1891 5231">
     <span class='ocr_line' id='line_1_76' title="bbox 388 5158 1891 5231; baseline 0.001 -19"><span class='ocrx_word' id='word_1_525' title='bbox 388 5158 442 5214; x_wconf 78' lang='lat' dir='ltr'><strong>in</strong></span> <span class='ocrx_word' id='word_1_526' title='bbox 478 5158 845 5231; x_wconf 76' lang='lat' dir='ltr'><strong>Socotliprinta</strong></span> <span class='ocrx_word' id='word_1_527' title='bbox 875 5161 1172 5225; x_wconf 81' lang='lat' dir='ltr'><strong>mansione;</strong></span> <span class='ocrx_word' id='word_1_528' title='bbox 1198 5171 1245 5214; x_wconf 88' lang='lat' dir='ltr'><strong>et</strong></span> <span class='ocrx_word' id='word_1_529' title='bbox 1275 5158 1708 5215; x_wconf 16' lang='lat' dir='ltr'><strong>rituil’asclueibi</strong></span> <span class='ocrx_word' id='word_1_530' title='bbox 1734 5177 1891 5231; x_wconf 68' lang='lat' dir='ltr'><strong>expo-</strong></span> 
     </span>
    </p>
   </div>
   <div class='ocr_carea' id='block_1_77' title="bbox 387 5231 865 5301">
    <p class='ocr_par' dir='ltr' id='par_1_77' title="bbox 387 5231 865 5301">
     <span class='ocr_line' id='line_1_77' title="bbox 387 5231 865 5301; baseline 0.002 -18"><span class='ocrx_word' id='word_1_531' title='bbox 387 5232 485 5283; x_wconf 87' lang='lat' dir='ltr'><strong>sito</strong></span> <span class='ocrx_word' id='word_1_532' title='bbox 511 5247 601 5301; x_wconf 88' lang='lat' dir='ltr'><strong>per</strong></span> <span class='ocrx_word' id='word_1_533' title='bbox 630 5231 865 5300; x_wconf 81' lang='lat' dir='ltr'><strong>Moysen.</strong></span> 
     </span>
    </p>
   </div>
   <div class='ocr_carea' id='block_1_78' title="bbox 390 5343 1889 5417">
    <p class='ocr_par' dir='ltr' id='par_1_78' title="bbox 390 5343 1889 5417">
     <span class='ocr_line' id='line_1_78' title="bbox 390 5343 1889 5417; baseline 0.003 -20"><span class='ocrx_word' id='word_1_534' title='bbox 390 5343 720 5417; x_wconf 78' lang='lat' dir='ltr'><strong>Profectique</strong></span> <span class='ocrx_word' id='word_1_535' title='bbox 743 5355 861 5400; x_wconf 86' lang='lat' dir='ltr'><strong>sunt</strong></span> <span class='ocrx_word' id='word_1_536' title='bbox 895 5345 992 5415; x_wconf 84' lang='lat' dir='ltr'><strong>ﬁlii</strong></span> <span class='ocrx_word' id='word_1_537' title='bbox 1015 5344 1185 5400; x_wconf 84' lang='lat' dir='ltr'><strong>Israel</strong></span> <span class='ocrx_word' id='word_1_538' title='bbox 1232 5346 1294 5400; x_wconf 88' lang='lat' dir='ltr'><strong>de</strong></span> <span class='ocrx_word' id='word_1_539' title='bbox 1320 5346 1560 5401; x_wconf 65' lang='lat' dir='ltr'><strong>[Ramesse</strong></span> <span class='ocrx_word' id='word_1_540' title='bbox 1592 5348 1646 5400; x_wconf 87' lang='lat' dir='ltr'><strong>in</strong></span> <span class='ocrx_word' id='word_1_541' title='bbox 1674 5346 1889 5413; x_wconf 84' lang='lat' dir='ltr'><strong>Socoth,</strong></span> 
     </span>
    </p>
   </div>
   <div class='ocr_carea' id='block_1_79' title="bbox 318 5435 1888 5508">
    <p class='ocr_par' dir='ltr' id='par_1_79' title="bbox 318 5435 1888 5508">
     <span class='ocr_line' id='line_1_79' title="bbox 318 5435 1888 5508; baseline 0 -18"><span class='ocrx_word' id='word_1_542' title='bbox 318 5447 557 5491; x_wconf 73' lang='lat' dir='ltr'><strong>sexcenta</strong></span> <span class='ocrx_word' id='word_1_543' title='bbox 588 5437 748 5507; x_wconf 78' lang='lat' dir='ltr'><strong>ferme</strong></span> <span class='ocrx_word' id='word_1_544' title='bbox 794 5435 960 5491; x_wconf 81' lang='lat' dir='ltr'><strong>millia</strong></span> <span class='ocrx_word' id='word_1_545' title='bbox 990 5435 1222 5506; x_wconf 83' lang='lat' dir='ltr'><strong>peditum</strong></span> <span class='ocrx_word' id='word_1_546' title='bbox 1252 5438 1503 5503; x_wconf 87' lang='lat' dir='ltr'><strong>virorum,</strong></span> <span class='ocrx_word' id='word_1_547' title='bbox 1550 5438 1740 5508; x_wconf 83' lang='lat' dir='ltr'><strong>absque</strong></span> <span class='ocrx_word' id='word_1_548' title='bbox 1763 5455 1888 5507; x_wconf 86' lang='lat' dir='ltr'><strong>par-</strong></span> 
     </span>
    </p>
   </div>
   <div class='ocr_carea' id='block_1_80' title="bbox 319 5527 1887 5599">
    <p class='ocr_par' dir='ltr' id='par_1_80' title="bbox 319 5527 1887 5599">
     <span class='ocr_line' id='line_1_80' title="bbox 319 5527 1887 5599; baseline -0.002 -15"><span class='ocrx_word' id='word_1_549' title='bbox 319 5528 451 5584; x_wconf 76' lang='lat' dir='ltr'><strong>vulis</strong></span> <span class='ocrx_word' id='word_1_550' title='bbox 497 5539 543 5583; x_wconf 87' lang='lat' dir='ltr'><strong>et</strong></span> <span class='ocrx_word' id='word_1_551' title='bbox 577 5530 912 5594; x_wconf 85' lang='lat' dir='ltr'><strong>mulieribus;</strong></span> <span class='ocrx_word' id='word_1_552' title='bbox 943 5528 1032 5584; x_wconf 85' lang='lat' dir='ltr'><strong>sed</strong></span> <span class='ocrx_word' id='word_1_553' title='bbox 1058 5537 1104 5583; x_wconf 86' lang='lat' dir='ltr'><strong>et</strong></span> <span class='ocrx_word' id='word_1_554' title='bbox 1129 5527 1309 5599; x_wconf 86' lang='lat' dir='ltr'><strong>vulgus</strong></span> <span class='ocrx_word' id='word_1_555' title='bbox 1344 5530 1695 5598; x_wconf 80' lang='lat' dir='ltr'><strong>promiscuum</strong></span> <span class='ocrx_word' id='word_1_556' title='bbox 1737 5530 1887 5583; x_wconf 87' lang='lat' dir='ltr'><strong>innu-</strong></span> 
     </span>
    </p>
   </div>
   <div class='ocr_carea' id='block_1_81' title="bbox 322 5619 1862 5691">
    <p class='ocr_par' dir='ltr' id='par_1_81' title="bbox 322 5619 1862 5691">
     <span class='ocr_line' id='line_1_81' title="bbox 322 5619 1862 5691; baseline -0.002 -18"><span class='ocrx_word' id='word_1_557' title='bbox 322 5619 569 5673; x_wconf 80' lang='lat' dir='ltr'><strong>merabile</strong></span> <span class='ocrx_word' id='word_1_558' title='bbox 598 5623 826 5676; x_wconf 82' lang='lat' dir='ltr'><strong>ascendit</strong></span> <span class='ocrx_word' id='word_1_559' title='bbox 854 5639 968 5677; x_wconf 77' lang='lat' dir='ltr'><strong>cum</strong></span> <span class='ocrx_word' id='word_1_560' title='bbox 992 5623 1064 5676; x_wconf 83' lang='lat' dir='ltr'><strong>eis</strong></span> <span class='ocrx_word' id='word_1_561' title='bbox 1080 5620 1272 5691; x_wconf 67' lang='lat' dir='ltr'><strong>(Exod.</strong></span> <span class='ocrx_word' id='word_1_562' title='bbox 1291 5620 1409 5690; x_wconf 76' lang='lat' dir='ltr'><strong>xu).</strong></span> <span class='ocrx_word' id='word_1_563' title='bbox 1454 5619 1559 5691; x_wconf 60' lang='lat' dir='ltr'><strong>(Iit</strong></span> <span class='ocrx_word' id='word_1_564' title='bbox 1577 5622 1862 5674; x_wconf 80' lang='lat' dir='ltr'><strong>.-lmhrosin.</strong></span> 
     </span>
    </p>
   </div>
   <div class='ocr_carea' id='block_1_82' title="bbox 1996 2715 3570 2790">
    <p class='ocr_par' dir='ltr' id='par_1_82' title="bbox 1996 2715 3570 2790">
     <span class='ocr_line' id='line_1_82' title="bbox 1996 2715 3570 2790; baseline -0.006 -11"><span class='ocrx_word' id='word_1_565' title='bbox 1996 2724 2335 2781; x_wconf 78' lang='lat' dir='ltr'><strong>Manifestum</strong></span> <span class='ocrx_word' id='word_1_566' title='bbox 2365 2731 2448 2778; x_wconf 89' lang='lat' dir='ltr'><strong>est</strong></span> <span class='ocrx_word' id='word_1_567' title='bbox 2486 2723 2731 2776; x_wconf 86' lang='lat' dir='ltr'><strong>homines</strong></span> <span class='ocrx_word' id='word_1_568' title='bbox 2760 2719 3111 2790; x_wconf 81' lang='lat' dir='ltr'><strong>signiﬁcatos,</strong></span> <span class='ocrx_word' id='word_1_569' title='bbox 3140 2717 3252 2772; x_wconf 86' lang='lat' dir='ltr'><strong>sive</strong></span> <span class='ocrx_word' id='word_1_570' title='bbox 3284 2718 3334 2770; x_wconf 90' lang='lat' dir='ltr'><strong>in</strong></span> <span class='ocrx_word' id='word_1_571' title='bbox 3377 2715 3570 2780; x_wconf 82' lang='lat' dir='ltr'><strong>servis,</strong></span> 
     </span>
    </p>
   </div>
   <div class='ocr_carea' id='block_1_83' title="bbox 1995 2807 3578 2876">
    <p class='ocr_par' dir='ltr' id='par_1_83' title="bbox 1995 2807 3578 2876">
     <span class='ocr_line' id='line_1_83' title="bbox 1995 2807 3578 2876; baseline -0.004 -8"><span class='ocrx_word' id='word_1_572' title='bbox 1995 2814 2109 2869; x_wconf 82' lang='lat' dir='ltr'><strong>sive</strong></span> <span class='ocrx_word' id='word_1_573' title='bbox 2132 2815 2184 2868; x_wconf 91' lang='lat' dir='ltr'><strong>in</strong></span> <span class='ocrx_word' id='word_1_574' title='bbox 2220 2812 2555 2869; x_wconf 86' lang='lat' dir='ltr'><strong>mulieribus.</strong></span> <span class='ocrx_word' id='word_1_575' title='bbox 2586 2812 2702 2866; x_wconf 86' lang='lat' dir='ltr'><strong>sive</strong></span> <span class='ocrx_word' id='word_1_576' title='bbox 2728 2810 2780 2864; x_wconf 90' lang='lat' dir='ltr'><strong>in</strong></span> <span class='ocrx_word' id='word_1_577' title='bbox 2824 2810 2909 2864; x_wconf 90' lang='lat' dir='ltr'><strong>his</strong></span> <span class='ocrx_word' id='word_1_578' title='bbox 2947 2809 3196 2863; x_wconf 82' lang='lat' dir='ltr'><strong>aetatibus</strong></span> <span class='ocrx_word' id='word_1_579' title='bbox 3225 2822 3343 2876; x_wconf 73' lang='lat' dir='ltr'><strong>qua:</strong></span> <span class='ocrx_word' id='word_1_580' title='bbox 3372 2807 3578 2861; x_wconf 80' lang='lat' dir='ltr'><strong>militia:</strong></span> 
     </span>
    </p>
   </div>
   <div class='ocr_carea' id='block_1_84' title="bbox 1993 2898 3577 2981">
    <p class='ocr_par' dir='ltr' id='par_1_84' title="bbox 1993 2898 3577 2981">
     <span class='ocr_line' id='line_1_84' title="bbox 1993 2898 3577 2981; baseline -0.004 -22"><span class='ocrx_word' id='word_1_581' title='bbox 1993 2920 2100 2959; x_wconf 93' lang='lat' dir='ltr'><strong>non</strong></span> <span class='ocrx_word' id='word_1_582' title='bbox 2128 2912 2311 2959; x_wconf 90' lang='lat' dir='ltr'><strong>essent</strong></span> <span class='ocrx_word' id='word_1_583' title='bbox 2336 2903 2559 2968; x_wconf 68' lang='lat' dir='ltr'><strong>idoneae,</strong></span> <span class='ocrx_word' id='word_1_584' title='bbox 2580 2911 2641 2956; x_wconf 92' lang='lat' dir='ltr'><strong>ut</strong></span> <span class='ocrx_word' id='word_1_585' title='bbox 2667 2912 2919 2956; x_wconf 82' lang='lat' dir='ltr'><strong>sexcenta</strong></span> <span class='ocrx_word' id='word_1_586' title='bbox 2953 2900 3115 2981; x_wconf 68' lang='lat' dir='ltr'><strong>millia</strong></span> <span class='ocrx_word' id='word_1_587' title='bbox 3152 2900 3389 2969; x_wconf 89' lang='lat' dir='ltr'><strong>peditum</strong></span> <span class='ocrx_word' id='word_1_588' title='bbox 3414 2898 3464 2954; x_wconf 94' lang='lat' dir='ltr'><strong>in</strong></span> <span class='ocrx_word' id='word_1_589' title='bbox 3496 2898 3577 2953; x_wconf 88' lang='lat' dir='ltr'><strong>eis</strong></span> 
     </span>
    </p>
   </div>
   <div class='ocr_carea' id='block_1_85' title="bbox 1994 2989 3573 3065">
    <p class='ocr_par' dir='ltr' id='par_1_85' title="bbox 1994 2989 3573 3065">
     <span class='ocr_line' id='line_1_85' title="bbox 1994 2989 3573 3065; baseline -0.006 -14"><span class='ocrx_word' id='word_1_590' title='bbox 1994 2996 2123 3052; x_wconf 90' lang='lat' dir='ltr'><strong>solis</strong></span> <span class='ocrx_word' id='word_1_591' title='bbox 2149 2995 2507 3065; x_wconf 81' lang='lat' dir='ltr'><strong>intelligamus</strong></span> <span class='ocrx_word' id='word_1_592' title='bbox 2523 2993 2612 3063; x_wconf 92' lang='lat' dir='ltr'><strong>qui</strong></span> <span class='ocrx_word' id='word_1_593' title='bbox 2637 3000 2859 3062; x_wconf 88' lang='lat' dir='ltr'><strong>possent</strong></span> <span class='ocrx_word' id='word_1_594' title='bbox 2878 2991 3097 3045; x_wconf 86' lang='lat' dir='ltr'><strong>militari</strong></span> <span class='ocrx_word' id='word_1_595' title='bbox 3119 2994 3332 3060; x_wconf 83' lang='lat' dir='ltr'><strong>agmine</strong></span> <span class='ocrx_word' id='word_1_596' title='bbox 3351 2989 3573 3042; x_wconf 86' lang='lat' dir='ltr'><strong>armari.</strong></span> 
     </span>
    </p>
   </div>
   <div class='ocr_carea' id='block_1_86' title="bbox 1994 3080 3575 3153">
    <p class='ocr_par' dir='ltr' id='par_1_86' title="bbox 1994 3080 3575 3153">
     <span class='ocr_line' id='line_1_86' title="bbox 1994 3080 3575 3153; baseline -0.004 -14"><span class='ocrx_word' id='word_1_597' title='bbox 1994 3086 2171 3153; x_wconf 66' lang='lat' dir='ltr'><strong>Quaeri</strong></span> <span class='ocrx_word' id='word_1_598' title='bbox 2202 3093 2385 3139; x_wconf 88' lang='lat' dir='ltr'><strong>autem</strong></span> <span class='ocrx_word' id='word_1_599' title='bbox 2422 3084 2560 3138; x_wconf 85' lang='lat' dir='ltr'><strong>solet</strong></span> <span class='ocrx_word' id='word_1_600' title='bbox 2588 3091 2764 3137; x_wconf 89' lang='lat' dir='ltr'><strong>utrum</strong></span> <span class='ocrx_word' id='word_1_601' title='bbox 2812 3082 2880 3136; x_wconf 90' lang='lat' dir='ltr'><strong>ad</strong></span> <span class='ocrx_word' id='word_1_602' title='bbox 2908 3090 3113 3134; x_wconf 91' lang='lat' dir='ltr'><strong>tantum</strong></span> <span class='ocrx_word' id='word_1_603' title='bbox 3154 3095 3436 3134; x_wconf 90' lang='lat' dir='ltr'><strong>numerum</strong></span> <span class='ocrx_word' id='word_1_604' title='bbox 3468 3080 3575 3133; x_wconf 82' lang='lat' dir='ltr'><strong>Hc-</strong></span> 
     </span>
    </p>
   </div>
   <div class='ocr_carea' id='block_1_87' title="bbox 1994 3169 3572 3245">
    <p class='ocr_par' dir='ltr' id='par_1_87' title="bbox 1994 3169 3572 3245">
     <span class='ocr_line' id='line_1_87' title="bbox 1994 3169 3572 3245; baseline -0.005 -15"><span class='ocrx_word' id='word_1_605' title='bbox 1994 3177 2122 3230; x_wconf 77' lang='lat' dir='ltr'><strong>bnei</strong></span> <span class='ocrx_word' id='word_1_606' title='bbox 2146 3175 2457 3245; x_wconf 85' lang='lat' dir='ltr'><strong>pervenisse</strong></span> <span class='ocrx_word' id='word_1_607' title='bbox 2480 3174 2755 3243; x_wconf 85' lang='lat' dir='ltr'><strong>potuerint</strong></span> <span class='ocrx_word' id='word_1_608' title='bbox 2780 3187 2877 3242; x_wconf 90' lang='lat' dir='ltr'><strong>per</strong></span> <span class='ocrx_word' id='word_1_609' title='bbox 2901 3186 2994 3225; x_wconf 90' lang='lat' dir='ltr'><strong>eos</strong></span> <span class='ocrx_word' id='word_1_610' title='bbox 3025 3186 3196 3225; x_wconf 90' lang='lat' dir='ltr'><strong>annos</strong></span> <span class='ocrx_word' id='word_1_611' title='bbox 3242 3172 3293 3223; x_wconf 90' lang='lat' dir='ltr'><strong>in</strong></span> <span class='ocrx_word' id='word_1_612' title='bbox 3317 3169 3572 3240; x_wconf 66' lang='lat' dir='ltr'><strong>Egypto.</strong></span> 
     </span>
    </p>
   </div>
   <div class='ocr_carea' id='block_1_88' title="bbox 1993 3259 3576 3332">
    <p class='ocr_par' dir='ltr' id='par_1_88' title="bbox 1993 3259 3576 3332">
     <span class='ocr_line' id='line_1_88' title="bbox 1993 3259 3576 3332; baseline -0.006 -11"><span class='ocrx_word' id='word_1_613' title='bbox 1993 3266 2133 3321; x_wconf 89' lang='lat' dir='ltr'><strong>Dicit</strong></span> <span class='ocrx_word' id='word_1_614' title='bbox 2159 3265 2302 3320; x_wconf 89' lang='lat' dir='ltr'><strong>enim</strong></span> <span class='ocrx_word' id='word_1_615' title='bbox 2340 3264 2416 3318; x_wconf 87' lang='lat' dir='ltr'><strong>ita</strong></span> <span class='ocrx_word' id='word_1_616' title='bbox 2447 3263 2499 3317; x_wconf 92' lang='lat' dir='ltr'><strong>in</strong></span> <span class='ocrx_word' id='word_1_617' title='bbox 2529 3262 2878 3332; x_wconf 77' lang='lat' dir='ltr'><strong>sequentibus</strong></span> <span class='ocrx_word' id='word_1_618' title='bbox 2906 3280 2919 3314; x_wconf 90' lang='lat'><strong>:</strong></span> <span class='ocrx_word' id='word_1_619' title='bbox 2952 3260 3224 3314; x_wconf 83' lang='lat' dir='ltr'><strong>Habitatio</strong></span> <span class='ocrx_word' id='word_1_620' title='bbox 3245 3270 3415 3313; x_wconf 88' lang='lat' dir='ltr'><strong>autem</strong></span> <span class='ocrx_word' id='word_1_621' title='bbox 3438 3259 3576 3328; x_wconf 79' lang='lat' dir='ltr'><strong>ﬁlio-</strong></span> 
     </span>
    </p>
   </div>
   <div class='ocr_carea' id='block_1_89' title="bbox 1994 3350 3575 3426">
    <p class='ocr_par' dir='ltr' id='par_1_89' title="bbox 1994 3350 3575 3426">
     <span class='ocr_line' id='line_1_89' title="bbox 1994 3350 3575 3426; baseline -0.005 -15"><span class='ocrx_word' id='word_1_622' title='bbox 1994 3375 2109 3411; x_wconf 90' lang='lat' dir='ltr'><strong>rum</strong></span> <span class='ocrx_word' id='word_1_623' title='bbox 2136 3356 2306 3411; x_wconf 87' lang='lat' dir='ltr'><strong>Israel</strong></span> <span class='ocrx_word' id='word_1_624' title='bbox 2327 3373 2431 3426; x_wconf 86' lang='lat' dir='ltr'><strong>qua</strong></span> <span class='ocrx_word' id='word_1_625' title='bbox 2460 3363 2760 3409; x_wconf 85' lang='lat' dir='ltr'><strong>manserant</strong></span> <span class='ocrx_word' id='word_1_626' title='bbox 2782 3354 2835 3406; x_wconf 88' lang='lat' dir='ltr'><strong>in</strong></span> <span class='ocrx_word' id='word_1_627' title='bbox 2849 3352 3081 3422; x_wconf 60' lang='lat' dir='ltr'><strong>ZEgypto</strong></span> <span class='ocrx_word' id='word_1_628' title='bbox 3103 3351 3201 3421; x_wconf 81' lang='lat' dir='ltr'><strong>fuit</strong></span> <span class='ocrx_word' id='word_1_629' title='bbox 3227 3350 3575 3421; x_wconf 84' lang='lat' dir='ltr'><strong>quadringen-</strong></span> 
     </span>
    </p>
   </div>
   <div class='ocr_carea' id='block_1_90' title="bbox 1993 3438 3573 3515">
    <p class='ocr_par' dir='ltr' id='par_1_90' title="bbox 1993 3438 3573 3515">
     <span class='ocr_line' id='line_1_90' title="bbox 1993 3438 3573 3515; baseline -0.006 -15"><span class='ocrx_word' id='word_1_630' title='bbox 1993 3456 2166 3500; x_wconf 89' lang='lat' dir='ltr'><strong>torum</strong></span> <span class='ocrx_word' id='word_1_631' title='bbox 2199 3446 2412 3515; x_wconf 82' lang='lat' dir='ltr'><strong>triginla</strong></span> <span class='ocrx_word' id='word_1_632' title='bbox 2436 3459 2716 3497; x_wconf 89' lang='lat' dir='ltr'><strong>annorum.</strong></span> <span class='ocrx_word' id='word_1_633' title='bbox 2775 3440 2977 3507; x_wconf 81' lang='lat' dir='ltr'><strong>Quibus</strong></span> <span class='ocrx_word' id='word_1_634' title='bbox 3017 3438 3229 3509; x_wconf 68' lang='lat' dir='ltr'><strong>expletis</strong></span> <span class='ocrx_word' id='word_1_635' title='bbox 3284 3438 3462 3492; x_wconf 80' lang='lat' dir='ltr'><strong>eadem</strong></span> <span class='ocrx_word' id='word_1_636' title='bbox 3489 3438 3573 3491; x_wconf 85' lang='lat' dir='ltr'><strong>die</strong></span> 
     </span>
    </p>
   </div>
   <div class='ocr_carea' id='block_1_91' title="bbox 1993 3530 3566 3606">
    <p class='ocr_par' dir='ltr' id='par_1_91' title="bbox 1993 3530 3566 3606">
     <span class='ocr_line' id='line_1_91' title="bbox 1993 3530 3566 3606; baseline -0.005 -15"><span class='ocrx_word' id='word_1_637' title='bbox 1993 3552 2225 3606; x_wconf 82' lang='lat' dir='ltr'><strong>egressus</strong></span> <span class='ocrx_word' id='word_1_638' title='bbox 2243 3546 2315 3589; x_wconf 86' lang='lat' dir='ltr'><strong>est</strong></span> <span class='ocrx_word' id='word_1_639' title='bbox 2338 3535 2504 3589; x_wconf 88' lang='lat' dir='ltr'><strong>omnis</strong></span> <span class='ocrx_word' id='word_1_640' title='bbox 2528 3534 2787 3588; x_wconf 70' lang='lat' dir='ltr'><strong>exercitus</strong></span> <span class='ocrx_word' id='word_1_641' title='bbox 2818 3532 3027 3587; x_wconf 89' lang='lat' dir='ltr'><strong>Domini</strong></span> <span class='ocrx_word' id='word_1_642' title='bbox 3058 3532 3123 3585; x_wconf 89' lang='lat' dir='ltr'><strong>de</strong></span> <span class='ocrx_word' id='word_1_643' title='bbox 3152 3540 3292 3585; x_wconf 86' lang='lat' dir='ltr'><strong>terra</strong></span> <span class='ocrx_word' id='word_1_644' title='bbox 3329 3530 3566 3601; x_wconf 68' lang='lat' dir='ltr'><strong>1Egypli.</strong></span> 
     </span>
    </p>
   </div>
   <div class='ocr_carea' id='block_1_92' title="bbox 1992 3622 3571 3696">
    <p class='ocr_par' dir='ltr' id='par_1_92' title="bbox 1992 3622 3571 3696">
     <span class='ocr_line' id='line_1_92' title="bbox 1992 3622 3571 3696; baseline -0.008 -11"><span class='ocrx_word' id='word_1_645' title='bbox 1992 3630 2110 3685; x_wconf 81' lang='lat' dir='ltr'><strong>Non</strong></span> <span class='ocrx_word' id='word_1_646' title='bbox 2148 3630 2292 3684; x_wconf 87' lang='lat' dir='ltr'><strong>enim</strong></span> <span class='ocrx_word' id='word_1_647' title='bbox 2326 3629 2394 3682; x_wconf 85' lang='lat' dir='ltr'><strong>ab</strong></span> <span class='ocrx_word' id='word_1_648' title='bbox 2431 3627 2653 3681; x_wconf 92' lang='lat' dir='ltr'><strong>introitu</strong></span> <span class='ocrx_word' id='word_1_649' title='bbox 2689 3623 2855 3680; x_wconf 75' lang='lat' dir='ltr'><strong>Iacob</strong></span> <span class='ocrx_word' id='word_1_650' title='bbox 2898 3625 2949 3678; x_wconf 92' lang='lat' dir='ltr'><strong>in</strong></span> <span class='ocrx_word' id='word_1_651' title='bbox 2978 3623 3272 3696; x_wconf 65' lang='lat' dir='ltr'><strong>ZEgyptum</strong></span> <span class='ocrx_word' id='word_1_652' title='bbox 3298 3637 3467 3691; x_wconf 89' lang='lat' dir='ltr'><strong>usque</strong></span> <span class='ocrx_word' id='word_1_653' title='bbox 3505 3622 3571 3674; x_wconf 82' lang='lat' dir='ltr'><strong>ad</strong></span> 
     </span>
    </p>
   </div>
   <div class='ocr_carea' id='block_1_93' title="bbox 1993 3712 3574 3787">
    <p class='ocr_par' dir='ltr' id='par_1_93' title="bbox 1993 3712 3574 3787">
     <span class='ocr_line' id='line_1_93' title="bbox 1993 3712 3574 3787; baseline -0.008 -12"><span class='ocrx_word' id='word_1_654' title='bbox 1993 3722 2201 3775; x_wconf 79' lang='lat' dir='ltr'><strong>exitum</strong></span> <span class='ocrx_word' id='word_1_655' title='bbox 2232 3720 2464 3774; x_wconf 89' lang='lat' dir='ltr'><strong>ﬁliorum</strong></span> <span class='ocrx_word' id='word_1_656' title='bbox 2494 3717 2658 3773; x_wconf 88' lang='lat' dir='ltr'><strong>Israel</strong></span> <span class='ocrx_word' id='word_1_657' title='bbox 2688 3717 2753 3771; x_wconf 89' lang='lat' dir='ltr'><strong>de</strong></span> <span class='ocrx_word' id='word_1_658' title='bbox 2781 3716 3035 3787; x_wconf 56' lang='lat' dir='ltr'><strong>Egypto,</strong></span> <span class='ocrx_word' id='word_1_659' title='bbox 3066 3714 3311 3785; x_wconf 86' lang='lat' dir='ltr'><strong>quisquis</strong></span> <span class='ocrx_word' id='word_1_660' title='bbox 3338 3712 3574 3781; x_wconf 46' lang='lat' dir='ltr'><strong>Scriptu‘</strong></span> 
     </span>
    </p>
   </div>
   <div class='ocr_carea' id='block_1_94' title="bbox 1994 3808 3570 3882">
    <p class='ocr_par' dir='ltr' id='par_1_94' title="bbox 1994 3808 3570 3882">
     <span class='ocr_line' id='line_1_94' title="bbox 1994 3808 3570 3882; baseline -0.008 -14"><span class='ocrx_word' id='word_1_661' title='bbox 1994 3829 2084 3868; x_wconf 92' lang='lat' dir='ltr'><strong>ras</strong></span> <span class='ocrx_word' id='word_1_662' title='bbox 2114 3828 2299 3867; x_wconf 83' lang='lat' dir='ltr'><strong>sacras</strong></span> <span class='ocrx_word' id='word_1_663' title='bbox 2338 3810 2621 3882; x_wconf 86' lang='lat' dir='ltr'><strong>diligenter</strong></span> <span class='ocrx_word' id='word_1_664' title='bbox 2670 3808 2986 3879; x_wconf 76' lang='lat' dir='ltr'><strong>inspexerit,</strong></span> <span class='ocrx_word' id='word_1_665' title='bbox 3030 3814 3239 3861; x_wconf 90' lang='lat' dir='ltr'><strong>tantum</strong></span> <span class='ocrx_word' id='word_1_666' title='bbox 3294 3818 3570 3858; x_wconf 90' lang='lat' dir='ltr'><strong>numerum</strong></span> 
     </span>
    </p>
   </div>
   <div class='ocr_carea' id='block_1_95' title="bbox 1994 3897 3574 3963">
    <p class='ocr_par' dir='ltr' id='par_1_95' title="bbox 1994 3897 3574 3963">
     <span class='ocr_line' id='line_1_95' title="bbox 1994 3897 3574 3963; baseline -0.007 -7"><span class='ocrx_word' id='word_1_667' title='bbox 1994 3917 2257 3956; x_wconf 87' lang='lat' dir='ltr'><strong>annorum</strong></span> <span class='ocrx_word' id='word_1_668' title='bbox 2287 3901 2573 3956; x_wconf 87' lang='lat' dir='ltr'><strong>invenerit.</strong></span> <span class='ocrx_word' id='word_1_669' title='bbox 2634 3900 2865 3955; x_wconf 87' lang='lat' dir='ltr'><strong>Proinde</strong></span> <span class='ocrx_word' id='word_1_670' title='bbox 2895 3897 2981 3952; x_wconf 88' lang='lat' dir='ltr'><strong>illa</strong></span> <span class='ocrx_word' id='word_1_671' title='bbox 3011 3897 3264 3951; x_wconf 90' lang='lat' dir='ltr'><strong>nimirum</strong></span> <span class='ocrx_word' id='word_1_672' title='bbox 3298 3901 3574 3963; x_wconf 89' lang='lat' dir='ltr'><strong>computa-</strong></span> 
     </span>
    </p>
   </div>
   <div class='ocr_carea' id='block_1_96' title="bbox 1993 3984 3574 4063">
    <p class='ocr_par' dir='ltr' id='par_1_96' title="bbox 1993 3984 3574 4063">
     <span class='ocr_line' id='line_1_96' title="bbox 1993 3984 3574 4063; baseline -0.009 -14"><span class='ocrx_word' id='word_1_673' title='bbox 1993 3994 2069 4048; x_wconf 87' lang='lat' dir='ltr'><strong>tio</strong></span> <span class='ocrx_word' id='word_1_674' title='bbox 2091 4007 2253 4062; x_wconf 88' lang='lat' dir='ltr'><strong>quam</strong></span> <span class='ocrx_word' id='word_1_675' title='bbox 2278 4000 2494 4047; x_wconf 89' lang='lat' dir='ltr'><strong>secutus</strong></span> <span class='ocrx_word' id='word_1_676' title='bbox 2527 3999 2610 4046; x_wconf 88' lang='lat' dir='ltr'><strong>est</strong></span> <span class='ocrx_word' id='word_1_677' title='bbox 2650 3991 2912 4045; x_wconf 87' lang='lat' dir='ltr'><strong>Eusebius</strong></span> <span class='ocrx_word' id='word_1_678' title='bbox 2935 3989 2987 4042; x_wconf 92' lang='lat' dir='ltr'><strong>in</strong></span> <span class='ocrx_word' id='word_1_679' title='bbox 3010 3987 3248 4063; x_wconf 67' lang='lat' dir='ltr'><strong>historia:</strong></span> <span class='ocrx_word' id='word_1_680' title='bbox 3275 4002 3383 4039; x_wconf 72' lang='lat' dir='ltr'><strong>suae</strong></span> <span class='ocrx_word' id='word_1_681' title='bbox 3403 3984 3574 4039; x_wconf 84' lang='lat' dir='ltr'><strong>Chro—</strong></span> 
     </span>
    </p>
   </div>
   <div class='ocr_carea' id='block_1_97' title="bbox 1997 4072 3571 4150">
    <p class='ocr_par' dir='ltr' id='par_1_97' title="bbox 1997 4072 3571 4150">
     <span class='ocr_line' id='line_1_97' title="bbox 1997 4072 3571 4150; baseline -0.006 -15"><span class='ocrx_word' id='word_1_682' title='bbox 1997 4082 2145 4145; x_wconf 90' lang='lat' dir='ltr'><strong>nico,</strong></span> <span class='ocrx_word' id='word_1_683' title='bbox 2173 4080 2468 4150; x_wconf 82' lang='lat' dir='ltr'><strong>perspicuae</strong></span> <span class='ocrx_word' id='word_1_684' title='bbox 2496 4077 2710 4132; x_wconf 85' lang='lat' dir='ltr'><strong>veritati</strong></span> <span class='ocrx_word' id='word_1_685' title='bbox 2746 4079 2971 4132; x_wconf 77' lang='lat' dir='ltr'><strong>subnixa</strong></span> <span class='ocrx_word' id='word_1_686' title='bbox 3008 4084 3112 4129; x_wconf 87' lang='lat' dir='ltr'><strong>est.</strong></span> <span class='ocrx_word' id='word_1_687' title='bbox 3162 4074 3245 4127; x_wconf 87' lang='lat' dir='ltr'><strong>Ab</strong></span> <span class='ocrx_word' id='word_1_688' title='bbox 3286 4073 3375 4126; x_wconf 88' lang='lat' dir='ltr'><strong>illa</strong></span> <span class='ocrx_word' id='word_1_689' title='bbox 3425 4072 3571 4127; x_wconf 87' lang='lat' dir='ltr'><strong>enim</strong></span> 
     </span>
    </p>
   </div>
   <div class='ocr_carea' id='block_1_98' title="bbox 1998 4166 3572 4241">
    <p class='ocr_par' dir='ltr' id='par_1_98' title="bbox 1998 4166 3572 4241">
     <span class='ocr_line' id='line_1_98' title="bbox 1998 4166 3572 4241; baseline -0.004 -16"><span class='ocrx_word' id='word_1_690' title='bbox 1998 4171 2356 4241; x_wconf 87' lang='lat' dir='ltr'><strong>promissione</strong></span> <span class='ocrx_word' id='word_1_691' title='bbox 2388 4179 2664 4240; x_wconf 88' lang='lat' dir='ltr'><strong>computat</strong></span> <span class='ocrx_word' id='word_1_692' title='bbox 2690 4170 3109 4239; x_wconf 84' lang='lat' dir='ltr'><strong>quadringentos</strong></span> <span class='ocrx_word' id='word_1_693' title='bbox 3140 4176 3193 4222; x_wconf 88' lang='lat' dir='ltr'><strong>et</strong></span> <span class='ocrx_word' id='word_1_694' title='bbox 3227 4166 3444 4235; x_wconf 78' lang='lat' dir='ltr'><strong>triginta</strong></span> <span class='ocrx_word' id='word_1_695' title='bbox 3471 4182 3572 4219; x_wconf 89' lang='lat' dir='ltr'><strong>an-</strong></span> 
     </span>
    </p>
   </div>
   <div class='ocr_carea' id='block_1_99' title="bbox 1999 4257 3568 4333">
    <p class='ocr_par' dir='ltr' id='par_1_99' title="bbox 1999 4257 3568 4333">
     <span class='ocr_line' id='line_1_99' title="bbox 1999 4257 3568 4333; baseline -0.004 -17"><span class='ocrx_word' id='word_1_696' title='bbox 1999 4278 2115 4327; x_wconf 88' lang='lat' dir='ltr'><strong>nos,</strong></span> <span class='ocrx_word' id='word_1_697' title='bbox 2133 4277 2237 4333; x_wconf 85' lang='lat' dir='ltr'><strong>qua</strong></span> <span class='ocrx_word' id='word_1_698' title='bbox 2261 4262 2470 4316; x_wconf 89' lang='lat' dir='ltr'><strong>vocavit</strong></span> <span class='ocrx_word' id='word_1_699' title='bbox 2493 4261 2917 4315; x_wconf 84' lang='lat' dir='ltr'><strong>DeusAhraham</strong></span> <span class='ocrx_word' id='word_1_700' title='bbox 2950 4266 3010 4312; x_wconf 93' lang='lat' dir='ltr'><strong>ut</strong></span> <span class='ocrx_word' id='word_1_701' title='bbox 3029 4257 3201 4313; x_wconf 77' lang='lat' dir='ltr'><strong>exiret</strong></span> <span class='ocrx_word' id='word_1_702' title='bbox 3221 4257 3284 4311; x_wconf 90' lang='lat' dir='ltr'><strong>de</strong></span> <span class='ocrx_word' id='word_1_703' title='bbox 3311 4266 3451 4309; x_wconf 87' lang='lat' dir='ltr'><strong>terra</strong></span> <span class='ocrx_word' id='word_1_704' title='bbox 3474 4270 3568 4309; x_wconf 85' lang='lat' dir='ltr'><strong>sua</strong></span> 
     </span>
    </p>
   </div>
   <div class='ocr_carea' id='block_1_100' title="bbox 1997 4344 3572 4419">
    <p class='ocr_par' dir='ltr' id='par_1_100' title="bbox 1997 4344 3572 4419">
     <span class='ocr_line' id='line_1_100' title="bbox 1997 4344 3572 4419; baseline -0.005 -12"><span class='ocrx_word' id='word_1_705' title='bbox 1997 4353 2051 4407; x_wconf 90' lang='lat' dir='ltr'><strong>in</strong></span> <span class='ocrx_word' id='word_1_706' title='bbox 2076 4361 2275 4408; x_wconf 88' lang='lat' dir='ltr'><strong>terram</strong></span> <span class='ocrx_word' id='word_1_707' title='bbox 2302 4351 2592 4414; x_wconf 87' lang='lat' dir='ltr'><strong>Chanaan;</strong></span> <span class='ocrx_word' id='word_1_708' title='bbox 2622 4351 2747 4419; x_wconf 90' lang='lat' dir='ltr'><strong>quia</strong></span> <span class='ocrx_word' id='word_1_709' title='bbox 2777 4359 2828 4402; x_wconf 91' lang='lat' dir='ltr'><strong>et</strong></span> <span class='ocrx_word' id='word_1_710' title='bbox 2861 4347 3147 4418; x_wconf 81' lang='lat' dir='ltr'><strong>Apostolus</strong></span> <span class='ocrx_word' id='word_1_711' title='bbox 3190 4361 3311 4401; x_wconf 89' lang='lat' dir='ltr'><strong>cum</strong></span> <span class='ocrx_word' id='word_1_712' title='bbox 3343 4344 3572 4399; x_wconf 72' lang='lat' dir='ltr'><strong>Abrahre</strong></span> 
     </span>
    </p>
   </div>
   <div class='ocr_carea' id='block_1_101' title="bbox 1999 4436 3571 4507">
    <p class='ocr_par' dir='ltr' id='par_1_101' title="bbox 1999 4436 3571 4507">
     <span class='ocr_line' id='line_1_101' title="bbox 1999 4436 3571 4507; baseline -0.006 -11"><span class='ocrx_word' id='word_1_713' title='bbox 1999 4443 2243 4496; x_wconf 80' lang='lat' dir='ltr'><strong>laudaret</strong></span> <span class='ocrx_word' id='word_1_714' title='bbox 2276 4451 2331 4497; x_wconf 89' lang='lat' dir='ltr'><strong>et</strong></span> <span class='ocrx_word' id='word_1_715' title='bbox 2376 4442 2779 4496; x_wconf 87' lang='lat' dir='ltr'><strong>commendaret</strong></span> <span class='ocrx_word' id='word_1_716' title='bbox 2809 4440 2991 4499; x_wconf 88' lang='lat' dir='ltr'><strong>ﬁdem,</strong></span> <span class='ocrx_word' id='word_1_717' title='bbox 3038 4438 3090 4491; x_wconf 91' lang='lat' dir='ltr'><strong>in</strong></span> <span class='ocrx_word' id='word_1_718' title='bbox 3122 4453 3183 4491; x_wconf 89' lang='lat' dir='ltr'><strong>ea</strong></span> <span class='ocrx_word' id='word_1_719' title='bbox 3215 4436 3571 4507; x_wconf 83' lang='lat' dir='ltr'><strong>promissione</strong></span> 
     </span>
    </p>
   </div>
   <div class='ocr_carea' id='block_1_102' title="bbox 1992 4530 3570 4604">
    <p class='ocr_par' dir='ltr' id='par_1_102' title="bbox 1992 4530 3570 4604">
     <span class='ocr_line' id='line_1_102' title="bbox 1992 4530 3570 4604; baseline -0.004 -17"><span class='ocrx_word' id='word_1_720' title='bbox 1992 4550 2097 4603; x_wconf 88' lang='lat' dir='ltr'><strong>qua</strong></span> <span class='ocrx_word' id='word_1_721' title='bbox 2119 4533 2391 4589; x_wconf 89' lang='lat' dir='ltr'><strong>Christum</strong></span> <span class='ocrx_word' id='word_1_722' title='bbox 2421 4534 2536 4588; x_wconf 89' lang='lat' dir='ltr'><strong>vult</strong></span> <span class='ocrx_word' id='word_1_723' title='bbox 2562 4532 2785 4604; x_wconf 83' lang='lat' dir='ltr'><strong>intelligi</strong></span> <span class='ocrx_word' id='word_1_724' title='bbox 2815 4532 3220 4602; x_wconf 83' lang='lat' dir='ltr'><strong>prephetarum,</strong></span> <span class='ocrx_word' id='word_1_725' title='bbox 3263 4530 3312 4583; x_wconf 71' lang='lat' dir='ltr'><strong>id</strong></span> <span class='ocrx_word' id='word_1_726' title='bbox 3338 4538 3438 4591; x_wconf 85' lang='lat' dir='ltr'><strong>est,</strong></span> <span class='ocrx_word' id='word_1_727' title='bbox 3465 4544 3570 4597; x_wconf 90' lang='lat' dir='ltr'><strong>qua</strong></span> 
     </span>
    </p>
   </div>
   <div class='ocr_carea' id='block_1_103' title="bbox 1992 4619 3570 4692">
    <p class='ocr_par' dir='ltr' id='par_1_103' title="bbox 1992 4619 3570 4692">
     <span class='ocr_line' id='line_1_103' title="bbox 1992 4619 3570 4692; baseline -0.004 -15"><span class='ocrx_word' id='word_1_728' title='bbox 1992 4624 2241 4692; x_wconf 88' lang='lat' dir='ltr'><strong>promisit</strong></span> <span class='ocrx_word' id='word_1_729' title='bbox 2290 4625 2430 4679; x_wconf 88' lang='lat' dir='ltr'><strong>Deus</strong></span> <span class='ocrx_word' id='word_1_730' title='bbox 2470 4624 2702 4678; x_wconf 86' lang='lat' dir='ltr'><strong>Abrahae</strong></span> <span class='ocrx_word' id='word_1_731' title='bbox 2755 4624 2897 4692; x_wconf 90' lang='lat' dir='ltr'><strong>quod</strong></span> <span class='ocrx_word' id='word_1_732' title='bbox 2947 4622 3391 4675; x_wconf 86' lang='lat' dir='ltr'><strong>lenedieerentur</strong></span> <span class='ocrx_word' id='word_1_733' title='bbox 3426 4619 3476 4671; x_wconf 90' lang='lat' dir='ltr'><strong>in</strong></span> <span class='ocrx_word' id='word_1_734' title='bbox 3509 4636 3570 4673; x_wconf 88' lang='lat' dir='ltr'><strong>eo</strong></span> 
     </span>
    </p>
   </div>
   <div class='ocr_carea' id='block_1_104' title="bbox 1993 4708 3570 4784">
    <p class='ocr_par' dir='ltr' id='par_1_104' title="bbox 1993 4708 3570 4784">
     <span class='ocr_line' id='line_1_104' title="bbox 1993 4708 3570 4784; baseline -0.003 -20"><span class='ocrx_word' id='word_1_735' title='bbox 1993 4727 2183 4766; x_wconf 88' lang='lat' dir='ltr'><strong>omnes</strong></span> <span class='ocrx_word' id='word_1_736' title='bbox 2232 4714 2402 4768; x_wconf 81' lang='lat' dir='ltr'><strong>tribus</strong></span> <span class='ocrx_word' id='word_1_737' title='bbox 2456 4722 2630 4767; x_wconf 70' lang='lat' dir='ltr'><strong>terrm.</strong></span> <span class='ocrx_word' id='word_1_738' title='bbox 2717 4711 2833 4765; x_wconf 85' lang='lat' dir='ltr'><strong>Iloc</strong></span> <span class='ocrx_word' id='word_1_739' title='bbox 2862 4721 3033 4765; x_wconf 79' lang='lat' dir='ltr'><strong>autem</strong></span> <span class='ocrx_word' id='word_1_740' title='bbox 3063 4711 3201 4772; x_wconf 85' lang='lat' dir='ltr'><strong>dico,</strong></span> <span class='ocrx_word' id='word_1_741' title='bbox 3230 4708 3419 4777; x_wconf 89' lang='lat' dir='ltr'><strong>inquit,</strong></span> <span class='ocrx_word' id='word_1_742' title='bbox 3438 4708 3570 4784; x_wconf 32' lang='grc' dir='ltr'><strong>’συξη</strong></span> 
     </span>
    </p>
   </div>
   <div class='ocr_carea' id='block_1_105' title="bbox 1996 4797 3571 4870">
    <p class='ocr_par' dir='ltr' id='par_1_105' title="bbox 1996 4797 3571 4870">
     <span class='ocr_line' id='line_1_105' title="bbox 1996 4797 3571 4870; baseline -0.004 -15"><span class='ocrx_word' id='word_1_743' title='bbox 1996 4812 2358 4857; x_wconf 70' lang='lat' dir='ltr'><strong>tesfamentum</strong></span> <span class='ocrx_word' id='word_1_744' title='bbox 2404 4821 2435 4856; x_wconf 90' lang='lat' dir='ltr'><strong>a</strong></span> <span class='ocrx_word' id='word_1_745' title='bbox 2464 4803 2569 4857; x_wconf 82' lang='lat' dir='ltr'><strong>Deo</strong></span> <span class='ocrx_word' id='word_1_746' title='bbox 2599 4803 2987 4870; x_wconf 80' lang='lat' dir='ltr'><strong>conﬁrmatum,</strong></span> <span class='ocrx_word' id='word_1_747' title='bbox 3026 4815 3143 4869; x_wconf 76' lang='lat' dir='ltr'><strong>qua:</strong></span> <span class='ocrx_word' id='word_1_748' title='bbox 3171 4808 3282 4867; x_wconf 87' lang='lat' dir='ltr'><strong>post</strong></span> <span class='ocrx_word' id='word_1_749' title='bbox 3316 4797 3571 4866; x_wconf 82' lang='lat' dir='ltr'><strong>quadrin-</strong></span> 
     </span>
    </p>
   </div>
   <div class='ocr_carea' id='block_1_106' title="bbox 1995 4887 3572 4962">
    <p class='ocr_par' dir='ltr' id='par_1_106' title="bbox 1995 4887 3572 4962">
     <span class='ocr_line' id='line_1_106' title="bbox 1995 4887 3572 4962; baseline -0.004 -16"><span class='ocrx_word' id='word_1_750' title='bbox 1995 4904 2172 4962; x_wconf 73' lang='lat' dir='ltr'><strong>gentos</strong></span> <span class='ocrx_word' id='word_1_751' title='bbox 2203 4902 2249 4946; x_wconf 88' lang='lat' dir='ltr'><strong>et</strong></span> <span class='ocrx_word' id='word_1_752' title='bbox 2270 4894 2479 4962; x_wconf 81' lang='lat' dir='ltr'><strong>triginta</strong></span> <span class='ocrx_word' id='word_1_753' title='bbox 2506 4908 2671 4944; x_wconf 88' lang='lat' dir='ltr'><strong>annos</strong></span> <span class='ocrx_word' id='word_1_754' title='bbox 2685 4891 2827 4959; x_wconf 82' lang='lat' dir='ltr'><strong>facta</strong></span> <span class='ocrx_word' id='word_1_755' title='bbox 2859 4899 2934 4941; x_wconf 87' lang='lat' dir='ltr'><strong>est</strong></span> <span class='ocrx_word' id='word_1_756' title='bbox 2970 4889 3074 4950; x_wconf 71' lang='lat' dir='ltr'><strong>lex,</strong></span> <span class='ocrx_word' id='word_1_757' title='bbox 3107 4904 3212 4941; x_wconf 88' lang='lat' dir='ltr'><strong>non</strong></span> <span class='ocrx_word' id='word_1_758' title='bbox 3242 4887 3474 4955; x_wconf 82' lang='lat' dir='ltr'><strong>inﬁrmat</strong></span> <span class='ocrx_word' id='word_1_759' title='bbox 3505 4887 3572 4939; x_wconf 85' lang='lat' dir='ltr'><strong>ad</strong></span> 
     </span>
    </p>
   </div>
   <div class='ocr_carea' id='block_1_107' title="bbox 1990 4976 3572 5050">
    <p class='ocr_par' dir='ltr' id='par_1_107' title="bbox 1990 4976 3572 5050">
     <span class='ocr_line' id='line_1_107' title="bbox 1990 4976 3572 5050; baseline -0.006 -13"><span class='ocrx_word' id='word_1_760' title='bbox 1990 4983 2317 5037; x_wconf 76' lang='lat' dir='ltr'><strong>evacuandas</strong></span> <span class='ocrx_word' id='word_1_761' title='bbox 2349 4981 2713 5050; x_wconf 74' lang='lat' dir='ltr'><strong>prom’ssiones</strong></span> <span class='ocrx_word' id='word_1_762' title='bbox 2741 4977 2884 5050; x_wconf 81' lang='lat' dir='ltr'><strong>(Gal.</strong></span> <span class='ocrx_word' id='word_1_763' title='bbox 2909 4977 3011 5049; x_wconf 88' lang='grc' dir='ltr'>ιιι).</span> <span class='ocrx_word' id='word_1_764' title='bbox 3064 4977 3144 5031; x_wconf 79' lang='lat' dir='ltr'><strong>Ex</strong></span> <span class='ocrx_word' id='word_1_765' title='bbox 3176 4976 3263 5030; x_wconf 87' lang='lat' dir='ltr'><strong>illa</strong></span> <span class='ocrx_word' id='word_1_766' title='bbox 3292 4991 3421 5043; x_wconf 82' lang='lat' dir='ltr'><strong>ergo</strong></span> <span class='ocrx_word' id='word_1_767' title='bbox 3448 4991 3572 5045; x_wconf 90' lang='lat' dir='ltr'><strong>pro-</strong></span> 
     </span>
    </p>
   </div>
   <div class='ocr_carea' id='block_1_108' title="bbox 1991 5067 3572 5140">
    <p class='ocr_par' dir='ltr' id='par_1_108' title="bbox 1991 5067 3572 5140">
     <span class='ocr_line' id='line_1_108' title="bbox 1991 5067 3572 5140; baseline -0.005 -13"><span class='ocrx_word' id='word_1_768' title='bbox 1991 5073 2246 5127; x_wconf 85' lang='lat' dir='ltr'><strong>missione</strong></span> <span class='ocrx_word' id='word_1_769' title='bbox 2302 5085 2408 5140; x_wconf 86' lang='lat' dir='ltr'><strong>qua</strong></span> <span class='ocrx_word' id='word_1_770' title='bbox 2437 5078 2660 5122; x_wconf 85' lang='lat' dir='ltr'><strong>vocatus</strong></span> <span class='ocrx_word' id='word_1_771' title='bbox 2707 5077 2791 5121; x_wconf 87' lang='lat' dir='ltr'><strong>est</strong></span> <span class='ocrx_word' id='word_1_772' title='bbox 2818 5068 3089 5122; x_wconf 76' lang='lat' dir='ltr'><strong>Abraham</strong></span> <span class='ocrx_word' id='word_1_773' title='bbox 3124 5075 3179 5121; x_wconf 89' lang='lat' dir='ltr'><strong>ct</strong></span> <span class='ocrx_word' id='word_1_774' title='bbox 3201 5067 3429 5121; x_wconf 84' lang='lat' dir='ltr'><strong>credidit</strong></span> <span class='ocrx_word' id='word_1_775' title='bbox 3463 5067 3572 5119; x_wconf 86' lang='lat' dir='ltr'><strong>Deo</strong></span> 
     </span>
    </p>
   </div>
   <div class='ocr_carea' id='block_1_109' title="bbox 1992 5152 3569 5233">
    <p class='ocr_par' dir='ltr' id='par_1_109' title="bbox 1992 5152 3569 5233">
     <span class='ocr_line' id='line_1_109' title="bbox 1992 5152 3569 5233; baseline -0.006 -16"><span class='ocrx_word' id='word_1_776' title='bbox 1992 5171 2113 5233; x_wconf 77' lang='lat' dir='ltr'><strong>post</strong></span> <span class='ocrx_word' id='word_1_777' title='bbox 2164 5160 2584 5231; x_wconf 87' lang='lat' dir='ltr'><strong>quadringentos</strong></span> <span class='ocrx_word' id='word_1_778' title='bbox 2612 5167 2667 5211; x_wconf 90' lang='lat' dir='ltr'><strong>ct</strong></span> <span class='ocrx_word' id='word_1_779' title='bbox 2699 5157 2917 5226; x_wconf 84' lang='lat' dir='ltr'><strong>triginta</strong></span> <span class='ocrx_word' id='word_1_780' title='bbox 2965 5171 3137 5211; x_wconf 87' lang='lat' dir='ltr'><strong>annos</strong></span> <span class='ocrx_word' id='word_1_781' title='bbox 3174 5155 3372 5208; x_wconf 83' lang='lat' dir='ltr'><strong>factam</strong></span> <span class='ocrx_word' id='word_1_782' title='bbox 3397 5152 3569 5223; x_wconf 78' lang='lat' dir='ltr'><strong>legem</strong></span> 
     </span>
    </p>
   </div>
   <div class='ocr_carea' id='block_1_110' title="bbox 1993 5245 3571 5323">
    <p class='ocr_par' dir='ltr' id='par_1_110' title="bbox 1993 5245 3571 5323">
     <span class='ocr_line' id='line_1_110' title="bbox 1993 5245 3571 5323; baseline -0.005 -16"><span class='ocrx_word' id='word_1_783' title='bbox 1993 5254 2123 5307; x_wconf 86' lang='lat' dir='ltr'><strong>dicit</strong></span> <span class='ocrx_word' id='word_1_784' title='bbox 2147 5252 2454 5323; x_wconf 82' lang='lat' dir='ltr'><strong>Apostolus,</strong></span> <span class='ocrx_word' id='word_1_785' title='bbox 2504 5266 2607 5303; x_wconf 86' lang='lat' dir='ltr'><strong>non</strong></span> <span class='ocrx_word' id='word_1_786' title='bbox 2635 5265 2701 5303; x_wconf 81' lang='lat' dir='ltr'><strong>ex</strong></span> <span class='ocrx_word' id='word_1_787' title='bbox 2735 5258 2973 5316; x_wconf 88' lang='lat' dir='ltr'><strong>tempore</strong></span> <span class='ocrx_word' id='word_1_788' title='bbox 3016 5263 3121 5316; x_wconf 90' lang='lat' dir='ltr'><strong>quo</strong></span> <span class='ocrx_word' id='word_1_789' title='bbox 3157 5245 3323 5300; x_wconf 75' lang='lat' dir='ltr'><strong>Iacob</strong></span> <span class='ocrx_word' id='word_1_790' title='bbox 3351 5245 3571 5299; x_wconf 87' lang='lat' dir='ltr'><strong>intravit</strong></span> 
     </span>
    </p>
   </div>
   <div class='ocr_carea' id='block_1_111' title="bbox 1996 5336 3572 5414">
    <p class='ocr_par' dir='ltr' id='par_1_111' title="bbox 1996 5336 3572 5414">
     <span class='ocr_line' id='line_1_111' title="bbox 1996 5336 3572 5414; baseline -0.004 -16"><span class='ocrx_word' id='word_1_791' title='bbox 1996 5344 2048 5398; x_wconf 87' lang='lat' dir='ltr'><strong>in</strong></span> <span class='ocrx_word' id='word_1_792' title='bbox 2075 5343 2384 5414; x_wconf 57' lang='lat' dir='ltr'><strong>.‘Egyptmn.</strong></span> <span class='ocrx_word' id='word_1_793' title='bbox 2445 5340 2646 5395; x_wconf 85' lang='lat' dir='ltr'><strong>Deinde</strong></span> <span class='ocrx_word' id='word_1_794' title='bbox 2670 5340 2832 5395; x_wconf 85' lang='lat' dir='ltr'><strong>etiam</strong></span> <span class='ocrx_word' id='word_1_795' title='bbox 2867 5339 2981 5408; x_wconf 86' lang='lat' dir='ltr'><strong>ipsa</strong></span> <span class='ocrx_word' id='word_1_796' title='bbox 3009 5338 3274 5408; x_wconf 87' lang='lat' dir='ltr'><strong>scriptura</strong></span> <span class='ocrx_word' id='word_1_797' title='bbox 3295 5336 3460 5390; x_wconf 82' lang='lat' dir='ltr'><strong>Exodi</strong></span> <span class='ocrx_word' id='word_1_798' title='bbox 3485 5353 3572 5391; x_wconf 89' lang='lat' dir='ltr'><strong>sa-</strong></span> 
     </span>
    </p>
   </div>
   <div class='ocr_carea' id='block_1_112' title="bbox 1998 5429 3562 5507">
    <p class='ocr_par' dir='ltr' id='par_1_112' title="bbox 1998 5429 3562 5507">
     <span class='ocr_line' id='line_1_112' title="bbox 1998 5429 3562 5507; baseline -0.007 -16"><span class='ocrx_word' id='word_1_799' title='bbox 1998 5439 2066 5492; x_wconf 88' lang='lat' dir='ltr'><strong>tis</strong></span> <span class='ocrx_word' id='word_1_800' title='bbox 2089 5439 2189 5492; x_wconf 89' lang='lat' dir='ltr'><strong>hoc</strong></span> <span class='ocrx_word' id='word_1_801' title='bbox 2214 5435 2498 5507; x_wconf 73' lang='lat' dir='ltr'><strong>signiﬁcat.</strong></span> <span class='ocrx_word' id='word_1_802' title='bbox 2533 5433 2648 5488; x_wconf 84' lang='lat' dir='ltr'><strong>Non</strong></span> <span class='ocrx_word' id='word_1_803' title='bbox 2683 5434 2827 5487; x_wconf 90' lang='lat' dir='ltr'><strong>enim</strong></span> <span class='ocrx_word' id='word_1_804' title='bbox 2856 5431 3012 5492; x_wconf 75' lang='lat' dir='ltr'><strong>dixit,</strong></span> <span class='ocrx_word' id='word_1_805' title='bbox 3038 5429 3300 5484; x_wconf 88' lang='lat' dir='ltr'><strong>incolatus</strong></span> <span class='ocrx_word' id='word_1_806' title='bbox 3333 5429 3562 5482; x_wconf 88' lang='lat' dir='ltr'><strong>ﬁliorum</strong></span> 
     </span>
    </p>
   </div>
   <div class='ocr_carea' id='block_1_113' title="bbox 1995 5520 3569 5598">
    <p class='ocr_par' dir='ltr' id='par_1_113' title="bbox 1995 5520 3569 5598">
     <span class='ocr_line' id='line_1_113' title="bbox 1995 5520 3569 5598; baseline -0.007 -15"><span class='ocrx_word' id='word_1_807' title='bbox 1995 5530 2154 5584; x_wconf 88' lang='lat' dir='ltr'><strong>Israel</strong></span> <span class='ocrx_word' id='word_1_808' title='bbox 2185 5544 2344 5598; x_wconf 86' lang='lat' dir='ltr'><strong>quem</strong></span> <span class='ocrx_word' id='word_1_809' title='bbox 2384 5526 2724 5583; x_wconf 87' lang='lat' dir='ltr'><strong>incoluerunt</strong></span> <span class='ocrx_word' id='word_1_810' title='bbox 2752 5525 2802 5578; x_wconf 91' lang='lat' dir='ltr'><strong>in</strong></span> <span class='ocrx_word' id='word_1_811' title='bbox 2854 5532 2990 5575; x_wconf 86' lang='lat' dir='ltr'><strong>terra</strong></span> <span class='ocrx_word' id='word_1_812' title='bbox 3013 5522 3250 5592; x_wconf 60' lang='lat' dir='ltr'><strong>ngypti,</strong></span> <span class='ocrx_word' id='word_1_813' title='bbox 3282 5520 3406 5575; x_wconf 89' lang='lat' dir='ltr'><strong>anni</strong></span> <span class='ocrx_word' id='word_1_814' title='bbox 3438 5535 3569 5587; x_wconf 86' lang='lat' dir='ltr'><strong>qua-</strong></span> 
     </span>
    </p>
   </div>
   <div class='ocr_carea' id='block_1_114' title="bbox 1996 5613 3567 5689">
    <p class='ocr_par' dir='ltr' id='par_1_114' title="bbox 1996 5613 3567 5689">
     <span class='ocr_line' id='line_1_114' title="bbox 1996 5613 3567 5689; baseline -0.007 -17"><span class='ocrx_word' id='word_1_815' title='bbox 1996 5622 2259 5689; x_wconf 62' lang='lat' dir='ltr'><strong>dringenti</strong></span> <span class='ocrx_word' id='word_1_816' title='bbox 2281 5618 2621 5689; x_wconf 73' lang='lat' dir='ltr'><strong>triginta,sed</strong></span> <span class='ocrx_word' id='word_1_817' title='bbox 2654 5625 2836 5686; x_wconf 77' lang='lat' dir='ltr'><strong>aperte</strong></span> <span class='ocrx_word' id='word_1_818' title='bbox 2859 5613 2992 5666; x_wconf 68' lang='lat' dir='ltr'><strong>divit</strong></span> <span class='ocrx_word' id='word_1_819' title='bbox 3020 5633 3029 5664; x_wconf 88' lang='lat'><em>:</em></span> <span class='ocrx_word' id='word_1_820' title='bbox 3056 5631 3210 5680; x_wconf 55' lang='lat' dir='ltr'><strong>quam</strong></span> <span class='ocrx_word' id='word_1_821' title='bbox 3240 5613 3567 5666; x_wconf 78' lang='lat' dir='ltr'><strong>incoluerunt</strong></span> 
     </span>
    </p>
   </div>
   <div class='ocr_carea' id='block_1_115' title="bbox 2518 5906 2601 5979">
    <p class='ocr_par' dir='ltr' id='par_1_115' title="bbox 2518 5906 2601 5979">
     <span class='ocr_line' id='line_1_115' title="bbox 2518 5906 2601 5979; baseline 0 0"><span class='ocrx_word' id='word_1_822' title='bbox 2518 5906 2601 5979; x_wconf 60' lang='grc' dir='ltr'><strong><em>ί</em></strong></span> 
     </span>
    </p>
   </div>
  </div>
