3992 6182
253 305 304 362 ετ
1216 301 1707 361 COMMENTARIA
1748 308 1813 361 IN
1855 307 2160 366 EXODUJI.
2202 344 2266 351 —
2307 312 2431 367 LIB.
2470 313 2543 369 ll.

3400 326 3475 381 58

255 424 295 474 in
325 430 453 474 terra
483 417 699 488 .Egypti
726 415 1004 481 Chanaan,
1042 419 1139 488 ipsi
1165 428 1212 473 et
1238 431 1410 490 patres
1453 438 1649 475 eorum.
1718 422 1794 477 Ac
1825 430 1869 486 Α
1902 440 2001 477 non
2046 427 2273 496 propria.
2316 427 2451 493 Quia
2498 428 2610 482 sive
2661 430 2714 482 in
2768 437 2911 486 terra
2958 433 3234 503 Chanaan,
3266 440 3378 496 sive
3411 444 3471 497 in

256 526 332 578 p-‘r
352 509 446 562 hoc
472 505 817 561 manifestum
858 516 942 561 est
988 509 1404 578 computandum
1432 526 1551 565 esse
1590 521 1798 581 tempus

254 598 387 651 etiam
412 595 841 665 patriarcharum
868 595 1117 660 Abrahze,
1150 597 1301 654 Isaac
1326 609 1381 654 et
1399 599 1583 666 Jacob,
1606 618 1671 657 ex
1690 620 1797 672 quo

252 684 550 756 peregrinari
573 684 740 753 coepit
755 684 1025 740 Abraham
1048 687 1102 741 in
1135 696 1275 743 terra
1311 689 1588 755 Chanaan,
1616 694 1667 747 id
1692 703 1794 759 est,

253 793 304 830 ex
328 774 404 829 illa
430 774 784 844 promissione
813 774 866 828 in
895 792 999 845 qua
1026 775 1141 845 ejus
1168 778 1323 833 ﬁdem
1351 780 1534 836 laudat
1561 783 1793 851 Aposto-

254 866 337 926 lus,
378 879 541 933 usque
576 862 643 916 ad
672 862 801 917 illud
839 873 1048 934 tempus
1070 882 1177 935 quo
1203 869 1474 938 ingressus
1503 880 1586 925 est
1630 873 1795 927 Israel

252 956 293 1009 in
320 954 613 1026 digyptum.
694 954 830 1010 Toto
861 958 1058 1026 quippe
1084 959 1190 1013 isto
1211 968 1447 1030 tempore
1466 965 1790 1034 peregrinati

250 1054 347 1100 sunt
370 1055 543 1116 patres
568 1047 621 1100 in
647 1056 791 1100 terra
823 1048 1102 1113 Chanaan,
1133 1061 1188 1105 et
1208 1052 1399 1107 deinde
1419 1070 1602 1109 semen
1625 1057 1789 1112 Israel

248 1138 289 1192 in
318 1138 557 1210 Egypto,
591 1156 658 1195 ac
703 1141 781 1196 sic
817 1144 1070 1212 completi
1104 1154 1228 1199 sunt
1264 1147 1638 1217 quadringenti
1684 1150 1785 1203 tri-

246 1228 362 1296 ginta
391 1228 535 1292 anni,
563 1245 593 1282 a
619 1231 980 1300 promissione
1004 1248 1168 1301 usque
1195 1236 1259 1287 ad
1293 1235 1497 1290 exitum
1526 1236 1686 1291 Israel
1719 1254 1785 1292 ex

245 1310 441 1388 .‘Egypto
464 1321 682 1388 quando
703 1319 843 1375 facta
866 1331 949 1375 est
971 1322 1054 1378 lex
1082 1323 1132 1378 in
1162 1334 1342 1380 monte
1367 1326 1513 1391 Sina,
1539 1344 1658 1396 qua:
1678 1344 1782 1383 non

244 1410 444 1464 inﬁrmat
464 1420 845 1467 testamentum
889 1415 957 1468 ad
1002 1418 1340 1473 evacuandas
1371 1422 1777 1488 promissiones.

234 1499 611 1573 ,Scpmagesimo
638 1514 693 1559 et
714 1507 904 1573 quinto
917 1524 1056 1561 anno
1084 1510 1205 1564 vita:
1227 1527 1337 1566 sua:
1358 1514 1650 1579 Abraham,
1676 1518 1782 1572 sic-

240 1598 282 1642 nt
300 1589 560 1659 Scriptura
589 1594 718 1647 dicit
744 1594 884 1664 (Act.
923 1596 1040 1668 vn).
1081 1613 1333 1668 egressus
1368 1611 1449 1657 est
1485 1605 1538 1657 in
1579 1614 1777 1661 terram

237 1678 472 1741 Chanaan,
504 1689 561 1735 et
594 1684 781 1752 genuit
834 1684 985 1740 Isaac
1016 1703 1134 1741 cum
1182 1700 1325 1745 esset
1372 1702 1584 1749 centum
1611 1711 1778 1753 anno-

1900 514 2133 586 }Egypto
2162 518 2503 587 peregrinum
2542 528 2657 573 erat
2696 520 2823 575 illud
2860 538 3064 590 semen,
3091 535 3379 598 antequam
3407 534 3461 588 in

1897 605 2267 660 haereditatem
2298 616 2535 661 sumeret
2575 624 2643 663 ex
2671 612 3030 679 promissione
3068 614 3187 681 Dei,
3212 623 3353 687 quod
3382 623 3462 676 fa-

1894 703 2039 749 ctum
2070 705 2173 760 est,
2224 706 2576 767 posteaquam
2605 714 2672 754 ex
2702 698 2937 772 Egypto
2962 704 3175 761 liberati
3205 718 3329 763 sunt
3355 729 3369 777 ;
3404 723 3463 767 ut

1893 787 2225 856 hyperbaton
2255 789 2343 843 hic
2388 788 2734 860 intelligatur,
2762 800 2819 847 et
2839 793 2972 848 ordo
3026 795 3314 853 verborum
3343 802 3413 855 sit
3438 817 3455 855 :

1893 875 2113 931 Sciendo
2169 879 2297 932 scies
2343 879 2466 950 quia
2513 882 2841 950 peregrinum
2891 885 2988 937 erit
3031 903 3209 940 semen
3233 898 3376 942 tuum
3405 897 3459 948 in

1891 975 2031 1022 terra
2079 984 2181 1021 non
2210 969 2439 1038 propria
2482 970 2875 1040 quadringentis
2910 975 3081 1028 annis.
3113 975 3247 1030 Illud
3275 989 3456 1033 autem

1889 1056 2264 1130 interpositum
2308 1059 2638 1130 intelligatur
2668 1080 2681 1115 :
2716 1061 2782 1114 Et
2808 1063 2862 1115 in
2904 1065 3200 1119 servitutem
3226 1068 3456 1137 redigent

1885 1158 1995 1211 eos,
2021 1157 2067 1200 et
2092 1148 2341 1201 nocebunt
2371 1149 2499 1215 illis,
2554 1152 2629 1204 ita
2655 1161 2715 1205 ut
2740 1151 2807 1206 ad
2834 1156 3254 1224 quadringentos
3279 1175 3454 1215 annos

1885 1235 1989 1288 ista
2016 1236 2353 1306 interpositio
2406 1254 2514 1294 non
2567 1243 2853 1309 pertineat.
2894 1244 2953 1297 In
3005 1254 3247 1301 extrema
3307 1250 3451 1303 enim

1884 1332 2038 1391 parte
2075 1339 2339 1378 annorum
2366 1341 2591 1380 summa:
2626 1328 2805 1397 hujus,
2839 1330 2940 1385 hoc
2964 1340 3045 1386 est
3072 1342 3195 1402 post
3221 1345 3451 1390 mortem

1882 1411 2079 1482 Josepb
2116 1414 2320 1467 factum
2349 1424 2432 1469 est
2459 1426 2517 1469 ut
2547 1417 2601 1470 in
2629 1417 3118 1491 Egypto'populus
3142 1424 3233 1479 Dei
3260 1425 3451 1481 duram

1881 1512 2169 1574 perageret
2204 1505 2540 1558 servitutem.
2572 1506 2823 1578 Dixitque
2848 1511 3098 1566 Dominus
3129 1516 3197 1567 ad
3232 1515 3449 1584 Moysen

1880 1606 1927 1649 et
1954 1597 2133 1651 Aaron
2154 1610 2172 1647 .·
2207 1596 2335 1651 Ηίῑιε
2365 1608 2438 1651 est
2479 1598 2661 1668 religio
2705 1601 2866 1670 phase
2888 1615 2905 1651 .·
2937 1600 3119 1656 Omnis
3157 1603 3450 1676 alienigena

1880 1701 1981 1737 non
2012 1686 2239 1739 comedet
2267 1702 2330 1740 ea:
2353 1703 2412 1740 eo
2438 1704 2456 1752 ;
2485 1689 2653 1741 omnis
2674 1699 2848 1741 autem
2869 1705 3047 1743 servus
3068 1694 3330 1761 emptitius
3351 1699 3453 1748 cir-

236 1788 350 1824 mm,
402 1771 564 1827 Fiunt
598 1774 782 1844 itaque
811 1778 939 1831 anni
970 1779 1152 1849 viginti
1193 1782 1429 1852 quinque
1459 1800 1524 1839 ex
1551 1790 1779 1855 promis,
1804 1790 1852 1847 Β
1879 1773 2221 1838 cumcidetur,
2262 1784 2309 1828 et
2334 1776 2409 1829 sic
2456 1777 2704 1831 comedet.
2760 1778 2969 1832 Advena
2999 1788 3044 1833 et
3097 1787 3448 1837 mercenarius

230 1862 354 1915 sione
394 1878 565 1931 usque
586 1864 654 1918 ad
683 1872 866 1919 natum
898 1864 1067 1921 Isaac.
1143 1867 1238 1924 llis
1279 1872 1548 1927 adduntur
1589 1891 1778 1932 omnes

227 1948 473 2007 anni'vitre
497 1969 631 2019 sure,
662 1954 713 2008 id
744 1965 848 2018 est,
883 1966 1097 2011 centum
1119 1961 1415 2030 octoginta,
1445 1972 1501 2017 et
1520 1964 1652 2019 ﬁunt
1679 1967 1777 2020 du-

225 2038 344 2091 centi
375 2037 642 2107 quinque;
678 2048 802 2093 tunc
831 2051 949 2095 erat
971 2038 1135 2096 Jacob
1159 2058 1422 2098 annorum
1447 2055 1662 2103 centum
1693 2052 1773 2104 vi-

225 2126 362 2195 ginti.
396 2126 517 2179 Nati
549 2134 673 2182 sunt
692 2128 836 2181 enim
864 2131 1217 2198 sexagenario
1246 2143 1398 2201 patre
1418 2137 1638 2204 gemini,
1663 2139 1775 2208 ipse

221 2223 267 2268 et
286 2215 439 2268 Esau.
497 2216 621 2270 Post
644 2217 829 2272 decem
861 2226 1042 2273 autem
1074 2235 1244 2276 annos
1272 2223 1494 2278 intravit
1526 2225 1694 2282 Jacob
1719 2229 1772 2282 in

220 2302 516 2375 Egyptum,
538 2322 652 2376 cum
683 2317 831 2361 esset
857 2323 1119 2363 annorum
1168 2322 1384 2367 centum
1411 2313 1650 2384 triginta,
1682 2315 1773 2372 Jo-

221 2398 331 2465 sepb
351 2407 527 2451 autem
552 2413 673 2453 cum
702 2405 849 2452 esset
878 2399 1093 2468 triginta
1110 2417 1321 2456 novem.
1359 2403 1519 2457 Fiunt
1548 2406 1772 2474 proinde

222 2487 329 2538 anni
372 2502 400 2539 a
440 2489 796 2555 promissione
830 2505 1002 2558 usque
1032 2491 1098 2544 ad
1156 2492 1454 2561 ingressum
1507 2493 1672 2550 Jacob
1718 2499 1769 2552 in

223 2576 485 2649 Ᾱίςςῖριιιηι
513 2580 725 2634 ducenti
770 2582 1094 2649 quindecim.
1142 2581 1343 2654 Ioseph
1373 2595 1550 2640 autem
1580 2589 1649 2642 ab
1679 2588 1770 2643 illo

223 2671 471 2725 tricesimo
493 2681 547 2725 et
583 2687 728 2726 nono
752 2688 894 2726 anno
915 2673 1087 2727 aetatis
1132 2689 1265 2737 sum,
1298 2674 1350 2728 in
1393 2690 1499 2744 quo
1527 2690 1648 2730 eum
1676 2693 1770 2746 pa—

225 2773 293 2816 ter
317 2763 363 2816 in
378 2761 606 2832 Aigypto
629 2764 856 2823 invenit,
886 2764 1019 2817 vixit
1041 2766 1377 2835 septuaginta
1401 2776 1458 2821 et
1481 2784 1644 2821 utinm
1675 2785 1770 2822 an-

225 2867 349 2915 num,
393 2853 510 2921 quia
555 2853 734 2906 omris
758 2854 934 2909 artatis
979 2853 1095 2921 ejus
1140 2855 1264 2909 anni
1312 2865 1530 2911 centum
1581 2860 1768 2913 decem

225 2938 427 2996 luerunt.
475 2942 610 2997 Cum
641 2943 827 3012 itaque
854 2943 921 2997 ad
949 2944 1209 3001 ducentos
1239 2947 1544 3017 quindecim
1595 2963 1770 3003 annos

224 3032 514 3086 accesserint
550 3033 896 3102 septuaginta
951 3050 1115 3088 unum
1140 3075 1157 3099 ,
1208 3034 1343 3089 ﬁunt
1386 3036 1511 3089 anni
1554 3036 1767 3092 ducenti

1878 1880 1980 1917 non
2015 1864 2167 1918 edent
2196 1881 2260 1918 ea:
2309 1882 2387 1918 eo.
2442 1865 2811 1937 Alienigenam
2871 1868 3001 1922 dicit
3037 1870 3309 1939 gentilem,
3355 1875 3447 1941 qui

1875 1957 2105 2010 necdum
2162 1972 2318 2011 sacro
2380 1958 2705 2027 baptismate
2756 1970 2973 2016 renatus
3025 1971 3107 2017 est
3140 1982 3153 2014 :
3187 1965 3272 2019 cui
3304 1966 3449 2020 nullo

1872 2047 2034 2101 modo
2061 2063 2258 2116 corpus
2288 2049 2623 2103 Dominicum
2657 2059 2713 2104 ct
2748 2053 2968 2122 sanguis
2995 2054 3313 2110 tribuendus
3340 2066 3443 2121 est,

1874 2137 1999 2205 quia
2022 2138 2162 2192 sicut
2191 2146 2343 2191 extra
2374 2148 2459 2192 est
2486 2139 2761 2209 religione,
2794 2142 2871 2196 sic
2902 2142 3060 2198 debet
3079 2159 3199 2198 esse
3226 2154 3280 2199 et
3299 2161 3446 2201 com-

1873 2226 2148 2280 munione.
2182 2226 2411 2280 Servum
2434 2233 2579 2281 ‘vero
2628 2230 2931 2297 emptitium
2962 2233 3181 2286 mandat
3206 2234 3443 2288 circum—

1872 2318 1998 2383 cidi,
2031 2326 2091 2371 ut
2121 2318 2278 2372 liceat
2306 2318 2353 2371 ei
2396 2319 2596 2387 pascha
2626 2320 2928 2374 comedere.
2980 2320 3117 2386 Quid
3145 2331 3229 2376 est
3257 2339 3446 2381 servus

1869 2405 2147 2474 emptitius
2198 2405 2302 2460 nisi
2357 2405 2402 2459 is
2428 2406 2519 2473 qui
2570 2414 2782 2474 emptus
2812 2414 2895 2460 cst
2947 2407 3124 2476 pretio
3167 2411 3447 2479 sanguinis

1871 2495 2111 2549 Christi?
2160 2494 2260 2559 Qui
2291 2495 2522 2563 primum
2574 2495 2732 2549 debet
2782 2495 3119 2561 circumcidi,
3178 2498 3443 2567 spirituali

1870 2586 2053 2655 utique
2089 2586 2499 2640 circumcisione
2541 2602 2645 2640 non
2679 2586 2879 2649 carnis,
2910 2586 3003 2640 sed
3034 2588 3246 2652 cordis,
3274 2597 3327 2644 et
3362 2591 3445 2646 sic

1870 2678 1991 2746 agni
2020 2676 2346 2730 inunaculati
2402 2692 2596 2745 corpus
2626 2677 2925 2731 comedere.
2963 2675 3097 2730 Nam
3129 2679 3325 2734 talibus
3358 2682 3441 2733 di-

1870 2770 1946 2821 cit
1974 2769 2165 2823 Petrus
2201 2768 2525 2838 Apostolus:
2565 2767 2832 2821 Sucrincti
2879 2766 3078 2821 lumbos
3131 2770 3316 2823 utentis
3358 2787 3443 2824 ce-

1870 2869 2015 2923 strai,
2040 2861 2201 2913 sobrii
2224 2860 2449 2929 perfecte
2474 2870 2675 2928 sperate
2720 2858 2775 2909 in
2795 2875 2929 2921 eam,
2970 2875 3084 2927 qutc
3112 2860 3331 2927 offertur
3352 2878 3442 2913 vo-

1872 2950 1948 3002 bis
1973 2950 2220 3019 gratiam,
2251 2949 2307 3000 in
2362 2946 2668 3001 reuelatione
2696 2946 2823 2998 Jesu
2852 2945 3048 2999 Christi
3080 2945 3248 3014 (l’etr.
3282 2947 3344 3018 ι).
3374 2949 3443 3003 Et

1870 3040 2028 3110 paulo
2059 3045 2182 3108 post
2211 3056 2223 3091 :
2257 3037 2513 3101 Scientes,
2554 3036 2749 3122 inquit,
2784 3035 2922 3106 quod
2945 3052 3047 3089 non
3074 3036 3439 3107 incorruptibi-

223 3124 459 3194 octoginta
482 3139 594 3178 sex.
660 3125 890 3179 Restant
912 3135 1127 3179 centum
1161 3128 1513 3197 quadraginta
1537 3137 1770 3197 quatuor
1798 3140 1841 3201 ρ
1874 3130 2008 3184 libus
2037 3145 2169 3183 auro
2203 3127 2279 3183 vel
2310 3137 2524 3197 argento
2562 3127 2807 3195 redempti
2852 3128 2977 3180 estis
3020 3127 3084 3180 de
3113 3144 3247 3181 vana
3271 3138 3442 3182 vestra

227 3213 292 3266 vel
318 3216 539 3284 quinque
592 3216 791 3285 quibus
839 3216 1154 3287 intelligitur
1184 3218 1414 3272 servisse
1451 3219 1503 3272 in
1535 3219 1770 3290 Aigypto

226 3304 422 3372 populus
444 3305 605 3360 Israel
626 3317 751 3375 post
773 3314 999 3361 mortem
1022 3305 1240 3377 Josepb.
1295 3307 1390 3363 llis
1416 3310 1573 3364 annis
1600 3327 1763 3380 quan-

222 3401 317 3447 tam
338 3395 669 3466 multiplicari
716 3406 1028 3467 potuerunt,
1088 3398 1133 3452 si
1180 3399 1481 3453 fecunditas
1532 3401 1769 3456 hominis

222 3484 596 3549 consideretur,
647 3485 936 3556 adjuvante
985 3486 1076 3540 illo
1121 3488 1213 3557 qui
1264 3502 1359 3542 eos
1402 3489 1574 3543 voluit
1615 3490 1769 3544 valde

224 3574 575 3642 multiplicari,
624 3578 894 3646 reperitur
942 3594 1048 3633 non
1099 3594 1219 3633 esse
1279 3580 1470 3634 mirum
1521 3581 1663 3651 quod
1714 3582 1767 3635 in

221 3664 459 3718 sexcentis
502 3665 741 3720 millibus
767 3667 1000 3737 peditum
1028 3682 1275 3738 egressus
1324 3679 1406 3723 est
1445 3671 1672 3740 populus
1701 3689 1769 3727 ex

219 3750 455 3823 Δίωνα),
502 3763 729 3825 excepto
760 3764 1039 3825 apparatu,
1077 3757 1166 3811 ubi
1210 3766 1266 3812 et
1317 3760 1537 3813 servan
1590 3769 1766 3825 erant,

216 3852 263 3894 et
292 3858 439 3898 sexus
489 3845 784 3910 muliebris,
816 3855 871 3901 et
920 3847 1200 3903 imbecillis
1225 3856 1393 3903 tetas,
1458 3849 1611 3916 Quod
1638 3866 1769 3921 ergo

219 3934 335 3987 dixit
363 3935 494 3989 Deus
541 3936 608 3991 ad
640 3936 932 4001 Abraham,
966 3936 1186 3992 Sciendo
1229 3939 1360 3992 scies
1381 3939 1504 4009 quia
1537 3941 1768 4011 peregri-

219 4038 325 4074 num
343 4025 431 4077 erit
456 4042 626 4079 semen
658 4035 803 4078 tuum
834 4026 888 4078 in
911 4034 1049 4079 terra
1073 4042 1173 4080 non
1198 4028 1443 4096 propria;
1466 4036 1511 4080 et
1530 4028 1584 4081 in
1605 4029 1768 4081 servi-

215 4121 356 4164 tutem
380 4113 598 4184 redigent
611 4131 717 4176 eos,
737 4124 782 4167 et
806 4115 1055 4168 nocebunt
1076 4115 1179 4168 illis
1199 4116 1590 4187 quadringentis
1612 4118 1764 4172 anm‘s

216 4203 348 4270 (Gen.
364 4204 471 4274 xv),
502 4221 606 4258 non
629 4206 707 4259 sic
731 4206 1096 4273 accipiendum
1117 4214 1199 4259 est
1224 4213 1475 4274 tanquam
1491 4206 1545 4260 in
1564 4207 1652 4261 illa
1669 4208 1766 4262 du-

211 4294 404 4347 rissima
426 4295 679 4349 servitute
692 4295 1109 4365 quadringentos
1125 4311 1296 4351 annos
1310 4297 1400 4350 Dei
1415 4298 1639 4366 populus
1660 4299 1766 4353 fue-

211 4388 299 4451 rit;
324 4388 415 4442 sed
441 4390 565 4457 quia
586 4390 844 4458 scriptum
866 4396 969 4452 est,
998 4387 1065 4441 In
1089 4386 1243 4442 Isaac
1273 4388 1539 4441 vocabitur
1556 4390 1649 4443 tibi
1683 4407 1765 4443 se-
1806 4427 1815 4437 .

1873 3219 2262 3272 conversatione
2319 3226 2551 3287 paterna:
2596 3217 2916 3280 traditionis,
2957 3216 3046 3269 sed
3075 3217 3297 3285 pretioso
3319 3235 3441 3272 san-

1869 3310 2024 3378 guine
2069 3308 2219 3379 quasi
2245 3307 2368 3377 agni
2420 3305 2746 3359 immaculati
2777 3314 2825 3359 et
2859 3306 3260 3359 incontaminati
3288 3305 3441 3361 Chri-

1867 3400 1955 3453 sti.
2014 3399 2331 3469 Prwcogniti
2358 3397 2565 3469 quidem
2612 3406 2732 3450 ante
2762 3397 3182 3450 constitutionem
3226 3399 3430 3458 mundi.

1869 3489 2190 3559 manifestati
2214 3500 2390 3542 autem
2434 3488 2724 3542 novissimis
2749 3486 3064 3557 temporibus
3091 3498 3298 3557 propter
3328 3504 3438 3552 vos,

1869 3582 1956 3649 qui
1979 3598 2070 3651 per
2094 3582 2260 3651 ipsum
2288 3579 2467 3648 ﬁdeles
2496 3581 2618 3633 estis
2645 3580 2699 3632 in
2727 3578 2856 3643 Deo,
2896 3579 2984 3649 qui
3014 3579 3283 3632 suscitavit
3320 3595 3441 3632 eum

1870 3689 1901 3723 a
1935 3673 2177 3733 mortuis,
2209 3680 2255 3723 et
2287 3670 2429 3722 dedit
2459 3670 2507 3722 ei
2530 3668 2774 3738 gloriam,
2816 3677 2869 3720 ut
2902 3667 3035 3735 ﬁdes
3061 3676 3228 3721 vestra
3259 3678 3305 3721 et
3327 3685 3441 3734 spes
3494 3710 3497 3713 -

1870 3770 1999 3815 esset
2030 3760 2084 3813 in
2115 3758 2220 3812 Deo
2246 3775 2263 3822 ;
2301 3758 2505 3811 animas
2526 3767 2721 3811 vestras
2742 3757 3092 3824 casti/icantes
3125 3757 3180 3809 in
3202 3756 3443 3811 obedien-

1869 3851 1942 3904 tia
1992 3850 2286 3913 charitatis,
2342 3849 2397 3901 in
2457 3847 2803 3917 fraternitatis
2857 3863 3057 3913 amore,
3113 3846 3335 3918 simplici
3377 3864 3442 3902 ex

1870 3939 2024 3992 corde
2054 3940 2270 3991 invicem
2312 3937 2587 4006 diligentes
2615 3937 2888 3997 attentius,
2925 3936 3096 3989 renati
3122 3952 3224 3989 non
3271 3952 3336 3990 ea:
3360 3953 3442 3990 se-

1866 4026 2004 4079 mine
2047 4025 2390 4094 corruptibili,
2412 4024 2502 4078 sed
2532 4023 2936 4093 incorruptibili,
2987 4038 3080 4092 per
3105 4022 3314 4076 verbum
3341 4023 3441 4077 Dei

1866 4119 1965 4169 riri
1987 4126 2035 4170 et
2063 4116 2413 4184 permanentis
2436 4114 2647 4185 (lbid.).
2676 4112 2893 4167 Advcna
2916 4126 3130 4181 quoque
3153 4119 3207 4165 et
3234 4127 3440 4166 merce-

1866 4206 2052 4259 narius
2103 4203 2305 4274 pascha
2341 4203 2499 4256 edere
2529 4215 2635 4254 non
2666 4207 2906 4268 possunt.
2944 4198 3074 4264 Quis
3101 4207 3185 4253 est
3210 4199 3438 4261 advena,

1867 4298 1967 4352 nisi
1995 4298 2086 4366 qui
2118 4312 2288 4365 nuper
2322 4295 2469 4348 venit
2505 4293 2571 4346 ad
2602 4291 2780 4356 ﬁdem,
2809 4305 2908 4344 nec
2935 4289 3123 4343 ﬁrmus
3150 4296 3235 4343 est
3263 4288 3317 4341 in
3344 4302 3438 4342 ca-

1868 4387 2064 4441 tholica
2106 4384 2400 4453 religione?
2434 4380 2798 4435 Merccnarius
2850 4387 3030 4432 autem
3067 4378 3181 4447 ipse
3211 4387 3314 4442 est,
3346 4378 3440 4447 qui

209 4495 310 4532 utan
332 4478 480 4547 (Cen.
498 4479 716 4550 xxi),ex
741 4495 881 4533 anno
900 4478 1199 4532 nativitatis
1215 4477 1382 4542 Isaac,
1404 4479 1652 4547 usquead
1667 4494 1763 4532 an-
1786 4482 1839 4540 D
1862 4493 1961 4548 pro
1989 4475 2220 4531 terrenis
2249 4481 2454 4528 tantum
2488 4470 2654 4525 lucris
2696 4468 2928 4534 laborat,
2958 4476 3013 4523 et
3039 4467 3243 4523 nullum
3272 4469 3327 4523 in
3358 4467 3443 4524 fu-

208 4584 319 4620 nem
345 4569 670 4638 egressionis
694 4585 759 4622 ex
796 4567 1046 4637 1Egypto,
1072 4575 1450 4636 computantur
1478 4569 1603 4621 anni
1634 4582 1765 4636 qua-

208 4658 453 4725 dringenti
469 4658 726 4726 quinque.
750 4656 882 4712 Cum
899 4672 1025 4727 ergo
1038 4658 1102 4712 de
1126 4657 1760 4727 quadringentistriginta

206 4747 487 4803 detraxeris
517 4750 701 4817 viginti
731 4749 987 4818 quinque,
1036 4766 1154 4818 qua:
1188 4759 1312 4803 sunt
1342 4764 1371 4802 a
1407 4749 1763 4817 promissione

205 4850 356 4903 usjue
383 4838 451 4890 ad
482 4846 667 4890 natum
694 4836 866 4900 Isaac,
919 4852 1026 4891 non
1058 4838 1251 4891 mirum
1292 4846 1394 4901 est,
1424 4838 1468 4891 si
1506 4837 1765 4905 quadrin-

202 4934 380 4995 gentos
406 4937 460 4981 et
490 4928 730 4997 quinque
754 4942 948 4991 annos,
971 4942 1181 4981 summa
1210 4928 1379 4981 solida
1409 4927 1761 4997 quadringen-

204 5025 276 5069 tos
301 5018 469 5073 voluit
521 5019 791 5089 appellare
839 5018 1144 5088 Scriptura,
1180 5034 1299 5087 qua:
1334 5019 1469 5073 solet
1515 5027 1758 5087 tempora

201 5124 501 5179 nuncupare
532 5129 545 5163 :
581 5119 639 5164 ut
665 5111 809 5180 quod
836 5111 902 5165 de
932 5126 1139 5165 summa
1188 5109 1525 5179 perfectioris
1554 5109 1762 5163 numeri

200 5200 461 5266 paululum
497 5203 769 5257 excrescit
801 5209 896 5255 aut
923 5200 1063 5254 inira
1109 5209 1214 5263 est,
1246 5216 1351 5254 non
1398 5208 1759 5269 computetur.

197 5288 303 5345 Non
332 5292 538 5361 itaque,
593 5292 737 5361 quod
765 5292 863 5355 ait,
903 5290 969 5343 In
996 5291 1293 5344 serritutem
1322 5289 1548 5358 redigent
1572 5305 1678 5353 eos,
1714 5296 1765 5341 et

199 5388 444 5439 nocebunt
479 5385 590 5439 illis
617 5385 1028 5456 quadringentos
1060 5400 1247 5445 annos,
1290 5381 1633 5436 referendum
1660 5388 1764 5446 est,

199 5488 441 5548 tanquam
468 5494 568 5547 per
618 5486 697 5532 tot
726 5492 900 5530 annos
926 5491 1020 5530 eos
1054 5474 1336 5530 habuerint
1367 5473 1419 5527 in
1462 5472 1719 5526 servitute
1748 5488 1763 5534 ;

197 5570 279 5623 Sed
319 5569 591 5625 referendi
639 5578 772 5624 sunt
822 5567 1200 5637 quadringenti
1248 5564 1394 5626 anni,
1434 5564 1505 5617 ad
1544 5562 1595 5616 id
1624 5562 1767 5631 quod

196 5659 382 5715 dict-nn
413 5670 536 5714 est:
572 5659 926 5727 Peregrinum
970 5659 1064 5710 erit
1098 5674 1271 5711 semen
1321 5667 1467 5709 tuum
1519 5655 1571 5707 in
1625 5663 1765 5706 terra

1870 4577 1991 4622 turo
2018 4566 2295 4635 prmmium
2346 4562 2589 4631 requirit.
2617 4560 2711 4616 Isti
2741 4574 2872 4616 sane
2894 4575 2999 4614 non
3029 4566 3155 4614 sunt
3178 4560 3323 4631 digni
3348 4576 3441 4615 ac-

1868 4661 2047 4729 cipere
2093 4671 2291 4725 corpus
2340 4654 2566 4717 Christi,
2607 4654 2733 4723 quia
2778 4660 2872 4706 aut
2899 4667 3022 4706 eum
3073 4667 3179 4706 non
3210 4652 3437 4706 ﬁrmiter

1868 4751 2118 4813 credunt,
2151 4755 2243 4801 aut
2289 4746 2556 4800 veraciter
2597 4751 2803 4807 amant,
2834 4756 2899 4796 ac
2947 4742 3066 4795 ideo
3096 4741 3297 4811 indigni
3326 4740 3441 4808 ejus

1866 4837 2278 4907 participatione
2335 4842 2478 4888 sunt.
2519 4831 2818 4901 Sequitur:
2854 4829 2921 4882 In
2946 4845 3050 4881 una
3086 4828 3240 4881 domo
3269 4845 3438 4881 come-

1867 4930 2066 4982 detur:
2100 4944 2191 4980 nec
2231 4927 2463 4995 efferatis
2513 4923 2577 4976 de
2604 4920 2847 4975 carnibus
2881 4918 2996 4988 ejus
3041 4916 3206 4987 foras,
3256 4933 3347 4971 nec
3380 4933 3437 4971 os

1866 5020 2009 5074 illius
2060 5018 2416 5089 confringetis.
2452 5016 2510 5069 In
2565 5030 2672 5068 una
2709 5013 2868 5069 domo
2921 5010 3042 5079 agni
3073 5024 3202 5064 caro
3230 5010 3438 5063 comedi

1859 5110 2100 5180 iubetur,
2140 5110 2262 5180 quia
2302 5110 2352 5162 in
2392 5122 2497 5161 una
2529 5103 2768 5160 Ecclesia
2824 5100 3085 5158 catholica
3123 5099 3437 5169 mysterium

1867 5201 2136 5272 passionis
2165 5199 2281 5267 ejus
2326 5198 2427 5250 rite
2458 5195 2800 5259 celebratur;
2834 5207 2935 5247 nec
2993 5189 3170 5245 etl‘erri
3217 5188 3343 5243 licet
3373 5187 3438 5240 dc

1871 5292 2126 5347 carnibus
2151 5289 2267 5357 ejus
2312 5288 2457 5342 foras
2487 5328 2499 5348 .
2534 5284 2660 5354 quia
2690 5298 2789 5338 nec
2824 5280 3043 5353 pagani,
3093 5292 3193 5332 nec
3241 5274 3434 5335 Judaei,

1866 5395 1965 5435 nec
1996 5378 2259 5442 haeretici,
2288 5392 2387 5430 nec
2445 5374 2518 5428 illi
2542 5371 2763 5427 omnino
2810 5370 2901 5441 qui
2931 5377 3086 5424 extra
3136 5362 3434 5420 Ecclesiam

1867 5477 1994 5525 sunt
2021 5468 2086 5522 ad
2116 5467 2256 5521 hanc
2312 5462 2744 5520 communionem
2775 5460 3167 5517 admittuntur;
3207 5463 3434 5518 quorum

1867 5558 2023 5622 ﬁdes,
2083 5556 2329 5610 doctrina
2379 5562 2433 5607 et
2461 5549 2821 5614 conversatio,
2861 5547 3035 5600 aliena
3071 5548 3206 5595 esta
3253 5535 3434 5603 regula

1867 5647 2245 5704 ecclesiasticae
2284 5633 2597 5713 disciplima
2632 5640 2744 5693 Nec
2793 5654 2872 5700 os,
2901 5633 3092 5702 inquit,
3129 5627 3270 5682 illius
3307 5640 3432 5680 con-
