3992 6182
435 340 506 399 39
1069 328 1131 383 Β.
1174 321 1427 380 RABANI
1466 319 1684 377 MAURI
1719 312 2038 372 ARCHIEP.
2081 306 2388 366 MOGUNT.
2433 306 2716 363 OPERUM
2754 304 2935 360 PARS
2975 304 3013 359 Ι.
3602 308 3676 361 (39

436 450 694 525 {ringetis.
739 444 877 513 Quid
913 443 1019 497 hoc
1062 439 1329 510 signiﬁcet
1378 434 1611 490 Joannes
1660 427 2001 500 Evangelista
2027 432 2080 486 A
2106 422 2283 478 monis
2305 430 2359 477 et
2386 419 2898 525 honre-operationis
2924 419 3271 525 processerit,
3290 416 3415 487 jure
3444 420 3675 475 Domino

436 521 669 598 narrans
696 537 764 591 de
793 533 1041 605 passione
1060 528 1272 584 Domini
1300 527 1352 580 in
1378 521 1655 594 evangelio
1674 535 1793 587 suo,
1821 527 2002 574 osten-

438 633 518 688 dit
551 631 775 686 dicens:
812 623 991 679 Juda’i
1023 637 1143 691 ergo
1181 618 1432 690 quoniam
1464 628 1739 685 parasceve
1777 619 1917 672 “erat,
1945 616 2003 661 ut

438 738 543 777 non
568 723 889 773 remanerent
920 712 976 766 in
998 726 1150 766 cruce
1171 723 1390 777 corpora
1419 704 1635 759 sabbato
1669 701 1803 773 (erat
1830 708 2003 753 autem

440 825 662 880 magnus
710 807 821 860 dies
881 802 970 857 ille
1016 798 1240 871 sabbati)
1292 805 1604 868 rogaverunt
1654 791 1907 880 Pilatum,
1948 799 2005 843 ut

441 879 808 969 frangerentur
857 907 1038 948 eorum
1091 905 1247 943 crura
1299 895 1348 941 et
1374 884 1695 939 tollerentur.
1749 879 2006 935 Venerunt

438 1005 561 1059 ergo
587 986 798 1050 milites,
829 993 877 1039 et
910 982 1066 1052 primi
1094 978 1300 1051 quidem
1346 976 1612 1047 fregerunt
1641 989 1817 1038 crura,
1854 980 1903 1025 et
1932 969 2008 1024 al-

441 1078 622 1139 terius,
664 1074 754 1144 qui
784 1070 1067 1139 cruci/iatus
1114 1075 1190 1120 est
1218 1081 1337 1119 cum
1367 1080 1448 1119 eo.
1478 1062 1559 1116 Ad
1602 1061 1809 1115 lesum>
1834 1068 2006 1113 autem

448 1180 565 1219 cum
593 1163 868 1224 venissent,
892 1167 950 1212 ut
1000 1156 1242 1211 viderunt
1271 1168 1389 1207 eum
1431 1153 1551 1222 jam
1574 1159 1862 1213 mortuum,
1904 1162 2007 1200 non

445 1253 708 1323 fregerunt
732 1250 846 1319 ejus
873 1263 1030 1301 crura
1056 1257 1075 1298 :
1108 1245 1199 1299 sed
1250 1259 1387 1298 unus
1417 1240 1642 1295 militum
1667 1238 1850 1293 lancea
1871 1239 2009 1292 latus

444 1342 559 1411 ejus
610 1338 832 1409 aperuit,
865 1343 913 1391 et
959 1334 1202 1389 continuo
1229 1332 1386 1388 exivit
1418 1329 1632 1399 sanguis
1663 1336 1710 1383 et
1756 1344 1912 1398 aqua.
1944 1327 2011 1380 Et

443 1433 534 1503 qui
562 1432 686 1487 vidit
725 1427 1072 1484 testimonium
1096 1424 1353 1496 perhibuit
1383 1436 1401 1475 :
1433 1428 1481 1476 et
1530 1436 1706 1475 verum
1753 1428 1828 1473 est
1871 1419 2013 1472 testi-

446 1522 682 1575 monium
713 1519 870 1590 ejus;
919 1526 967 1571 et
992 1515 1079 1571 ille
1116 1516 1233 1579 scit,
1265 1513 1388 1583 quia
1411 1528 1533 1566 vera
1588 1510 1734 1575 dicit,
1761 1518 1818 1562 ut
1856 1517 1905 1562 et
1927 1524 2012 1562 vos

450 1612 697 1668 credatis.
728 1610 897 1665 Facta
925 1618 1045 1663 sunt
1096 1609 1234 1662 enim
1258 1606 1387 1670 hwc,
1445 1614 1500 1658 ut
1531 1603 1806 1673 Scriptura
1836 1601 2016 1671 imple-'-

450 1709 638 1755 retur:
679 1697 751 1754 0s
778 1716 881 1753 non
927 1697 1283 1753 comminuetis
1335 1711 1399 1749 ea:
1428 1710 1509 1748 eo.
1560 1694 1631 1748 Et
1667 1694 1856 1747 iterum
1906 1692 2015 1747 alia

2105 515 2385 585 competit,
2415 513 2507 582 qui
2534 513 2682 567 dedit
2709 512 2883 582 ipsum
2936 511 3140 567 bonum
3169 512 3305 567 velle
3332 518 3385 567 et
3410 513 3675 583 perﬁcere

2102 619 2203 676 pro
2221 604 2362 658 bona
2383 601 2678 657 voluntate.
2718 600 3004 672 Quidquid,
3038 601 3232 669 inquit,
3289 601 3533 656 habueris
3560 619 3677 657 ma-

2104 693 2294 750 sculini
2335 710 2511 758 sexus,
2571 692 2895 747 consecrabis
2955 691 3202 746 Domino.
3264 691 3675 763 Primogenitum

2106 784 2243 838 asini
2268 784 2493 837 mutabis
2520 799 2631 837 ove.
2666 781 2817 847 Quod
2838 783 2882 836 si
2914 799 3017 836 non
3041 782 3339 849 redemeris,
3368 783 3672 851 interficies.

2106 875 2277 932 Omne
2325 872 2743 945 primogenitum
2797 873 3173 938 masculinum,
3226 873 3279 929 id
3302 881 3403 935 est,
3440 874 3597 930 virile
3621 882 3678 928 et

2105 965 2407 1037 perfectum
2443 979 2601 1033 opus,
2651 962 2845 1041 divinae
2872 962 3060 1033 gratiae
3101 962 3360 1018 debemus
3407 964 3680 1033 applicare

2108 1071 2215 1111 non
2240 1054 2395 1110 nobis
2421 1072 2434 1108 :
2463 1053 2722 1125 quidquid
2746 1051 3034 1106 femineum
3064 1061 3118 1106 et
3144 1052 3304 1108 molle
3332 1062 3493 1122 atque
3520 1053 3677 1109 inﬁr—

2108 1160 2256 1199 mum
2286 1151 2370 1199 est
2396 1143 2449 1197 in
2478 1150 2665 1197 nostra
2707 1142 3135 1208 conversatione,
3189 1151 3388 1199 nostra:
3419 1145 3682 1199 debemus

2109 1234 2212 1289 hoc
2238 1231 2515 1300 fragilitati
2537 1232 2815 1302 deputare,
2848 1247 2953 1286 non
2978 1231 3224 1285 Domino.
3256 1231 3363 1302 (Ea;
3378 1230 3681 1301 Gregorio.)

2111 1322 2251 1390 Quid
2308 1338 2407 1391 per
2457 1321 2668 1375 asinum
2722 1321 2828 1375 nisi
2886 1320 3245 1386 immunditia,
3292 1328 3348 1376 et
3401 1321 3530 1391 quid
3586 1337 3686 1392 per

2111 1428 2267 1470 ovem
2296 1413 2400 1468 nisi
2453 1412 2761 1467 innocentia
2814 1411 3168 1481 designatur?
3216 1411 3367 1467 Asini
3413 1428 3543 1484 ergo
3572 1412 3688 1482 pri—

2114 1502 2384 1573 mogenita
2410 1516 2510 1556 ove
2538 1508 2769 1563 mutare,
2797 1507 2882 1554 est
2915 1500 3204 1554 immunda
3228 1501 3352 1555 vitm
3378 1500 3681 1571 primordia
3752 1514 3755 1515 '

2116 1591 2184 1646 ad
2242 1590 2562 1646 innocentia:
2623 1588 3020 1659 simplicitatem
3082 1598 3417 1658 convertere,
3449 1599 3508 1645 ut
3541 1600 3687 1663 post-

2117 1696 2279 1750 quam
2306 1681 2395 1736 illa
2424 1688 2679 1750 peccator
2725 1680 2837 1751 egit
2857 1696 2975 1750 quae
3006 1681 3284 1737 immunda
3312 1682 3574 1739 Dominus
3601 1699 3689 1737 re-

450 1788 724 1859 scriptura
773 1790 901 1843 dicit
929 1801 948 1840 ε
1008 1786 1264 1841 Videbunt
1325 1786 1380 1839 in
1434 1800 1585 1856 quem
1640 1781 2015 1851 ιναηεβπεηιηε
2045 1777 2091 1836 Β
2119 1772 2281 1841 spuit,
2313 1786 2376 1826 ea
2397 1770 2511 1840 jam
2546 1771 2752 1841 agendo
2783 1770 3038 1841 proferat,
3091 1786 3210 1840 qua:
3256 1772 3352 1827 Dei
3408 1773 3680 1827 sacriﬁcio

454 1877 639 1949 (Joan.
685 1892 816 1942 xxx;
857 1874 1019 1929 Zach.
1060 1874 1184 1947 xu).
1219 1874 1391 1929 Aliter
1420 1891 1433 1926 :
1463 1871 1536 1927 Os
1565 1872 1688 1944 agni
1732 1886 1840 1927 non
1865 1886 2016 1926 com-

452 1972 698 2026 minuere
725 1977 810 2024 est
844 1970 896 2023 in
937 1968 1337 2038 dispensatione
1377 1962 1765 2020 incarnationis
1793 1961 2016 2026 Christi,

451 2064 616 2117 robur
642 2062 937 2116 divinitatis
964 2074 1060 2130 per
1076 2057 1464 2128 blasphemiam
1487 2072 1594 2111 non
1620 2067 1973 2124 corrumpere
1998 2068 2013 2106 :

454 2155 580 2223 quia
605 2155 748 2209 Deus
801 2161 855 2207 et
886 2153 1047 2206 homo
1082 2167 1222 2205 unus
1270 2158 1354 2205 est
1388 2148 1653 2203 Christus.
1692 2145 2021 2202 Comminuit

453 2257 583 2314 ergo
612 2259 735 2298 ossa
765 2242 909 2313 agni,
944 2242 1036 2311 qui
1065 2241 1338 2295 Christum
1364 2239 1496 2294 dicit
1522 2238 1587 2292 de
1617 2236 1787 2291 Maria
1814 2235 2023 2306 virgine

456 2348 651 2402 purum
677 2332 948 2386 hominem
981 2339 1187 2395 natum,
1215 2338 1272 2385 et
1324 2344 1434 2385 non
1484 2342 1675 2381 verum
1722 2326 2019 2381 Christum.

458 2422 644 2477 Omnis
688 2434 846 2477 coetus
900 2422 1131 2490 filiorum
1181 2420 1350 2475 Israel
1404 2421 1561 2490 faciet
1610 2418 1764 2472 illud.
1803 2416 1955 2483 Quod
1979 2418 2025 2470 si

456 2513 574 2583 quis
598 2514 989 2583 peregrinorum
1040 2513 1094 2566 in
1128 2521 1347 2565 vestram
1374 2509 1596 2564 voluerit
1622 2509 1848 2563 transire
1882 2506 2025 2562 colo-

466 2604 642 2668 niam.
667 2611 713 2655 et
741 2601 912 2671 facere
954 2602 1112 2671 phase
1159 2600 1392 2664 Domini,
1443 2599 1842 2653 circumcidetur
1883 2598 2026 2667 prius

461 2709 616 2747 omne
647 2691 991 2746 masculinum
1040 2692 1173 2761 ejus,
1199 2699 1247 2744 et
1270 2699 1392 2743 tunc
1441 2691 1537 2743 rite
1563 2688 1875 2753 celebrabit;
1905 2689 2029 2742 erit-

464 2801 565 2855 que
593 2785 726 2839 sicut
758 2782 1001 2853 indigena
1031 2792 1203 2835 terrm.
1235 2781 1386 2847 Quod
1415 2788 1500 2835 est
1523 2788 1709 2851 aperte
1736 2781 1914 2835 dicere
1939 2793 2030 2833 ve-

464 2880 541 2934 ris
572 2877 828 2933 lsraelitis
871 2884 925 2929 et
951 2874 1144 2944 populo
1199 2874 1569 2929 ecclesiastico
1609 2888 1796 2928 verum
1828 2872 2028 2943 pascha

463 2969 864 3026 celebrantibus
892 2985 904 3020 :
940 2965 998 3021 Si
1028 2966 1149 3036 quis
1175 2964 1408 3020 inﬁdelis
1454 2972 1509 3021 et
1535 2972 1794 3021 externus
1820 2980 1851 3017 a
1882 2962 2029 3017 cultu

463 3058 792 3120 Christiano,
825 3057 892 3109 ad
935 3056 1075 3109 hanc
1130 3054 1559 3108 communionem
1614 3068 1672 3107 se
1700 3052 1911 3107 sociare
1937 3064 2031 3104 vo-

2118 1864 2373 1932 imponat.
2409 1859 2611 1917 Omnes
2638 1862 2781 1916 enim
2808 1862 3054 1917 homines
3081 1862 3193 1916 nati
3242 1862 3294 1916 in
3332 1863 3574 1932 peccatis
3592 1879 3690 1917 su-

2119 1967 2258 2016 mus,
2286 1958 2447 2020 atque
2474 1965 2540 2006 ex
2593 1950 2773 2005 carnis
2803 1949 3155 2004 delectatione
3200 1951 3463 2020 concepti,
3517 1951 3691 2020 culpae

2120 2044 2395 2099 nobiscum
2453 2042 2714 2112 originem
2756 2042 3035 2096 traximus.
3083 2041 3236 2096 Unde
3263 2041 3321 2095 ﬁt
3348 2049 3405 2095 ut
3431 2043 3593 2095 etiam
3621 2056 3692 2096 ex

2118 2132 2394 2188 voluntate
2419 2138 2600 2186 nostra
2628 2131 2865 2201 peccatis
2919 2131 3275 2200 implicemur.
3316 2130 3420 2185 Sed
3447 2131 3696 2199 quisquis

2121 2224 2327 2279 malitia
2385 2223 2567 2278 carnis
2625 2224 2693 2277 ad
2742 2223 3103 2278 innocentiam
3168 2223 3437 2279 convertit
3490 2222 3696 2285 cordis,

2122 2298 2537 2384 primogenitum
2591 2313 2728 2367 asini
2786 2321 2956 2366 mutat
3003 2327 3123 2377 ove,
3153 2314 3279 2381 quia
3339 2312 3538 2380 prioris
3565 2311 3695 2365 vita:

2124 2403 2518 2458 immunditiam
2560 2402 2627 2455 ad
2685 2401 3045 2455 innocentiam
3078 2403 3365 2455 convertit.
3421 2401 3522 2467 Qui
3550 2401 3697 2455 enim

2124 2492 2301 2562 qualis
2326 2491 2475 2561 prius
2507 2490 2606 2543 fuit
2658 2504 2779 2544 esse
2805 2489 3022 2554 desinit,
3062 2496 3114 2543 et
3139 2490 3479 2559 apprehensa
3513 2491 3703 2544 carnis

2125 2579 2391 2633 munditia
2453 2576 2812 2631 innocentiam
2867 2576 3122 2641 custodit,
3150 2576 3203 2630 in
3265 2576 3539 2631 oblatione
3602 2576 3701 2630 Dei

2126 2668 2539 2739 primogenitum
2595 2666 2729 2720 asini
2761 2666 2829 2719 ad
2877 2680 3033 2720 ovem
3093 2666 3340 2720 mutavit.
3390 2665 3509 2719 Erit
3537 2667 3702 2737 igitur

2126 2760 2276 2831 quasi
2301 2761 2507 2830 signum
2534 2759 2589 2810 in
2613 2773 2773 2811 manu
2822 2765 2936 2821 tua,
2969 2765 3017 2810 et
3060 2757 3209 2828 quasi
3264 2772 3546 2827 appensum
3569 2757 3701 2828 quid

2130 2850 2192 2904 ob
2220 2849 2626 2903 recordationem
2648 2848 2789 2901 intra
2816 2846 2992 2900 oculos
3019 2857 3135 2900 tuos
3161 2860 3179 2897 :
3208 2863 3269 2900 eo
3295 2847 3434 2917 quod
3456 2847 3507 2900 in
3537 2864 3703 2902 manu

2129 2940 2254 3011 forti
2276 2939 2514 2994 eduxerit
2566 2955 2652 2992 vos
2682 2938 2936 2991 Dominus
2972 2938 3036 2995 de
3090 2937 3341 3008 zEggpto.
3389 2938 3496 3010 (Ea:
3521 2937 3706 3009 Augu-

2130 3027 2309 3099 stino.)
2338 3017 2477 3094 Quid
2501 3035 2583 3081 est
2609 3027 2751 3095 quod
2780 3027 2876 3089 ait,
2927 3042 3051 3081 cum
3105 3027 3173 3081 de
3217 3027 3417 3095 pascha
3444 3028 3707 3097 praecipe—

467 3145 922 3215 luerit,exspo|iet
939 3145 1090 3214 prius
1108 3150 1346 3199 veterem
1376 3142 1648 3197 hominem
1672 3157 1794 3197 cum
1822 3139 2030 3196 actibus
2060 3145 2100 3201 C
2135 3128 2236 3215 τείν
2267 3118 2383 3172 Em
2408 3118 2504 3215 mfi
2532 3119 2686 3215 (imm
2716 3118 2926 3188 Signum
2954 3118 3008 3172 ίη
3034 3134 3194 3173 manu
3237 3127 3327 3215 ίιιξι
3361 3138 3372 3173 ε
3412 3120 3525 3215 sive
3543 3121 3709 3215 illiilfl

466 3236 603 3305 ejus,
642 3244 698 3290 et
724 3236 906 3289 induat
942 3248 1161 3298 novum,
1190 3232 1283 3303 qui
1334 3232 1628 3286 secundum
1665 3232 1833 3285 Deum
1880 3244 2033 3285 crea-

467 3336 554 3382 tus
587 3334 670 3380 est
727 3325 778 3379 in
824 3323 1036 3391 justitia
1088 3330 1143 3377 et
1195 3322 1482 3377 sanctitate
1538 3321 1802 3376 veritatis.
1837 3319 2036 3389 Sicque

469 3418 628 3488 digne
677 3413 972 3470 sociabitur
1024 3412 1264 3467 convivis
1298 3412 1629 3477 caelestibus,
1682 3419 2036 3479 vesceturque

471 3507 578 3562 rite
604 3504 775 3576 epulis
822 3503 1168 3572 spiritalibus.
1220 3501 1423 3555 Eadem
1455 3500 1539 3555 lex
1566 3502 1663 3555 erit
1707 3500 1966 3571 indigena:
1988 3509 2037 3554 et

471 3596 675 3661 colono,
702 3597 790 3666 qui
822 3596 1182 3665 peregrinatur
1204 3592 1345 3663 apud
1376 3610 1481 3647 vos.
1519 3593 1653 3659 Quia
1682 3605 2037 3662 personarum

470 3700 579 3740 non
609 3691 693 3739 est
716 3689 972 3751 acceptor
1009 3681 1148 3736 Deus
1182 3699 1194 3734 :
1229 3681 1321 3735 sed
1348 3680 1403 3734 in
1447 3681 1593 3734 omni
1639 3686 1817 3750 gente,
1843 3679 1936 3748 qui
1968 3679 2037 3733 ti-

475 3783 586 3830 met
642 3776 811 3830 Deum
838 3781 893 3828 et
945 3780 1198 3842 operatur
1235 3772 1522 3841 justitiam,
1552 3779 1803 3839 acceptus
1833 3780 1915 3826 est
1942 3771 2036 3824 illi.

480 3865 603 3919 Non
628 3866 764 3920 enim
790 3874 865 3919 est
893 3864 1155 3917 distinctio
1181 3863 1356 3915 λιιάωὶ
1392 3871 1545 3931 atque
1570 3861 1801 3930 gentilis,
1828 3862 1965 3916 servi
1992 3872 2039 3915 et

475 3956 665 4019 liberi;
693 3956 782 4010 sed
843 3955 1017 4008 omnia
1047 3963 1095 4007 et
1146 3954 1201 4007 in
1253 3952 1490 4008 omnibus
1520 3951 1756 4006 Christus
1793 3953 1928 4023 (Act.
1960 3952 2038 4023 Χ).

474 4045 802 4117 Locutusque
823 4055 896 4100 est
924 4045 1176 4099 Dominus
1204 4045 1273 4098 ad
1305 4044 1541 4115 Moysen,
1583 4045 1757 4099 dicens
1782 4058 1799 4095 :
1834 4039 2045 4099 Sancti-

476 4142 577 4210 ﬁca
607 4137 733 4190 mihi
756 4152 905 4191 omne
929 4136 1348 4207 primogenitum,
1402 4134 1540 4205 quod
1568 4135 1732 4204 aperit
1757 4133 1960 4188 vulvam
1989 4134 2042 4188 in

475 4228 601 4299 ﬁliis
632 4226 821 4294 Israel,
849 4238 957 4281 tam
985 4228 1048 4282 de
1095 4226 1412 4291 hominibus,
1458 4241 1615 4296 quam
1644 4224 1706 4278 de
1749 4224 2001 4303 jumentis
2024 4238 2042 4274 .'

478 4317 742 4372 Mea'sunt
792 4318 929 4373 enim
959 4318 1135 4372 omnia
1187 4317 1384 4389 (Exod.
1419 4320 1564 4387 xm),
1597 4323 1650 4370 et
1697 4315 1852 4384 reliq.
1886 4312 2045 4368 Com—

479 4409 695 4462 mendat
719 4407 913 4477 populo
940 4423 1035 4478 per
1062 4407 1278 4477 Moysen
1310 4406 1569 4461 Dominus
1613 4403 1906 4473 ereptionis
1934 4417 2042 4457 sua:

477 4498 790 4553 memoriam
817 4498 1139 4560 habendam,
1192 4503 1247 4550 et
1290 4495 1671 4566 Egyptiorum
1711 4493 2040 4549 interfectio«

477 4588 580 4651 nis,
620 4594 680 4639 ut
733 4586 934 4641 scirent
972 4585 1243 4639 debitores
1270 4599 1329 4639 se
1379 4600 1520 4648 esse,
1555 4583 1915 4655 primogenita
1946 4598 2043 4636 sua

478 4687 532 4731 et
557 4677 910 4746 primogenita
936 4677 1301 4746 iumentorum
1330 4691 1550 4729 suorum
1571 4674 1798 4728 Domino
1826 4674 2042 4736 oﬁ‘erre,

482 4767 571 4834 qui
626 4767 681 4819 in
710 4782 895 4820 eorum
933 4765 1249 4820 liberatione
1277 4764 1455 4818 omnia
1492 4763 1849 4832 primogenita
1878 4760 2047 4832 Egy-

481 4856 715 4923 ptiorum
745 4855 1019 4909 exstinxit.
1053 4853 1206 4909 Unde
1256 4853 1309 4907 in
1335 4851 1683 4921 sequentibus
1728 4851 1842 4919 ipse
1875 4865 2045 4920 popu-

483 4945 566 4998 lus
592 4944 833 4999 dicturus
862 4953 943 4998 est
969 4962 981 4998 :
1023 4941 1224 4997 Occidit
1265 4941 1519 4997 Dominus
1549 4957 1700 4994 omne
1727 4939 2045 5010 primogeni-

484 5044 593 5086 tum
620 5034 675 5085 in
702 5041 842 5087 terra
882 5032 1122 5103 Aiggpti,
1186 5049 1218 5085 a
1246 5031 1589 5102 primogenito
1635 5029 1858 5083 hominis
1886 5044 2047 5099 usque

486 5123 554 5177 ad
583 5123 979 5194 primogenitum
1004 5124 1386 5193 jumentorum.
1439 5121 1649 5176 Idcirco
1695 5119 1907 5174 immolo
1938 5119 2048 5172 Do-

488 5217 625 5270 mino
650 5231 799 5270 omne
845 5217 981 5286 quod
1016 5215 1180 5285 aperit
1226 5214 1432 5269 vulvam
1477 5211 1755 5267 masculini
1797 5227 1972 5276 sexus,
2000 5220 2049 5264 et

489 5309 663 5363 omnia
691 5307 1033 5379 primogenita
1087 5307 1317 5377 ﬁliorum
1358 5321 1593 5361 meorum
1635 5304 1798 5375 pretio
1853 5303 2049 5358 redimo

490 5398 686 5468 (Exod.
712 5396 824 5469 xv).
859 5395 1078 5467 Mystiee
1120 5405 1300 5452 autem
1349 5392 1705 5466 primogenita
1739 5401 1925 5448 nostra
1948 5392 2052 5446 Do—

491 5492 638 5546 mino
666 5488 959 5554 offerimus,
996 5503 1118 5543 cum
1160 5486 1454 5558 primordia
1500 5498 1720 5554 operum
1744 5488 2051 5537 nostrorum

492 5578 565 5632 illi
601 5581 1018 5637 sanctiﬁcamus.
1050 5578 1316 5647 Quidquid
1338 5576 1481 5639 enim
1508 5590 1572 5629 ex
1601 5573 1755 5627 vulva
1776 5574 1929 5629 bona:
1956 5587 2051 5626 vo-

493 5667 714 5725 luntatis
737 5688 797 5724 ac
828 5674 978 5726 honre
1016 5667 1377 5739 cogitationis,
1427 5666 1480 5719 in
1512 5672 1752 5734 apertum
1784 5663 1901 5717 sani
1934 5678 2050 5715 scr—

2132 3209 2237 3264 alia
2265 3207 2618 3278 exemplaria,
2647 3221 2811 3277 super
2858 3222 3078 3261 manum
3128 3208 3317 3262 tuam?
3356 3224 3423 3262 an
3448 3207 3709 3278 intelligi-

2133 3309 2222 3355 tur
2247 3314 2409 3369 super
2435 3313 2598 3368 opera
2634 3307 2744 3363 tua,
2796 3298 2849 3352 id
2877 3306 2979 3364 est,
3011 3299 3155 3369 quod
3208 3298 3462 3368 pmferre
3505 3300 3711 3354 debeas

2134 3391 2389 3461 Operibus
2417 3389 2523 3443 tuis
2547 3390 2571 3441 ?
2597 3388 2841 3443 Pertinet
2866 3388 3011 3442 enim
3062 3389 3266 3457 pascha
3318 3397 3540 3458 propter
3560 3389 3714 3441 occi-

2138 3483 2344 3536 sionem
2370 3480 2487 3536 ovis
2520 3480 2586 3534 ad
2618 3479 2774 3534 ﬁdem
2802 3479 3003 3534 Christi
3033 3488 3088 3535 et
3132 3479 3449 3547 sanguinem
3486 3494 3593 3548 quo
3623 3494 3714 3533 re—

2139 3570 2337 3639 dempti
2365 3584 2569 3624 sumus.
2603 3567 2728 3623 litec
2761 3568 2906 3622 enim
2955 3567 3089 3623 ﬁdes
3116 3568 3370 3637 operibus
3393 3584 3715 3639 prteponen-

2141 3661 2206 3716 da
2236 3668 2319 3715 est
2347 3677 2360 3713 :
2398 3667 2458 3712 ut
2486 3659 2558 3713 sit
2603 3658 3000 3728 quodammodo
3024 3673 3187 3729 super
3207 3674 3423 3712 manum
3450 3659 3717 3713 adversus

2142 3751 2260 3806 illos
2312 3750 2405 3820 qui
2434 3750 2488 3804 in
2536 3750 2787 3818 operibus
2817 3749 2949 3819 legis
2993 3750 3378 3819 gloriabantur.
3410 3743 3485 3804 De
3513 3765 3619 3818 qua
3656 3765 3718 3805 re

2141 3839 2435 3909 Apostolus
2460 3839 2717 3908 loquitur.
2771 3837 2838 3891 Et
2866 3838 3093 3892 multum
3129 3840 3237 3910 agit
3265 3839 3425 3893 ﬁdem
3452 3839 3715 3909 cperibus

2144 3938 2491 3998 anteponere,
2518 3937 2577 3983 ut
2607 3944 2673 3984 ex
2705 3929 2793 3983 illa
2825 3930 3090 3999 pendeant
3142 3945 3306 3999 opera
3356 3931 3519 3995 bona,
3551 3939 3722 4000 atque

2145 4021 2212 4073 ab
2242 4035 2304 4073 ea
2333 4019 2748 4089 przeveniantur,
2801 4027 2862 4072 ut
2887 4034 2993 4072 non
3042 4018 3327 4087 ipsa‘velut
3376 4018 3587 4072 meritis
3617 4019 3719 4073 ho-

2144 4124 2335 4164 norum
2365 4123 2589 4178 operurn
2642 4108 2871 4162 retribui
2903 4108 3168 4163 videatur.
3209 4106 3300 4160 llla
3328 4108 3471 4161 enim
3502 4107 3568 4161 ad
3592 4123 3723 4178 gra-

2117 4203 2274 4270 Jiam
2306 4201 2559 4271 pertinet.
2595 4197 2652 4253 Si
2681 4210 2859 4253 autem
2915 4198 3106 4269 gratia,
3156 4196 3267 4266 jam
3303 4214 3411 4252 non
3442 4213 3506 4251 ex
3532 4211 3719 4266 Opert—

2146 4294 2265 4354 bus,
2298 4290 2535 4359 alioquin
2572 4290 2744 4360 gratia
2766 4290 2877 4360 jam
2909 4305 3015 4344 non
3059 4298 3141 4344 est
3170 4290 3345 4360 gratia
3399 4288 3576 4360 (Rom.
3611 4290 3725 4360 xi).

2151 4384 2323 4454 Igitnr
2359 4399 2476 4436 cum
2511 4382 2764 4435 emisisset
2805 4378 3020 4435 Pharao
3049 4384 3315 4452 populum,
3365 4397 3469 4433 non
3496 4396 3583 4434 eos
3618 4381 3718 4433 dn-

2146 4475 2223 4527 xit
2266 4473 2520 4526 Dominus
2550 4488 2643 4541 per
2682 4472 2819 4525 viam
2848 4480 3001 4525 terra:
3025 4469 3363 4534 Philisthiim,
3390 4485 3507 4540 quae
3545 4470 3718 4524 vicina

2147 4575 2242 4630 est,
2280 4574 2525 4634 reputans
2562 4579 2666 4616 non
2692 4562 2827 4632 forte
2860 4561 3126 4632 paeniteret
3158 4578 3296 4626 eum,
3323 4560 3368 4614 si
3390 4560 3597 4614 vidisset
3623 4562 3696 4613 ad
3708 4586 3726 4596 -

2147 4670 2350 4709 versum
2376 4670 2429 4708 se
2459 4651 2593 4708 bella
2636 4667 2967 4721 consurgere,
2999 4660 3047 4705 et
3080 4659 3420 4704 reverteretur
3462 4650 3516 4701 in
3546 4646 3727 4719 Αἰθυ-

2146 4754 2339 4815 ptum;
2385 4743 2476 4798 sed
2533 4741 2883 4796 circumduxit
2913 4757 3005 4810 per
3044 4740 3178 4794 viam
3203 4739 3413 4802 deserti,
3472 4754 3589 4806 qua:
3644 4747 3726 4791 est

2143 4837 2301 4906 juxta
2336 4851 2481 4889 mare
2512 4832 2771 4886 Rubrum.
2817 4831 2925 4901 (Ea:
2960 4827 3255 4901 Gregorio.)
3294 4828 3391 4883 llic
3417 4828 3729 4882 ostenditur

2152 4927 2331 4981 omnia
2353 4924 2469 4979 ﬁeri
2494 4922 2710 4985 debere,
2740 4935 2859 4989 qua:
2904 4920 3132 4976 consilio
3159 4928 3303 4975 recte
3330 4919 3444 4973 ﬁeri
3470 4927 3723 4988 possunt,

2153 5020 2221 5075 ad
2248 5018 2497 5074 evitanda
2546 5030 2667 5084 quae
2708 5014 2932 5070 adversa
2991 5022 3141 5079 sunt,
3187 5013 3349 5068 etiam
3401 5026 3525 5066 eum
3579 5009 3727 5065 Deus

2154 5108 2491 5182 apertissime
2515 5105 2727 5175 adiutor
2754 5113 2856 5160 est.
2889 5104 3043 5175 Stepe
3067 5103 3332 5166 conversi,
3383 5103 3475 5171 qui
3521 5101 3573 5154 in
3604 5100 3729 5169 ipso

2157 5201 2333 5256 adhuc
2378 5198 2529 5252 aditu
2573 5196 2930 5253 inchoationis
2977 5210 3088 5250 suae
3142 5193 3224 5247 vel
3272 5190 3730 5259 tranquillitatem

2155 5289 2555 5363 pacatissimam
2585 5288 2783 5353 carnis,
2828 5286 2914 5340 vel
2939 5286 3075 5339 dona
3114 5282 3428 5354 prophetiae,
3474 5280 3560 5335 vel
3585 5295 3734 5348 pne-

2128 5382 2458 5437 ‘dicamcnta
2505 5376 2786 5442 doctrinm,
2839 5374 2923 5429 vel
2977 5374 3252 5442 signorum
3306 5369 3589 5433 miracula,
3639 5367 3733 5423 vel

2158 5470 2388 5541 gratiam
2411 5467 2707 5523 curationis
2741 5464 3044 5534 accipiunt:
3076 5470 3196 5533 post
3230 5461 3346 5516 haec
3368 5468 3547 5513 autem
3574 5458 3736 5513 duris

2158 5558 2511 5614 tentationum
2537 5554 2938 5625 probationibus
2986 5552 3292 5623 fatigantur,
3322 5563 3354 5603 a
3383 5549 3576 5620 quibus
3603 5557 3734 5602 tcn-

2161 5650 2449 5708 tationihus
2483 5646 2655 5700 adhuc
2688 5661 2809 5699 cum
2868 5645 3184 5714 inciperent,
3236 5643 3387 5697 valde
3442 5638 3642 5693 liberos
3672 5654 3737 5695 se
