3992 6182
2797 235 2825 260 ο

308 315 363 372 61
1282 330 1774 390 COMMENTARIA
1812 335 1879 389 ΙΝ
1918 335 2223 395 EXODUM.
2266 375 2335 384 —
2371 343 2498 400 LIB.
2542 344 2602 401 II.
3455 362 3527 421 63

307 449 421 491 esse
447 436 812 504 crediderunt,
866 441 1008 511 quod
1054 443 1233 499 divina
1276 451 1447 518 gratia
1484 451 1872 521 dispensatorie
1898 451 1950 510 Α

306 525 478 595 agitur
506 542 519 577 :
553 541 623 580 ne
653 526 997 585 inchoatione
1027 547 1122 586 sua
1180 538 1532 591 tentationum
1577 541 1869 609 asperitate

307 619 629 681 tangantur;
671 615 799 682 quia
846 617 892 675 si
920 632 1106 673 eorum
1140 621 1288 675 initia
1348 627 1648 686 amaritudo
1697 636 1870 683 tenta-

304 702 463 756 tionis
498 703 797 772 exciperet,
826 706 991 761 etiam
1020 708 1174 764 facile
1207 713 1274 766 ad
1302 727 1364 768 ea
1393 730 1513 784 qua:
1541 716 1868 786 reliquerant

308 791 576 859 redirent;
610 810 641 848 a
688 796 885 864 quibus
928 814 1028 854 nec
1068 801 1276 873 longius
1324 806 1710 872 discesserunt,
1742 825 1864 864 eum
1920 807 1926 813 ’

307 886 486 938 tentati
528 887 683 955 prius
712 886 858 943 vitiis
887 891 1042 959 quasi
1066 893 1217 961 juxta
1247 897 1456 963 positis,
1511 900 1859 968 replicantur.

304 971 449 1028 Unde
490 975 755 1045 scriptum
790 984 873 1032 est
888 997 911 1032 με
940 979 1072 1034 Cum
1123 982 1401 1038 dimisisset
1454 985 1667 1043 Pharao
1694 1009 1861 1062 popu-

300 1062 420 1126 lum,
452 1080 558 1117 non
580 1082 669 1119 eos
696 1066 873 1120 duxit‘
893 1068 1147 1127 Dominus
1178 1090 1270 1143 per
1297 1076 1434 1129 viam
1490 1087 1643 1132 terra:
1696 1081 1861 1133 Phili-

298 1153 464 1207 stlu'im
485 1171 608 1224 qua:
631 1156 799 1211 vicina
822 1166 922 1223 est,
949 1172 1188 1230 reputans
1210 1180 1273 1217 ne
1295 1164 1429 1232 forte
1451 1168 1715 1235 pwniteret
1742 1185 1856 1224 eum

296 1244 341 1296 si
368 1245 575 1299 vidisset
602 1246 876 1302 adversum
914 1266 969 1304 se
1010 1250 1141 1304 bella
1195 1269 1519 1325 consurgere,
1560 1267 1607 1311 et
1643 1268 1859 1313 reverte-

299 1341 435 1384 retur
460 1333 517 1386 in
560 1334 875 1406 Egyptum.
914 1339 993 1393 Ex
1019 1339 1253 1411 Egypto
1308 1344 1488 1413 itaque
1534 1350 1855 1406 exeuntibus

293 1436 323 1476 e
356 1425 532 1480 vicino
572 1424 712 1480 bella
744 1428 1151 1498 subtrahuntur,
1201 1436 1326 1503 quia
1357 1436 1855 1508 derelinquentibus

293 1512 563 1577 sarculum,
600 1516 843 1583 quaedam
867 1518 1016 1586 prius
1041 1523 1400 1590 tranquillitas
1424 1529 1757 1594 ostenditur;
1785 1546 1852 1585 ne

290 1601 338 1655 in
366 1602 482 1672 ipsa
518 1618 617 1656 sua
669 1606 1030 1661 teneritudine
1061 1616 1222 1679 atque
1260 1611 1596 1669 inchoatione
1626 1619 1847 1683 turbati,

287 1693 347 1745 ad
375 1693 481 1747 hoc
506 1695 686 1748 territi
717 1696 963 1763 redeant,
1011 1700 1151 1768 quod
1198 1712 1503 1759 evaserunt.
1538 1705 1696 1762 Prius
1715 1724 1847 1780 ergo

286 1785 592 1840 securitatis
610 1788 933 1843 suavitatem
955 1792 1191 1846 sentiunt
1215 1810 1229 1859 ;
1257 1795 1405 1863 prius
1431 1798 1578 1865 pacis
1601 1798 1692 1867 qui
1715 1815 1846 1853 enu-
1872 1788 1920 1847 Β

287 1875 553 1941 trinntur;
588 1887 709 1947 post
742 1880 1014 1948 cognitam
1042 1897 1171 1937 vero
1210 1884 1539 1940 dulcedinem
1564 1895 1710 1942 tanto
1731 1887 1844 1956 jam

284 1965 609 2021 tolerabilius
638 1970 994 2025 tentationum
1016 1975 1308 2029 certamina
1334 1978 1620 2044 sustinent,
1644 1989 1845 2049 quanto

282 2050 441 2107 Deum
470 2054 636 2109 altius
660 2068 1044 2125 cognoverunt.
1083 2061 1147 2114 Et
1172 2056 1363 2117 armati
1389 2068 1729 2123 ascenderunt
1743 2070 1845 2139 ﬁlii

280 2139 444 2195 Israel
463 2143 529 2196 de
548 2153 688 2197 terra
700 2145 775 2198 1E
777 2148 940 2216 gypti.
971 2149 1075 2220 (Ea:
1092 2149 1454 2227 Hieronymo.)
1477 2155 1667 2225 Aquila
1692 2175 1844 2214 nam-

278 2244 400 2297 que,
450 2230 550 2300 qui
591 2248 698 2287 non
728 2237 1114 2313 contentiosius
1149 2241 1449 2310 utquidam
1499 2252 1707 2313 putant,
1749 2249 1844 2303 sed

279 2321 574 2377 studiosius
604 2325 831 2379 verbum
881 2326 1266 2396 interpretatur
1297 2334 1364 2387 ad
1403 2335 1645 2401 verbum,
1696 2338 1748 2392 in
1778 2355 1844 2394 eo

278 2408 391 2465 loco
413 2413 506 2465 ubi
541 2411 892 2486 Septuaginta
923 2430 1236 2487 posuerunt,
1262 2421 1458 2488 Quinta
1485 2437 1657 2481 autem
1683 2446 1841 2498 gene-

279 2505 474 2557 ratione
493 2505 842 2559 ascenderunt
868 2506 969 2574 ﬁlii
1007 2508 1181 2562 Israel
1203 2511 1268 2564 de
1312 2521 1452 2567 terra
1496 2516 1728 2586 Egypti.
1761 2519 1840 2573 lta

280 2595 550 2649 transtulit
578 2614 593 2649 :
627 2595 698 2649 Et
731 2599 927 2650 armati
956 2600 1301 2655 ascenderunt
1325 2602 1423 2671 filii
1461 2604 1633 2660 Israel
1652 2610 1716 2661 de
1737 2619 1841 2664 ter-

282 2700 337 2736 ra
368 2683 587 2755 Αἰςεῃιιὶ
617 2699 636 2737 .·
670 2684 795 2741 licet
824 2702 921 2756 pro
969 2705 1034 2744 eo
1055 2692 1199 2759 quod
1230 2694 1425 2747 armati
1460 2710 1558 2749 nos
1605 2697 1838 2753 diximus

275 2775 567 2829 secundum
614 2774 788 2830 Graeci
832 2779 1094 2833 sermonis
1130 2781 1557 2853 ambiguitatem,
1587 2785 1835 2840 instructi

274 2861 381 2916 sive
409 2864 623 2929 muniti,
652 2875 877 2935 propter
899 2870 1281 2937 supellectilem
1305 2888 1408 2943 qua
1439 2873 1721 2946 [Egyptios
1740 2894 1837 2932 ex-

273 2954 652 3023 spoliaverant,
676 2957 851 3026 possit
874 2958 1117 3031 intelligi.
1135 2962 1331 3017 Verum
1346 2965 1437 3019 ubi
1464 2965 1832 3038 Septuaginta,

274 3041 452 3109 quinta
504 3044 859 3113 generatione
908 3058 1220 3116 posuerunt,
1258 3050 1333 3105 illi
1359 3052 1450 3120 qui
1485 3051 1829 3110 Hebraeorum

272 3131 436 3188 libros
471 3135 760 3206 diligenter
806 3139 1175 3207 inspexerunt,
1235 3157 1341 3197 non
1377 3118 1569 3213 quinta
1609 3161 1832 3217 genera-
1858 3118 1903 3182 Ο

273 3224 434 3289 tione,
462 3226 559 3280 sed
595 3227 786 3296 quinta
826 3236 1030 3284 tantum
1060 3232 1132 3285 ibi
1161 3232 1421 3303 scriptum
1449 3247 1696 3292 asserunt
1728 3257 1739 3289 :
1773 3247 1832 3292 ut

269 3316 338 3370 sit
378 3318 530 3386 quasi
590 3333 801 3377 sensus.
869 3319 1064 3385 Quinta
1120 3334 1294 3379 autem
1345 3316 1685 3383 ascenderunt
1730 3330 1831 3399 ﬁlii

272 3405 439 3459 Israel
462 3407 527 3460 de
552 3418 697 3461 terra
725 3408 964 3479 Egypti.
1012 3410 1165 3478 Quod
1189 3414 1315 3483 quia
1346 3415 1526 3471 minus
1551 3417 1831 3473 videbatur

269 3492 511 3567 intelligi,
544 3498 798 3568 adjuncta
831 3502 1105 3571 generatio
1128 3511 1230 3557 est.
1267 3502 1518 3573 Aquilam
1542 3522 1670 3562 vero
1695 3517 1749 3563 et
1773 3509 1828 3563 in

273 3586 477 3641 ceteris
499 3596 556 3643 et
585 3589 640 3643 in
666 3590 771 3645 hoc
806 3592 1038 3648 maxime
1079 3592 1197 3649 loco
1224 3597 1440 3664 propria
1468 3598 1824 3663 transtulisse,

270 3676 437 3729 omnis
462 3675 645 3732 Judaza
681 3679 1001 3746 conclamat,
1032 3690 1088 3736 et
1117 3698 1509 3755 synagogarum
1530 3695 1829 3741 consonant

268 3765 511 3821 universa
541 3768 821 3823 subsellia.
853 3768 911 3824 Si
934 3780 1112 3826 autem
1159 3774 1450 3827 secundum
1475 3773 1825 3844 Septuaginta

268 3855 385 3923 quis
410 3858 551 3912 scire
574 3858 805 3913 voluerit
834 3862 1099 3928 quomodo
1149 3863 1334 3930 quinta
1365 3863 1709 3933 generatione
1732 3862 1824 3918 lilii

265 3943 420 4000 Israel
442 3948 789 4003 ascenderint
826 3949 894 4003 de
932 3949 1187 4020 Egypto,
1232 3966 1329 4020 per
1375 3952 1566 4007 horum
1599 3968 1825 4022 genera—

270 4036 436 4092 tiones
456 4040 739 4108 supputari
762 4040 940 4104 debet,
964 4040 1018 4095 id
1046 4049 1149 4105 est,
1194 4050 1256 4096 ut
1280 4044 1347 4096 ab
1374 4044 1488 4111 ipso
1512 4043 1699 4110 Jacob,
1729 4046 1819 4115 qui

266 4124 477 4180 intravit
526 4129 581 4182 in
625 4127 938 4199 Egyptum,
998 4145 1168 4199 usque
1220 4132 1287 4185 ad
1312 4133 1528 4203 Moysen
1563 4136 1653 4203 qui
1698 4152 1820 4192 cum

262 4217 451 4286 populo
472 4234 724 4289 egressus
774 4228 876 4287 est,
906 4229 968 4275 ut
997 4221 1161 4291 aliqui
1204 4224 1410 4290 volunt,
1446 4230 1821 4295 generationes

262 4308 495 4377 quinque
518 4317 890 4364 numerentur.
917 4309 1082 4367 Iacob
1110 4313 1254 4368 enim
1289 4315 1515 4383 primus,
1552 4320 1821 4375 secundus

260 4392 405 4459 Levi,
440 4397 632 4451 tertius
666 4396 860 4463 Caatb,
903 4407 1127 4469 quartus
1156 4400 1399 4469 Amram,
1427 4406 1645 4475 quintus
1676 4407 1822 4478 Moy-

259 4498 343 4537 ses
381 4485 675 4540 invenitur.
718 4486 827 4542 Has
862 4498 1040 4543 autem
1084 4490 1216 4546 dicit
1264 4495 1550 4564 progenies
1595 4495 1819 4551 Latinus

259 4573 522 4644 interpres
546 4592 681 4645 quas
709 4582 886 4653 γενεὰς
920 4577 1092 4635 ϐπ·ωοί
1132 4590 1365 4636 vocant:
1395 4599 1515 4653 quae
1561 4585 1614 4639 in
1646 4584 1821 4641 Evan-

256 4663 393 4731 gelia
453 4668 831 4735 generationes
889 4669 1223 4740 appellantur
1263 4690 1275 4725 :
1329 4689 1430 4728 nec
1464 4686 1820 4732 numerantur

255 4752 355 4807 nisi
379 4768 479 4822 per
507 4757 876 4812 successiones
918 4760 1216 4824 hominum,
1255 4778 1361 4817 non
1393 4779 1492 4833 per
1537 4781 1818 4821 numerum

254 4858 539 4898 annorum.
568 4846 673 4901 Alii
708 4856 888 4904 autem
914 4865 1021 4904 non
1053 4849 1218 4906 Jacob
1268 4867 1365 4922 per
1388 4852 1516 4909 Levi
1551 4871 1724 4925 usque
1748 4858 1819 4912 ad

252 4932 493 5005 ﬂoysen,
517 4937 613 4992 sed
654 4953 753 5007 per
792 4941 991 4996 tribum
1016 4941 1165 4999 Judaa
1189 4957 1498 5012 numerant,
1539 4964 1659 5018 qua:
1713 4948 1818 5006 fuit

251 5023 424 5078 tribus
468 5026 663 5097 regalis
689 5046 702 5082 :
733 5030 807 5084 ita
836 5039 895 5085 ut
933 5047 962 5086 a
991 5032 1194 5089 Phares
1234 5035 1345 5090 lilio
1370 5034 1540 5103 Iudae,
1571 5040 1664 5109 qui
1693 5055 1817 5095 eum

249 5111 385 5168 Iuda
428 5124 583 5185 patre
626 5133 725 5174 suo
773 5121 1050 5190 ingressus
1082 5132 1166 5179 est
1196 5124 1507 5197 tEgyptum,
1542 5145 1711 5198 usque
1748 5131 1816 5185 ad

249 5203 490 5273 Salmon,
517 5210 608 5279 qui
642 5211 697 5266 in
726 5212 845 5283 ipsa
870 5214 1010 5268 tribu
1034 5215 1162 5280 dux,
1211 5225 1410 5272 terram
1438 5222 1816 5290 repromissio-

248 5297 335 5353 nis
358 5299 586 5367 introiit,
616 5301 729 5357 sint
754 5300 994 5373 quinque
1038 5306 1431 5375 generationes.
1481 5307 1688 5366 Phares
1716 5326 1815 5382 ge-

248 5387 366 5442 nuit
423 5388 656 5458 Esrom;
698 5392 891 5447 Esrom
945 5396 1129 5464 genuit
1185 5395 1385 5459 Aram;
1416 5397 1581 5452 Aram
1630 5400 1818 5468 genuit

246 5473 543 5533 Aminadab
568 5494 583 5545 ;
611 5479 921 5536 Aminadab
943 5492 1118 5538 autem
1144 5485 1327 5555 genuit
1347 5484 1586 5544 Naasson
1612 5505 1626 5554 ;
1656 5487 1819 5544 Naas-

246 5578 341 5619 seu
368 5578 541 5624 autem
571 5571 766 5640 genuit
795 5569 1034 5627 Salmon.

2593 462 2817 521 CAPUT
2845 467 2908 521 ll.

1966 542 2047 598 De
2069 548 2295 601 secunda
2330 553 2615 637 mansione,
2647 554 2744 609 hoc
2798 566 2888 637 est.
2901 558 2965 611 de
2993 557 3182 637 δραξῑή
3221 564 3276 618 in
3306 565 3520 637 Etham,

2315 629 2363 672 et
2388 619 2452 672 de
2477 621 2719 677 columna
2764 626 2914 681 nubis
2941 637 2988 681 et
3021 629 3173 699 ignis.

2036 722 2365 799 Profectique
2384 731 2448 785 de
2476 731 2690 799 Socoth,
2713 741 3066 793 castrametati
3089 751 3210 796 sunt
3229 744 3283 797 in
3307 745 3524 815 Etham,

1964 815 2019 869 in
2048 820 2288 872 extremis
2321 822 2512 889 ﬁnibus
2542 825 2857 881 solitudinis.
2911 829 3165 886 Dominus
3193 846 3363 889 autem
3388 855 3526 907 prcr—

1963 907 2171 961 cedebut
2224 926 2309 964 eos
2348 913 2417 965 ad
2458 917 2830 972 ostendendam
2879 921 3012 974 riam
3050 936 3143 991 per
3194 926 3330 980 diem
3356 929 3409 981 in
3437 946 3525 983 co-

1961 994 2139 1050 lumna
2170 1001 2338 1064 nubis,
2362 1011 2411 1054 et
2437 1020 2529 1072 per
2556 1013 2753 1058 noctem
2776 1007 2831 1060 in
2859 1008 3100 1064 columna
3132 1013 3266 1082 ignis
3283 1030 3301 1066 :
3327 1025 3384 1068 ut
3412 1018 3524 1070 dua:

1959 1094 2087 1137 esset
2123 1087 2322 1141 itineris
2347 1098 2560 1159 utroque
2603 1100 2847 1162 tempore.
2883 1095 3169 1167 Nunquam
3216 1101 3385 1171 defuit
3431 1122 3520 1158 co-

1959 1170 2137 1228 lumna
2161 1176 2309 1231 nubis
2328 1195 2419 1247 per
2442 1180 2596 1243 diem,
2632 1199 2723 1235 nec
2757 1183 2998 1239 columna
3038 1188 3173 1256 ignis
3196 1206 3289 1259 per
3321 1203 3520 1247 noctem

1958 1277 2133 1316 coram
2168 1266 2376 1334 papula.
2410 1267 2735 1342 Locutusque
2772 1283 2849 1327 est
2874 1274 3130 1331 Dominus
3182 1280 3252 1332 ad
3298 1280 3517 1352 Moysen

1956 1351 2130 1407 dicens
2152 1368 2170 1405 :
2200 1354 2430 1427 Loquere
2469 1357 2594 1425 ﬁliis
2639 1360 2806 1415 Israel
2836 1376 2855 1413 .°
2893 1362 3099 1418 Rerersi
3151 1351 3518 1424 castrameten-

1954 1454 2041 1496 tur
2077 1461 2103 1498 e
2127 1447 2331 1514 regione
2367 1446 2732 1515 Pbibahiroth,
2762 1468 2879 1522 qua:
2927 1464 3000 1506 est
3036 1455 3170 1508 inter
3208 1457 3514 1526 Magdalum

1952 1542 1998 1586 et
2022 1551 2167 1589 mare
2198 1547 2377 1590 contra
2416 1538 2748 1608 Beelsephon.
2790 1541 2857 1594 In
2901 1554 3173 1613 conspectu
3199 1548 3313 1616 ejus
3342 1558 3515 1602 castra
3554 1584 3560 1589 -

1950 1625 2149 1692 ponetis
2168 1643 2322 1694 super
2345 1644 2487 1682 mare
2542 1630 2736 1697 (Exod.
2765 1632 2905 1702 xm).
2956 1634 3035 1688 Ex
3082 1635 3360 1702 Ramesse,
3386 1652 3507 1706 qua}

1951 1712 2333 1782 interpretatur
2376 1720 2661 1774 commotio
2713 1723 2869 1776 tinea:
2919 1723 3005 1777 vel
3054 1725 3293 1791 touitrui,
3342 1742 3504 1782 vene-

1949 1812 2091 1868 runt,
2123 1805 2313 1874 inquit,
2347 1807 2401 1860 in
2456 1807 2673 1863 Socoth.
2717 1809 2916 1866 Socoth
2965 1814 3306 1869 tabernacula
3352 1816 3510 1871 intel-

1914 1889 2037 1969 'ligi
2071 1895 2213 1960 apud
2254 1894 2506 1949 Hebraeos
2563 1898 2777 1952 tradunt
2839 1900 3164 1969 interpretes
3210 1903 3506 1958 nominum.

1947 1979 2054 2053 (Ex
2079 1982 2317 2056 Origen.)
2349 1984 2482 2039 Cum
2514 2002 2643 2057 ergo
2675 2004 2806 2043 voce
2831 1989 3103 2061 Evangelii
3133 1995 3507 2058 commonitus,

1945 2070 2320 2140 derelinquens
2358 2073 2678 2144 Aigyptum,
2735 2078 3053 2135 discusseris
3100 2081 3197 2136 abs
3244 2090 3295 2137 te
3338 2084 3509 2138 tineas

1947 2162 2113 2215 totius
2149 2165 2485 2233 corruptelae,
2528 2176 2583 2219 et
2612 2168 2860 2222 vitiorum
2912 2171 3261 2226 incitamenta
3311 2174 3509 2244 rejeee-

1943 2253 2041 2318 ris,
2075 2254 2344 2308 habitabis
2373 2256 2427 2307 in
2451 2257 2829 2312 tabernaculis.
2859 2259 3138 2314 Habitabis
3158 2262 3301 2315 enim
3324 2263 3379 2316 in
3422 2272 3505 2317 ta-

1943 2343 2268 2410 bernaculis,
2305 2361 2370 2399 ex
2422 2346 2617 2415 quibus
2658 2349 2907 2404 nolumus
2938 2351 3250 2419 exspoliari,
3299 2354 3393 2409 sed
3416 2369 3507 2408 su-

1940 2432 2244 2501 pervestiri.
2294 2432 2565 2487 Habitatio
2599 2444 2779 2490 autem
2826 2437 3310 2503 tabernaculorum,
3339 2455 3504 2510 expe-

1941 2522 2110 2579 ditum
2160 2532 2215 2579 et
2269 2515 2470 2595 absque
2516 2526 2640 2581 ullis
2686 2527 3080 2597 impedimentis
3133 2530 3335 2585 indicat
3385 2547 3504 2587 esse

1939 2625 2082 2676 eum,
2112 2613 2205 2682 qui
2236 2612 2455 2668 festinat
2480 2616 2547 2669 ad
2587 2617 2771 2669 Deum.
2808 2616 2912 2671 Sed
2939 2632 3037 2672 nec
3080 2618 3137 2673 in
3161 2620 3264 2674 hoc
3284 2621 3501 2689 quidem

1940 2705 2189 2758 standum
2212 2713 2297 2759 est
2322 2723 2335 2759 :
2365 2706 2602 2775 urgenda
2628 2715 2712 2761 est
2753 2707 3034 2776 profectio,
3091 2711 3352 2766 movenda
3378 2720 3503 2767 sunt

1938 2799 2115 2846 castra
2168 2793 2331 2847 etiam
2359 2796 2425 2847 de
2462 2793 2682 2860 Socoth,
2725 2804 2781 2850 et
2818 2795 3185 2853 festinandum
3222 2807 3307 2854 est
3327 2807 3389 2853 ut
3407 2815 3502 2855 ve-

1938 2884 2198 2938 niaturin
2250 2886 2466 2940 Etham.
2503 2887 2696 2941 Etham
2746 2889 2861 2943 sive
2913 2890 3111 2956 Othon,
3150 2891 3205 2944 in
3256 2901 3498 2946 nostram

1936 2973 2173 3046 linguam
2208 2977 2343 3030 verti
2385 2976 2594 3043 dicunt,
2623 2978 2881 3033 fortitudo
2911 2980 3025 3033 sive
3054 2981 3204 3050 signa
3240 2980 3377 3049 ejus.
3429 2982 3499 3036 Et

1937 3064 2148 3118 merito.
2206 3064 2303 3121 llic
2328 3065 2470 3120 enim
2502 3066 2655 3120 audis
2684 3068 2811 3133 diei,
2861 3069 2988 3137 quia
3032 3069 3176 3125 Deus
3215 3070 3498 3126 antecede-

1934 3151 2027 3205 bat
2046 3167 2140 3207 eos
2166 3167 2263 3221 per
2288 3153 2427 3208 diem
2470 3154 2523 3208 in
2557 3155 2802 3210 columna
2847 3157 3004 3212 nubis
3032 3170 3052 3223 ',
3079 3165 3133 3213 et
3155 3174 3251 3228 per
3279 3168 3492 3216 noctem

1932 3240 1989 3296 in
2012 3241 2259 3297 columna
2285 3243 2442 3314 ignis.
2472 3243 2587 3298 Non
2616 3246 2719 3300 hoc
2757 3246 2964 3302 invenis
2996 3246 3196 3302 factum
3222 3250 3359 3319 apud
3387 3249 3493 3304 Ra-

1932 3347 2129 3398 messe,
2163 3349 2263 3390 nec
2286 3336 2427 3405 apud
2456 3333 2677 3401 Socoth,
2716 3351 2835 3405 quae
2863 3338 3098 3393 secunda
3143 3338 3491 3408 proﬁciscen—

1932 3424 2076 3480 tibus
2127 3434 2303 3481 castra
2359 3426 2775 3492 dicuntur;sed
2823 3427 2981 3481 tertia
3028 3436 3204 3482 castra
3251 3437 3396 3492 sunt,
3441 3432 3496 3486 in

1934 3513 2129 3583 quibus
2156 3513 2290 3568 ﬁunt
2316 3515 2465 3585 signa
2487 3515 2687 3569 divina.
2740 3513 3048 3569 Recordare
3092 3530 3212 3584 quae
3247 3518 3492 3585 superius

1926 3600 2064 3656 lecta
2092 3609 2216 3655 sunt
2246 3617 2366 3655 eum
2395 3601 2608 3656 dicebat
2632 3600 2841 3673 Moyses
2869 3602 2935 3656 ad
2969 3602 3305 3658 Pharaonem
3337 3620 3349 3655 :
3381 3602 3492 3656 Iter

1927 3690 2085 3741 trium
2107 3687 2309 3741 dierum
2334 3688 2524 3741 ibimus
2550 3689 2605 3741 in
2650 3689 2869 3754 deserto,
2898 3700 2946 3743 et
2967 3689 3349 3744 immolabimus
3381 3690 3491 3744 Do-

1925 3776 2065 3830 mino
2099 3775 2209 3829 Deo
2239 3783 2434 3829 nostra.
2465 3775 2579 3831 Hoc
2604 3790 2732 3847 ergo
2764 3784 2885 3831 erat
2930 3777 3185 3842 triduum,
3229 3779 3296 3832 ad
3344 3779 3488 3846 quod

1924 3863 2217 3920 festinabat
2278 3864 2488 3936 Moyses
2531 3883 2544 3919 :
2595 3876 2652 3921 et
2688 3866 3090 3922 contradieebat
3142 3866 3374 3922 Pharao.
3403 3867 3482 3921 illi

1921 3954 2065 4009 enim
2093 3953 2321 4009 dicebat.
2385 3953 2507 4009 Non
2554 3956 2685 4009 eatis
2710 3954 2939 4026 longius.
2982 3954 3097 4010 Non
3142 3957 3490 4026 permittebat

1922 4041 2135 4097 Pharao
2169 4042 2237 4097 ad
2258 4044 2433 4098 locum
2462 4044 2738 4114 signorum
2790 4045 3075 4115 pervenire
3098 4044 3238 4101 ﬁlios
3274 4045 3481 4109 Israel;

1921 4149 2028 4188 non
2055 4135 2396 4202 permittebat
2446 4149 2541 4190 eos
2582 4136 2800 4191 interim
2848 4136 3138 4205 proﬁcisci,
3170 4140 3230 4190 ut
3277 4138 3490 4205 possint

1923 4223 2069 4277 tertii
2121 4222 2226 4276 diei
2267 4222 2541 4292 mysteriis
2586 4221 2812 4291 perfrui.
2854 4222 2994 4277 Audi
3047 4223 3190 4277 enim
3220 4224 3484 4292 prepbeta

1922 4312 2049 4380 quid
2073 4310 2198 4365 dicit
2228 4325 2242 4364 :
2276 4310 2623 4364 Resuscitabit
2643 4310 2786 4363 Deus
2817 4326 2910 4364 nos
2952 4319 3066 4380 post
3090 4310 3326 4376 biduum,
3356 4320 3403 4365 et
3434 4312 3488 4366 in

1848 4402 2010 4502 Ddie
2032 4402 2186 4454 tertia
2229 4416 2572 4470 resurgemus,
2624 4410 2673 4454 et
2701 4400 2925 4454 vivemus
2967 4401 3021 4454 in
3067 4412 3339 4473 conspectu
3375 4404 3489 4473 ejus

1928 4491 2073 4564 (Ose.
2102 4491 2206 4561 ιιι).
2241 4491 2419 4545 Prima
2470 4491 2586 4546 dies
2640 4490 2796 4545 nobis
2822 4491 3003 4560 passio
3039 4490 3333 4547 Salvatoris
3358 4504 3440 4548 est
3469 4511 3487 4559 ;

1925 4582 2159 4638 secunda
2203 4596 2308 4651 qua
2354 4580 2631 4636 descendit
2677 4579 2731 4635 in
2773 4578 3079 4648 infernum;
3121 4581 3279 4636 tertia
3310 4592 3489 4639 autem

1926 4670 2336 4727 resurrectionis
2385 4676 2470 4724 est
2498 4669 2633 4725 dies.
2686 4669 2755 4724 Et
2776 4669 2896 4724 ideo
2955 4670 3007 4723 in
3041 4670 3127 4724 die
3154 4669 3311 4724 tertia
3342 4670 3486 4726 Deus

1926 4762 2280 4816 antecedebat
2312 4776 2406 4816 eos
2454 4774 2553 4830 per
2581 4760 2743 4816 fidem
2773 4760 2828 4815 in
2878 4761 3126 4816 columna
3156 4762 3336 4827 nubis,
3392 4777 3491 4831 per

1925 4861 2138 4908 noctem
2170 4859 2351 4907 autem
2374 4851 2430 4904 in
2465 4850 2716 4905 columna
2745 4850 2903 4922 ignis.
2935 4850 3085 4917 Quod
3114 4850 3159 4905 si
3191 4850 3488 4906 secundum

1922 4959 1986 4999 ea
2008 4958 2127 5013 quae
2154 4943 2402 5013 superius
2436 4941 2692 5008 diximus,
2744 4942 2801 4996 in
2849 4941 2935 4997 bis
2969 4942 3147 4997 verbis
3200 4949 3348 4997 recte
3389 4957 3488 4996 nos

1920 5034 2208 5105 Apostolus
2233 5032 2391 5089 docet
2423 5032 2676 5102 baptismi
2702 5031 2962 5103 mysteria
2981 5032 3270 5097 contineri,
3298 5046 3489 5086 neces-

1922 5125 2121 5180 sarium
2148 5130 2312 5178 estut
2351 5121 2443 5190 qui
2469 5120 2815 5191 baptizantn-r
2848 5121 2902 5175 in
2943 5121 3181 5187 Christo,
3219 5122 3273 5176 in
3313 5129 3487 5175 morte

1922 5214 2090 5283 ipsius
2144 5210 2512 5281 baptizentur,
2545 5218 2601 5264 et
2628 5209 2730 5280 ipsi
2760 5210 3216 5280 consepeliantur,
3265 5219 3318 5264 et
3358 5225 3479 5264 cum

1922 5303 2038 5371 ipso
2065 5302 2150 5357 die
2186 5299 2343 5355 tertia
2373 5305 2660 5370 resurgant
2690 5314 2722 5353 a
2754 5301 3001 5355 mortuis.
3036 5299 3182 5367 Quos
3213 5308 3268 5354 et
3291 5313 3482 5353 secun-

1920 5395 2047 5449 dum
2091 5395 2195 5449 hoc
2224 5393 2366 5462 quod
2403 5391 2533 5446 dicit
2555 5391 2864 5461 Apostolus,
2902 5392 3061 5448 simul
3111 5406 3290 5447 secum
3316 5388 3487 5442 susci-

1920 5484 2073 5548 tavit,
2132 5482 2395 5552 simulque
2445 5481 2574 5537 l‘ecit
2617 5484 2806 5538 sedere
2856 5484 2910 5539 in
2971 5482 3299 5541 caelestibus.
3347 5477 3484 5534 Cum

1919 5588 2047 5643 ergo
2086 5573 2182 5627 tibi
2226 5572 2370 5625 tertii
2416 5571 2519 5625 diei
2563 5572 2875 5640 mysterium
2929 5572 3091 5625 fuerit
3146 5575 3480 5638 susceptum.

1922 5664 2129 5735 iueipie‘
2183 5672 2232 5718 te
2270 5664 2534 5719 deducere
2582 5664 2742 5728 Deus,
2786 5672 2839 5717 et
2895 5664 3006 5731 ipse
3050 5668 3171 5730 post
3228 5660 3341 5716 inec
3382 5659 3481 5714 tibi
