3992 6182
427 292 498 346 65
1059 288 1118 342 Β.
1162 286 1415 343 ιιΑΒΑΝι
1451 286 1667 343 MAURl
1704 283 1996 341 ARCIIIEP

2100 283 2373 342 [0GUNT.
2414 284 2699 343 OPERUM
2737 286 2914 342 PARS
2951 288 2993 342 1.
3493 344 3497 347 τ
3602 293 3672 348 (i1

423 402 566 454 \iam
596 398 787 453 salutis
812 398 1114 453 ostendere.
1148 397 1256 453 Sed
1286 400 1560 453 videamus
1581 399 1708 469 quid
1734 406 1857 469 post
1877 399 1994 453 haec
2020 397 2072 458 A
2096 413 2251 468 super
2276 397 2403 467 ﬁliis
2438 397 2609 452 Israel
2635 415 2652 452 :
2692 398 2958 453 Coarctati
2999 409 3118 453 sunt
3148 400 3202 454 in
3228 410 3389 469 terra,
3418 404 3675 461 conclusit

424 488 624 542 dicitur
653 485 719 539 ad
763 485 1023 556 Moysen:
1073 502 1192 556 quae
1227 488 1315 540 via
1368 486 1679 556 praecipitur
1728 486 1992 557 eligenda.

427 576 654 641 Reversi,
707 577 901 646 inquit,
955 588 1445 633 castrametenture
1486 579 1693 648 regione
1741 579 1998 633 Pltihahi-

427 675 562 736 roth,
602 677 655 725 et
677 669 900 739 reliqua.
942 668 1014 722 De
1044 668 1221 722 Ethan
1272 668 1469 737 quippe
1502 668 1731 722 Domino
1775 665 1998 735 iubente

426 763 629 818 reversi
654 762 746 815 ﬁlii
773 759 958 824 Israel,
1010 758 1378 812 castrametati
1424 766 1602 812 sunte
1624 757 1843 827 regione
1873 757 1999 811 Phi-

429 852 707 916 bahiroth,
732 865 851 919 quae
874 857 961 903 est
989 849 1130 901 inter
1179 847 1482 918 Magdalum
1524 856 1578 902 et
1606 862 1777 911 mare,
1808 856 1997 901 contra

429 941 783 1010 lleelsephon,
814 947 991 993 castra
1021 946 1284 1007 ponentes
1331 953 1491 1008 super
1525 954 1695 992 mare.
1744 938 1999 992 Phihahi-

428 1037 570 1100 roth,
600 1052 656 1088 os
680 1033 982 1087 nobilium-:
1022 1033 1346 1103 Magdalum,
1395 1035 1556 1088 turris
1579 1048 1598 1085 :
1640 1033 1990 1103 Beelsrphon.

430 1122 684 1175 Dominus
729 1120 954 1192 aquilas.
988 1122 1057 1176 Et
1083 1122 1220 1177 bene
1248 1132 1332 1177 est
1368 1116 1429 1176 ut
1475 1138 1569 1177 ore
1594 1125 1872 1179 doctorum
1917 1125 1998 1178 in-

428 1218 687 1275 structus,
717 1212 978 1265 ascendas
1033 1212 1226 1265 turrim
1269 1213 1549 1279 virtutum,
1582 1223 1635 1269 et
1676 1215 1997 1270 memineris

429 1301 526 1354 tibi
576 1308 763 1356 contra
815 1301 1100 1356 Dominum
1146 1303 1440 1372 aquilonis,
1496 1306 1548 1360 id
1601 1315 1681 1360 est
1726 1307 1995 1362 diabolum

429 1390 724 1459 principem
783 1391 1099 1457 infidelium,
1171 1409 1388 1463 semper
1446 1409 1565 1449 esse
1628 1399 1992 1466 pugnandum.

429 1478 588 1533 Juxta
621 1480 781 1534 aliam
813 1489 992 1536 autem
1016 1483 1305 1537 editionem
1331 1484 1404 1537 ita
1433 1484 1627 1555 legitur
1652 1504 1663 1540 :
1696 1487 1771 1540 De
1795 1488 1994 1555 Othon,

431 1570 625 1638 inquit,
656 1572 925 1636 conversi,
964 1572 1069 1627 iter
1103 1571 1264 1628 facite
1314 1574 1456 1629 inter
1493 1576 1808 1645 Epaulcum,
1836 1587 1892 1633 et
1919 1580 1999 1632 in-

431 1667 513 1711 ter
564 1658 887 1728 Magdalum,
921 1663 1064 1730 quod
1112 1671 1196 1717 est
1243 1672 1432 1718 contra
1472 1665 1821 1736 Beelsephon.
1871 1670 1997 1726 Iitec

430 1757 608 1803 autem
660 1750 1090 1821 interpretantur
1147 1755 1439 1825 Epauleum
1483 1761 1698 1828 quidem
1750 1764 1996 1818 ascensio

433 1848 671 1895 tortuosa
722 1858 736 1895 :
777 1843 1076 1913 Magdalum
1142 1848 1325 1901 turris.
1377 1848 1709 1921 Beeisepbon
1753 1856 1997 1911 ascensio

428 1930 659 1999 speculae
685 1932 769 1986 vel
824 1933 1033 1989 habens
1061 1936 1354 2004 speculam.
1410 1939 1487 1993 Tu
1534 1940 1778 1998 fortassis
1813 1946 1998 2000 crede-

430 2021 527 2075 bas
551 2022 675 2091 quia
702 2023 805 2076 iter
830 2025 973 2093 quod
1028 2025 1288 2081 Dominus
1313 2030 1548 2083 ostendit
1587 2031 1806 2100 planum
1854 2043 1997 2090 esset

425 2119 482 2163 et
516 2111 697 2177 molle,
748 2122 803 2168 et
852 2115 982 2169 nihil
1030 2131 1250 2185 prorsus
1294 2118 1518 2174 haberet
1547 2119 1877 2177 difficultatis
1904 2133 1998 2179 aut

429 2202 651 2258 laboris.
697 2203 957 2260 Ascensio
1000 2215 1104 2272 est,
1161 2217 1215 2263 et
1264 2211 1511 2265 ascensio
1568 2220 1852 2269 tortuosa:
1888 2231 1996 2270 non

423 2292 568 2345 enim
595 2294 836 2354 proclive
880 2297 985 2350 iter
1007 2304 1113 2362 est,
1143 2312 1250 2367 quo
1272 2301 1511 2354 tenditur
1533 2302 1601 2355 ad
1628 2303 1877 2364 virtutes.
1903 2307 1997 2361 sed

427 2383 755 2438 ascenditur.
785 2385 923 2441 Audi
957 2388 1118 2442 etiam
1176 2374 1458 2445 Dominum
1509 2393 1560 2447 in
1604 2394 1888 2466 Evangelio
1918 2398 1999 2451 di-

424 2483 677 2528 centem:
711 2474 884 2540 Quam
917 2487 1065 2531 arcta
1111 2489 1158 2532 et
1187 2490 1409 2550 angusta
1457 2483 1541 2536 via
1580 2493 1677 2549 est,
1708 2503 1824 2557 qua'
1853 2486 1997 2541 ducit

424 2567 496 2619 ad
533 2566 687 2620 ritam
719 2564 935 2636 (Matth.
958 2568 1098 2639 κνιι).
1130 2567 1225 2623 Est
1267 2584 1397 2640 ergo
1431 2575 1535 2626 iter
1560 2588 1668 2641 quo
1721 2575 1995 2642 incedunt,

428 2656 676 2709 ascensio
713 2662 979 2721 tortuosa,
1009 2666 1064 2711 et
1113 2660 1359 2714 ascensio
1387 2662 1638 2731 speculre,
1674 2664 1756 2718 vel
1795 2665 1998 2722 habens

425 2746 718 2815 speculam.
756 2745 1016 2801 Ascensio
1070 2748 1137 2802 ad
1172 2759 1325 2805 actus
1376 2752 1631 2820 pertinet,
1686 2756 1901 2823 specula
1930 2756 1998 2812 ad

426 2838 606 2893 ﬁdem.
658 2837 907 2893 Ostendit
960 2854 1091 2910 ergo
1141 2842 1268 2910 quia
1324 2852 1379 2896 et
1407 2844 1458 2897 in
1487 2845 1702 2900 actibus
1732 2848 1861 2901 etin
1894 2847 1997 2903 ﬁde

424 2928 591 2982 multa
636 2936 721 2982 est
766 2927 1072 2994 difﬁcultas,
1114 2938 1169 2985 et
1204 2932 1405 2987 multus
1434 2933 1608 2990 labor.
1643 2935 1821 2991 Multae
1849 2938 1995 2992 enim

424 3019 580 3073 nobis
614 3019 941 3073 tentationes
977 3031 1308 3075 occurrunt:
1350 3025 1520 3078 multa
1550 3025 1867 3082 offendicula
1902 3044 1994 3082 vo-

2098 505 2185 543 eos
2221 489 2522 545 desertum:
2557 500 2605 543 et
2635 491 2892 545 indurabo
2924 508 3015 545 cor
3058 493 3195 562 ejus,
3245 503 3294 548 et
3338 509 3678 569 persequetur

2054 602 2055 605 η
2096 588 2280 644 vos,et
2309 580 2533 649 reliqua.
2564 580 2677 635 Non
2708 582 2853 635 enim
2886 582 2989 636 iter
3016 584 3138 637 vita:
3163 584 3281 638 sine
3310 589 3675 643 tentationum

2096 666 2350 723 fluctibus
2402 670 2599 738 agitur,
2644 670 2785 724 sicut
2814 670 3105 740 Apostolus
3132 673 3264 728 dicit
3304 693 3317 728 :
3353 674 3544 732 Omnes
3581 680 3675 749 qui

2098 756 2273 811 colunt
2300 758 2382 828 pie
2412 760 2580 813 vivere
2604 760 2659 812 in
2692 759 2921 825 Christo,
2964 765 3372 833 persecutionem
3400 761 3678 837 patiuntur

2101 845 2187 916 (ΙΙ
2223 846 2356 899 Tim.
2392 847 2498 917 ιιι).
2537 846 2797 902 Αἰειὶιιιθι
2846 848 3059 905 Pharao
3103 868 3226 906 cum
3267 853 3463 924 ingerit
3490 871 3675 926 perse-

2098 936 2344 991 cutiones
2363 945 2419 990 et
2440 946 2680 992 coarctat
2709 937 3165 1005 tribulationibus,
3194 943 3337 1011 quod
3361 944 3470 999 cito
3500 947 3679 1014 possit

2098 1029 2414 1082 subvertere
2443 1043 2473 1081 a
2505 1028 2608 1083 ﬁde
2641 1028 3006 1085 Christianum
3044 1049 3057 1084 :
3089 1034 3182 1088 sed
3212 1035 3256 1088 si
3296 1035 3512 1106 Moysen
3545 1080 3559 1102 ,
3621 1040 3675 1092 id

2098 1127 2181 1171 est
2209 1118 2380 1187 legem
2428 1118 2546 1183 Dei,
2588 1134 2820 1188 sequens
2850 1136 2979 1189 agas
3010 1122 3111 1177 hoc
3144 1124 3266 1187 iter,
3293 1124 3582 1195 Egyptius
3622 1137 3675 1180 te

2098 1208 2313 1276 quidem
2359 1203 2703 1275 persequitur
2752 1217 2808 1263 et
2855 1210 3172 1264 insectatur.
3231 1211 3336 1266 Sed
3387 1215 3507 1268 vide
3543 1216 3674 1283 quid

2099 1298 2212 1352 ﬁat.
2244 1298 2447 1353 Levarit
2484 1316 2537 1352 se
2557 1341 2571 1364 ,
2603 1300 2796 1368 inquit,
2830 1302 3046 1371 angelus
3091 1302 3320 1370 Domini,
3350 1305 3440 1375 qui
3468 1316 3677 1360 antece-

2098 1386 2247 1440 debat
2277 1396 2449 1440 castra
2477 1386 2732 1452 Israel,et
2761 1390 2887 1442 abiit
2913 1400 3026 1459 post
3051 1391 3207 1445 illos:
3229 1402 3275 1446 et
3304 1409 3419 1446 cum
3445 1411 3504 1447 eo
3527 1396 3675 1463 μανίη

2098 1488 2178 1532 ter
2202 1478 2444 1532 columna
2473 1481 2648 1545 nubis,
2673 1480 2848 1549 priora
2861 1481 3138 1545 dimittens,
3163 1493 3277 1553 post
3307 1494 3507 1554 tergum
3531 1487 3675 1539 stetit

2098 1571 2234 1623 inter
2256 1579 2429 1623 castra
2451 1569 2820 1641 .Egyptiorum
2850 1581 2898 1626 et
2914 1571 3298 1629 Israelitarum.
3319 1575 3443 1630 H.130
3467 1577 3675 1631 colum-

2099 1676 2168 1715 na
2194 1662 2356 1716 nubis
2401 1663 2598 1732 pupula
2622 1664 2837 1732 quidem
2880 1664 2976 1720 Dei
3002 1665 3233 1721 efﬁcitur
3258 1683 3469 1733 murus,
3500 1669 3673 1738 zEgy-

2099 1751 2227 1821 ptiis
2262 1766 2394 1805 vero
2425 1753 2811 1807 obscuritatem
2867 1754 3094 1825 imponit
3145 1764 3199 1811 et
3231 1757 3503 1812 tenebras.
3554 1760 3675 1814 Non

2098 1844 2242 1895 enim
2277 1840 2600 1897 transfertur
2630 1843 2879 1897 columna
2915 1844 3055 1914 ignis
3075 1847 3141 1900 ad
3172 1844 3475 1917 zEgyptios,
3509 1856 3567 1901 ut
3599 1847 3677 1900 vi-

2098 1932 2260 1987 deant
2313 1933 2517 1998 lucem;
2576 1932 2672 1987 sed
2726 1934 2777 1987 in
2828 1935 3069 1989 tenebris
3122 1946 3482 2005 permanent,
3544 1936 3675 2005 quia

2097 2020 2402 2075 dilexerunt
2432 2022 2602 2093 magis
2631 2024 2880 2078 tenebras
2921 2040 3082 2094 quam
3117 2025 3309 2079 lucem.
3345 2026 3409 2079 Et
3436 2034 3489 2079 tu
3518 2042 3673 2094 ergo,

2097 2112 2142 2165 si
2171 2112 2238 2165 ab
2272 2110 2541 2181 [Egyptiis
2594 2113 2839 2176 recedas,
2877 2122 3203 2183 potestatem
3242 2110 3544 2169 dmmonum
3585 2117 3675 2167 l‘u-

2098 2201 2234 2270 gias,
2260 2200 2383 2254 vide
2405 2208 2605 2269 quanta
2638 2200 2736 2254 tibi
2763 2201 3023 2255 divinitus
3051 2211 3425 2272 prmparantur
3448 2204 3672 2267 auxilia,

2098 2291 2221 2344 vide
2249 2291 2466 2360 quantis
2494 2288 2832 2357 adjutoribus
2862 2292 3032 2345 uteris
3057 2310 3069 2345 :
3117 2300 3320 2346 tantum
3349 2302 3432 2347 est
3462 2304 3519 2347 ut
3550 2309 3674 2361 per-

2097 2395 2318 2435 maneas
2346 2379 2503 2435 fortis
2533 2380 2586 2433 in
2617 2380 2740 2445 ﬁde,
2789 2397 2889 2435 nec
2919 2388 2971 2435 te
2996 2379 3368 2451 A‘Zgyptiorum
3399 2384 3679 2450 equitatus

2096 2478 2152 2526 et
2201 2471 2587 2540 quadrigarum
2620 2470 2848 2525 formido
2877 2479 3212 2541 perterreat;
3264 2488 3365 2526 nec
3411 2474 3679 2530 reclames

2096 2568 2284 2615 contra
2342 2559 2590 2631 Moysen,
2628 2561 2730 2614 hoc
2765 2568 2847 2614 est
2876 2560 3046 2629 legem
3073 2561 3166 2616 Dei
3196 2603 3210 2626 ,
3250 2569 3304 2614 et
3340 2560 3491 2616 dicas
3535 2564 3679 2619 sicut

2096 2651 2315 2721 quidam
2354 2666 2419 2704 ex
2451 2650 2554 2703 illis
2583 2651 2834 2704 dixerunt
2864 2668 2876 2703 :
2913 2648 3182 2719 Tanquam
3228 2669 3333 2705 non
3386 2663 3552 2707 essent
3593 2673 3679 2708 se-

2095 2742 2278 2813 pulcra
2312 2744 2367 2796 in
2397 2741 2647 2812 Egi/pta,
2685 2742 2759 2794 ita
2784 2740 3011 2795 eduxisti
3039 2758 3151 2806 nos,
3189 2751 3243 2796 ut
3274 2745 3327 2796 in
3354 2744 3553 2798 deserto
3577 2747 3679 2800 hoc

2098 2832 2406 2886 moriamur.
2445 2831 2636 2884 Melius
2662 2831 2834 2900 fuerat
2868 2848 2960 2885 nos
2990 2833 3181 2885 servire
3220 2833 3485 2904 quyptiis
3517 2854 3678 2907 quam

2096 2924 2230 2976 mori
2277 2922 2333 2975 in
2376 2921 2580 2974 deserto
2610 2922 2728 2975 hoc.
2778 2921 2905 2976 Hmc
2937 2920 3236 2976 fatisceutis
3289 2924 3342 2977 in
3374 2928 3679 2980 tentatione

2097 3013 2264 3066 animi
2295 3012 2455 3066 verba
2505 3019 2649 3065 sunt.
2700 3011 2807 3066 Sed
2851 3013 2972 3081 quis
3012 3014 3085 3067 ita
3114 3013 3306 3068 beatus
3333 3023 3415 3069 est
3452 3016 3541 3084 qui
3591 3016 3679 3069 sic

422 3072 658 3163 [cutibus
697 3121 856 3177 agere
893 3108 1139 3176 quamam
1184 3118 1328 3163 sum,
1370 3111 1507 3165 Tum
1559 3113 1752 3168 deinde
1799 3116 1850 3169 in
1891 3115 1994 3169 ﬁde
2022 3072 2065 3133 Ο
2099 3103 2459 3158 tentationum
2488 3102 2700 3171 pondus
2728 3104 3023 3172 expediat,
3072 3111 3132 3158 ut
3182 3104 3328 3158 nulla
3363 3105 3479 3174 ejus
3506 3108 3677 3162 menti

423 3196 589 3251 multa
628 3195 870 3249 invenies
909 3203 1171 3263 tortuosa,
1209 3198 1470 3266 plurimas
1492 3204 1831 3271 quaestiones,
1861 3207 1997 3259 mul-

422 3304 507 3348 tas
543 3295 874 3362 obiectiones
913 3296 1310 3361 haereticorum.
1364 3302 1562 3356 multas
1611 3304 1994 3375 contradictio-

423 3402 521 3440 nes
558 3386 872 3442 infidelium.
914 3386 1027 3443 lloc
1090 3389 1194 3443 iter
1246 3392 1511 3461 agendum
1578 3402 1660 3448 est
1721 3395 1996 3464 sequenti-

424 3477 525 3532 bus
565 3478 770 3542 Dcum;
812 3480 905 3534 sed
943 3488 1027 3534 est
1062 3488 1116 3535 et
1150 3482 1316 3537 turris
1355 3483 1409 3536 in
1445 3484 1549 3538 hoc
1597 3484 1810 3541 itinere.
1867 3485 1995 3554 Quae

422 3575 506 3621 est
528 3568 629 3622 ista
654 3567 853 3623 turris?
874 3567 965 3623 Illa
988 3569 1244 3625 nimirum
1266 3586 1427 3642 quam
1451 3573 1585 3629 dixit
1605 3573 1660 3629 in
1683 3574 1993 3646 Evangelio.

423 3658 563 3713 Dicit
582 3658 779 3729 quippe
810 3675 822 3713 :
854 3655 985 3725 Quis
1015 3668 1241 3715 vestrum
1268 3661 1442 3717 volens
1464 3664 1655 3717 turrim
1686 3665 1951 3734 tediﬁcare
1977 3679 1995 3718 :

424 3764 592 3801 nonne
617 3749 765 3818 prius
800 3749 995 3803 sedebit
1020 3759 1069 3804 et
1094 3752 1410 3820 computabit
1460 3762 1698 3823 sumptus
1718 3794 1732 3818 ,
1769 3754 1816 3808 si
1843 3755 1997 3809 habet

425 3839 563 3891 unde
591 3840 819 3908 perﬁciet
844 3839 992 3911 (Luc.
1021 3839 1133 3911 xxv)
1155 3842 1180 3894 ?
1212 3840 1320 3913 [Eat
1348 3841 1600 3915 Isidoro.]
1624 3843 1728 3897 Ista
1756 3853 1840 3900 est
1867 3861 1998 3916 ergo

426 3927 613 3991 turris,
633 3928 788 3981 sedes
814 3929 979 3981 ardua
1004 3938 1059 3983 et
1082 3929 1292 3985 excelsa
1315 3931 1597 3986 virtutum.
1629 3931 1750 3987 Jam
1783 3942 1894 3988 tum
1922 3937 1997 3990 vi-

424 4015 582 4068 detur
602 4015 859 4069 Dominus
884 4024 1041 4070 nocte
1064 4016 1115 4070 in
1139 4018 1384 4072 columna
1414 4020 1569 4091 ignis,
1588 4031 1642 4075 et
1661 4036 1756 4092 per
1781 4023 1920 4077 diem
1943 4025 1996 4079 in

425 4105 674 4160 columna
703 4106 861 4161 nubis
889 4109 1198 4178 prtecedens
1245 4111 1518 4180 populum,
1569 4123 1625 4167 et
1670 4113 1776 4168 dux
1824 4113 1997 4170 factus

424 4195 654 4251 itineris.
702 4194 884 4251 Nubes
919 4196 1021 4250 ista
1049 4200 1357 4266 praecedens
1404 4198 1653 4258 Christus
1701 4213 1803 4258 est.
1852 4204 1996 4259 Idem

424 4287 588 4342 etiam
627 4285 872 4340 columna
898 4327 913 4352 ,
958 4288 1082 4357 quia
1117 4298 1296 4345 rectus
1322 4298 1377 4345 et
1408 4290 1626 4359 ﬁrmus,
1679 4301 1734 4347 et
1772 4292 1999 4352 fulciens

426 4376 795 4431 inﬁrmitatem
835 4387 1109 4446 nostram;
1141 4394 1237 4450 per
1266 4391 1475 4437 noctem
1506 4383 1707 4444 lucens.
1736 4402 1836 4454 per
1859 4387 1997 4442 diem

425 4482 535 4521 non
563 4466 749 4521 lucens
778 4485 789 4519 :
837 4477 895 4521 ut
943 4471 1032 4537 qui
1066 4484 1169 4525 non
1194 4472 1377 4527 vident
1402 4514 1415 4537 ,
1448 4475 1692 4539 vide-uit;
1719 4486 1775 4530 et
1799 4479 1889 4545 qui
1919 4479 1998 4531 vi-

426 4556 553 4609 dent
576 4595 590 4620 ,
623 4557 751 4610 ca‘ci
783 4555 933 4610 ﬁant.
965 4559 1150 4613 Potest
1177 4562 1339 4613 etiam
1373 4576 1475 4615 non
1511 4564 1803 4632 incongrue
1829 4566 1998 4636 accipi

427 4645 632 4699 Christi
654 4655 1082 4712 sacramentum,
1110 4655 1363 4718 tanquam
1389 4651 1440 4702 iu
1474 4658 1683 4705 terrore
1713 4662 1996 4717 nocturno,

425 4741 550 4809 quia
610 4749 736 4795 tunc
781 4741 885 4795 erit.
939 4758 1131 4813 magna
1197 4743 1472 4797 tribulatio
1516 4744 1697 4800 smculi
1740 4753 1996 4816 tanquam

427 4829 587 4897 ignis,
637 4838 692 4883 et
719 4829 920 4884 lucebit
958 4828 1143 4897 justis,
1177 4840 1230 4886 et
1257 4833 1465 4888 ardebit
1498 4834 1730 4905 injustis.
1762 4834 1997 4890 Rursum

424 4925 489 4975 de
520 4920 622 4973 hac
667 4919 914 4974 columna
942 4920 1077 4991 ignis
1106 4930 1161 4976 et
1193 4923 1349 4980 nubis
1378 4926 1559 4981 subtili
1590 4927 2000 4999 investigatione

424 5011 727 5064 discussum
775 5010 1002 5081 intelligi
1042 5020 1097 5067 ct
1134 5013 1291 5069 aliter
1335 5024 1532 5086 potest.
1574 5017 1714 5086 Quid
1747 5028 1832 5073 est
1870 5034 1998 5090 ergo

423 5102 567 5169 quod
611 5100 859 5156 columna
898 5105 1055 5159 nubis
1078 5146 1092 5170 ,
1137 5120 1256 5175 qua:
1284 5106 1336 5161 in
1367 5122 1550 5162 eremo
1578 5110 1803 5178 praeibat
1831 5124 1999 5179 popu-

428 5190 556 5257 lum,
588 5191 871 5262 splendore
900 5193 1040 5263 ignis
1067 5210 1173 5249 non
1202 5198 1254 5249 in
1285 5196 1393 5261 die,
1425 5195 1518 5251 sed
1556 5197 1608 5250 in
1639 5206 1797 5251 nocte
1822 5198 2000 5252 radia-

424 5284 519 5337 bat
547 5324 563 5349 ,
614 5284 716 5339 nisi
748 5284 873 5353 quia
916 5285 1241 5357 Redemptor
1290 5295 1475 5342 noster
1506 5328 1520 5353 ,
1560 5303 1670 5342 sum
1705 5302 1995 5341 conversa-

429 5378 591 5433 tionis
621 5376 867 5448 exemplo
910 5378 1163 5433 ducatum
1212 5380 1561 5449 sequentibus
1603 5395 1661 5435 se
1687 5389 1953 5449 praestans
1982 5420 1995 5443 ,

427 5467 493 5520 de
513 5466 723 5535 justitia
751 5484 847 5523 sua
875 5467 1268 5524 conlidentibus
1294 5469 1437 5524 nulla
1466 5470 1583 5525 luce
1610 5471 1825 5535 claruit,
1874 5486 2000 5539 pec-

429 5567 670 5612 catorum
702 5576 919 5615 suorum
954 5561 1202 5615 tenebras
1247 5563 1665 5629 agnoscentibus
1720 5563 1869 5632 ignes
1916 5563 1997 5616 sui

425 5650 628 5707 altioris
680 5650 925 5706 infulsit?
954 5650 1246 5721 Sequitur:
1286 5651 1632 5717 Dicturusque
1667 5666 1740 5706 est
1786 5651 1996 5707 Pharao

2097 3194 2354 3264 cogitatio
2397 3193 2766 3264 ambiguitatis
2834 3193 3102 3264 obrepat?
3148 3195 3281 3250 Vide
3347 3212 3540 3266 magno
3599 3198 3677 3251 illi

2096 3288 2353 3343 Ecclesia:
2399 3285 2748 3340 fundamento
2794 3295 2849 3340 et
2887 3295 3054 3356 petra:
3100 3287 3453 3351 solidissimae,
3512 3304 3682 3358 super

2098 3396 2259 3450 quam
2301 3379 2548 3435 Christus
2587 3377 2838 3432 fundavit
2876 3378 3197 3445 Ecclesiam,
3226 3379 3353 3448 quid
3384 3381 3596 3434 dicatur
3646 3397 3679 3434 a

2098 3470 2327 3524 Domino
2379 3488 2391 3522 :
2441 3466 2667 3522 Modicm
2699 3509 2713 3531 ,
2768 3468 2977 3536 inquit,
3008 3467 3169 3535 fidei,
3219 3484 3382 3538 quare
3422 3468 3680 3521 dubitasti

2100 3558 2312 3631 (Matth.
2363 3558 2526 3630 3m)?
2559 3558 2756 3613 Verum
2807 3567 2984 3610 tamen
3023 3558 3149 3627 quia
3195 3556 3420 3622 dicunt,
3480 3556 3678 3611 Melius

2098 3651 2271 3721 fuerat
2313 3665 2408 3704 nos
2445 3649 2637 3703 servire
2684 3644 2948 3719 Egyptiis
2976 3662 3136 3718 quam
3168 3649 3301 3702 mori
3350 3649 3403 3701 in
3452 3649 3625 3702 eremo
3660 3690 3676 3714 ,

2101 3740 2414 3797 tentationis
2439 3749 2494 3795 et
2542 3738 2850 3809 fragilitatis
2889 3738 3005 3792 haec
3035 3738 3199 3791 verba
3237 3744 3401 3801 sunt,
3433 3737 3677 3807 alioquin

2099 3831 2292 3885 falsum
2321 3838 2406 3885 est
2432 3870 2446 3893 ,
2482 3829 2638 3896 longe
2661 3827 2807 3881 enim
2852 3827 3043 3881 melius
3063 3835 3147 3880 est
3187 3827 3241 3879 in
3291 3841 3474 3881 eremo
3510 3827 3677 3887 mori.

2099 3936 2259 3992 quam
2284 3920 2489 3975 servire
2510 3917 2799 3988 Egyptiis.
2824 3916 2924 3982 Qui
2967 3918 3108 3971 enim
3132 3918 3184 3970 in
3214 3932 3395 3971 eremo
3422 3919 3677 3981 moritur,

2100 4013 2204 4067 hoc
2230 4012 2345 4080 ipso
2366 4009 2511 4079 quod
2544 4016 2823 4077 separatus
2850 4017 2933 4062 est
2956 4009 3023 4061 ab
3052 4006 3324 4078 IEgyptiis
3349 4017 3404 4062 et
3429 4009 3682 4064 discessit

2100 4123 2132 4161 a
2188 4103 2491 4159 rectoribus
2532 4101 2874 4155 tenebrarum
2915 4108 2971 4153 et
3005 4100 3070 4153 de
3108 4107 3375 4169 potestate
3416 4099 3628 4154 Satanzn
3661 4142 3676 4164 ,

2100 4194 2291 4250 habuit
2344 4192 2577 4262 aliquem
2633 4190 2934 4260 profectum
2965 4227 2981 4254 ,
3018 4188 3227 4243 etiamsi
3286 4189 3355 4241 ad
3406 4188 3678 4260 integrum

2099 4284 2385 4356 pervenire
2411 4298 2514 4337 non
2553 4282 2747 4351 potuit.

2025 4411 2079 4470 Β
2175 4378 2363 4433 Melius
2393 4385 2475 4431 est
2509 4375 2652 4429 enim
2689 4370 2981 4442 perfectam
3008 4370 3172 4423 vitam
3206 4369 3466 4437 quaerenti
3501 4368 3553 4422 in
3590 4369 3681 4470 inti:

2103 4484 2233 4524 nere
2272 4467 2445 4531 mori,
2487 4481 2649 4536 quam
2686 4476 2753 4516 ne
2791 4460 3062 4532 proﬁcisci
3108 4459 3322 4529 quidem
3376 4458 3445 4512 ad
3494 4443 3678 4527 periti—

2103 4559 2339 4613 ctionem
2377 4554 2742 4627 qurerendam.

2177 4646 2328 4702 Unde
2362 4654 2415 4701 et
2444 4660 2631 4699 eorum
2661 4642 2770 4697 falli
2796 4641 3007 4695 videtur
3027 4639 3208 4708 opinio
3236 4639 3327 4707 qui
3351 4639 3476 4692 dum
3513 4638 3680 4692 nin‘nis

2104 4739 2330 4792 arduum
2362 4737 2466 4789 iter
2491 4734 2707 4789 virtutis
2732 4740 3007 4801 exponunt
3030 4771 3045 4794 ,
3074 4732 3304 4798 dumque
3335 4727 3529 4782 multas
3557 4728 3682 4796 ejus

2103 4827 2443 4883 difficultates
2470 4826 2742 4893 multaque
2771 4822 3005 4891 pericula
3034 4831 3088 4875 et
3118 4822 3296 4890 lapsus
3330 4830 3678 4888 enumerant,

2102 4933 2169 4973 ne
2208 4916 2499 4971 ineundum
2530 4914 2743 4983 quidem
2774 4912 2826 4966 id
2864 4921 2957 4965 aut
3002 4910 3362 4980 incipiendum
3403 4907 3673 4976 iudicant.

2102 5009 2209 5065 Sed
2235 5006 2403 5062 multo
2435 5005 2624 5059 melius
2653 5011 2772 5067 est,
2809 5018 2876 5058 ne
2907 5003 2961 5056 in
2993 5003 3096 5056 hoc
3137 5002 3329 5055 itinere
3370 4998 3454 5053 vel
3492 4997 3627 5052 mori
3660 5038 3676 5063 ,

2103 5100 2147 5153 si
2184 5099 2257 5152 ita
2294 5110 2515 5150 necesse
2544 5103 2647 5159 est,
2679 5108 2840 5163 quam
2871 5093 3013 5148 inter
3042 5091 3321 5162 Egyptios
3350 5102 3677 5158 permaneo-

2103 5200 2212 5246 tem
2240 5188 2443 5252 necari,
2472 5194 2527 5241 et
2552 5186 2704 5241 falsis
2735 5194 2896 5255 atque
2926 5185 3126 5239 amaris
3154 5180 3403 5237 ﬂuctibus
3424 5177 3602 5235 obrui.

2721 5296 2950 5353 CAPUT
2988 5295 3072 5350 111.

2100 5394 2177 5447 De
2217 5390 2442 5465 transilit
2498 5388 2727 5460 ﬁliorum
2791 5385 2961 5465 Israel
2996 5384 3073 5465 ad
3111 5400 3255 5465 mare
3314 5380 3575 5463 Rubrum,
3622 5389 3675 5432 et

2364 5457 2733 5529 :Egyptiorum
2762 5457 3104 5525 su/I‘ocutionc
3134 5457 3185 5505 in
3222 5457 3389 5522 aquis.

2173 5553 2237 5605 Et
2270 5552 2343 5604 ait
2370 5550 2573 5620 Moyses
2596 5549 2664 5602 ad
2690 5547 2937 5617 populum
2960 5563 2978 5598 :
3014 5544 3189 5597 Nolite
3212 5546 3443 5603 timere;
3473 5549 3604 5592 state
3625 5549 3677 5591 et

2101 5650 2262 5703 ridete
2289 5642 2552 5713 magnalia
2586 5638 2794 5693 Domini
2816 5654 2929 5709 qua'
2954 5636 3188 5705 facturus
3213 5644 3285 5689 est
3311 5633 3480 5685 hodie.
3510 5629 3680 5698 gy-
