3992 6182
254 292 319 351 65
1223 285 1724 343 conuumsum
1766 283 1834 337 IN
1875 279 2185 337 axonuu.
2229 312 2289 319 —
2335 276 2461 333 LIB.
2504 278 2569 334 ιι.
3098 304 3108 328 .
3455 282 3525 345 ηδ

252 413 381 480 ptios
431 411 610 472 enim,
649 423 782 475 quos
840 423 977 460 nunc
1025 404 1229 472 videtis,

253 501 485 555 ridebitis
531 516 696 568 usque
748 498 804 551 in
864 496 1235 567 sempiternum
1263 536 1279 559 ,
1312 503 1417 548 etc.
1451 489 1647 561 (Exod.
1699 486 1832 556 xw).

253 592 358 663 [Ex
411 586 762 660 Augustino.]
811 585 1095 654 Quomodo
1151 581 1466 652 accipienda
1525 586 1652 635 sunt
1722 576 1838 630 lucc

252 687 436 747 verba,
464 697 595 738 cum
622 681 865 735 viderint
893 687 1085 751 postea
1111 677 1370 734 lsraelitae
1408 671 1691 745 .Egyptios
1714 671 1738 723 ἲ
1765 684 1834 723 an

249 779 370 847 quia
400 776 510 837 isti,
541 772 637 843 qui
665 781 793 826 tunc
823 771 1116 831 videbant,
1167 783 1273 823 non
1324 782 1419 820 eos
1458 762 1685 817 ulterius
1726 773 1834 813 non

252 870 539 929 viderunt,
589 862 719 932 quia
748 870 804 915 et
834 860 910 914 illi
938 868 1064 914 sunt
1094 857 1311 916 ,mortui
1342 896 1356 920 ,
1397 854 1490 924 qui
1539 864 1836 918 conseque-

251 961 440 1012 bantur
471 972 487 1010 :
516 966 572 1010 et
598 956 686 1010 isti
716 970 927 1015 omnes,
961 950 1332 1020 unusquisque
1354 947 1443 1002 die
1469 945 1662 1000 mortis
1685 941 1835 998 sum?

250 1050 377 1103 Nam
406 1048 612 1118 posteri
655 1061 847 1100 eorum
895 1044 1151 1098 viderunt
1177 1048 1425 1110 posteros
1456 1037 1692 1092 illorum.
1721 1034 1832 1086 An-

250 1157 349 1193 non
393 1155 490 1194 eos
529 1137 788 1192 videbitis
832 1137 977 1190 sicut
1012 1134 1171 1189 hodie
1204 1172 1218 1197 ,
1270 1127 1678 1198 intelligendum
1708 1123 1832 1179 est?

251 1232 358 1285 Non
409 1230 558 1284 sicut
612 1228 777 1282 hodie
811 1233 1202 1295 persequentes
1256 1220 1527 1283 inimicos,
1580 1224 1636 1271 et
1682 1223 1831 1268 tanto

248 1331 361 1391 post
407 1336 507 1375 vos
558 1319 774 1389 agmine
825 1317 1126 1379 venientes,
1177 1321 1237 1366 ut
1294 1311 1516 1365 omnino
1570 1307 1718 1362 nulla
1760 1306 1831 1361 sit

250 1411 488 1482 qmestio,
523 1425 626 1464 nec
648 1409 716 1463 de
741 1415 948 1462 :eteruo
997 1414 1240 1474 tempore
1276 1402 1421 1472 quod
1466 1401 1557 1455 hic
1596 1398 1781 1469 posuit
1811 1437 1828 1463 ,

250 1503 362 1572 quia
390 1510 448 1556 et
470 1501 515 1555 si
547 1498 807 1553 videbunt
826 1513 886 1552 se
911 1497 1095 1564 utique
1118 1504 1362 1564 tempore
1385 1489 1826 1553 resurrectionis,

252 1610 343 1648 non
370 1593 451 1648 sic
478 1591 739 1646 videbunt
757 1589 947 1657 utique
976 1594 1035 1641 ut
1067 1586 1246 1641 hodie.
1276 1583 1385 1654 (Ea:
1412 1578 1684 1652 Origene.)
1718 1577 1825 1632 Sed

252 1684 453 1738 interim
518 1681 723 1736 clamat
780 1678 993 1748 Moyses
1054 1676 1122 1739 ad
1174 1674 1486 1730 Dominum.
1543 1670 1827 1740 Quomodo
1859 1708 1904 1767 Β

249 1772 477 1826 clamat?
506 1768 665 1823 Nulla
689 1767 807 1836 ejus
835 1783 939 1821 vox
972 1766 1229 1821 clamoris
1268 1765 1490 1819 auditur
1514 1803 1528 1828 ,
1560 1769 1614 1816 et
1647 1770 1828 1817 tamen

250 1861 368 1913 dicit
393 1859 461 1911 ad
490 1873 617 1913 eum
645 1858 788 1912 Deus
815 1875 827 1909 :
862 1855 1005 1922 Quid
1026 1854 1226 1908 clamas
1248 1854 1317 1907 ad
1340 1871 1420 1907 me
1444 1853 1468 1904 ?
1492 1851 1667 1906 Velim
1690 1850 1831 1904 scire

250 1947 509 2017 quemozio
558 1945 731 2001 sancti
776 1945 895 2000 sine
945 1959 1077 2000 voce
1124 1944 1361 1998 clamant
1418 1941 1486 1996 ad
1517 1940 1828 1995 Dominum.

251 2039 531 2111 Apostolus
557 2038 721 2093 docet
741 2034 940 2108 (Colat.
973 2035 1045 2106 tv)
1068 2075 1082 2100 ,
1105 2035 1232 2104 quia
1258 2033 1400 2087 Deus
1422 2032 1565 2086 dedit
1586 2030 1830 2100 spiritum

255 2130 371 2184 Filii
393 2131 477 2184 sui
503 2131 560 2183 in
588 2128 834 2183 cordibus
861 2126 1075 2191 nostris,
1102 2124 1441 2189 clamantem,
1468 2120 1614 2175 Abba
1644 2119 1828 2173 Pater.

252 2222 309 2276 Et
333 2221 541 2275 addidit
572 2239 583 2273 :
619 2219 743 2289 Ipse
771 2215 1001 2287 Spiritus
1029 2212 1328 2283 interpellat
1374 2228 1470 2283 pro
1496 2211 1642 2266 nobis
1662 2209 1829 2280 gemi-

249 2311 377 2365 tibus
426 2306 890 2363 iuenarrabilibus.
941 2306 1005 2360 Et
1054 2305 1252 2359 iterum
1309 2301 1488 2372 (Rom.
1536 2298 1693 2371 vm):
1727 2298 1831 2363 Qui

249 2408 412 2455 autem
449 2407 723 2452 scrutatur
762 2395 925 2451 corda
956 2435 971 2460 ,
1002 2394 1097 2448 scit
1128 2392 1255 2460 quid
1277 2390 1545 2445 desiderat
1577 2387 1830 2460 Spiritus,

250 2492 361 2560 quia
390 2487 679 2543 secundum
713 2485 882 2539 Deum
928 2483 1155 2553 postulat
1194 2499 1288 2552 pro
1319 2480 1533 2535 sanctis.
1570 2478 1661 2534 Sic
1700 2494 1830 2548 ergo

254 2578 616 2650 interpcilante
641 2574 849 2646 Spiritu
881 2582 1070 2631 sancto
1099 2573 1241 2644 apud
1270 2572 1438 2627 Deum
1472 2610 1487 2637 ,
1525 2585 1622 2640 per
1661 2568 1828 2624 silen-

255 2672 377 2726 tium
418 2678 732 2724 sanctorum
773 2667 980 2721 clamor
1016 2666 1255 2720 auditur.
1296 2665 1363 2719 Et
1388 2664 1518 2734 quid
1542 2670 1664 2733 post
1689 2664 1830 2717 hoc?

252 2760 463 2817 iubetur
486 2759 704 2829 Moyses
729 2758 881 2828 virga
904 2765 1189 2827 percutere
1215 2772 1386 2821 mare,
1415 2764 1475 2810 ut
1502 2755 1828 2825 ingredienti

254 2853 435 2924 populo
462 2852 560 2907 Dei
591 2850 842 2906 dehiscat
883 2859 940 2904 et
984 2850 1181 2915 cedat,
1225 2864 1288 2903 ac
1328 2847 1598 2903 voluntati
1635 2846 1829 2903 divina:

253 2943 629 2997 elementorum
688 2938 1020 2994 famulentur
1049 2930 1310 3007 obsequia
1336 2977 1351 3003 ,
1405 2944 1461 2990 et
1509 2950 1664 3006 aqum
1707 2950 1829 3004 quae

1314 416 1640 473 nequaquam
1696 397 1837 451 ultra
1866 400 1914 459 Α
1943 392 1997 446 in
2040 391 2385 462 profundum,
2421 400 2475 443 ct
2507 390 2732 459 reliqua.
2789 391 2999 445 Dictum
3051 402 3133 447 est
3176 410 3338 465 supra
3374 401 3523 468 quod

1942 482 2191 537 columna
2225 480 2366 552 ignis
2396 489 2449 535 et
2479 480 2639 536 nubis
2664 481 2996 551 signiﬁcaret
3035 484 3208 552 ipsum
3262 486 3523 545 Mediato-

1938 588 2053 627 rem
2078 571 2172 626 Dei
2211 579 2266 626 et
2292 570 2576 625 hominum
2602 611 2616 636 ,
2660 571 2917 626 blandum
2956 571 3122 641 justis
3148 561 3192 640 ,’
3223 578 3520 635 terribilem

1937 665 2317 733 pect'atoribus
2342 704 2357 729 ,
2404 661 2716 719 fulcicntem
2749 666 2865 735 pios
2892 675 2949 723 et
2975 667 3395 726 iuterﬁcientem
3418 671 3522 726 im-

1935 756 2074 826 pios.
2107 756 2247 826 Ergo
2270 755 2453 825 vigilia
2479 756 2770 821 matutina,
2812 760 3028 826 quando
3060 759 3309 817 Salvator
3336 772 3521 819 noster

1939 847 2300 916 triumphator
2323 847 2516 901 mortis
2548 848 2617 901 ab
2646 847 2833 904 inferis
2872 852 3192 918 ascendens,
3222 856 3521 911 resurrexit

1936 938 1990 992 in
2017 938 2188 1008 gloria
2214 979 2228 1003 ,
2261 938 2401 993 bene
2430 938 2635 994 dictum
2664 947 2746 994 est
2774 942 2916 1009 quod
2954 942 3008 996 in
3038 944 3220 1013 vigilia
3252 949 3519 1002 matutina

1935 1027 2194 1082 Dominus
2220 1029 2490 1098 aspiciens
2511 1044 2675 1097 super
2693 1038 2873 1084 castra
2898 1030 3276 1102 Aigyptiorum
3308 1051 3407 1104 per
3426 1052 3521 1092 co-

1934 1117 2174 1171 lumnam
2203 1119 2341 1189 ignis
2362 1126 2417 1173 ct
2443 1118 2601 1173 nubis
2621 1159 2637 1185 ,
2680 1118 2950 1174 interfecit
2978 1122 3277 1177 exercitum
3306 1140 3514 1181 eorum.

1933 1208 2209 1266 interfecit
2222 1211 2420 1279 quippe
2434 1211 2734 1266 exercitum
2761 1212 3122 1281 spiritualium
3138 1215 3518 1288 tEgyptiorum

1934 1316 2057 1354 cum
2092 1316 2224 1355 vero
2261 1300 2567 1366 Pharaone,
2602 1302 2819 1371 quando
2851 1303 3122 1359 diabolum
3153 1314 3208 1360 et
3257 1308 3519 1365 satellites

1932 1388 2072 1458 ejus,
2099 1404 2220 1441 cum
2244 1397 2359 1443 tota
2383 1390 2656 1458 spirituali
2681 1392 2923 1461 nequitia
2946 1402 3002 1448 et
3024 1394 3369 1452 multitudine
3392 1414 3520 1469 pec-

1933 1486 2180 1532 catorum
2227 1478 2281 1532 in
2325 1479 2481 1548 aquis
2530 1480 2934 1549 spiritualibns,
2979 1485 3070 1538 ubi
3099 1486 3385 1544 credentes
3420 1506 3520 1560 per

1932 1566 2341 1623 similitudinem
2382 1569 2574 1624 mortis
2616 1569 2733 1645 ejus
2765 1570 3026 1641 baptizati
3066 1590 3097 1628 a
3125 1585 3298 1631 morte
3326 1593 3519 1648 pecea-

1932 1667 2113 1715 torum
2154 1669 2485 1731 resurgunt,
2544 1663 2837 1718 submersit
2886 1673 2943 1719 et
2981 1675 3188 1723 :eterno
3235 1670 3518 1727 damnavit

1933 1750 2196 1817 interitu;
2231 1764 2331 1805 nec
2374 1751 2454 1805 eis
2498 1766 2657 1806 veros
2695 1752 2990 1820 lsraelitas,
3018 1756 3111 1825 qui
3144 1759 3520 1826 praadestinati

1933 1851 2060 1896 sunt
2089 1842 2157 1897 ad
2198 1843 2366 1897 vitam
2411 1852 2696 1910 aeternam,
2729 1845 2830 1900 sub
2860 1861 2957 1901 sua
2992 1856 3262 1917 potestate
3289 1852 3518 1909 ulterius

1933 1933 2136 1988 habere
2150 1933 2354 1999 licebit,
2371 1934 2496 2003 quia
2526 1950 2664 2004 quos
2692 1938 3032 2005 priescientia
3045 1941 3225 1995 divina
3240 1944 3525 2011 praedesti-

1932 2024 2103 2087 navit,
2133 2025 2231 2079 hos
2260 2033 2315 2080 et
2343 2027 2559 2081 vocavit
2580 2043 2594 2092 ;
2618 2035 2673 2082 et
2702 2016 2841 2097 quos
2871 2031 3103 2096 vocavit,
3132 2032 3251 2087 illos
3279 2044 3333 2088 et
3356 2033 3518 2103 justi-

1932 2115 2153 2171 ﬁcavit:
2187 2132 2323 2186 quos
2352 2125 2532 2173 autem
2567 2117 2906 2187 justiticavit,
2941 2121 3063 2177 illos
3087 2132 3144 2177 et
3168 2124 3509 2195 glorificavit.

2003 2204 2448 2277 Fugientibusque
2475 2207 2766 2277 2Egyptiis,
2797 2222 3136 2265 occurrerunt
3167 2230 3335 2283 aqum,
3359 2225 3407 2267 et
3428 2216 3519 2269 in-‘

1932 2296 2088 2353 uoluit
2128 2313 2216 2351 eos
2257 2296 2514 2351 Dominus
2550 2299 2604 2351 in
2648 2299 2836 2353 mediis
2873 2301 3151 2369 ﬂuctibus;
3198 2321 3517 2376 reversa'que

1930 2397 2052 2442 sunt
2105 2404 2276 2457 aqucc,
2309 2396 2357 2440 et
2398 2397 2711 2457 operuerunt
2757 2405 2946 2444 currus
2992 2400 3043 2445 et
3096 2395 3290 2462 equites
3344 2398 3517 2450 cuncti

1930 2478 2187 2533 exercitus
2233 2477 2553 2544 Pharaonis,
2593 2480 2682 2548 qui
2720 2490 2986 2550 sequentes
3040 2483 3264 2553 ingressi
3302 2485 3517 2555 fuerunt

1928 2585 2093 2622 mare.
2117 2568 2200 2623 Ne
2225 2585 2363 2623 unus
2383 2569 2593 2639 quidem
2620 2571 2878 2641 superfuit
2907 2589 2973 2626 ea;
2991 2574 3086 2628 eis.
3114 2575 3222 2647 (Ea:
3244 2577 3515 2650 Origene.)

1929 2660 2155 2731 Cogitur
2183 2661 2329 2716 enim
2375 2659 2571 2717 ﬂuctus
2600 2662 2654 2716 in
2687 2664 2965 2718 cumulum
2994 2706 3008 2731 ,
3041 2675 3097 2721 et
3142 2669 3285 2723 unda
3330 2671 3383 2723 in
3431 2687 3518 2727 se-

1927 2752 2212 2820 metipsum
2269 2767 2521 2821 repressa
2586 2763 2848 2809 curvatur
2878 2796 2892 2821 ,
2951 2758 3275 2815 soliditatem
3323 2763 3516 2833 recipit

1929 2840 2109 2908 liquor
2134 2882 2147 2904 ,
2181 2851 2236 2895 et
2262 2842 2434 2896 solum
2483 2845 2654 2898 maris
2702 2847 2903 2900 arescit
2934 2848 2986 2900 in
3022 2849 3320 2918 pulverem.
3353 2853 3517 2908 Boni«

1930 2939 2097 2985 tatem
2138 2931 2232 2985 Dei
2284 2934 2549 2987 creatoris
2578 2934 2834 3005 intellige,
2870 2936 2913 2989 si
2961 2938 3225 2994 voluntati
3268 2941 3384 3010 ejus
3420 2948 3517 2999 οἰ-

257 3035 609 3098 timebantur,
642 3032 835 3087 dextra
864 3030 1104 3100 lmvaque
1138 3028 1357 3083 famulis
1384 3029 1478 3084 Dei
1510 3043 1700 3082 murus
1746 3025 1824 3080 ef-
1853 3049 1899 3111 ρ
1934 3033 2241 3094 temperes;
2285 3026 2331 3080 si
2381 3025 2552 3096 legem
2610 3024 2727 3094 ejus
2782 3030 3050 3097 sequaris,
3103 3033 3219 3101 ip'a
3266 3036 3361 3090 tibi
3403 3038 3537 3100 el:-,

255 3124 411 3189 locus,
436 3139 543 3177 non
573 3121 750 3176 solum
780 3119 1079 3189 perniciem
1107 3119 1385 3183 nesciant,
1415 3118 1509 3173 sed
1541 3125 1597 3173 et
1647 3116 1825 3171 muni-

253 3230 363 3268 tuen
376 3214 689 3268 exhibeant.
706 3209 1248 3281 Sequitur:Cumque
1277 3210 1588 3265 extendisset
1619 3208 1822 3279 Moyses

253 3318 451 3354 manum
486 3316 645 3370 super
687 3316 833 3354 mare
855 3339 871 3365 ,
910 3298 1125 3353 abstulit
1155 3297 1290 3353 illud
1318 3298 1577 3353 Dominus
1599 3338 1613 3364 ,
1663 3299 1824 3367 ﬂante

253 3402 388 3447 tento
412 3391 699 3445 vehementi
737 3399 785 3444 et
816 3390 989 3443 urenti
1017 3399 1126 3443 tota
1156 3399 1326 3455 nocte,
1354 3398 1403 3444 et
1429 3389 1579 3443 vertit
1622 3388 1678 3442 in
1721 3388 1851 3445 sic-t

254 3496 380 3546 cum,
404 3490 507 3536 etc.
545 3478 685 3547 Quid
724 3486 809 3534 est
838 3478 1054 3549 Moysen
1092 3493 1314 3533 manum
1343 3478 1637 3533 extendere
1661 3493 1825 3547 super

259 3588 413 3639 mare,
441 3571 545 3626 nisi
575 3571 748 3626 solam
778 3570 951 3641 legem
982 3585 1082 3642 per
1119 3569 1457 3640 Scripturam
1486 3570 1826 3627 demonstra-

256 3678 330 3724 re,
361 3663 409 3715 in
440 3661 597 3730 aquis
624 3660 874 3715 effectum
905 3673 1026 3714 esse
1053 3659 1248 3715 divinae
1269 3659 1571 3729 potentia}?
1599 3659 1824 3715 Abstulit

254 3750 377 3804 illud
407 3750 659 3805 Dominus
685 3752 851 3821 ﬂante
876 3750 1024 3805 vento
1054 3750 1337 3805 vehementi
1381 3760 1430 3804 et
1461 3750 1635 3804 urenti
1659 3790 1672 3814 ,
1731 3749 1825 3804 illo

255 3844 428 3913 utique
451 3852 613 3897 vento
643 3843 709 3897 de
735 3855 845 3911 quo
874 3841 928 3896 in
958 3841 1183 3912 psalmis
1222 3841 1428 3897 dictum
1459 3849 1544 3896 est
1571 3859 1583 3895 :
1619 3840 1687 3895 In
1712 3841 1824 3911 spi-

255 3940 347 3989 ritu
381 3933 664 3990 reltementi
705 3942 941 3988 conteres
977 3948 1129 3988 naves
1167 3930 1382 3986 Tharsis
1410 3930 1582 4003 (Psal.
1630 3930 1821 4001 XLvn).

254 4026 314 4080 Et
352 4027 403 4080 in
431 4026 660 4080 Actibus
706 4023 1074 4095 apostolorum
1110 4024 1371 4095 scriptum
1413 4032 1495 4079 est
1538 4024 1682 4093 quod
1733 4039 1823 4079 re-

252 4116 619 4171 cumbentibus
665 4115 719 4169 in
769 4114 1049 4171 caenaculo
1107 4114 1241 4170 Sion
1301 4114 1582 4185 discipulis
1632 4115 1684 4169 in
1738 4115 1826 4172 die

255 4205 608 4271 Pentecostes,
634 4205 803 4260 subito
826 4205 999 4276 factus
1026 4215 1101 4259 est
1124 4221 1284 4260 sonus
1314 4206 1377 4260 de
1402 4204 1552 4270 caelo,
1575 4215 1825 4276 tanquam

252 4299 453 4366 spiritu
512 4297 855 4363 vehementis,
916 4307 965 4351 et
1012 4296 1240 4368 impleuit
1286 4306 1451 4351 totam
1486 4297 1697 4350 domum
1737 4296 1825 4351 ubi

1930 3125 2113 3173 menta
2145 3119 2309 3172 etiam
2341 3127 2529 3174 contra
2563 3121 2645 3175 sui
2675 3129 2927 3175 naturam
2965 3125 3171 3179 servire
3219 3130 3511 3197 compellit.

1929 3208 2059 3263 Filii
2088 3219 2263 3264 autem
2292 3210 2462 3265 Israel
2481 3223 2821 3283 perrexerunt
2856 3231 2949 3285 per
2992 3217 3218 3271 medium
3255 3222 3380 3274 sicci
3402 3239 3517 3276 ma—

1927 3305 2024 3369 ris,
2061 3313 2110 3358 et
2163 3322 2316 3375 aquce
2353 3306 2428 3359 eis
2464 3315 2614 3360 erant
2652 3308 2806 3377 quasi
2842 3325 2938 3378 pro
2977 3326 3127 3363 muro
3159 3328 3191 3364 α
3239 3312 3437 3368 dca'tris
3467 3324 3519 3368 ct

1927 3412 1959 3448 a
2000 3393 2248 3449 sinistris.
2276 3393 2467 3449 Audivi
2494 3410 2525 3448 a
2554 3397 2848 3465 majoribus
2879 3399 3131 3453 traditum
3165 3403 3306 3471 quod
3334 3403 3386 3456 in
3412 3404 3513 3458 ista

1925 3486 2265 3559 digressione
2297 3488 2463 3542 maris
2486 3488 2712 3557 singulis
2738 3489 3041 3559 quibusque
3079 3493 3327 3549 tribubus
3345 3495 3511 3550 lsracl

1927 3578 2152 3649 singula:
2202 3593 2467 3647 aquarum
2495 3578 2789 3633 divisiones
2827 3579 2981 3634 facta:
3016 3581 3146 3648 sint,
3191 3592 3245 3637 et
3289 3586 3513 3655 propria

1925 3667 2221 3735 unicuique
2267 3666 2428 3721 tribui
2486 3667 2539 3719 in
2585 3668 2721 3721 mari
2781 3677 2969 3738 aperta
3037 3671 3109 3725 sit
3170 3673 3296 3738 via,
3352 3674 3520 3745 idque

1926 3757 2138 3811 ostendi
2184 3773 2249 3811 ex
2300 3772 2367 3811 eo
2410 3757 2552 3826 quod
2604 3757 2656 3810 in
2687 3758 2910 3827 psalmis
2958 3760 3216 3829 scriptum
3248 3772 3374 3818 est:
3409 3764 3517 3832 Qui

1926 3846 2100 3900 divisit
2131 3862 2276 3900 mare
2307 3844 2548 3900 Rubrum
2573 3846 2629 3899 in
2649 3833 2937 3903 'deisiones
2967 3849 3141 3922 (Psal.
3168 3853 3387 3925 cxxxv),
3419 3869 3521 3923 per

1926 3936 2067 4004 quod
2095 3935 2280 4005 plures
2307 3934 2603 3991 divisiones
2629 3936 2893 3992 docentur
2917 3937 3095 4005 factae,
3120 3957 3225 3995 nou
3247 3958 3373 3997 una.
3405 3942 3513 3999 Sed

1900 4033 1981 4080 .et
2003 4040 2103 4094 per
2130 4026 2233 4080 hoc
2261 4026 2405 4096 quod
2448 4027 2668 4091 dicitur,
2713 4028 2798 4083 Ibi
2844 4028 3127 4100 Benjamin
3168 4034 3419 4101 juvenior
3456 4036 3516 4088 in

1925 4125 2157 4187 stupore.
2181 4116 2459 4188 Principes
2492 4116 2661 4182 Juda,
2693 4119 2851 4173 duces
2874 4136 3055 4173 eorum
3083 4135 3100 4172 :
3121 4125 3381 4191 principes
3408 4123 3515 4175 Za-

1927 4208 2104 4274 bulon,
2129 4210 2388 4279 principes
2420 4209 2758 4279 Nephtltalim
2788 4210 2959 4284 (Psal.
3002 4211 3171 4284 van)
3195 4254 3208 4276 ,
3242 4213 3518 4267 nihilomi-

1927 4316 2031 4354 nus
2087 4302 2378 4369 unicuique
2426 4300 2587 4354 tribui
2637 4301 2891 4370 proprius
2935 4303 3242 4356 enumerari
3298 4303 3515 4358 videtur

252 4400 385 4444 erant
409 4390 666 4456 sedentes,
713 4399 759 4443 et
787 4397 1147 4460 apparuerunt
1176 4387 1283 4444 illis
1312 4388 1599 4459 dispertita:
1633 4388 1825 4458 linguis
1852 4398 1904 4457 1)
1933 4388 2232 4459 ingressus.
2267 4388 2393 4443 ilice
2420 4404 2450 4442 a
2481 4388 2782 4457 majoribus
2814 4390 3099 4445 observata
3127 4390 3181 4444 in
3214 4390 3517 4462 Scripturis

252 4492 489 4553 tanquam
521 4484 678 4554 ignis,
711 4482 944 4553 seditque
972 4498 1129 4554 super
1155 4480 1389 4552 singulos
1416 4497 1615 4544 eorum,
1649 4488 1705 4535 et
1740 4494 1825 4533 re-

252 4571 385 4640 liqua
430 4574 571 4643 (Act.
603 4572 687 4640 ιι).
717 4571 954 4626 Abstulit
993 4586 1122 4643 ergo
1151 4570 1412 4627 Dominus
1462 4585 1613 4624 mare
1662 4569 1825 4627 flante

251 4675 401 4718 vento
430 4664 742 4719 vehementi
772 4672 828 4719 et
856 4662 1037 4719 urenti
1071 4670 1186 4717 tota
1228 4670 1388 4717 nocte
1416 4702 1431 4728 ,
1480 4670 1536 4715 et
1572 4660 1734 4715 vertit
1767 4660 1821 4714 in

249 4754 478 4819 siccum,
530 4769 654 4808 cum
700 4769 799 4825 per
844 4751 1005 4810 omne
1036 4762 1249 4825 tempus
1277 4752 1437 4808 istius
1470 4752 1634 4817 vitm,
1679 4752 1823 4821 quod

250 4858 347 4899 nox
372 4844 646 4916 significat
669 4887 683 4910 ,
724 4844 962 4918 Spiritus
1006 4847 1182 4902 sancti
1220 4846 1394 4918 gratia
1420 4860 1592 4914 aquas
1620 4843 1825 4915 baptis-

249 4933 404 4987 matis
449 4932 713 4989 meabiles
754 4934 1102 4991 credentibus
1154 4935 1315 5000 facit,
1366 4941 1430 4989 ut
1460 4934 1566 5000 illis
1594 4948 1693 5004 per
1732 4948 1827 4989 eas

250 5026 650 5081 transeuntibus
673 5027 741 5080 de
775 5026 1040 5097 spirituali
1065 5026 1303 5097 Egypto
1331 5027 1386 5082 in
1414 5035 1615 5081 terram
1644 5040 1830 5096 repro—

250 5116 536 5181 missionis,
566 5117 805 5172 hostium
858 5118 912 5173 in
960 5119 1149 5175 eodem
1186 5118 1455 5173 elemento
1491 5118 1828 5189 subsequens
1886 5168 1893 5173 .

249 5205 533 5260 suﬂocetur
556 5208 852 5263 exercitus.
886 5206 1105 5263 Necnon
1133 5218 1188 5265 et
1219 5207 1307 5263 illa
1337 5208 1470 5262 hora
1499 5210 1694 5274 noctis,
1719 5223 1827 5278 qua

250 5298 342 5354 iste
370 5300 631 5355 transitus
656 5300 834 5355 factus
864 5310 970 5367 est,
998 5301 1135 5357 bene
1160 5300 1410 5370 congruit
1438 5301 1620 5356 divino
1647 5317 1827 5359 sacra-

248 5400 439 5445 mento.
486 5391 621 5446 Nam
657 5393 907 5462 sequitur
940 5411 953 5445 τ
982 5391 1277 5447 Advenerat
1314 5392 1488 5462 vigilia
1521 5395 1780 5448 matutina
1807 5410 1826 5448 ε

246 5492 289 5535 et
314 5500 429 5538 ecce
468 5486 750 5556 respiciens
779 5484 1037 5540 Dominus
1065 5501 1221 5556 super
1247 5493 1421 5538 castra
1448 5483 1821 5555 /Egyptiorum

244 5586 327 5636 per
364 5572 660 5629 columnam
712 5574 850 5644 ignis
897 5583 944 5627 et
982 5574 1131 5629 nubis
1156 5614 1170 5637 ,
1228 5573 1488 5642 interfecit
1537 5575 1821 5629 exercitum

244 5676 451 5731 eorum,
499 5677 548 5721 et
582 5664 839 5721 subrcrtit
882 5674 1021 5718 rotas
1072 5680 1365 5728 curruum,
1422 5664 1822 5735 ferebanturque

1931 4481 2128 4536 divinis
2155 4522 2169 4544 ,
2219 4481 2530 4551 religiosum
2567 4482 2772 4535 credidi
2815 4497 2922 4537 non
2961 4490 3164 4537 tacere.
3205 4482 3345 4550 Quid
3382 4499 3513 4557 ergo

1932 4588 2030 4628 nos
2069 4573 2328 4628 docemur
2371 4587 2472 4643 per
2499 4574 2611 4628 haec
2646 4588 2766 4643 quae
2797 4573 2911 4643 jam
2946 4574 3196 4643 superius
3226 4574 3463 4631 diximus
3495 4619 3516 4641 ,

1931 4666 2023 4735 qui
2055 4664 2128 4719 sit
2154 4664 2208 4718 in
2239 4664 2326 4717 bis
2352 4663 2596 4732 Apostoli
2634 4663 2873 4718 sensus?
2902 4663 3233 4733 Baptismum
3278 4666 3379 4720 hoc
3414 4682 3514 4732 nos

1929 4759 2101 4812 minat
2129 4757 2183 4812 in
2218 4755 2435 4826 Moysen
2464 4764 2897 4811 consummatum
2926 4756 2978 4810 in
3010 4756 3153 4811 nube
3181 4766 3235 4811 et
3260 4757 3312 4811 in
3346 4759 3515 4820 mari,

1928 4857 1988 4901 ut
2024 4860 2079 4903 et
2126 4856 2185 4901 tu
2227 4847 2321 4917 qui
2368 4846 2665 4915 baptizaris
2711 4847 2764 4901 in
2796 4846 3013 4902 Christo
3053 4846 3107 4900 in
3139 4863 3277 4917 aqua
3308 4856 3364 4902 et
3390 4847 3517 4919 Spi-

1930 4938 2037 4990 ritu
2065 4944 2254 4993 sancto
2289 4936 2432 4989 scias
2457 4934 2710 4989 insectari
2744 4943 2928 5005 postea
2957 4934 3259 5005 Egyptios,
3293 4944 3348 4990 et
3370 4936 3516 4992 velle

1931 5033 1984 5079 te
2036 5040 2294 5082 revocare
2341 5023 2406 5076 ad
2443 5023 2723 5078 servitium
2774 5040 2930 5078 suum
2962 5043 2974 5077 :
3006 5034 3251 5081 rectores
3300 5025 3509 5081 scilicet

1931 5115 2091 5185 hujus
2132 5116 2318 5170 mundi
2363 5123 2419 5170 et
2468 5114 2776 5184 spirituales
2822 5115 3113 5185 nequitias,
3141 5119 3338 5188 quibus
3382 5128 3514 5174 ante

1930 5207 2213 5262 deservisti
2240 5248 2257 5272 ,
2293 5222 2413 5276 qua:
2457 5215 2722 5262 conantur
2748 5207 2964 5276 quidem
3018 5209 3228 5279 insequi
3259 5250 3274 5276 ,
3311 5211 3403 5264 sed
3447 5219 3508 5263 tu

1927 5296 2211 5352 descendis
2250 5296 2305 5351 in
2362 5311 2594 5366 aquam,
2640 5304 2695 5351 et
2739 5297 2924 5351 evadis
2959 5298 3286 5363 incolumis,
3340 5306 3509 5367 atque

1927 5385 2124 5442 ablatis
2149 5386 2400 5442 sordibus
2424 5394 2768 5455 peccatorum
2796 5428 2811 5452 ,
2843 5387 3008 5443 homo
3034 5403 3203 5442 novus
3232 5386 3508 5442 ascendiss

1927 5485 2150 5547 paratus
2202 5478 2270 5532 ad
2319 5476 2646 5532 cantandum
2693 5478 2963 5533 canticum
3004 5493 3220 5532 novum.
3263 5473 3509 5546 Egyplii

1928 5587 2059 5626 vero
2087 5578 2220 5645 post
2255 5579 2308 5624 te
2338 5570 2687 5640 insequentes
2729 5571 3109 5640 demergentur
3140 5569 3194 5620 in
3223 5567 3509 5639 abyssum.

1928 5663 2140 5717 etiamsi
2191 5663 2443 5717 videntur
2492 5676 2684 5733 rogare
2725 5661 2939 5725 Jesum,
3001 5674 3068 5713 ne
3133 5673 3230 5715 eos
3282 5659 3508 5715 interim
