3992 6182
367 382 370 384 γ
444 315 511 370 ὓῚ
1079 311 1139 364 Β.
1183 307 1436 363 RABANI
1477 306 1695 363 MAURI
1734 304 2051 360 ARCHIEP.
2096 303 2402 359 MOGUNT.
2447 303 2733 360 OPERU.“
2774 302 2952 357 PARS
2987 303 3026 356 l.
3627 303 3700 356 68

441 430 715 490 mittatin
758 430 1031 499 abyssum.
1073 426 1179 481 Sed
1235 435 1289 479 et
1342 424 1504 478 alium
1548 438 1615 477 ex
1645 423 1730 477 his
1772 421 2018 493 accipere
2044 422 2096 480 Α
2121 427 2276 472 catus
2297 429 2381 472 est
2419 418 2657 487 quidem,
2678 417 2809 487 quia
2840 418 2989 470 venit
3017 432 3260 486 quaerere
3280 417 3422 485 quod
3439 417 3622 485 perier
3659 426 3701 484 t,

441 535 725 594 possumus
762 518 1115 573 intellectum.
1150 515 1208 570 Si
1237 515 1531 586 Egyptum
1563 512 1762 583 fugias,
1791 513 1837 567 si
1869 512 2018 582 igno-

444 613 631 668 rentia:
679 610 930 664 tenebras
968 607 1243 676 relinquas
1273 647 1288 672 ,
1330 615 1386 660 et
1418 604 1663 673 sequaris
1709 604 1897 676 legem_
1921 601 2018 657 Dei

443 705 681 774 Moysen,
712 702 894 757 obviet
914 711 1093 755 autem
1123 700 1217 754 tibi
1248 713 1416 765 mare,
1449 706 1504 752 et
1531 670 2020 753 contradiceniium

442 794 637 848 ﬂuctus
663 799 915 847 occurrat
934 831 950 858 ,
973 797 1194 861 percute
1218 798 1276 843 tu
1303 788 1643 843 obluctantes
1666 788 1838 842 undas
1867 785 2020 854 virga

445 883 633 953 Moysi,
662 882 717 936 id
742 890 845 946 est,
866 879 1035 936 verbo
1058 879 1194 949 legis
1219 886 1273 932 et
1296 876 1576 945 vigilantia
1592 875 2016 946 Scripturarum;

445 974 548 1027 iter
572 974 666 1027 tibi
693 973 793 1043 ipsi
823 970 1144 1039 disputando
1187 984 1284 1038 per
1312 968 1653 1023 adversarios
1689 966 1898 1036 pande,
1928 978 2019 1018 ee-

447 1061 576 1115 dent
602 1061 759 1114 unda:
784 1058 1041 1113 continuo
1074 1067 1128 1111 et
1154 1057 1392 1127 superati
1423 1055 1617 1111 ﬂuctus
1650 1056 1825 1110 locum
1854 1053 2022 1106 victo-

450 1153 619 1219 ribus,
645 1152 971 1205 mirantibus
994 1158 1048 1203 et
1070 1149 1319 1203 attonitis
1344 1164 1406 1203 ac
1437 1157 1657 1218 stupore
1696 1145 1889 1201 deﬁxis
1937 1144 2022 1198 his

447 1244 536 1312 qui
568 1242 726 1313 paulo
757 1250 882 1295 ante
913 1241 1359 1295 adversabantur.
1390 1239 1672 1310 Legitimis
1698 1247 1755 1291 tu
1780 1237 2024 1305 disputa-

450 1334 654 1387 tionum
685 1332 847 1385 lineis
872 1339 1077 1385 rectum
1107 1329 1229 1383 ﬁdei
1262 1331 1365 1383 iter
1386 1329 1616 1392 secabis,
1648 1337 1704 1381 et
1731 1328 1782 1381 in
1813 1334 2022 1380 tantum

449 1425 711 1479 doctrina:
751 1423 915 1478 verbo
947 1422 1219 1491 proﬁcies,
1248 1431 1306 1474 ut
1346 1421 1622 1475 auditores
1650 1422 1763 1485 tui,
1798 1434 1932 1488 quos
1968 1418 2023 1473 in

447 1518 600 1587 virga
624 1515 759 1587 legis
786 1514 1017 1569 erudisti
1042 1554 1056 1578 ,
1086 1513 1185 1582 ipsi
1205 1511 1319 1580 jam
1347 1520 1533 1566 contra
1562 1510 1844 1581 [Egyptios
1879 1507 2026 1563 velut

450 1605 644 1660 ﬂuctus
692 1604 860 1658 maris
906 1603 1307 1670 iasurgantLet
1344 1616 1451 1654 non
1487 1600 1659 1654 solum
1713 1599 2028 1668 impugnent

450 1708 565 1757 eos,
584 1691 676 1745 sed
700 1700 754 1745 et
774 1698 1032 1758 superent
1053 1698 1108 1743 et
1121 1689 1485 1758 exstinguant.
1502 1688 1861 1758 Exstinguunt
1875 1701 2026 1740 nam-

2122 524 2229 564 non
2287 518 2465 564 tamen
2514 508 2746 579 gloriose
2794 508 3124 579 gloriﬁcatus
3165 516 3263 563 est.
3298 508 3508 563 Dicitur
3552 510 3701 564 enim

2120 603 2187 658 de
2232 604 2387 674 ipso:
2421 603 2546 673 quia
2575 603 2801 656 vidimus
2823 618 2962 666 eum,
3013 611 3060 654 et
3097 618 3198 654 non
3231 586 3451 655 habebat
3480 603 3704 671 speciem

2122 708 2284 763 neque
2315 692 2575 757 decorem,
2602 700 2652 745 et
2678 689 2852 745 vultus
2878 689 2991 758 ejus
3014 689 3255 759 ignobilis
3278 706 3436 761 super
3456 689 3595 759 ﬁlios
3617 690 3708 742 Ito.

2121 782 2319 834 minam
2360 780 2496 854 (Isa.
2527 780 2708 851 nul).
2734 779 3095 845 Gloriﬁcatus,
3130 789 3183 834 et
3226 796 3347 834 cum
3391 781 3457 835 ad
3486 796 3707 836 crucem

2121 870 2292 935 venit,
2342 877 2399 925 et
2428 869 2652 940 pertulit
2679 877 2909 923 mortem
2939 885 2952 934 ;
2983 870 3097 931 sed,
3144 879 3204 924 ut
3239 870 3312 924 ita
3354 870 3528 924 dicam
3556 910 3572 935 ,
3606 870 3709 924 hu-

2122 960 2326 1016 militer
2346 977 2452 1015 non
2475 961 2709 1031 gloriose
2733 959 3063 1030 gloriﬁcatus
3089 969 3191 1015 est.
3212 959 3411 1015 Verum
3441 962 3566 1030 quia
3590 962 3710 1017 haec

2122 1051 2408 1120 oportebat
2433 1051 2542 1120 pati
2580 1049 2881 1115 Christum,
2925 1059 2981 1104 et
3021 1050 3099 1104 sic
3149 1050 3354 1105 intrare
3384 1051 3437 1104 in
3479 1050 3710 1121 gloriam

2124 1156 2302 1206 suam,
2327 1156 2449 1195 cum
2477 1141 2687 1195 venerit
2712 1141 2765 1195 in
2793 1140 2959 1211 gloria
2991 1140 3169 1195 Patris
3196 1149 3251 1195 et
3275 1149 3585 1196 sanctorum
3614 1157 3711 1195 an-

2124 1233 2403 1302 gelorum,
2436 1248 2562 1288 cum
2611 1234 2826 1287 venerit
2874 1232 2929 1286 in
2978 1233 3263 1303 majestate
3317 1249 3412 1288 sua
3456 1233 3709 1303 judicare

2127 1333 2367 1390 terram,
2419 1325 2634 1394 quando
2679 1332 2735 1378 et
2790 1338 2976 1377 verum
3040 1323 3376 1377 Pharaonem
3408 1364 3423 1390 ,
3474 1323 3529 1378 id
3581 1333 3665 1378 est
3695 1363 3710 1387 ,

2124 1414 2398 1469 diabolum
2425 1456 2439 1481 ,
2472 1415 2763 1471 interﬁciat
2789 1415 2983 1485 spiritu
3017 1415 3131 1470 oris
3157 1416 3260 1470 sui.
3307 1415 3440 1470 Cum
3467 1431 3596 1488 ergo
3625 1433 3714 1471 re-

2126 1503 2352 1575 fulgebit
2378 1505 2431 1558 in
2462 1503 2745 1572 majestate
2785 1505 2961 1559 Patris
2999 1506 3081 1559 sui
3116 1546 3129 1570 ,
3163 1514 3219 1561 et
3245 1514 3367 1575 post
3415 1506 3714 1562 adventum

2127 1596 2468 1662 humilitatis,
2503 1596 2795 1650 secundum
2832 1597 2886 1650 in
2921 1598 3076 1652 nobis
3115 1597 3299 1668 glorise
3340 1598 3578 1652 ostendit
3615 1600 3716 1652 ad-

2128 1693 2349 1739 ventum
2381 1726 2395 1750 ,
2448 1692 2577 1739 tunc
2603 1699 2708 1739 non
2738 1685 2914 1740 solum
2941 1685 3275 1756 gloriﬁcatur
3308 1686 3590 1753 Dominus,
3616 1688 3715 1742 scd

372 1770 378 1775 1
452 1802 558 1855 que
581 1784 895 1854 Egyptum,
918 1782 1010 1851 qui
1036 1797 1141 1836 non
1174 1790 1339 1852 agunt
1358 1796 1521 1851 opera
1542 1780 1904 1834 tenebrarum.
1929 1777 2031 1831 Ex-
2057 1762 2105 1821 Β
2133 1775 2365 1848 gloriose
2420 1776 2754 1847 gloriﬁcatur
2777 1817 2793 1844 ,
2844 1793 2967 1832 cum
3020 1792 3209 1833 omnes
3274 1778 3348 1832 ita
3404 1778 3715 1849 gloriﬁcant

453 1874 734 1943 stinguunt
753 1871 1065 1940 .‘Egyptum,
1091 1870 1181 1939 qui
1196 1885 1302 1924 non
1323 1868 1636 1929 carnaliter,
1658 1866 1751 1921 sed
1773 1865 2026 1935 spiritua-

450 1964 576 2018 liter
605 1964 813 2017 vivunt.
828 1961 1192 2030 Exstinguunt
1216 1960 1527 2030 Egyptum,
1551 1959 1642 2028 qui
1671 1958 2028 2029 cogitationes

450 2051 699 2107 sordidas
727 2060 783 2105 et
814 2052 1055 2120 impurae
1081 2050 1168 2104 vel
1192 2049 1466 2118 depellunt
1487 2064 1554 2103 ex
1583 2050 1770 2114 corde,
1799 2048 1883 2102 vel
1916 2062 2030 2102 om-

452 2144 579 2198 nino
631 2158 739 2197 non
802 2142 1109 2211 recipiunt,
1182 2141 1322 2194 sicut
1364 2149 1420 2194 et
1476 2138 1764 2208 Apostolus
1824 2137 1958 2193 dicit
2010 2155 2023 2191 :

450 2238 785 2290 Assumentes
809 2242 1018 2286 scutum
1049 2231 1175 2299 ﬁdei
1204 2271 1217 2293 ,
1255 2238 1309 2284 ut
1348 2229 1559 2300 possitis
1593 2229 1769 2283 omnia
1810 2226 2027 2297 maligni

444 2325 631 2395 jacula
659 2326 824 2395 ignita
850 2324 1178 2393 exstinguere
1202 2321 1416 2392 (Ephes.
1448 2319 1544 2392 vi).
1574 2319 1687 2374 Hoc
1712 2333 1841 2389 ergo
1870 2319 2029 2372 modo

450 2427 737 2482 possumus
764 2411 928 2465 etiam
959 2412 1119 2465 hodie
1147 2409 1431 2480 Egyptios
1462 2409 1646 2463 videre
1686 2416 1933 2463 mortuos
1977 2417 2029 2462 et

447 2505 690 2574 jacentes
739 2502 807 2556 ad
852 2501 1027 2565 littus,
1073 2500 1344 2571 submergi
1396 2500 1688 2570 quadrigas
1742 2512 1928 2552 eorum
1973 2505 2030 2552 et

450 2606 638 2662 equos.
684 2590 978 2645 Possumus
1020 2588 1183 2643 etiam
1232 2588 1407 2658 ipsum
1454 2587 1791 2642 Pharaonem
1842 2586 2029 2642 videre

450 2681 748 2751 submergi,
791 2681 836 2734 si
887 2686 1040 2733 tanta
1093 2678 1196 2733 ﬁde
1223 2678 1486 2743 vivamus,
1523 2687 1584 2732 ut
1610 2680 1754 2733 Deus
1783 2684 2029 2731 conterat

456 2775 715 2830 Satanam
770 2772 870 2826 sub
915 2771 1144 2840 pedibus
1179 2770 1379 2824 nostris
1410 2769 1685 2834 velociter,
1715 2784 1813 2839 per
1841 2766 2025 2822 Jesum

453 2864 734 2919 Christum
766 2860 1052 2916 Dominum
1081 2868 1350 2915 nostrum.

1051 2971 1279 3028 CAPUT
1318 2971 1407 3026 IV.

450 3067 527 3122 De
552 3067 755 3121 cantico
785 3064 924 3137 quod
955 3064 1139 3137 cecinit
1177 3062 1385 3132 Moyses
1411 3072 1461 3137 et
1482 3061 1580 3137 ﬁlii
1604 3060 1775 3137 Israel
1799 3061 2023 3115 Domino

822 3144 935 3204 post
971 3133 1252 3187 transitum
1279 3131 1447 3185 maris
1471 3131 1656 3184 Rubri.

521 3226 665 3279 Tunc
695 3225 879 3279 cecinit
915 3222 1119 3293 Moyses
1144 3230 1192 3275 et
1230 3220 1329 3290 ﬁlii
1355 3219 1525 3275 Israel
1550 3235 1761 3274 carmen
1786 3219 1882 3272 hoc
1918 3218 2029 3273 Do-

447 3318 610 3383 mino,
640 3326 688 3371 et
716 3316 964 3371 dixerunt
988 3328 1006 3367 .'
1030 3312 1314 3369 Cantemus
1353 3312 1577 3367 Domino
1600 3352 1614 3377 ,
1644 3312 1867 3383 gloriose
1888 3313 2025 3365 enim

446 3408 814 3478 magniﬁcatus
860 3419 937 3462 est
981 3420 1000 3458 :
1030 3421 1218 3476 equum
1269 3415 1317 3460 et
1368 3421 1694 3458 ascensorem
1739 3403 1925 3474 dejecit
1969 3406 2025 3458 in

448 3514 594 3553 mare
617 3498 814 3570 (Exod.
831 3497 944 3567 xv).
966 3496 1074 3569 [Ex
1103 3494 1372 3567 0rigene.]
1390 3495 1552 3548 Multa
1575 3494 1790 3564 quidem
1813 3495 2024 3550 cantica

446 3586 581 3641 l'erri
628 3586 858 3658 legimus
907 3587 963 3641 in
1006 3584 1308 3655 Scripturis
1335 3585 1548 3640 divinis.
1580 3584 1784 3639 [lorum
1844 3593 2024 3638 tamen

443 3677 689 3733 omnium
719 3678 955 3747 primum
983 3676 1129 3731 istud
1156 3683 1241 3731 est
1264 3676 1535 3731 canticum
1561 3676 1726 3746 quod,
1758 3674 2026 3747 [Egyptiis

447 3778 504 3826 et
535 3769 819 3824 Pharaone
851 3769 1152 3830 submerso,
1193 3767 1424 3837 populus
1461 3767 1554 3821 Dei
1596 3778 1718 3836 post
1738 3766 2024 3822 victoriam

445 3859 665 3915 cecinit.
721 3857 890 3913 Moris
928 3858 1129 3927 quippe
1173 3865 1485 3911 sanctorum
1535 3865 1620 3910 est
1648 3896 1663 3920 ,
1698 3856 1790 3910 ubi
1834 3857 2025 3910 adver-

446 3950 626 4004 sarius
653 3947 906 4011 vincitur,
939 3953 1198 4015 tanquam
1223 3945 1314 4014 qui
1341 3944 1516 3998 sciant
1546 3959 1654 3999 non
1678 3960 1774 3998 sua
1799 3945 2020 4008 virtute,

442 4041 538 4095 sed
574 4039 669 4093 Dei
710 4038 883 4108 gratia
934 4036 1219 4092 victoriam
1258 4044 1506 4107 paratam
1538 4076 1553 4101 ,
1604 4036 1865 4106 hymnum
1914 4037 2026 4091 Deo

443 4129 823 4201 gratulationis
887 4126 1085 4183 oil‘erre
1132 4144 1146 4180 :
1196 4127 1473 4196 accipiunt
1528 4136 1709 4181 tamen
1765 4127 2025 4199 hymnum

440 4228 725 4278 cantantes
786 4221 952 4275 etiam
1003 4227 1257 4291 tympana
1302 4219 1357 4273 in
1402 4218 1657 4273 manibus
1701 4219 1834 4285 suis,
1886 4219 2028 4274 sicut

440 4311 509 4366 de
558 4311 727 4365 Maria
765 4324 952 4364 sorore
998 4308 1170 4380 Moysi
1213 4316 1265 4364 et
1324 4307 1505 4364 Aaron
1549 4308 1801 4363 refertur.
1844 4308 1914 4362 Et
1967 4318 2024 4362 tu

440 4414 572 4467 ergo
597 4400 642 4453 si
672 4415 822 4453 mare
848 4399 1089 4454 Rubrum
1121 4399 1433 4466 transieris,
1478 4399 1526 4454 si
1576 4398 1858 4470 Aigyptios
1904 4399 2025 4453 sub-

444 4490 613 4559 mergi
658 4488 859 4544 videris
886 4528 901 4553 ,
951 4496 1008 4542 et
1039 4489 1309 4559 exstingui
1357 4489 1725 4555 Pharaonem,
1779 4498 1939 4559 atque
1969 4490 2022 4544 in

441 4580 622 4650 abyssi
662 4579 988 4648 profundum
1021 4580 1384 4648 praecipitari,
1417 4590 1573 4650 potes
1602 4582 1864 4651 hymnum
1891 4597 2023 4636 can—

443 4670 559 4724 tare
588 4669 721 4735 Deo,
751 4678 909 4739 potes
932 4684 1123 4725 vocem
1161 4670 1542 4738 gratulationis
1580 4673 1831 4727 emittere
1856 4681 1913 4726 et
1936 4672 2020 4727 di-

437 4775 601 4814 cere:
630 4757 914 4814 Cantemus
952 4758 1198 4825 Domino,
1230 4758 1456 4829 gloriose
1483 4760 1622 4813 enim
1643 4760 2023 4831 honoriﬁcatus

437 4857 513 4902 est
541 4861 559 4899 :
589 4864 777 4919 equum
826 4856 876 4902 et
925 4863 1251 4903 ascensorem
1296 4848 1513 4919 projecit
1540 4849 1597 4901 in
1624 4864 1788 4902 mare.
1832 4848 2022 4906 Melius

438 4947 623 4993 autem
649 4948 707 4993 et
731 4939 947 5009 dignius
970 4939 1089 4994 haec
1114 4938 1253 4994 dicis
1274 4979 1289 5004 ,
1338 4939 1385 4993 si
1424 4939 1683 4994 habueris
1708 4949 2022 5010 tympanum

440 5031 496 5086 in
521 5046 685 5084 manu
713 5039 825 5097 tua,
851 5030 907 5085 id
933 5037 1041 5097 est,
1066 5029 1112 5084 si
1133 5045 1354 5086 carnem
1379 5038 1521 5085 tuam
1543 5031 1880 5088 cruciﬁxeris
1898 5048 2021 5087 cum

440 5123 588 5178 vitiis
605 5130 659 5175 et
678 5123 1161 5192 concupiscentiis,
1185 5132 1241 5178 et
1263 5124 1306 5177 si
1331 5124 1748 5180 mortiﬁcaveris
1773 5127 2022 5183 membra

444 5223 534 5276 tua
564 5228 683 5283 qua:
713 5222 839 5268 sunt
889 5227 1054 5282 super
1099 5221 1301 5268 terram
1349 5232 1362 5267 :
1417 5223 1474 5268 et
1515 5225 1700 5269 tamen
1742 5214 2023 5272 videamus

441 5303 568 5374 quid
590 5303 740 5367 dicit,
770 5301 1052 5357 Cantemus
1074 5302 1320 5369 Domino,
1353 5304 1578 5375 gloriose
1597 5306 1734 5359 enim
1756 5305 2022 5376 gloriﬁca-

442 5406 524 5449 tus
563 5402 659 5446 est.
703 5393 770 5446 Et
806 5391 1060 5462 quidem,
1096 5402 1357 5461 quantum
1387 5408 1677 5464 possumus
1727 5396 2018 5467 conjicere,

448 5485 655 5541 videtur
683 5486 826 5541 enim
852 5485 985 5539 mihi
1015 5486 1159 5554 quod
1191 5486 1336 5541 aliud
1382 5488 1456 5543 sit
1497 5487 1785 5559 gloriﬁcari
1810 5532 1825 5557 ,
1877 5491 2021 5548 aliud

445 5575 673 5641 gloriose
687 5577 995 5646 gloriﬁcari.
1014 5576 1149 5631 Nam
1166 5579 1428 5634 Dominus
1439 5578 1468 5632 εἰ
1474 5595 1599 5634 esus
1614 5580 1881 5647 Christus,
1897 5600 2019 5639 cum

442 5681 662 5721 carnem
689 5682 754 5722 ex
784 5670 1002 5738 Virgine
1030 5685 1127 5739 pro
1140 5669 1312 5724 salute
1334 5679 1518 5725 nostra
1543 5673 1798 5741 suscepit,
1815 5674 2017 5745 gloriﬁ-

2132 1865 2326 1922 Filium
2363 1867 2501 1921 sicut
2530 1867 2893 1924 bonoriﬁcant
2931 1867 3168 1923 Patrem.
3202 1868 3410 1940 Equum
3439 1880 3487 1924 et
3522 1887 3712 1925 ascen-

2129 1975 2299 2013 sorem
2344 1960 2564 2030 projecit
2616 1961 2670 2014 in
2700 1978 2864 2015 mare.
2905 1959 3191 2016 Fortitudo
3218 1972 3276 2016 et
3306 1961 3424 2016 laus
3452 1979 3566 2015 mea
3607 1956 3718 2013 Do-

2130 2051 2337 2114 minus,
2371 2060 2420 2104 et
2465 2051 2638 2120 factus
2674 2060 2748 2105 est
2781 2052 2913 2105 mihi
2948 2052 3001 2105 in
3039 2053 3279 2106 salutem.
3333 2052 3591 2107 Homines
3618 2051 3715 2121 qui
3810 2070 3815 2071 ν

2130 2154 2230 2193 nos
2262 2139 2622 2210 insequuntur
2646 2141 2770 2210 equi
2801 2149 2928 2195 sunt
2961 2159 2974 2194 :
3002 2149 3074 2204 et,
3105 2150 3162 2196 ut
3188 2142 3264 2196 ita
3296 2143 3495 2208 dicam,
3521 2158 3714 2198 omnes

2129 2226 2222 2295 qui
2270 2226 2325 2280 in
2369 2242 2534 2282 carne
2580 2228 2692 2281 nati
2724 2237 2866 2289 sunt,
2905 2227 3205 2297 ﬁguraliter
3231 2230 3355 2298 equi
3404 2241 3527 2284 sunt
3563 2270 3577 2295 ,
3615 2230 3713 2286 sed

2129 2317 2182 2371 hi
2214 2317 2416 2372 habent
2445 2332 2764 2373 ascensores
2789 2334 2933 2373 suos.
2970 2318 3108 2373 Sunt
3137 2322 3258 2389 equi
3288 2338 3424 2392 quos
3453 2323 3716 2379 Dominus

2129 2407 2407 2473 ascendit,
2436 2416 2493 2462 et
2528 2408 2869 2463 circumeunt
2909 2424 3122 2465 omnem
3155 2419 3372 2465 terram.
3413 2414 3490 2468 De
3516 2414 3716 2483 quibus

2128 2496 2327 2550 dicitur
2357 2515 2370 2549 :
2409 2497 2478 2550 Et
2507 2499 2769 2568 equitatus
2800 2506 2922 2552 tuus
2951 2498 3116 2552 salus.
3176 2499 3313 2554 Sunt
3357 2512 3539 2556 autem
3584 2504 3714 2572 equi

2128 2588 2221 2656 qui
2276 2602 2592 2642 ascensores
2642 2588 2843 2642 habent
2891 2588 3163 2642 diabolum
3205 2598 3260 2644 et
3309 2592 3531 2661 angelos
3571 2592 3712 2660 ejus.

2124 2676 2293 2735 Iudas
2324 2695 2495 2751 equus
2522 2689 2643 2735 erat
2671 2696 2685 2745 ;
2716 2681 2809 2735 sed
2836 2681 3007 2736 donec
3029 2696 3373 2737 ascensorem
3398 2684 3588 2741 habuit
3610 2686 3714 2739 Do-

2128 2771 2357 2836 minum,
2380 2771 2447 2825 de
2475 2773 2716 2842 equitatu
2747 2772 2939 2828 salutis
2968 2772 3089 2828 fuit.
3111 2773 3246 2829 Cum
3269 2777 3483 2832 caeteris
3507 2779 3712 2834 etenim

2122 2861 2386 2931 apostolis
2446 2863 2644 2918 missus
2673 2905 2687 2929 ,
2742 2864 2960 2934 aegrotis
3023 2865 3252 2921 salutem
3309 2877 3364 2923 et
3420 2870 3715 2927 sanitatem

2131 2951 2510 3021 languentibus
2532 2953 2808 3022 priestitit.
2842 2952 2949 3009 Sed
2986 2955 3075 3010 ubi
3109 2971 3169 3011 se
3208 2957 3420 3013 diabolo
3464 2960 3716 3016 substra-

2128 3043 2205 3096 vit
2231 3044 2377 3113 (post
2415 3043 2711 3097 buccellam
2734 3044 2880 3099 enim
2904 3045 3152 3101 introivit
3193 3047 3247 3102 in
3286 3064 3411 3105 eum
3435 3049 3717 3127 Satanas),

2237 3100 2269 3113 κ,
3088 3100 3119 3101 η
3293 3100 3666 3109 -ν---τ-η---υ
3701 3100 3717 3120 ι

2053 3100 2099 3166 C
2132 3147 2394 3188 ascensor
2408 3133 2581 3203 ipsius
2598 3133 2820 3189 ellectus
2839 3143 2926 3190 est
2952 3136 3215 3204 Satanas;
3241 3149 3296 3193 et
3316 3140 3459 3197 illius
3488 3100 3721 3202 habenis

2130 3226 2344 3292 ductus,
2370 3227 2659 3282 adversum
2683 3227 2972 3284 Dominum
3004 3238 3059 3285 et
3090 3229 3428 3307 Salvatorem
3464 3243 3718 3290 nostrum

2129 3317 2295 3388 caepit
2338 3318 2606 3389 equitare.
2636 3318 2835 3376 Omnes
2861 3322 3006 3378 enim
3033 3324 3123 3393 qui
3150 3334 3550 3396 persequuntur
3588 3343 3720 3382 san-

2129 3415 2267 3474 ctos,
2300 3408 2422 3478 equi
2454 3417 2585 3463 sunt
2608 3409 2959 3478 hinnientes;
2992 3415 3084 3467 sed
3116 3414 3319 3468 habent
3348 3430 3669 3472 ascensores
3698 3459 3716 3483 ,

2127 3495 2323 3565 quibus
2375 3506 2648 3567 aguntur,
2704 3500 2924 3569 angelos
2959 3502 3166 3567 malos,
3219 3512 3270 3558 et
3320 3505 3441 3559 ideo
3476 3505 3716 3564 feroces.

2127 3583 2384 3639 Dominus
2428 3600 2556 3657 ergo
2583 3602 2771 3658 equum
2793 3599 2840 3642 et
2869 3606 3193 3644 ascensorem
3215 3593 3434 3663 projecit
3460 3594 3514 3648 in
3542 3612 3717 3659 mare,

2127 3684 2175 3728 et
2205 3675 2375 3745 factus
2398 3687 2472 3731 est
2503 3678 2635 3731 mihi
2660 3679 2716 3733 in
2740 3679 2985 3736 salutem.
3012 3681 3115 3737 Hic
3142 3684 3282 3739 Deus
3304 3703 3449 3741 meus
3473 3698 3519 3741 et
3546 3691 3719 3743 Ιιοηοο

2128 3765 2346 3835 riﬁcabo
2393 3785 2510 3822 eum
2557 3783 2575 3820 :
2610 3769 2751 3824 Deus
2794 3770 2974 3827 Patris
3019 3776 3141 3840 mei,
3184 3786 3233 3830 et
3282 3777 3528 3832 exaltabo
3565 3797 3712 3836 eum.

2130 3855 2229 3912 llic
2271 3872 2400 3927 ergo
2431 3869 2484 3913 et
2515 3875 2668 3915 meus
2699 3870 2784 3915 est
2826 3862 3000 3926 Deus,
3052 3874 3107 3919 et
3154 3866 3333 3921 Patris
3376 3869 3501 3922 mei.
3551 3870 3718 3927 Pater

2132 3956 2352 4011 noster,
2399 3948 2489 4014 qui
2535 3964 2632 4003 nos
2680 3949 2811 4005 fecit
2854 3961 2909 4006 et
2957 3955 3172 4022 genuit,
3226 3955 3474 4013 Christus
3501 3968 3619 4026 est;
3658 3973 3720 4017 et

2128 4038 2243 4106 ipse
2286 4039 2457 4093 dicit:
2504 4038 2650 4094 l’ado
2688 4043 2757 4095 ad
2790 4042 3005 4099 Patrem
3044 4064 3215 4101 meum
3270 4060 3317 4102 et
3374 4048 3586 4106 Patrem
3632 4069 3720 4109 ve-

2125 4137 2315 4192 strum,
2354 4129 2521 4183 Deum
2562 4148 2732 4185 meum
2773 4143 2821 4187 et
2876 4134 3044 4189 Deum
3088 4148 3315 4193 vestrum
3361 4141 3543 4199 (Joan.
3572 4143 3716 4218 XVI).

2128 4216 2184 4272 Si
2216 4234 2347 4290 ergo
2376 4235 2663 4289 agnos:am
2687 4224 2828 4292 quod
2859 4225 2999 4280 Deus
3028 4242 3180 4281 meus
3220 4229 3290 4283 sit
3315 4231 3477 4296 Deus,
3503 4216 3713 4302 gloriﬁ-

2125 4309 2261 4365 caho
2289 4326 2434 4365 eum.
2484 4312 2540 4366 Si
2573 4330 2703 4369 vero
2736 4318 2901 4370 etiam
2932 4318 3072 4373 istud
3107 4336 3395 4390 agnoscam
3438 4329 3714 4395 quomodo

2126 4399 2306 4456 Patris
2358 4404 2463 4458 mei
2506 4403 2756 4461 Christus
2802 4408 2872 4462 sit
2915 4408 3057 4464 Deus
3085 4450 3100 4476 ,
3129 4414 3378 4469 exaltabo
3425 4433 3567 4472 eum.
3601 4418 3713 4474 Do-

2128 4492 2304 4545 minus
2333 4504 2600 4548 conterens
2640 4495 2794 4562 bella,
2831 4498 3087 4554 Dominus
3115 4518 3301 4557 nomen
3333 4515 3408 4558 est
3439 4506 3536 4560 illi.
3571 4508 3713 4566 Nolo

2129 4589 2287 4650 putes
2314 4584 2441 4653 quia
2473 4593 2684 4640 tantum
2715 4588 2956 4644 visibiles
3007 4607 3216 4663 pugnas
3250 4599 3484 4651 conterit
3524 4599 3715 4656 Domi-

2130 4690 2234 4728 nus
2257 4715 2272 4741 ,
2316 4676 2409 4730 sed
2447 4686 2502 4731 et
2531 4679 2651 4733 illas
2677 4681 2909 4737 conterit
2942 4700 3062 4753 qua:
3089 4685 3246 4741 nobis
3287 4697 3413 4742 sunt
3451 4705 3560 4745 non
3608 4692 3713 4746 ad-

2129 4780 2345 4821 versum
2392 4784 2611 4825 carnem
2649 4780 2705 4827 et
2745 4776 3085 4845 sanguinem,
3123 4778 3216 4836 sed
3241 4781 3527 4839 adversum
3554 4785 3716 4855 prin-

2130 4857 2336 4926 cipatus
2396 4867 2467 4939 et.
2504 4870 2799 4929 potestates
2860 4874 2915 4919 et
2970 4867 3255 4925 adversum
3310 4874 3494 4928 mundi
3545 4874 3714 4945 hujus

2124 4959 2365 5006 rectores
2390 4953 2758 5008 tenebrarum.
2806 4955 3066 5014 Dominus
3096 4963 3238 5016 enim
3270 4980 3457 5019 nomen
3483 4976 3558 5019 est
3583 4967 3665 5021 illi
3692 5010 3708 5034 ,

2122 5048 2178 5094 et
2206 5056 2313 5095 non
2336 5049 2420 5095 est
2442 5041 2547 5095 ulla
2570 5052 2820 5100 creatura
2848 5048 3005 5120 cujus
3032 5050 3289 5109 Dominus
3315 5070 3423 5111 non
3444 5057 3535 5111 sit.
3559 5056 3712 5123 Qua-

2122 5132 2301 5202 drigas
2326 5132 2625 5190 Pharaonis
2657 5149 2704 5192 et
2732 5142 3016 5196 exercitum
3045 5144 3161 5213 ejus
3187 5148 3405 5217 projecit
3429 5150 3486 5204 in
3511 5167 3659 5205 mare
3687 5167 3708 5205 :

2122 5226 2307 5282 electos
2331 5244 2650 5297 ascensores,
2678 5242 2851 5288 ternos
2876 5245 3095 5291 statores
3120 5239 3361 5295 demersit
3384 5242 3439 5297 in
3468 5242 3711 5300 Rubrum

2129 5333 2291 5369 mare.
2345 5316 2557 5374 Pharao
2598 5337 2728 5376 vero
2774 5324 2918 5380 velut
2965 5331 3235 5396 potentior
3285 5333 3336 5385 in
3391 5334 3618 5400 malitia,
3650 5345 3714 5392 ct

2128 5420 2351 5475 regnum
2387 5410 2637 5477 nequitia:
2690 5422 2901 5480 tenens,
2949 5419 3238 5490 quadrigas
3287 5423 3416 5492 agit.
3463 5423 3581 5479 Non
3628 5426 3712 5481 illi

2128 5496 2261 5549 satis
2284 5506 2367 5551 est
2396 5499 2488 5552 uni
2515 5515 2655 5569 equo
2678 5505 3001 5569 ascendere;
3034 5507 3294 5576 plurimos
3325 5513 3484 5567 simul
3514 5515 3709 5583 agitat,

2127 5586 2386 5655 plurimos
2411 5589 2570 5645 simul
2594 5593 2767 5663 plagis
2795 5597 2922 5651 torti
2948 5599 3189 5655 verberis
3219 5605 3381 5674 cogit.
3425 5604 3713 5671 Quoscum-

2128 5693 2233 5746 que
2254 5680 2454 5736 videris
2475 5682 2525 5735 in
2548 5681 2760 5740 luxuria
2791 5688 3074 5757 turpiores,
3109 5692 3161 5745 in
3193 5694 3570 5751 incredulitate
3602 5715 3710 5756 ειυς
