4052 6184
370 320 437 375 69
1330 310 1823 371 COMMENTARIA
1866 308 1931 363 ΙΝ
1972 309 2281 366 EXODUM.
2323 342 2392 351 —
2430 311 2555 366 LIB.
2599 313 2662 367 ll.
3538 328 3606 385 το

370 434 640 497 ‘10“:an
658 428 1167 497 ππίιίυιρίηοηδ,
1185 430 1237 483 in
1258 430 1531 499 impietate
1544 425 1937 498 ﬂagitiosiores,
1968 422 2017 482 Α
2044 438 2148 493 que
2170 424 2387 480 sulfuris
2429 426 2751 498 condignum
2779 432 2987 487 meritis
3031 449 3218 490 eorum
3262 439 3606 516 impenditur,

365 527 502 581 scito
533 526 635 580 hos
659 524 724 577 de
754 521 1029 591 quadrigis
1065 536 1184 576 esse
1207 519 1507 574 Pharaonis
1537 538 1549 572 :
1594 518 1725 588 ipsis
1750 516 1937 581 sedet,

366 617 513 686 ipsos
540 612 724 669 currui
748 626 846 665 suo
862 609 1155 681 subjungit,
1170 611 1224 664 in
1248 610 1378 680 ipsis
1400 608 1571 664 fertur
1590 618 1645 664 et
1664 607 1872 671 volitat,
1888 614 1943 661 et

363 713 585 773 apertos
599 700 860 757 scelerum
874 714 1092 770 campos
1106 698 1288 754 effusis
1304 714 1397 753 eos
1419 697 1786 768 agithahenis.
1805 695 1942 750 Sunt

361 796 452 850 alii
478 793 637 847 electi
664 804 997 856 ascensores,
1026 788 1181 844 electi
1206 789 1325 844 sine
1347 789 1509 844 dubio
1547 788 1614 843 ad
1656 787 1937 842 malitiam.

364 885 474 941 Sed
498 882 613 951 jam
644 881 711 936 de
738 878 1115 935 ascensoribus
1140 893 1302 948 supra
1323 878 1573 942 diximus,
1604 893 1749 931 nunc
1775 876 1940 932 etiam

364 973 455 1044 qui
494 972 605 1028 sint
658 970 799 1024 terni
856 976 1090 1024 statores
1141 968 1438 1023 videamus.
1499 966 1628 1021 Mihi
1687 965 1942 1019 videntur

363 1060 507 1116 terni
536 1068 769 1115 statores
789 1074 886 1129 pro
909 1073 974 1112 eo
1002 1057 1109 1113 dici
1135 1058 1278 1126 quod
1304 1056 1498 1127 triplex
1520 1065 1602 1112 est
1630 1054 1939 1111 hominibus

361 1151 622 1221 peccandi
645 1150 752 1203 via.
777 1149 885 1202 Aut
912 1148 1057 1203 enim
1086 1149 1139 1202 in
1169 1147 1313 1205 facto
1337 1189 1350 1212 ,
1396 1154 1490 1201 aut
1524 1146 1577 1200 in
1616 1146 1761 1201 dicto
1788 1187 1802 1213 ,
1848 1154 1941 1199 aut

364 1244 420 1296 in
434 1240 762 1311 cogitatione
783 1247 1057 1307 peccatur,
1086 1245 1139 1292 et
1160 1237 1278 1291 ideo
1302 1236 1438 1291 terni
1460 1244 1689 1291 statores
1713 1250 1809 1306 per
1829 1235 1940 1289 sin-

364 1332 518 1406 gulos
543 1342 787 1399 quosque
813 1328 1068 1382 dicuntur
1088 1327 1179 1397 qui
1224 1336 1333 1381 tres
1384 1327 1517 1380 istas
1555 1327 1609 1380 in
1636 1325 1793 1380 nobis
1818 1339 1940 1394 pec-

362 1421 521 1475 candi
565 1420 848 1475 obsideant
893 1418 1039 1483 vias;
1070 1425 1125 1472 et
1159 1416 1501 1487 speculentur
1540 1431 1753 1485 semper
1777 1425 1939 1483 atque

364 1511 577 1569 insidiis
603 1517 786 1582 agant,
823 1515 882 1564 ut
913 1517 1003 1562 aut
1027 1507 1115 1562 ille
1154 1523 1219 1561 ex
1250 1508 1451 1561 misero
1477 1505 1694 1560 homine
1733 1519 1939 1560 sermo-

362 1617 488 1656 nem
506 1599 709 1655 malum
728 1598 927 1662 eliciat,
950 1604 1042 1652 aut
1060 1596 1147 1651 ille
1171 1596 1415 1667 iniquum
1440 1610 1573 1665 opus
1595 1602 1933 1664 extorqueat,

364 1700 459 1745 aut
488 1690 578 1744 ille
620 1689 1000 1760 cogitationem
1033 1686 1323 1758 pessimam
1353 1686 1545 1756 rapiat.
1593 1684 1833 1754 Denique
1881 1692 1937 1738 et

359 1796 535 1834 semen
562 1778 699 1833 verbi
728 1777 1173 1841 Dei,ubicaditet
1197 1776 1428 1845 deperit,
1454 1774 1643 1845 triplex
1675 1773 1937 1827 describi-
1965 1765 2012 1824 B

358 1869 618 1924 turlocus
634 1886 645 1921 :
664 1882 800 1921 unus
824 1883 970 1921 secus
984 1869 1118 1921 viam
1145 1865 1393 1931 refertur,
1411 1867 1498 1934 qui
1517 1864 1851 1917 conculcatur
1872 1863 1936 1916 ab

362 1957 680 2022 hominibus,
697 1956 835 2010 alius
855 1956 909 2009 in
935 1956 1119 2026 spinis,
1140 1955 1276 2010 alius
1290 1955 1343 2007 in
1357 1954 1597 2025 pctrosis,
1610 1962 1706 2008 cte
1721 1962 1936 2007 contra-

364 2047 447 2099 rio
466 2057 606 2099 terra
624 2046 756 2099 bona
778 2045 967 2114 aﬂ'erre
986 2044 1180 2097 dicitur
1198 2042 1451 2113 triplicem
1467 2043 1715 2111 fructum,
1732 2041 1810 2095 vel
1822 2057 1942 2095 cen-

360 2136 627 2197 tesimum,
650 2132 725 2187 vel
748 2132 1146 2202 sexagesimum,
1172 2130 1246 2184 vel
1265 2130 1581 2183 tricesimum
1601 2128 1813 2199 (Matt/1.
1838 2126 1935 2199 iv).

362 2224 455 2276 Isti
486 2237 616 2291 ergo
646 2221 787 2275 terni
808 2228 1043 2275 statores
1064 2228 1191 2275 sunt
1217 2219 1392 2289 angeli
1423 2232 1654 2286 nequam
1689 2217 1755 2271 de
1789 2232 1941 2271 exer-

364 2319 475 2367 citu
526 2314 841 2377 Pharaonis,
887 2312 977 2382 qui
1023 2319 1165 2366 stant
1188 2311 1240 2365 in
1281 2308 1647 2378 hujuscemodi
1682 2308 1805 2372 viis,
1838 2308 1937 2362 ob-

361 2412 645 2458 servantes
692 2416 1126 2470 unumquemque
1166 2407 1407 2454 nostrum
1434 2413 1533 2467 per
1555 2399 1671 2453 hmc
1698 2410 1857 2467 agere
1882 2397 1937 2450 in

364 2502 679 2563 peccatum:
707 2507 841 2560 quos
860 2492 1129 2561 demerget
1143 2489 1401 2543 Dominus
1421 2490 1474 2541 in
1499 2503 1649 2542 mare
1670 2488 1933 2551 Rubrum,

360 2591 421 2635 ct
463 2581 647 2651 ignitis
691 2595 783 2634 eos
810 2580 863 2634 in
888 2578 1074 2647 judicii
1116 2578 1202 2633 die
1229 2576 1479 2632 ﬂuctibus
1515 2577 1712 2642 tradet,
1740 2592 1805 2631 ac
1827 2591 1939 2646 pte-

362 2688 559 2727 narum
587 2671 773 2742 pelago
803 2678 962 2741 teget.
1004 2669 1189 2740 Abyssi
1238 2678 1553 2740 operuerunt
1586 2685 1691 2722 eos.
1742 2667 1937 2738 Abyssi

361 2763 554 2831 utique
596 2762 671 2816 illi
708 2762 773 2815 de
803 2761 998 2829 quibus
1024 2760 1077 2813 in
1106 2758 1236 2824 Job,
1260 2758 1349 2812 ubi
1384 2758 1449 2813 de
1474 2757 1785 2812 Leviatham
1812 2772 1939 2811 nar-

366 2865 521 2907 ratur
544 2854 804 2922 scriptum
844 2861 927 2907 est
952 2870 963 2904 :
991 2852 1293 2905 eEstimavit
1328 2851 1570 2919 abyssum
1602 2850 1755 2918 quasi
1794 2864 1939 2901 sene-

360 2956 609 2998 scentem.
662 2944 729 2997 Et
757 2944 810 2996 in
842 2942 1130 3013 Evangelio
1156 2942 1417 3011 rogabant
1456 2941 1726 2995 dminones
1755 2938 1938 2994 Jesum

363 3047 437 3088 ne
466 3032 754 3101 imperaret
778 3031 882 3085 illis
906 3039 965 3085 ut
998 3032 1050 3084 in
1076 3030 1328 3101 abyssum
1359 3030 1518 3085 irent.
1552 3029 1935 3083 Descenderam

2043 513 2143 604 sub
2174 528 2280 583 quo
2312 514 2545 571 demersi
2573 528 2793 588 gemunt
2836 522 2889 575 in
2925 534 3262 593 perpetuum.
3323 529 3429 586 Sed
3479 513 3606 604 quia

2041 602 2158 657 haac
2183 619 2341 672 poena
2365 605 2431 659 ad
2450 606 2718 678 integrum
2745 608 2798 663 in
2826 611 3118 668 novissimo
3139 618 3383 672 examine
3401 602 3608 689 persol-

2040 694 2211 747 venda
2241 694 2362 759 erit,
2388 702 2442 748 et
2469 694 2603 749 hora
2643 697 2891 753 vindicta:
2934 702 3110 756 adhuc
3151 705 3465 773 protelatur,
3505 707 3603 763 ho-

2042 782 2214 836 stibus
2258 783 2511 838 videntur
2556 787 2895 842 occasionem
2938 792 3293 859 persequendi
3327 793 3604 850 tribuere:

2040 872 2131 940 qui
2155 872 2413 940 patientia
2436 873 2529 927 Dei
2555 876 2867 943 abutuntur,
2891 878 3315 936 thesaurizantes
3341 882 3445 936 sibi
3471 882 3608 936 iram

2042 961 2096 1016 in
2125 961 2210 1015 die
2244 962 2339 1016 iraa
2378 972 2435 1017 et
2468 964 2958 1034 revelationisjusti
2982 968 3168 1038 judicii
3196 969 3310 1036 Dei,
3340 986 3463 1026 cum
3495 972 3610 1043 ipse

2044 1061 2219 1108 tamen
2255 1055 2556 1109 certissime
2599 1058 2778 1111 veniet
2807 1061 3007 1113 sanctis
3052 1061 3164 1115 suis
3203 1062 3428 1116 reddere
3469 1078 3610 1133 pra:-

2040 1145 2147 1198 mia
2200 1152 2416 1200 aeternte
2459 1146 2806 1202 beatitudinis
2849 1157 2904 1202 et
2949 1150 3273 1205 adversariis
3316 1149 3427 1205 suis
3478 1152 3610 1207 dare

2038 1235 2327 1289 vindictam
2371 1235 2426 1288 in
2469 1234 2683 1289 ﬂamma
2731 1236 2889 1305 ignis.
2943 1237 3095 1292 Unde
3128 1239 3411 1308 sequitur:
3447 1238 3604 1294 Stetit

2040 1327 2182 1379 unda
2204 1327 2396 1395 fluens,
2424 1337 2749 1397 congregata:
2783 1337 2903 1381 sunt
2936 1327 3109 1397 abyssi
3134 1329 3193 1395 in
3235 1330 3406 1382 medio
3448 1330 3605 1383 mari.

2038 1414 2183 1469 Dixit
2206 1415 2468 1481 inimicus,
2500 1414 2793 1486 Persequar
2818 1427 2866 1471 et
2887 1418 3314 1488 comprehendam
3336 1458 3350 1483 ,
3379 1418 3606 1472 dividam

2038 1507 2237 1579 spolia,
2275 1508 2571 1578 implebitur
2606 1511 2785 1563 anima
2845 1525 2980 1564 mea.
3032 1509 3333 1579 Evagiuabo
3374 1509 3610 1579 gladium

2038 1616 2226 1664 meum,
2254 1599 2527 1668 interﬁciat
2554 1616 2639 1655 eos
2668 1616 2853 1655 manus
2880 1616 3018 1654 mea.
3049 1599 3224 1655 Flavit
3250 1602 3465 1671 spiritus
3487 1613 3610 1657 tuus

2038 1700 2085 1745 et
2112 1690 2313 1761 operuit
2349 1707 2435 1745 eos
2464 1707 2608 1745 mare
2626 1705 2645 1743 :
2665 1691 2924 1746 submersi
2949 1701 3069 1746 sunt
3090 1694 3241 1763 quasi
3259 1692 3525 1763 plumbum
3552 1694 3610 1748 in

2040 1781 2188 1851 aquis
2216 1780 2612 1835 vehementibus.
2656 1781 2763 1851 (Ea:
2785 1780 3122 1851 Augustino.)
3153 1781 3344 1836 Misisti
3369 1784 3608 1852 spiritum

2040 1879 2220 1932 tuum,
2245 1878 2293 1921 et
2327 1869 2589 1937 cooperuit
2619 1885 2705 1922 eos
2740 1886 2907 1922 mare.
2935 1869 3074 1925 Ecce
3102 1871 3292 1938 quinto
3318 1869 3433 1940 jam
3458 1885 3609 1926 com-

2040 1969 2371 2015 memoratur
2413 1959 2633 2027 spiritus
2659 1960 2772 2021 Dei,
2805 1968 2867 2013 ut
2896 1960 2949 2013 in
2980 1960 3084 2015 hoc
3112 1975 3336 2015 numero
3379 1960 3612 2030 accipia-

2038 2065 2158 2103 mus
2182 2049 2324 2118 quod
2341 2050 2545 2104 dictum
2560 2057 2642 2103 est
2666 2065 2679 2101 :
2704 2048 2910 2118 Digitus
2933 2049 3031 2102 Dei
3045 2059 3119 2102 est
3139 2049 3223 2102 hic
3246 2048 3441 2117 (Exod.
3465 2048 3609 2119 vui).

2039 2137 2220 2192 Primo
2243 2137 2334 2192 ubi
2375 2138 2634 2207 scriptum
2663 2147 2766 2203 est,
2797 2138 3011 2205 spiritus
3037 2138 3137 2192 Dei
3160 2138 3427 2207 ferebatur
3456 2153 3612 2207 super

2039 2244 2203 2297 aquas
2231 2225 2382 2298 (Gen.
2412 2226 2474 2297 ι).
2509 2226 2879 2292 Secundo,ubi
2904 2228 3123 2291 dicitur,
3142 2245 3247 2281 non
3287 2228 3609 2296 permanebit

2037 2318 2095 2370 in
2109 2318 2222 2370 istis
2243 2317 2537 2370 hominibus
2568 2317 2783 2385 spiritus
2804 2332 2968 2381 meus,
2989 2316 3235 2386 quoniam
3261 2333 3443 2370 carnes
3463 2326 3606 2371 sunt.

2040 2406 2224 2462 Tertio
2253 2406 2344 2461 ubi
2386 2407 2596 2461 Pharao
2621 2406 2753 2461 dicit
2786 2407 2852 2460 ad
2878 2405 3098 2475 Joseph,
3122 2408 3372 2476 quoniam
3395 2408 3611 2477 spiritus

2039 2494 2138 2549 Dei
2160 2506 2234 2550 est
2256 2497 2312 2550 in
2343 2506 2391 2550 te
2421 2494 2574 2567 (Gen.
2604 2496 2912 2567 vi).Quarto
2941 2497 3031 2550 ubi
3057 2497 3422 2552 incantatorcs
3449 2498 3613 2569 Egy-

2038 2584 2272 2654 ptiorum
2319 2584 2503 2638 dicunt
2530 2604 2542 2637 :
2570 2584 2776 2654 Digitus
2808 2584 2907 2639 Dei
2949 2594 3025 2639 est
3053 2586 3158 2640 hic.
3201 2584 3399 2652 Quinto
3428 2587 3482 2640 in
3510 2588 3613 2642 hoc

2039 2674 2279 2730 cantico:
2302 2674 2494 2728 Misisti
2519 2675 2761 2744 spiritum
2790 2684 2959 2739 tuum,
2982 2684 3030 2727 et
3052 2675 3316 2745 cooperuit
3336 2692 3422 2728 eos
3451 2676 3606 2728 mari.

2041 2764 2345 2819 Memineris
2368 2769 2547 2818 autem
2572 2764 2820 2832 spiritum
2861 2763 2955 2818 Dei
2988 2778 3095 2818 non
3126 2764 3299 2819 solum
3342 2765 3411 2819 ad
3444 2765 3612 2820 bene-

2040 2855 2180 2919 ficia,
2208 2868 2395 2908 verum
2422 2852 2581 2905 etiam
2610 2852 2674 2905 ad
2704 2851 2994 2905 vindictam
3014 2853 3444 2906 commemorari.
3476 2851 3613 2906 Nam

2041 2944 2170 3013 quid
2204 2943 2346 2996 aliud
2377 2940 2538 2995 etiam
2588 2956 2748 3009 supra
2777 2941 2933 3005 dixit,
2967 2940 3072 2993 Per
3096 2941 3338 3009 spiritum
3364 2941 3460 2993 ira:
3509 2949 3615 2993 tum

2041 3033 2207 3086 divisa
2236 3042 2310 3086 est
2338 3047 2474 3100 aqua
2491 3030 2517 3083 Ρ
2540 3030 2643 3084 Iste
2673 3030 2852 3098 itaque
2874 3029 3095 3099 spiritus
3122 3029 3214 3082 Dei
3242 3028 3297 3082 in
3327 3027 3611 3098 IEgyptios

361 3126 421 3177 in
449 3098 767 3192 pro—fundum
798 3122 948 3193 quasi
964 3121 1115 3190 lapis,
1142 3098 1249 3191 (Ex
1286 3116 1623 3190 Augustino.)
1654 3116 1833 3184 Quare
1853 3131 1937 3171 ce-
1964 3098 2009 3160 Ο
2041 3123 2143 3179 fuit
2164 3098 2391 3194 spiritus
2420 3122 2514 3175 ira!
2542 3122 2659 3192 ejus
2689 3139 2702 3174 :
2730 3098 2927 3190 quibus
2955 3121 3142 3176 nocuit
3169 3135 3429 3189 aquarum
3478 3119 3614 3175 divi-

361 3212 615 3266 ciderunt
646 3211 699 3264 in
728 3208 1054 3279 profundum
1111 3218 1368 3278 tanquam
1418 3208 1592 3278 lapis?
1641 3206 1775 3273 Quia
1829 3220 1935 3261 non

361 3312 526 3359 erant
548 3302 684 3357 tales
729 3300 933 3372 lapides
962 3302 1028 3355 de
1056 3300 1249 3369 quibus
1295 3299 1545 3354 suscitari
1592 3306 1812 3369 possent
1841 3297 1939 3352 lilii

359 3396 663 3458 Abraham,
719 3393 815 3449 sed
858 3392 993 3448 tales
1022 3393 1115 3463 qui
1141 3400 1388 3446 amarent
1414 3391 1737 3461 profundum
1792 3399 1848 3447 et
1874 3390 1939 3445 li-

363 3487 592 3558 quidum
623 3485 906 3555 diligerent
950 3483 1296 3549 elementum,
1327 3484 1380 3537 id
1416 3492 1518 3547 est,
1569 3483 1660 3551 qui
1698 3497 1936 3536 amaram

365 3586 425 3632 et
450 3577 649 3631 ﬂuxam
701 3574 1046 3645 praesentium
1074 3588 1254 3627 rerum
1306 3581 1566 3642 cuperent
1588 3571 1934 3641 voluptatem.

366 3670 598 3725 Dextera
630 3679 746 3734 tua,
779 3667 1025 3732 Domine,
1044 3665 1379 3736 magniﬁcam
1413 3674 1488 3718 est
1515 3665 1570 3717 in
1592 3662 1937 3730 fortitudine:

366 3762 585 3815 dextera
631 3769 744 3824 tua,
792 3756 1035 3822 Domine,
1078 3755 1328 3826 percussit
1365 3754 1656 3808 inimicum.
1700 3752 1829 3819 Quae
1858 3759 1942 3806 est

368 3853 476 3906 ista
499 3852 718 3905 dextera
748 3850 850 3904 nisi
881 3848 970 3903 illa
997 3847 1066 3903 de
1096 3862 1201 3918 qua
1226 3848 1281 3900 in
1310 3846 1518 3917 psalmo
1544 3847 1802 3915 scriptum
1833 3853 1939 3910 est,

366 3943 596 3996 Dextera
624 3940 837 3994 Domini
863 3939 983 4008 fecit
1007 3938 1269 4001 virtutem,
1301 3936 1516 3989 dextera
1556 3934 1771 3989 Domini
1793 3934 1939 3988 exal-

367 4033 499 4085 tavit
547 4046 628 4083 me
675 4027 846 4098 (Psal.
883 4027 1094 4099 cxvii)?
1135 4027 1267 4094 Quae
1318 4026 1595 4080 inimicum
1650 4038 1836 4079 verum
1884 4030 1941 4078 et

368 4122 651 4190 antiquum
704 4119 908 4173 hostem
954 4133 1052 4188 per
1078 4118 1254 4172 crucis
1289 4118 1601 4188 mysterium
1646 4115 1936 4180 interfecit,

366 4222 427 4264 et
457 4226 556 4280 per
584 4219 808 4264 mortem
840 4208 1105 4263 destruxit
1152 4222 1274 4262 eum
1321 4206 1413 4277 qui
1464 4207 1699 4262 habebat
1745 4206 1936 4260 mortis

369 4303 681 4373 imperium,
716 4301 770 4356 id
794 4309 877 4356 est
920 4300 1216 4365 diabolum,
1246 4298 1475 4368 alligans
1500 4299 1693 4354 fortem
1720 4307 1776 4353 et
1808 4313 1937 4352 vasa

365 4400 491 4468 ejus
513 4396 793 4466 diripiens,
819 4403 981 4464 atque
1009 4392 1318 4457 draconem,
1349 4400 1657 4460 serpentem
1688 4391 1939 4446 videlicet

370 4490 652 4557 antiquum
681 4506 694 4539 :
726 4487 817 4556 qui
869 4484 1041 4541 cauda
1070 4499 1168 4539 sua
1210 4482 1445 4539 detraxit
1477 4482 1687 4536 tertiam
1727 4488 1937 4551 partem

369 4581 634 4645 siderum,
672 4588 727 4634 et
774 4577 919 4632 misit
966 4577 1019 4631 in
1067 4583 1315 4646 stagnum
1359 4575 1499 4645 ignis
1537 4573 1796 4638 ardentis,
1846 4574 1939 4643 qui

369 4680 596 4745 paratus
622 4677 706 4725 est
734 4669 835 4724 sibi
878 4675 933 4723 et
966 4665 1171 4737 angelis
1196 4665 1333 4735 ejus.
1362 4664 1514 4721 Unde
1541 4664 1786 4734 sequitur
1815 4679 1830 4719 :
1868 4665 1938 4719 Et

368 4771 430 4821 in
457 4763 785 4819 multitudine
804 4759 983 4831 gloria:
1005 4768 1110 4812 ture
1131 4758 1413 4835 deposuisti
1430 4757 1755 4811 adversarios
1774 4773 1937 4811 meos.

369 4856 557 4912 Gloria
586 4856 769 4922 utique
796 4850 1211 4907 resurrectionis
1234 4849 1540 4913 Dominica,
1566 4846 1810 4904 confusio
1838 4849 1941 4903 fuit

372 4945 602 5009 diaboli,
654 4944 745 5012 qui
792 4956 915 4997 eum
971 4930 1171 4994 Judaais'
1221 4939 1511 4993 meditatus
1571 4949 1655 4992 est
1710 4947 1940 4993 mortem

367 5036 596 5093 Christi.
640 5034 831 5089 Misisti
875 5034 1010 5085 iram
1040 5040 1203 5093 tuam,
1232 5045 1350 5099 quis
1390 5029 1651 5084 devoravit
1683 5045 1769 5082 eos
1811 5031 1943 5083 sicut

368 5126 641 5197 stipulam.
694 5125 838 5180 Ultio
888 5121 1175 5177 novissima
1223 5134 1341 5188 qua:
1400 5117 1612 5173 diabolo
1644 5126 1700 5173 et
1739 5118 1945 5189 angelis

372 5223 494 5292 ejus
534 5216 805 5290 inﬂigitur,
854 5217 1068 5272 videtur
1110 5213 1434 5285 patientibus
1455 5211 1569 5281 jam
1606 5213 1743 5266 iram
1788 5227 1940 5279 esse;

366 5316 469 5374 scd
525 5323 701 5368 tamen
731 5310 916 5366 abillo
944 5310 1032 5380 qui
1084 5308 1335 5363 universa
1386 5321 1509 5362 cum
1558 5306 1943 5375 tranquillitate

360 5406 600 5479 judicat,
623 5404 740 5458 sine
766 5402 1171 5473 perturbatione
1194 5400 1361 5455 animi
1386 5400 1469 5454 sui
1488 5397 1633 5467 juste
1650 5400 1944 5468 peccatori-

370 5500 474 5553 bus
502 5497 790 5565 irrogatur,
821 5509 939 5564 qua:
981 5508 1073 5548 eos
1102 5493 1241 5547 sicut
1265 5489 1515 5560 stipulam
1543 5489 1785 5554 devorat,
1815 5489 1940 5558 quia

370 5588 587 5641 fortiter
617 5584 865 5638 devastat
884 5591 938 5636 et
964 5598 1031 5637 ex
1061 5581 1206 5637 omni
1239 5587 1391 5648 parte
1417 5579 1643 5633 cruciat.
1668 5577 1735 5630 Et
1764 5578 1817 5629 in
1843 5578 1942 5645 spi-

373 5679 472 5731 ritu
499 5676 699 5745 furoris
735 5674 811 5727 tui
831 5683 1154 5743 congregata:
1178 5679 1298 5724 sunt
1336 5686 1507 5739 aqum.
1540 5667 1802 5740 Stagnum
1829 5667 1936 5723 uti-

1965 4440 2017 4498 D

2040 3218 2139 3284 sio,
2166 3226 2225 3271 ut
2254 3216 2518 3270 intrantes
2558 3221 2778 3283 possent
2824 3213 2980 3283 aquis
3016 3213 3365 3267 redeuntibus
3409 3213 3562 3267 obrui
3595 3229 3611 3266 :

2041 3308 2167 3362 ﬁliis
2216 3321 2345 3361 vero
2392 3304 2576 3368 Israel,
2611 3303 2805 3374 quibus
2832 3301 3055 3372 profuit,
3098 3303 3243 3371 quod
3274 3316 3413 3371 aqua
3441 3301 3613 3356 divisa

2040 3409 2141 3465 est,
2178 3412 2284 3451 non
2315 3395 2415 3450 fuit
2442 3394 2529 3449 ille
2562 3393 2785 3467 spiritus
2811 3391 3047 3446 iranei.
3083 3390 3235 3446 Unde
3281 3389 3614 3460 significatur

2039 3500 2259 3564 propter
2298 3489 2537 3543 diversas
2587 3486 2931 3554 operationes
2968 3490 3025 3535 et
3068 3479 3312 3545 effectus,
3362 3479 3613 3549 spiritum

2040 3585 2136 3639 Dei
2179 3581 2513 3637 dissimiliter
2550 3576 2832 3648 appellari,
2865 3590 2989 3630 cum
3029 3574 3099 3627 sit
3126 3587 3264 3627 unus
3287 3580 3448 3641 atque
3470 3572 3612 3626 idem

2042 3675 2129 3729 ille
2183 3673 2458 3731 duntaxat,
2484 3669 2574 3737 qui
2610 3669 2772 3720 etiam
2815 3665 3052 3734 Spiritus
3085 3670 3301 3717 sanctus
3329 3663 3383 3715 in
3409 3661 3616 3715 unitate

2041 3760 2324 3817 Trinitatis
2346 3757 2627 3825 accipitur.
2640 3754 2871 3809 Proinde
2894 3768 2999 3807 non
3019 3752 3255 3805 arbitror
3270 3750 3435 3804 alium
3449 3763 3612 3818 quam

2042 3850 2290 3909 eumdem
2319 3845 2633 3919 significari,
2665 3844 2753 3898 ubi
2784 3842 2911 3898 dicit
2956 3840 3266 3911 Apostolus.
3313 3837 3436 3893 Non
3475 3838 3613 3892 enim

2042 3942 2313 4012 accepistis
2352 3938 2592 4009 spiritum
2632 3934 2894 3990 servitutis
2944 3933 3132 3986 iterum
3179 3933 3235 3985 in
3263 3932 3482 3996 timore;
3524 3929 3614 3984 sed

2041 4034 2307 4104 accepistis
2332 4032 2571 4102 spiritum
2594 4028 2914 4098 adoptionis,
2934 4027 2990 4079 in
3011 4041 3113 4096 quo
3142 4024 3453 4088 clamamus,
3469 4022 3613 4076 Abba

2042 4126 2205 4180 Pater
2252 4123 2423 4195 (Rom.
2457 4120 2595 4192 vni).
2629 4120 2765 4187 Quia
2816 4119 3005 4173 eodem
3055 4118 3246 4186 spiritu
3293 4116 3408 4181 Dei,
3440 4115 3495 4169 id
3534 4121 3617 4168 est

2042 4222 2211 4291 digito
2238 4218 2356 4281 Dei,
2385 4231 2492 4285 quo
2515 4215 2604 4268 lex
2630 4213 2683 4265 in
2715 4210 2909 4264 tabulis
2936 4207 3162 4277 lapideis
3183 4206 3489 4271 conscripta
3508 4213 3613 4267 est,

2041 4312 2203 4367 timor
2231 4309 2479 4362 incussus
2507 4311 2589 4358 est
2608 4301 2689 4355 eis
2709 4301 2798 4368 qui
2828 4299 3055 4369 gratiam
3083 4294 3319 4350 nondum
3355 4291 3617 4361 intellige-

2041 4402 2195 4465 bant,
2220 4406 2282 4452 ut
2308 4397 2374 4449 de
2394 4410 2489 4449 sua
2518 4389 2832 4446 infirmitate
2860 4397 3020 4456 atque
3043 4383 3284 4454 peccatis
3308 4396 3407 4451 per
3443 4379 3617 4450 legem

2046 4489 2518 4547 convincerentur,
2546 4489 2601 4536 et
2636 4480 2722 4534 lex
2768 4477 2924 4532 ﬂeret
2973 4476 3079 4546 illis
3136 4474 3456 4544 pasdagogus
3508 4485 3618 4541 quo

2045 4581 2468 4654 perducerentur
2488 4572 2554 4628 ad
2574 4571 2824 4643 gratiam,
2854 4580 2974 4637 quae
2997 4573 3080 4621 est
3106 4565 3159 4619 in
3184 4563 3289 4619 lide
3309 4561 3436 4618 Jesu
3466 4561 3619 4654 (ibri-

2044 4651 2136 4729 sti.
2169 4670 2245 4724 De
2271 4669 2373 4724 hoc
2397 4675 2576 4720 autem
2601 4661 2791 4732 spiritu
2814 4656 3116 4729 adeptionis
3136 4664 3192 4710 et
3217 4654 3426 4725 gratiae,
3455 4651 3510 4708 id
3532 4660 3616 4707 est

2044 4767 2112 4822 de
2138 4763 2244 4817 hoc
2269 4773 2430 4831 opere
2455 4754 2676 4826 spiritus
2713 4751 2827 4814 Dei,
2860 4762 2967 4820 quo
3007 4745 3316 4816 impartitur
3342 4745 3515 4815 gratia
3560 4755 3617 4800 et

2046 4851 2383 4927 regeneratio
2413 4850 2468 4903 in
2496 4847 2665 4901 vitam
2687 4851 2973 4914 aeternam,
3009 4838 3245 4893 dicitur:
3276 4834 3502 4906 Spiritus
3524 4851 3618 4888 au-

2043 4926 2144 5001 tem
2190 4942 2444 5012 viviﬁcat;
2484 4953 2607 4992 cum
2658 4948 2819 5004 supra
2870 4932 3159 4992 diceretur,
3189 4926 3389 4980 Littera
3427 4926 3614 4979 occidit

2046 5034 2131 5107 (II
2158 5032 2280 5088 Cor.
2313 5030 2396 5100 ιι),
2424 5028 2478 5083 id
2520 5035 2602 5081 est
2652 5023 2956 5092 conscripta
2999 5015 3375 5074 tantummodo
3416 5012 3615 5083 jubens

2044 5106 2162 5181 sine
2195 5120 2464 5192 adjutorio
2515 5117 2719 5189 gratiae.
2749 5113 2856 5186 (Ea:
2883 5107 3149 5180 Origene.)
3194 5106 3430 5162 Demersi
3471 5113 3613 5167 sunt,

2044 5216 2236 5285 inquit,
2284 5225 2532 5283 tanquam
2577 5206 2845 5279 plumbum
2883 5204 2939 5257 in
2972 5216 3164 5272 aquam
3217 5197 3621 5258 validissimam,

2046 5306 2365 5361 Peccatores
2395 5314 2586 5371 graves
2611 5303 2753 5352 sunt.
2782 5294 3028 5363 Denique
3070 5299 3126 5345 et
3152 5288 3410 5358 iniquitas
3453 5294 3614 5371 super

2047 5396 2306 5450 talentum
2334 5369 2538 5462 plumbi
2583 5386 2772 5444 sedere
2795 5390 3150 5445 monstratur,
3165 5378 3305 5433 sicut
3323 5369 3612 5462 Zacharias

2045 5481 2305 5552 propheta
2331 5461 2477 5532 dicit.
2540 5472 2690 5538 Vidi,
2722 5470 2913 5540 inquit,
2943 5466 3212 5522 mulierem
3240 5461 3501 5552 sedente—ut
3525 5470 3619 5507 su-

2044 5544 2161 5643 per-
2184 5570 2434 5624 talentum
2480 5564 2699 5636 plumbi,
2724 5572 2772 5616 et
2803 5560 2915 5614 dixi
2934 5573 2952 5610 :
2986 5558 3116 5623 Quae
3138 5562 3210 5608 est
3235 5552 3345 5604 lucc
3365 5548 3389 5590 7
3520 5560 3615 5643 re.—

2045 5637 2274 5734 spondit,
2300 5659 2559 5730 Iniquitas
2589 5654 2775 5728 (Zach.
2806 5650 2883 5731 v).
2912 5650 3039 5705 Inde
3082 5652 3167 5701 est
3193 5655 3320 5712 ergo
3343 5637 3486 5713 quod
3519 5637 3618 5692 ini-
