3992 6182
400 312 460 376 71
1040 314 1098 366 Β.
1144 309 1399 364 uanam
1436 304 1651 363 haunt
1692 305 2008 361 ARClillil’.
2052 302 2356 359 MOGUNT.
2400 299 2681 357 OPEltUM
2723 299 2898 354 rans
2938 301 2974 353 l.

3577 301 3653 357 72

396 431 489 503 qui
545 429 599 482 in
649 423 971 494 profundunt
1011 410 1239 475 demersi
1270 426 1394 472 sunt
1420 418 1558 471 sicut
1588 416 1863 487 plumbum
1913 417 1967 467 i.t
2000 422 2047 475 Α
2077 413 2183 484 (Ea:
2207 412 2472 485 Origene.)
2501 413 2695 481 impios
2720 412 2935 483 quidem
2970 419 3025 463 et
3049 409 3205 464 hodie
3233 410 3454 464 devorat
3483 418 3651 467 terra.

400 538 541 591 aqua
573 514 922 572 validissima.
975 512 1157 567 Sancti
1189 519 1369 565 autem
1420 524 1526 563 non
1576 510 1978 578 demerguntur,

398 614 496 669 sed
525 607 807 664 ambulant
857 619 1019 674 super
1060 614 1249 672 aquas,
1276 603 1402 671 quia
1436 601 1578 655 leves
1604 608 1730 654 sunt
1776 606 1833 652 et
1862 612 1983 667 pee-

403 703 508 758 cati
555 699 794 770 pondere
842 712 949 750 non
993 700 1306 762 gravantur.
1358 691 1602 759 Denique
1640 687 1901 743 Dominus
1928 696 1983 739 et

409 791 660 845 Salvator
704 801 867 855 super
910 798 1081 851 aquas
1103 780 1421 836 ambulavit.
1454 780 1570 848 Ipse
1598 779 1741 833 enim
1779 786 1861 831 est
1892 778 1982 846 qui

407 895 533 933 vere
563 885 841 948 peceatum
895 874 1088 927 nescit.
1117 871 1428 926 Ambulavit
1457 879 1510 924 et
1539 868 1833 939 discipulus
1871 866 1985 936 ejus

408 971 622 1032 Petrus,
655 969 782 1021 licet
806 966 1019 1036 paulum
1051 964 1421 1032 trepidaverit.
1467 961 1582 1015 Non
1630 961 1771 1014 enim
1804 968 1986 1015 tantes

409 1071 529 1117 erat
565 1069 620 1114 et
652 1059 790 1120 talis,
821 1057 912 1125 qui
945 1056 1075 1109 nihil
1102 1055 1324 1107 omnino
1372 1055 1438 1107 de
1460 1054 1638 1122 specie
1663 1052 1864 1121 plumbi
1892 1053 1987 1105 ha-

411 1151 591 1208 buerit
627 1149 941 1202 admixtum.
974 1146 1115 1215 Ignis
1142 1145 1406 1212 decoquat
1428 1151 1485 1197 et
1516 1141 1769 1205 resolvat,
1797 1150 1855 1195 ut
1877 1142 1989 1196 elli-

413 1243 626 1295 ciantur
678 1254 867 1293 omnes
924 1252 1115 1289 aurum
1151 1234 1373 1299 bonum,
1405 1233 1529 1304 quia
1580 1248 1773 1287 aurum
1824 1244 1985 1289 terra

414 1333 556 1387 illius
581 1333 780 1386 bonum
805 1344 922 1383 esse
943 1328 1161 1390 dicitur,
1188 1341 1350 1396 quam
1382 1325 1619 1380 habituri
1648 1332 1774 1378 sunt
1794 1324 1986 1378 sancti.

416 1424 485 1477 Et
517 1423 659 1477 sicut
702 1420 895 1473 fornax
946 1416 1141 1486 probat
1167 1431 1355 1470 aurum
1376 1456 1391 1481 ,
1428 1416 1502 1469 ita
1535 1414 1784 1469 homines
1816 1412 1993 1482 justus

417 1514 665 1568 tentatio.
701 1510 1034 1566 Veniendum
1060 1515 1289 1577 estergo
1302 1505 1550 1560 omnibus
1578 1505 1644 1558 ad
1670 1501 1992 1574 ignem.Ve-

420 1604 672 1658 niendum
703 1601 768 1655 ad
791 1597 1185 1653 conﬂatorium.
1236 1595 1343 1650 Sed
1384 1601 1439 1649 et
1466 1594 1610 1649 enim
1635 1593 1897 1649 Dominus
1942 1601 1997 1646 et

418 1693 619 1747 conﬁat
652 1699 705 1745 et
731 1697 926 1759 purgat
952 1688 1091 1741 ﬁlios
1115 1685 1271 1739 Juda.
1309 1684 1414 1739 Sed
1441 1684 1567 1739 illuc
1595 1699 1716 1738 eum
1757 1684 1993 1747 venitur,

2081 510 2163 561 An
2200 524 2307 562 non
2341 508 2436 561 tibi
2466 506 2681 560 videtur
2704 521 2734 559 a
2760 515 2902 560 terra
2930 505 3172 560 devorari
3205 504 3292 558 ille
3319 506 3411 575 qui
3440 519 3658 574 semper

2083 601 2147 655 de
2176 609 2317 654 terra
2353 600 2574 670 cogitat,
2616 598 2705 667 qui
2735 613 2948 667 semper
2994 606 3241 651 terrenos
3268 605 3422 652 actus
3468 597 3660 662 habet,

2083 691 2175 760 qui
2211 691 2276 745 de
2316 698 2459 743 terra
2487 688 2746 758 loquitur,
2769 689 2834 743 de
2879 696 3023 742 terra
3058 687 3253 756 litigat,
3304 695 3504 753 terram
3556 687 3658 742 dc-

2084 781 2302 845 siderat,
2327 787 2380 835 et
2399 795 2615 833 omnem
2647 794 2797 850 spem
2832 794 2983 832 suam
3013 779 3164 848 ponit
3194 779 3247 832 in
3275 786 3438 843 terra,
3466 779 3559 848 qui
3586 794 3658 833 au

2085 872 2279 926 cmlnm
2325 887 2430 925 non
2473 871 2713 941 respicit,
2745 870 2835 939 qui
2856 870 3035 923 futura
3061 887 3167 925 non
3196 871 3417 938 cogitat,
3444 871 3537 940 qui
3561 870 3651 937 ju-

2085 961 2285 1037 dicium
2334 960 2428 1015 Dei
2457 976 2562 1014 non
2602 960 2820 1025 meruit,
2877 976 2975 1014 nec
3016 960 3174 1014 beata
3228 958 3347 1027 ejus
3393 962 3665 1030 promissa

2086 1050 2375 1113 desiderat,
2430 1051 2524 1105 sed
2578 1065 2791 1120 semper
2846 1051 2911 1104 de
2962 1050 3320 1119 praesentibus
3366 1051 3570 1120 cogitat
3609 1061 3667 1105 et

2091 1153 2302 1199 terrena
2338 1144 2591 1214 suspirat.
2647 1143 2830 1198 Talem
2875 1158 2996 1198 cum
3051 1144 3271 1208 videris,
3317 1143 3482 1198 dicito
3535 1144 3665 1213 quia

2088 1233 2369 1289 devoravit
2417 1249 2540 1288 eum
2573 1243 2740 1289 terra.
2794 1232 2899 1289 Sed
2949 1235 3077 1289 etsi
3129 1236 3416 1304 quemdam
3465 1235 3677 1290 videris

2089 1323 2316 1378 luxuria:
2338 1325 2519 1380 carnis
2556 1335 2611 1379 et
2647 1325 3011 1395 voluptatibus
3036 1326 3279 1395 cerporis
3321 1325 3582 1390 deditum,
3614 1328 3669 1381 in

2092 1428 2198 1481 quo
2218 1414 2429 1467 animus
2458 1413 2593 1467 nihil
2624 1414 2782 1477 valet,
2817 1414 2910 1469 sed
2942 1423 3108 1468 totum
3132 1414 3296 1468 libido
3313 1415 3495 1469 carnis
3527 1416 3676 1469 obti-

2094 1504 2230 1570 nuit,
2271 1504 2436 1559 dicito
2485 1513 2539 1558 et
2588 1504 2653 1558 de
2705 1504 2808 1558 hoc
2861 1504 2986 1574 quia
3022 1505 3446 1559 devoravitettm
3501 1513 3676 1558 terra.

2095 1591 2284 1648 Adhuc
2331 1608 2415 1646 me
2461 1601 2641 1647 movet
2682 1594 2826 1662 quod
2855 1593 2932 1647 ait
2982 1610 2994 1646 :
3051 1591 3351 1648 Erteudisti
3399 1593 3667 1647 dexteram

2099 1693 2267 1745 tuam,
2292 1692 2339 1736 et
2364 1683 2626 1737 devoravit
2656 1700 2742 1737 eos
2772 1693 2933 1748 terra,
2982 1685 3136 1753 quasi
3185 1692 3243 1737 ut
3284 1684 3678 1738 devorarentur

426 1783 469 1836 si
520 1781 640 1849 quis
690 1778 855 1832 multa
897 1790 1060 1844 opera
1096 1775 1235 1828 bona
1261 1781 1317 1827 et
1350 1788 1540 1841 parum
1568 1772 1771 1841 aliquid
1797 1772 1996 1841 iniqui-
2025 1765 2072 1823 B
2099 1788 2129 1826 a
2163 1782 2325 1836 terra,
2367 1773 2483 1827 haec
2527 1787 2687 1828 causa
2741 1772 2905 1827 fuerit
2951 1772 3093 1842 quod
3143 1772 3384 1828 extendit
3410 1770 3678 1827 Dominus

426 1873 555 1925 latis
585 1871 845 1934 attulerit,
890 1868 1017 1922 illud
1038 1883 1228 1936 parum
1264 1874 1519 1934 tanquam
1564 1864 1841 1935 plumbum
1888 1865 1997 1934 igni

428 1960 720 2015 resolvitur
742 1975 803 2013 ac
835 1966 1114 2029 purgatur,
1142 1964 1197 2010 et
1217 1962 1386 2009 totum
1417 1963 1660 2009 remanet
1688 1969 1877 2013 aurum
1905 1968 2001 2023 pu-

422 2066 564 2105 rum.
597 2050 662 2103 Et
690 2050 735 2103 si
766 2049 886 2117 quis
908 2048 1030 2116 plus
1059 2046 1187 2100 illuc
1212 2045 1414 2113 plumbi
1437 2043 1708 2108 detulerit,
1749 2043 1869 2112 plus
1908 2058 2002 2098 ex.

424 2138 618 2200 uritur,
651 2145 706 2190 ιιι
751 2135 983 2204 amplius
1033 2134 1384 2202 decoquatur,
1416 2141 1475 2185 ut
1502 2132 1545 2185 si
1580 2147 1770 2200 parum
1801 2131 2003 2201 aliquid

424 2229 568 2293 auri,
623 2237 909 2298 purgatum
965 2233 1147 2279 tamen
1197 2223 1450 2277 resideat.
1502 2220 1656 2287 Quod
1704 2222 1748 2275 si
1809 2219 2004 2291 aliquis

426 2319 553 2374 illuc
605 2328 750 2372 totus
789 2317 1075 2386 plumbeus
1102 2314 1332 2379 venerit,
1358 2312 1450 2366 lict
1490 2312 1557 2367 de
1587 2312 1676 2366 illo
1711 2312 1815 2366 hoc
1860 2312 2004 2380 quod

427 2412 688 2480 scriptum
737 2416 823 2463 est
872 2426 885 2461 :
946 2407 1290 2476 Demergitur
1337 2405 1392 2458 in
1450 2402 1716 2472 profundo
1746 2411 2004 2472 tanquam

427 2500 708 2572 plumbum
759 2499 813 2552 in
844 2512 982 2566 aqua
1018 2496 1372 2549 validissima.
1405 2495 1558 2559 Quis,
1594 2494 1788 2562 inquit,
1819 2493 2006 2548 similis

427 2592 523 2646 tibi
546 2592 602 2644 in
642 2590 765 2654 diis,
795 2588 1056 2642 Domine?
1096 2587 1212 2656 quis
1258 2585 1444 2639 similis
1492 2584 1606 2649 tibi,
1653 2584 1908 2653 gloriosus
1953 2584 2009 2637 in

430 2682 650 2745 sanctis,
701 2677 958 2732 mirabilis
982 2677 1036 2729 in
1077 2674 1460 2744 majestatibus,
1487 2673 1686 2741 faciens
1726 2671 2012 2742 prodigia!

433 2771 585 2838 Quod
634 2770 785 2833 dicit,
817 2768 947 2833 Quis
976 2766 1161 2821 similis
1186 2765 1276 2819 tibi
1315 2766 1371 2817 in
1417 2764 1537 2829 diis,
1569 2778 1675 2817 non
1708 2762 2011 2816 simulacris

431 2856 672 2926 gentium
704 2863 983 2925 comparat
1026 2854 1217 2917 Deum,
1273 2867 1371 2906 nec
1409 2852 1738 2906 daemonibus
1788 2851 1877 2919 qui
1909 2850 2011 2905 sibi

437 2948 571 3002 falso
599 2948 821 3002 deorum
872 2960 1068 3000 nomen
1114 2944 1415 3008 assiscunt;
1448 2944 1542 2997 sed
1569 2943 1698 2997 deos
1737 2942 1856 2996 illos
1883 2941 2013 2995 dicit

430 3038 524 3106 qui
555 3053 651 3107 per
671 3038 896 3108 gratiam
926 3045 980 3091 et
1016 3035 1486 3105 participationem
1534 3032 1627 3086 Dei
1673 3031 2012 3101 appellantur

435 3102 529 3178 dii.
556 3102 655 3179 -De
674 3102 893 3194 'quibns
937 3132 993 3179 et
1017 3102 1163 3177 ialibi
1203 3121 1480 3190 Scriptura
1507 3120 1639 3174 dicit
1670 3137 1683 3173 :
1717 3117 1832 3188 Ego
1878 3118 2012 3180 disci,
2042 3102 2086 3163 C

438 3215 527 3270 Dii
549 3215 671 3268 estis
696 3213 868 3285 (Psal.
894 3213 1036 3284 xui).
1064 3213 1129 3266 Et
1156 3213 1384 3266 iterum:
1410 3209 1550 3263 Deus
1571 3210 1709 3262 stetit
1732 3209 1788 3261 in
1808 3224 2021 3279 congre-

439 3305 649 3374 gatione
695 3304 912 3357 deorum
971 3301 1183 3375 (lbid.).
1243 3300 1351 3354 Sed
1404 3301 1457 3354 hi
1505 3299 1753 3369 quamvis
1795 3313 2018 3368 capaces

443 3397 553 3452 sint
598 3396 715 3459 Dei,
742 3404 793 3450 et
817 3396 921 3450 hoc
946 3395 1164 3449 nomine
1189 3393 1377 3447 donari
1405 3407 1500 3461 per
1524 3390 1754 3462 gratiam
1800 3389 2021 3444 vidcan-

445 3497 550 3551 tur,
583 3486 762 3541 nullus
799 3496 976 3539 tamen
1009 3483 1119 3538 Deo
1161 3482 1353 3537 similis
1397 3480 1690 3546 invenitur,
1716 3479 1804 3534 vel
1842 3480 1897 3534 in
1927 3495 2023 3549 po-

451 3577 645 3640 tentia,
680 3576 763 3630 vel
804 3576 860 3629 in
894 3583 1108 3629 natura.
1171 3574 1240 3628 Et
1285 3572 1411 3627 licet
1440 3570 1699 3626 'Joannes
1746 3569 2024 3640 apostolus

447 3666 623 3719 dicat:
650 3663 853 3730 Filioli,
883 3664 1115 3718 nondum
1142 3663 1335 3717 scimus
1360 3663 1487 3733 quid
1533 3660 1699 3731 futuri
1726 3678 1927 3716 sumus.
1963 3658 2024 3715 Si

443 3764 617 3807 autem
672 3753 955 3807 revelatum
996 3752 1140 3806 uobis
1191 3752 1371 3823 fuerit,
1426 3751 1492 3806 de
1539 3750 1767 3806 Domino
1797 3750 2023 3816 scilicet,

442 3846 638 3901 similes
668 3843 748 3898 illi
798 3844 992 3898 erimus
1032 3844 1083 3914 (1
1127 3842 1289 3897 Joan.
1323 3841 1427 3911 tu).
1479 3840 1786 3895 Similitudo
1844 3849 2025 3895 tamen

444 3936 561 3991 lube
611 3950 717 3989 non
766 3935 835 3987 ad
874 3944 1150 3996 naturam,
1184 3935 1281 3987 sed
1308 3931 1375 3986 ad
1420 3932 1648 4001 gratiam
1697 3940 2022 3986 revocatur:

445 4027 598 4082 verbi
645 4041 807 4080 causa
840 4035 899 4079 ut
942 4025 985 4079 si
1022 4025 1263 4079 dicamus
1316 4024 1583 4093 picturam
1626 4023 1855 4077 similem
1908 4039 2028 4079 esse

447 4117 565 4186 ejus
590 4132 742 4185 cujus
764 4117 942 4187 imago
968 4116 1020 4171 in
1052 4117 1262 4186 pictura
1297 4116 1509 4179 videtur
1535 4130 1813 4186 expressa,
1860 4130 2029 4184 quan-

451 4219 561 4264 tum
611 4210 678 4263 ad
736 4213 963 4279 gratiam
1023 4209 1299 4277 pertinet,
1342 4208 1491 4263 visus
1541 4208 1734 4263 similis
1793 4208 2026 4275 dicitur;

446 4310 708 4370 quantum
764 4303 831 4355 ad
888 4300 1284 4366 substantiam,
1346 4299 1504 4370 longe
1561 4298 1873 4354 dissimilis.
1936 4298 2031 4355 illa

449 4394 593 4447 enim
650 4392 859 4461 species
920 4392 1101 4447 carnis
1142 4399 1227 4447 est
1263 4400 1318 4446 et
1360 4390 1602 4461 corporis
1626 4390 1769 4458 vivi,
1801 4391 1904 4446 ista
1941 4405 2035 4446 co-

450 4482 623 4535 lorum
658 4479 812 4534 fucus
845 4490 945 4544 est,
977 4489 1033 4534 et
1054 4490 1273 4546 cetera,
1303 4481 1499 4535 tabulis
1527 4496 1687 4536 sensu
1719 4482 2030 4537 carentibus

448 4572 808 4640 superposita.

525 4659 711 4713 Nullus
737 4674 868 4728 ergo
917 4659 970 4713 in
1000 4660 1102 4713 diis
1148 4660 1339 4714 similis
1376 4660 1622 4716 Domino.
1654 4662 1840 4717 Nullus
1885 4663 2029 4716 enim

425 4749 759 4815 invisibilis,
807 4749 987 4804 nullus
1036 4750 1423 4818 incorporeus,
1450 4751 1628 4806 nullus
1659 4750 2029 4818 immutabilis,

454 4843 633 4897 nullus
663 4843 781 4896 sine
830 4842 983 4896 initio
1033 4851 1089 4895 et
1135 4843 1250 4896 sine
1281 4841 1409 4907 line,
1441 4842 1617 4896 nullus
1670 4852 1886 4898 creator
1910 4858 2030 4897 om-

455 4932 627 4997 nium,
652 4933 753 4986 nisi
781 4931 941 4986 Pater
956 4947 1077 4986 cum
1107 4931 1246 4985 Filio
1271 4940 1327 4987 et
1353 4931 1558 5003 Spiritu
1598 4941 1807 4989 sancto.
1840 4933 2039 4989 Exten—

455 5022 581 5077 disti
630 5024 901 5077 dexteram
952 5032 1118 5089 tuam,
1176 5033 1225 5078 et
1277 5024 1544 5078 devoravit
1591 5042 1677 5079 eos
1732 5034 1895 5080 terra.
1931 5026 2039 5098 (Ea;

458 5113 791 5187 Augustino.)
816 5115 983 5169 Terra
1003 5130 1104 5184 pro
1131 5132 1269 5186 aqua
1294 5117 1548 5171 nimirum
1576 5126 1660 5173 est
1686 5120 1879 5189 posita.
1904 5120 2038 5174 Tota

456 5207 658 5277 quippe
704 5222 832 5275 pars
862 5208 963 5262 ista
1015 5216 1257 5262 extrema
1289 5208 1371 5264 vel
1402 5210 1616 5264 inﬁrma
1659 5211 1842 5265 mundi
1880 5219 2039 5266 terrae

460 5297 676 5352 nomine
699 5305 970 5365 censetur,
1000 5298 1294 5353 secundum
1326 5300 1376 5354 id
1423 5300 1566 5370 quod
1621 5316 1763 5370 saepe
1804 5301 2039 5356 dicitur?

460 5384 602 5440 Deus
624 5387 714 5456 qui
764 5386 885 5456 fecit
935 5387 1119 5442 calum
1149 5399 1195 5442 et
1227 5400 1421 5443 terram
1469 5390 1640 5462 (Psal.
1673 5391 1933 5463 cxmtt);
1984 5402 2041 5448 et

461 5477 514 5531 in
539 5479 681 5535 illius
708 5481 899 5550 psalmi
929 5482 1333 5550 distributione,
1376 5488 1818 5542 commemoratis
1870 5488 2036 5542 etule-

460 5569 650 5634 stihus,
701 5571 956 5639 Laudate,
1003 5574 1196 5644 inquit,
1232 5575 1509 5629 Dominum
1545 5576 1609 5629 de
1654 5587 1794 5630 terra
1825 5594 1843 5631 :
1892 5587 1946 5633 et
1974 5594 2038 5633 ea

466 5663 778 5728 exsequitur
813 5665 864 5719 in
896 5666 1050 5721 laude
1080 5681 1199 5735 qua:
1225 5667 1387 5721 etiam
1412 5668 1479 5722 ad
1513 5684 1685 5738 aquas
1708 5670 2033 5739 pertineant.

2100 1865 2380 1920 dexteram
2433 1880 2608 1919 suam.
2649 1864 2705 1920 Si
2735 1864 3046 1920 consideres
3090 1864 3359 1934 quomodo
3392 1864 3677 1928 Dominus,

2102 1955 2369 2010 exaltatus
2398 1955 2451 2009 in
2477 1970 2660 2020 cruce,
2698 1964 2810 2009 tota
2835 1955 2923 2010 die
2950 1955 3195 2009 extendit
3222 1970 3411 2009 manus
3452 1970 3581 2009 suas
3609 1954 3682 2008 ad

2101 2046 2353 2116 populum
2377 2062 2483 2101 non
2513 2047 2821 2101 credentem
2855 2056 2910 2100 et
2935 2045 3417 2112 eontradiceutem,
3445 2054 3499 2099 et
3547 2061 3682 2115 qua-

2105 2134 2229 2190 liter
2278 2135 2546 2191 inﬁdelem
2594 2135 2869 2204 populum,
2924 2137 3015 2205 qui
3065 2136 3338 2200 clamavit,
3394 2136 3683 2206 Cruci/iga,

2106 2225 2355 2294 cruciﬁge
2382 2242 2499 2278 eum
2550 2224 2764 2297 (Matth.
2812 2225 2967 2299 xvn),
3017 2242 3162 2281 mors
3199 2227 3419 2282 admissi
3461 2228 3685 2282 sceleris

2107 2316 2420 2385 oppressit,
2472 2315 2753 2371 evidenter
2812 2317 3055 2371 invenies
3113 2318 3380 2386 quomodo
3437 2317 3681 2371 extendit

2108 2405 2383 2459 dexteram
2411 2420 2587 2470 suam,
2617 2416 2673 2460 et
2722 2406 3001 2461 devoravit
3028 2420 3121 2461 eos
3150 2414 3291 2460 terra
3325 2424 3337 2458 :
3370 2419 3470 2460 nec
3502 2416 3687 2460 tamen

2108 2495 2323 2564 penitus
2360 2496 2752 2565 desperandum
2783 2505 2883 2551 est.
2929 2496 3190 2551 Possibile
3222 2512 3453 2565 namque
3494 2503 3578 2550 est
3625 2504 3690 2549 ut

2110 2588 2155 2642 si
2183 2586 2321 2641 forte
2350 2588 2637 2657 resipiscat
2663 2588 2756 2658 qui
2802 2588 3091 2642 devoratus
3119 2597 3225 2652 est,
3255 2603 3471 2641 rursum
3513 2587 3691 2657 possit

2110 2681 2285 2734 cvomi
2334 2682 2473 2734 sicut
2502 2680 2689 2735 Jonas.
2745 2679 3022 2734 Deduxisti
3054 2679 3267 2749 justilia
3313 2688 3404 2731 tua
3435 2677 3687 2749 populum

2112 2780 2259 2825 tuum
2290 2772 2427 2825 hunc
2457 2788 2609 2841 quem
2639 2771 2890 2825 liberasti.
2924 2770 3235 2826 Consulatus
3272 2787 3325 2824 es
3357 2771 3545 2824 virtute
3569 2779 3688 2834 tua,

2112 2872 2159 2915 et
2185 2863 2239 2915 in
2259 2863 2430 2932 requie
2451 2872 2631 2916 sancta
2654 2872 2765 2917 tua.
2790 2863 3047 2917 Dominus
3062 2863 3313 2934 populum
3332 2878 3508 2926 suum,
3526 2876 3694 2931 quem

2114 2954 2362 3008 liberavit
2382 2970 2480 3024 per
2505 2954 2778 3010 lavacrum
2803 2954 3253 3025 regenerationis,
3281 2953 3495 3009 deducit
3524 2954 3577 3007 in
3606 2950 3697 3021 ju-

2119 3046 2265 3100 stitia
2298 3064 2309 3097 :
2342 3045 2649 3100 consolatur
2672 3046 2834 3101 etiam
2860 3062 2983 3122 eum
3003 3061 3100 3115 per
3123 3045 3545 3101 consolationem
3574 3043 3698 3116 Spi-

2121 3137 2257 3191 ritus
2292 3137 2463 3190 sancti
2505 3136 2559 3190 in
2593 3137 2794 3191 virtute
2834 3153 2930 3194 sua
2962 3147 3017 3192 et
3063 3138 3119 3192 in
3149 3138 3336 3207 requie
3374 3153 3489 3191 sua.
3521 3136 3696 3191 Futu-

2120 3240 2303 3279 rorum
2358 3240 2592 3295 namque
2644 3242 2767 3297 spes
2821 3227 3193 3282 laborantibus
3242 3228 3482 3297 requiem
3528 3228 3694 3296 parit,

2122 3315 2263 3369 sicut
2309 3324 2364 3370 et
2392 3316 2445 3369 in
2473 3331 2644 3386 agone
2663 3318 2854 3387 positis
2884 3319 3123 3374 dolorem
3159 3319 3440 3373 vulnerum
3482 3318 3701 3387 mitigat

2123 3420 2247 3475 spes
2270 3421 2502 3461 coronm.

2193 3502 2485 3555 Audierant
2507 3510 2679 3571 gentes
2699 3513 2746 3556 et
2774 3505 2925 3558 irata:
2945 3512 3065 3558 sunt
3086 3503 3325 3557 :dolores
3355 3502 3697 3573 comprehen-

2126 3589 2312 3655 derunt
2329 3588 2623 3645 habitantes
2657 3591 2998 3647 Philisthiim.
3033 3591 3178 3646 Tunc
3202 3591 3576 3661 festinaverunt
3597 3593 3700 3646 duo

2127 3697 2210 3735 res
2251 3680 2423 3735 Edam
2452 3692 2499 3736 et
2526 3683 2783 3753 principes
2809 3681 3164 3737 Moabitarum
3195 3699 3213 3736 :
3239 3682 3575 3753 apprehendit
3610 3700 3699 3737 eos

2127 3781 2342 3837 tremor,
2365 3772 2645 3826 tabuerunt
2678 3789 2853 3827 omnes
2878 3772 3171 3827 habitantes
3201 3772 3477 3828 Chanaan.
3513 3771 3701 3840 Quan-

2129 3873 2244 3918 tum
2273 3864 2342 3918 ad
2381 3864 2665 3920 historiam
2701 3866 2955 3933 pertinet,
2987 3864 3191 3918 nullum
3222 3879 3287 3917 ex
3317 3864 3405 3918 his
3449 3863 3702 3933 gentibus

2130 3951 2444 4008 interfuisse
2495 3953 2834 4008 mirabilibus
2887 3967 3007 4022 qua!
3062 3952 3204 4009 facta
3254 3962 3413 4017 sunt,
3465 3961 3699 4007 constat.

2129 4044 2408 4110 Quomodo
2459 4057 2593 4115 ergo
2638 4044 2963 4099 videbuntur
3012 4051 3247 4099 tremore
3295 4044 3568 4098 deterrita:
3619 4042 3707 4097 vel

2130 4133 2434 4198 festinasse,
2486 4143 2547 4188 ut
2600 4134 2749 4199 dicit,
2796 4133 2880 4188 vel
2932 4135 3085 4188 iratae
3115 4148 3235 4188 esse
3279 4132 3607 4189 Philisthiim
3651 4139 3708 4187 et

2132 4223 2377 4279 Moabitae
2400 4233 2455 4278 et
2475 4224 2664 4289 Edom,
2690 4233 2744 4278 et
2777 4225 2999 4293 reliquae
3042 4239 3177 4294 quas
3205 4232 3489 4279 enumerat
3531 4224 3710 4279 natio-

2132 4314 2265 4368 nes?
2290 4312 2395 4368 Sed
2421 4315 2466 4368 si
2494 4315 2774 4368 redeamus
2805 4314 2873 4368 ad
2901 4313 3308 4383 intelligentiam
3348 4312 3704 4382 spiritualem,

2137 4403 2378 4457 invenies
2407 4404 2532 4473 quia
2569 4402 2913 4467 Philisthiim,
2951 4403 3004 4456 id
3033 4412 3119 4457 est
3144 4414 3377 4457 caventes
3420 4402 3626 4472 poculo,
3655 4409 3711 4457 et

2056 4454 2108 4514 D
2134 4493 2303 4547 Edom
2326 4454 2831 4562 quijinterpretatur
2848 4502 3103 4556 terrenus,
3128 4454 3495 4561 trepidautfet
3514 4492 3709 4545 horum

2135 4582 2937 4654 omniumprincipescursitant
2957 4591 3010 4637 et
3036 4590 3225 4654 pavent
3252 4581 3527 4636 constricti
3553 4580 3714 4636 dolo-

2136 4673 2287 4727 ribus
2314 4689 2435 4727 cutn
2466 4674 2651 4727 vident
2679 4688 2843 4744 regna
2888 4689 3002 4736 sua,
3040 4688 3161 4742 qua:
3203 4672 3257 4725 in
3306 4670 3518 4725 inferno
3563 4680 3712 4732 sunt,

2135 4772 2416 4832 penetrata
2443 4765 2510 4819 ab
2535 4779 2600 4818 eo
2629 4764 2719 4833 qui
2748 4764 3027 4818 descendit
3075 4764 3128 4818 in
3170 4762 3426 4817 inferiora
3456 4769 3615 4816 terra:
3651 4772 3715 4817 ut

2137 4853 2329 4924 eripiat
2350 4870 2444 4910 eos
2471 4854 2562 4922 qui
2585 4851 3000 4924 possidebantur
3025 4870 3054 4908 a
3085 4861 3278 4909 morte.
3313 4852 3411 4907 llic
3437 4866 3531 4906 eos
3558 4866 3710 4906 com-

2140 4945 2427 5015 prehendit
2477 4945 2642 4998 timor
2669 4952 2725 4999 et
2752 4954 2971 5011 tremor,
3008 4946 3134 5015 quia
3181 4951 3468 5000 senserunt
3506 4942 3714 5011 magni-

2144 5037 2383 5092 tudinem
2422 5036 2631 5109 brachii
2653 5036 2789 5107 ejus.
2826 5035 2964 5093 Hinc
2995 5037 3160 5092 etiam
3192 5037 3483 5091 tabueruut
3526 5047 3717 5087 omnes

2142 5129 2453 5184 habitantes
2489 5127 2768 5194 Chanaan,
2817 5131 2909 5199 qui
2957 5128 3245 5184 mutabiles
3292 5127 3717 5195 interpretantur

2141 5229 2195 5274 et
2234 5219 2477 5282 mobiles,
2519 5234 2642 5274 cum
2671 5220 2856 5275 vident
2905 5220 3108 5276 moveri
3162 5232 3326 5290 regna
3357 5232 3474 5282 sua,
3506 5216 3718 5286 alligari

2141 5309 2357 5375 fortem,
2391 5317 2446 5363 et
2489 5325 2618 5363 vasa
2668 5309 2783 5378 ejus
2835 5311 3014 5381 diripi.
3054 5309 3241 5363 Veniat
3280 5324 3401 5379 ergo
3438 5324 3594 5377 super
3627 5322 3717 5360 eos

2140 5400 2296 5452 timor
2315 5408 2365 5451 et
2399 5410 2596 5453 tremor
2616 5401 2988 5470 magnitudinis
3012 5401 3209 5454 brachii
3234 5400 3329 5453 tui.
3358 5397 3496 5465 Quid
3530 5398 3717 5451 timent

2142 5490 2431 5553 dazmones,
2455 5490 2585 5558 quid
2612 5490 2881 5544 tremunt?
2916 5490 3045 5544 Sine
3068 5490 3230 5544 dubio
3248 5504 3466 5545 crucem
3488 5488 3717 5551 Christi,

2141 5581 2196 5634 in
2228 5592 2333 5646 qua
2376 5579 2688 5649 triumphati
2722 5588 2865 5645 sunt,
2898 5580 2951 5633 in
2981 5595 3086 5650 qua
3116 5581 3262 5634 exuti
3291 5588 3412 5635 sunt
3450 5579 3722 5647 principa-

2113 5699 2126 5717 ι
2144 5681 2228 5725 tus
2248 5686 2436 5726 eorum
2462 5680 2517 5727 et
2544 5680 2859 5742 potestates.
2892 5671 3077 5728 Timor
3095 5688 3223 5743 ergo
3246 5681 3300 5727 ct.
3332 5682 3532 5726 tremor
3561 5670 3721 5724 cadet
