3992 6182
258 183 321 238 73
1220 177 1721 235 COMMENTARIA
1761 176 1830 232 IN
1871 175 2182 233 EXODUM.
2221 207 2290 217 -
2329 179 2454 234 LIB.
2497 180 2560 236 ll.
3451 183 3520 237 τι

259 311 414 364 cuper
467 307 585 357 eos,
638 308 764 348 cum
823 293 1036 364 signum
1084 293 1139 347 in
1185 295 1342 348 nobis
1388 293 1568 348 crucis
1604 292 1838 346 viderint
1867 297 1914 356 Α
1945 296 2197 356 tanquam
2227 304 2354 342 suos
2381 291 2597 359 quidem
2628 290 2897 361 recepisse
2921 305 3058 361 quos
3085 303 3382 358 creaverat,
3406 305 3527 350 tan-

260 389 482 441 tideliter
520 388 710 450 tixum,
746 395 803 439 et
835 386 1266 456 magnitudinem
1291 385 1498 440 brachii
1529 385 1672 438 illius
1693 384 1839 453 quod

263 477 513 532 Dominus
553 477 819 545 expandit
868 477 920 531 in
973 491 1156 540 cruce,
1196 477 1338 530 sicut
1389 477 1556 531 dicit:
1591 475 1721 528 Tota
1756 475 1842 528 die

261 567 480 636 expendi
528 584 719 621 manus
772 585 914 622 meas
940 568 1008 620 ad
1033 567 1284 638 populum
1326 584 1428 621 non
1460 568 1752 621 credentem
1791 574 1840 620 et

263 658 693 712 contradicentem
733 659 862 711 mihi
896 657 1076 729 (Rom.
1126 659 1205 727 ι).
1263 658 1379 713 Non
1413 669 1467 714 te
1500 675 1632 730 ergo
1685 659 1843 714 aliter
1878 664 1884 669 '

265 746 546 810 timebunt,
591 763 692 802 nec
721 747 883 804 aliter
928 758 1132 806 tremor
1158 757 1284 804 tuus
1314 750 1496 806 veniet
1530 763 1696 820 super
1723 766 1838 817 eos,

268 834 360 886 nisi
387 835 610 891 videant
644 838 696 892 in
725 848 778 892 te
822 854 1049 893 crucem
1078 838 1300 905 Christi,
1334 841 1440 895 nisi
1464 851 1527 896 et
1558 850 1610 896 tu
1639 845 1844 912 poteris

268 925 439 979 dicere
468 939 484 978 :
518 925 652 979 Mihi
678 937 855 981 autem
883 929 1016 982 absit
1040 929 1280 999 gloriari,
1311 931 1412 984 nisi
1453 932 1508 986 in
1548 949 1701 987 cruce
1734 934 1844 988 Do-

268 1017 385 1069 mini
419 1018 521 1070 mei
547 1016 679 1071 Iesu
700 1016 916 1084 Christi,
948 1037 1040 1089 per
1059 1036 1208 1090 quem
1248 1022 1376 1074 mihi
1405 1023 1631 1078 mundus
1672 1027 1846 1078 cruri-

267 1107 396 1174 ﬁxus
417 1117 514 1172 est,
541 1119 591 1161 et
611 1124 705 1178 ego
732 1109 928 1162 mundo
959 1107 1161 1179 (Colat.
1199 1110 1300 1178 vn).

334 1195 377 1248 F
380 1199 491 1250 iant
513 1207 766 1268 tanquam
793 1198 951 1268 lapis,
981 1200 1144 1254 donec
1163 1210 1395 1254 transeat
1443 1203 1666 1273 populus
1699 1216 1841 1268 tuus.

276 1288 499 1352 Domine,
532 1291 699 1343 donec
721 1299 958 1345 transeat
981 1291 1204 1361 populus
1227 1302 1350 1347 tuus
1375 1294 1460 1348 hic
1479 1312 1632 1365 quem
1666 1299 1846 1367 arqui—

267 1380 389 1430 sisti.
418 1379 565 1433 Fieri
602 1388 858 1450 tanquam
905 1380 1158 1450 lapidem,
1204 1398 1313 1436 non
1359 1392 1441 1438 est
1483 1395 1676 1440 natura
1721 1401 1844 1443 esse

271 1470 512 1538 lapidem.
565 1469 684 1524 Non
711 1471 856 1524 enim
884 1469 1039 1526 fieret
1066 1471 1169 1528 nisi
1208 1474 1351 1542 quod
1403 1489 1509 1530 non
1543 1484 1682 1529 erat.
1731 1475 1844 1532 Hoc

267 1569 475 1628 propter
502 1560 626 1616 illos
675 1560 906 1616 dicimus
930 1563 1020 1631 qui
1051 1563 1205 1618 malae
1251 1572 1458 1619 natura:
1504 1565 1841 1624 Pbaraoem

1942 393 2105 446 quam
2158 378 2364 434 alienos
2413 391 2595 435 autem
2644 383 2941 450 acquisisse
2987 383 3079 452 qui
3134 384 3368 439 alienum
3420 387 3522 442 sibi

1942 468 2216 521 dominum
2247 473 2520 537 peccando
2551 472 2934 540 qnmsiverant.
2963 471 3069 528 Sed
3103 472 3333 530 fortasse
3379 489 3526 531 recte

1941 559 2158 629 quidem
2192 560 2390 615 dicitur
2415 561 2709 617 redemisse
2736 577 2834 616 nos
2862 561 3129 627 Christus,
3159 565 3248 632 qui
3292 567 3526 634 pretium

1944 650 2116 704 nostri
2154 653 2470 722 sanguinem
2503 668 2657 707 suum
2686 653 2850 706 dedit.
2900 651 3038 718 Quid
3088 654 3194 708 tale
3243 663 3423 708 autem
3471 665 3528 709 ut

1943 755 2042 794 nos
2068 751 2425 809 mercaretur,
2450 745 2612 798 etiam
2648 745 2896 800 diabolus
2928 746 3107 800 dedit?
3136 745 3276 814 Ergo
3304 746 3348 800 si
3381 746 3530 801 vide-

1948 841 2033 886 tur
2060 834 2344 887 ausculta:
2385 834 2748 889 Homicidium
2778 835 3008 906 pecunia
3054 837 3251 889 diaboli
3285 845 3388 890 est.
3440 836 3531 892 llle

1943 925 2086 978 enim
2139 926 2206 977 ah
2244 926 2397 978 initio
2442 926 2709 980 homicida
2749 936 2850 981 est.
2904 927 3103 982 Fecisti
3156 927 3528 992 homicidium,

1945 1016 2142 1070 diaboli
2198 1018 2484 1086 pecuniam
2537 1019 2854 1087 suscepisti;
2915 1018 3278 1083 adulterium,
3328 1019 3528 1074 diaboli

1947 1107 2173 1176 pecunia
2211 1117 2298 1160 est
2330 1125 2343 1160 :
2376 1107 2576 1162 diaboli
2605 1109 2748 1163 enim
2777 1109 2831 1162 in
2859 1124 2923 1163 eo
2945 1109 3122 1178 imago
3148 1117 3233 1163 est
3261 1117 3315 1163 et
3341 1124 3534 1180 super-

1946 1198 2190 1267 scriptio.
2231 1197 2560 1252 Commisisti
2590 1198 2908 1253 adulterium
2934 1239 2948 1262 ,
2976 1200 3232 1268 accepisti
3259 1216 3289 1253 a
3321 1201 3533 1255 diabolo

1947 1289 2255 1344 numisma:
2288 1288 2525 1354 furtum,
2573 1289 2763 1344 falsum
2811 1291 3198 1354 testimonium,
3243 1293 3531 1361 rapacitas,

1947 1380 2238 1444 violentia,
2273 1382 2388 1434 hanc
2417 1381 2598 1435 omnia
2644 1381 2841 1435 diaboli
2880 1396 3076 1435 census
3115 1391 3200 1436 est
3241 1391 3296 1437 et
3335 1383 3532 1439 diaboli

1949 1475 2259 1530 thesaurus.
2290 1475 2435 1529 Talis
2468 1477 2610 1528 enim
2652 1474 2878 1544 pecunia
2906 1475 2972 1528 de
3003 1473 3118 1542 ejus
3155 1485 3373 1529 moneta
3411 1493 3534 1546 pro-

1947 1564 2108 1620 cedit.
2140 1564 2252 1619 Hac
2287 1565 2452 1635 igitur
2489 1564 2716 1634 pecunia
2762 1563 2894 1617 emit
2921 1563 3007 1618 ille
3035 1580 3170 1632 quos
3195 1565 3348 1629 emit,
3380 1573 3434 1619 et
3457 1566 3536 1619 ef-

265 1649 342 1704 ται
370 1649 662 1721 Egyptios
687 1650 876 1706 dicunt
903 1651 1095 1718 fuisse;
1123 1662 1178 1709 et
1205 1671 1311 1709 non
1334 1671 1399 1710 ex
1426 1657 1637 1714 arbitrii
1684 1659 1845 1714 liber-
1876 1638 1920 1696 Β
1949 1653 2062 1708 ficit
2085 1654 2185 1708 sibi
2211 1670 2396 1709 servos
2416 1654 2732 1722 omnes,qui
2759 1654 2824 1706 de
2847 1651 3216 1721 hujuscemodi
3239 1669 3402 1709 censu
3417 1655 3535 1724 ejus

266 1743 439 1796 tateiu
468 1744 588 1796 haec
616 1757 736 1798 esse
776 1744 1057 1809 deductos,
1105 1747 1199 1800 sed
1241 1755 1296 1799 et
1341 1756 1562 1816 propter
1607 1763 1701 1804 eos
1752 1750 1847 1819 qui

266 1843 566 1887 creatorem
615 1834 782 1888 Deum
843 1845 1106 1891 accusant
1150 1846 1404 1907 tanquam
1454 1855 1688 1906 saevum,
1739 1857 1848 1911 quo

266 1925 505 1977 homines
537 1931 822 1979 vertantur
842 1925 894 1980 in
926 1926 1146 1994 lapides.
1163 1927 1229 1982 lli
1251 1945 1378 2000 ergo
1399 1932 1712 2002 priusquam
1734 1933 1850 1988 bla-

266 2015 574 2084 sphement,
600 2017 946 2071 considerent
968 2033 1174 2072 summa
1210 2018 1528 2079 liberatione
1568 2039 1688 2092 qua:
1715 2027 1850 2080 scri-

266 2116 354 2173 pta
392 2113 539 2158 sunt.
586 2105 704 2159 Non
737 2109 884 2160 enim
924 2108 1077 2174 dixit,
1124 2107 1284 2165 Fiant
1325 2121 1578 2182 tanquam
1608 2114 1763 2184 lapis,
1795 2125 1851 2170 et

267 2196 472 2258 tacuit;
513 2199 605 2250 sed
651 2204 864 2266 tempus
889 2200 1098 2264 statuit,
1141 2210 1197 2256 et
1233 2216 1544 2256 mensuram
1593 2206 1850 2261 condem-

269 2286 501 2340 nationis
527 2287 792 2342 decernit.
819 2288 910 2344 Ait
931 2290 1075 2344 enim
1109 2307 1122 2343 r
1153 2291 1318 2346 donec
1367 2303 1603 2349 transeat
1623 2295 1851 2366 populus

266 2388 402 2430 tuus.
434 2379 554 2444 Quo
579 2379 790 2433 scilicet
820 2380 1046 2434 transitu
1079 2382 1260 2452 populi
1293 2398 1399 2438 non
1451 2386 1560 2439 sint
1590 2395 1847 2456 tanquam

268 2468 498 2538 lapides;
537 2470 593 2524 in
635 2485 746 2540 quo
786 2471 920 2527 mihi
959 2473 1172 2528 videtur
1195 2476 1494 2545 prophetiae
1539 2477 1740 2548 aliquid
1771 2479 1850 2532 la—

269 2567 396 2612 tere.
427 2559 599 2614 Video
641 2560 786 2613 enim
817 2561 946 2630 quia
971 2564 1122 2632 prior
1157 2565 1409 2634 pepulus,
1445 2567 1537 2636 qui
1583 2567 1686 2624 fuit
1724 2578 1852 2626 ante

271 2647 586 2713 nos,l'ac'.us
631 2659 717 2704 est
763 2659 1017 2721 tanquam
1041 2653 1180 2724 lapis
1207 2656 1378 2712 durus
1422 2666 1478 2712 et
1502 2660 1848 2729 incredulus;

272 2755 450 2796 rerum
480 2757 591 2796 non
620 2752 848 2800 eatenus
875 2752 934 2798 ut
969 2745 1025 2798 in
1071 2745 1266 2817 lapidis
1295 2756 1486 2808 natura
1510 2762 1852 2819 permaneat,

272 2832 360 2886 sed
387 2833 562 2888 donec
612 2843 856 2892 transeat
888 2837 1115 2908 populus
1142 2839 1251 2904 hic,
1299 2842 1528 2910 populus
1559 2857 1720 2912 quem
1761 2859 1852 2901 ac-

271 2924 497 2992 quisisti.
548 2924 779 2981 Ctecitas
827 2929 971 2984 enim
995 2944 1062 2983 ex
1096 2939 1252 2998 parte
1301 2933 1529 3003 contigit
1578 2934 1634 2988 in
1683 2935 1851 2992 Israel

271 3016 564 3071 semiudum
606 3031 851 3083 carnem,
882 3019 1052 3074 donec
1090 3019 1367 3090 plenitudo
1404 3023 1645 3092 gentium
1671 3026 1851 3084 subin-

274 3116 456 3162 traret.
481 3107 614 3162 Cum
635 3111 777 3165 enim
797 3111 1065 3180 plenitudo
1084 3115 1315 3182 gentium
1332 3115 1710 3184 subintroient,
1728 3127 1854 3172 tunc

274 3198 428 3249 etiam
460 3201 628 3251 omnis
659 3198 848 3265 Israel,
875 3201 967 3270 qui
1017 3216 1113 3271 per
1156 3203 1550 3260 incredulitatis
1597 3207 1854 3265 duritiam

279 3287 444 3342 factus
468 3287 652 3342 fuerat
681 3290 824 3343 sicut
861 3290 1011 3360 lapis,
1037 3291 1327 3350 salvabitur
1356 3294 1534 3366 (Rom.
1560 3297 1658 3370 χι).
1683 3298 1751 3352 Ει
1773 3301 1856 3354 vis

278 3378 452 3433 ridere
478 3381 752 3448 quomodo
773 3380 1100 3436 salvabitur?
1127 3383 1326 3440 Potens
1354 3395 1453 3450 est,
1480 3387 1677 3457 iuqttit,
1710 3389 1854 3444 Deus

279 3471 341 3522 de
381 3469 656 3539 lapidibus
692 3473 957 3526 suscitare
993 3474 1130 3530 filios
1171 3476 1424 3530 Abrahze.
1459 3477 1679 3533 Manent
1723 3495 1853 3550 ergo

283 3561 475 3629 lapides
507 3578 672 3626 nunc,
705 3563 870 3620 donec
908 3572 1137 3620 transeat
1161 3565 1384 3635 populus
1425 3579 1567 3632 tuus,
1607 3568 1850 3633 Domine,

277 3652 490 3721 populus
531 3664 655 3709 tuus
695 3654 781 3710 hic
807 3672 958 3724 quem
1002 3658 1290 3725 acquisiui.
1325 3657 1432 3713 Sed
1454 3659 1499 3713 si
1533 3659 1650 3729 ipse
1674 3660 1854 3714 Domi-

279 3760 378 3798 nus
402 3755 610 3804 creator
627 3756 713 3808 est
729 3748 992 3811 omnium,
1015 3748 1301 3804 videndum
1335 3760 1420 3804 est
1452 3753 1721 3820 quomodo
1766 3753 1854 3807 hic

280 3839 574 3908 acquisisse
621 3840 831 3895 dicatur
863 3858 986 3911 qua:
1035 3859 1130 3899 sua
1175 3859 1296 3900 esse
1331 3861 1437 3900 non
1483 3846 1703 3901 dubium
1747 3856 1852 3902 est.

281 3927 480 3990 ﬁcitur
509 3929 646 3984 etin
674 3931 781 3984 alio
799 3932 1014 3992 cantico
1041 3933 1491 4010 Denteronomii:
1528 3935 1722 3991 Nonne
1769 3938 1854 3991 hic

285 4033 382 4087 Ipse
413 4019 556 4074 Deus
592 4031 734 4086 tuus,
765 4022 854 4092 qui
894 4022 1015 4091 fecit
1042 4033 1112 4088 te,
1154 4035 1201 4078 et
1225 4026 1418 4085 creavit
1441 4035 1512 4092 te,
1541 4035 1589 4080 et
1635 4029 1855 4096 acquisi-

282 4109 344 4160 rit
369 4118 416 4162 te
435 4109 617 4179 (Deut.
643 4111 854 4180 xxxn)?
880 4110 1106 4168 Videtur
1137 4113 1282 4168 enim
1324 4116 1696 4186 unusquisque
1725 4116 1855 4172 illud

280 4203 557 4272 acquirere
586 4203 730 4272 quod
757 4219 862 4258 non
887 4199 988 4258 fuit
1013 4220 1190 4259 suum.
1223 4204 1352 4258 [nde
1384 4205 1615 4277 denique
1657 4215 1714 4261 et
1750 4207 1857 4261 hae-

1949 1745 2484 1814 qua-ntulumcunque
2508 1745 2870 1814 susceperint.

2020 1837 2332 1890 Introduccs
2382 1846 2430 1892 et
2479 1836 2744 1906 plantabis
2790 1852 2878 1890 eos
2907 1837 2961 1889 in
2997 1847 3169 1890 monte
3209 1837 3534 1892 hmreditatis

1947 1937 2070 1982 tute.
2101 1927 2216 1982 Non
2257 1927 2374 1981 vult
2398 1942 2497 1981 nos
2527 1927 2669 1981 Deus
2690 1927 2744 1981 in
2771 1925 3007 1998 [Egypto
3036 1928 3303 1997 plantare,
3332 1942 3434 1984 nec
3479 1931 3530 1984 in

1948 2015 2176 2084 deiectis
2204 2027 2264 2073 et
2286 2018 2581 2072 humilibus
2609 2017 2763 2082 locis,
2788 2020 2881 2072 sed
2914 2018 2968 2070 in
2993 2028 3176 2072 monte
3201 2018 3534 2073 hazreditatis

1947 2123 2058 2162 suu‘
2110 2109 2226 2164 vult
2253 2108 2499 2180 plantare
2557 2123 2694 2177 quos
2741 2108 2970 2176 plantat.
3017 2108 3284 2178 Propheta
3329 2108 3463 2164 dicit
3513 2126 3527 2160 :

1961 2197 2172 2253 Vineam
2223 2215 2288 2253 ea:
2331 2198 2562 2268 Egypto
2585 2198 2922 2262 transtulisti,
2974 2199 3222 2270 expulisti
3262 2209 3436 2268 gentes
3483 2211 3531 2254 et

1945 2292 2199 2363 plantasti
2221 2311 2360 2348 eam.
2387 2292 2637 2348 Peruium
2662 2293 2762 2346 iter
2778 2291 2966 2361 fecisti,
2995 2301 3116 2345 ante
3138 2309 3252 2345 eam
3281 2292 3534 2362 plantasti

1949 2385 2150 2438 radices
2171 2385 2308 2454 ejus,
2329 2393 2377 2438 et
2401 2383 2610 2454 replevit
2633 2393 2849 2438 terram.
2878 2382 3092 2454 Operuit
3117 2393 3315 2436 montes
3348 2384 3532 2436 umbra

1947 2473 2084 2543 ejus,
2128 2485 2176 2529 et
2209 2474 2426 2529 arbusta
2470 2474 2586 2545 ejus
2631 2475 2812 2528 cedros
2845 2473 2939 2528 Dei
2982 2472 3153 2545 (Psal.
3187 2475 3393 2546 LXXIX).
3425 2476 3536 2529 Ad-

1949 2563 2118 2617 vertis
2159 2561 2277 2632 jam
2324 2565 2594 2634 quomodo
2624 2563 2838 2633 plantat
2882 2565 3024 2619 Deus
3055 2574 3110 2618 et
3160 2564 3250 2619 ubi
3287 2564 3536 2634 plantat?

1949 2651 2066 2706 Non
2093 2653 2303 2722 plantat
2351 2653 2404 2707 in
2434 2653 2682 2718 vallibus,
2714 2653 2808 2708 sed
2838 2654 2892 2707 in
2938 2655 3234 2719 montibus,
3272 2656 3328 2709 itt
3359 2656 3536 2710 excel-

1950 2745 2028 2798 sis
2050 2751 2106 2798 et
2145 2744 2466 2800 sublimibus
2502 2745 2655 2801 locis.
2694 2745 2840 2812 Quos
2877 2747 3020 2800 enim
3052 2747 3235 2802 educit
3262 2762 3327 2801 ex
3370 2746 3539 2818 Egy-

1948 2842 2062 2904 pto,
2087 2834 2227 2902 quod
2255 2834 2320 2888 de
2349 2833 2546 2890 saeculo
2567 2835 2786 2889 adducit
2814 2835 2884 2889 ad
2933 2835 3116 2901 fidem,
3147 2851 3256 2890 non
3286 2837 3397 2890 vult
3441 2853 3536 2892 eos

1954 2924 2150 2976 iterant
2189 2923 2246 2978 in
2275 2923 2565 2978 humilibus
2591 2925 2880 2989 collocare,
2923 2928 3018 2980 sed
3063 2928 3531 2982 conversationem

1953 3029 2140 3069 eorum
2168 3014 2422 3070 vultesse
2447 3016 2753 3070 sublimem.
2783 3015 2907 3070 Vult
2933 3031 3031 3070 nos
3058 3016 3112 3070 in
3141 3018 3417 3074 montibus
3450 3019 3541 3072 ha-

1953 3107 2150 3172 bitare,
2194 3106 2297 3162 sed
2341 3114 2398 3161 et
2432 3107 2486 3161 in
2526 3107 2659 3176 ipsis
2709 3106 3068 3162 nihilominus
3109 3107 3388 3164 montibus
3431 3123 3539 3163 non

1953 3198 2070 3252 vult
2093 3213 2196 3254 nos
2218 3212 2317 3269 per
2353 3205 2555 3253 terram
2603 3213 2823 3269 repere;
2857 3214 2958 3254 nec
3001 3198 3144 3252 ultra
3177 3198 3290 3252 vult
3327 3200 3538 3254 vineam

1953 3304 2108 3344 suam
2137 3289 2285 3342 humi
2313 3285 2552 3356 deiectos
2578 3288 2781 3343 habere
2805 3288 3030 3350 fructus,
3063 3289 3157 3343 sed
3195 3287 3308 3343 vult
3346 3291 3540 3358 palmi-

1956 3390 2037 3434 tes
2057 3377 2173 3446 ejus
2189 3394 2404 3434 sursum
2435 3379 2578 3443 duci,
2609 3382 2664 3432 in
2685 3378 2795 3434 alto
2821 3378 3096 3442 collocari,
3125 3380 3378 3434 traduces
3399 3380 3538 3442 lteri,

1954 3483 2011 3528 et
2049 3473 2300 3527 traduces
2326 3488 2433 3528 non
2465 3473 2521 3525 in
2568 3471 2979 3541 quibuscunqne
3009 3472 3302 3527 humilibus
3329 3472 3540 3526 arbori-

1955 3566 2076 3629 bus,
2106 3565 2202 3618 sed
2231 3565 2284 3617 in
2314 3564 2542 3618 excelsis
2568 3571 2623 3616 et
2658 3562 2941 3616 altissimis
2982 3563 3158 3617 cedris
3189 3563 3303 3618 Dei.
3337 3562 3542 3617 Cedros

1957 3655 2050 3710 Dei
2097 3669 2197 3725 ego
2247 3654 2547 3724 praphetas
2569 3660 2626 3706 et
2671 3652 2948 3721 apostolos
2989 3661 3159 3722 puto:
3191 3653 3387 3721 quibus
3442 3668 3542 3707 nos

1955 3746 2312 3818 adjungamur
2333 3747 2482 3810 vitis,
2506 3762 2669 3816 quam
2700 3747 2764 3801 de
2798 3744 3034 3818 Egypto
3059 3746 3334 3802 transtulit
3359 3747 3538 3811 Deus;

1955 3851 2012 3896 et
2037 3855 2135 3911 per
2157 3854 2339 3895 ramos
2365 3854 2553 3893 eorum
2579 3837 2747 3893 nostri
2771 3836 3023 3907 palmites
3049 3835 3438 3904 diffundantur,
3462 3847 3544 3892 at-

1957 3946 2062 3999 que
2115 3931 2169 3984 in
2217 3928 2353 3999 ipsis
2395 3928 2582 3994 innisi,
2636 3928 2892 3982 traduces
2937 3928 3154 3996 quidem
3205 3927 3543 3989 efficiamur.

1957 4022 2242 4077 eharitatis
2295 4021 2362 4074 ad
2409 4020 2638 4076 invicem
2693 4019 2928 4075 vinculis
2956 4017 3102 4082 nexi,
3155 4016 3393 4072 fructum
3419 4020 3541 4074 sine

1957 4114 2122 4169 dubio
2161 4113 2454 4183 plurimum
2501 4110 2799 4167 adierimus.
2861 4109 3000 4164 Nam
3038 4111 3207 4163 omnis
3238 4111 3397 4164 arbor
3425 4127 3544 4180 qua!

1960 4222 2065 4259 non
2106 4205 2233 4274 facit
2281 4203 2550 4272 fructum,
2591 4202 2863 4255 excidetur
2907 4209 2954 4252 et
2995 4201 3050 4252 in
3085 4201 3258 4267 ignem
3306 4200 3542 4253 mittetur

283 4295 424 4348 retici
471 4294 663 4349 dicunt
684 4295 752 4349 de
778 4293 1060 4350 Salvatore
1089 4296 1216 4366 quia
1242 4312 1350 4350 non
1400 4308 1558 4351 erant
1584 4298 1667 4353 sui
1719 4313 1855 4368 quos
1879 4330 1933 4388 D
1960 4295 2174 4367 (Matth.
2202 4294 2306 4364 ut).
2331 4293 2400 4346 In
2422 4301 2719 4362 pra’parala
2747 4289 3069 4344 habitatione
3091 4301 3204 4353 tua,
3224 4305 3380 4360 quam
3409 4307 3546 4360 prte-

281 4385 581 4453 acquisivit.
601 4384 737 4439 Dato
760 4385 959 4440 etenim
983 4385 1158 4455 pretio
1189 4395 1461 4442 mercatus
1478 4398 1563 4442 est
1585 4388 1854 4452 homines,

283 4487 406 4542 quos
451 4473 687 4529 Creator
714 4474 948 4539 fecerat;
991 4485 1048 4530 et
1076 4484 1288 4531 certum
1319 4485 1423 4540 est,
1453 4477 1626 4539 aiunt,
1666 4492 1860 4530 unum-

282 4579 544 4634 quemque
569 4565 701 4620 illud
727 4578 909 4623 emere
929 4567 1075 4636 quod
1099 4582 1256 4622 suum
1287 4582 1395 4622 non
1439 4575 1541 4621 est.
1574 4565 1860 4636 Apostolus

283 4658 420 4712 enim
435 4657 744 4713 aitzPretio
767 4660 1062 4729 emptiestis
1093 4659 1143 4731 (Ι
1171 4657 1294 4714 Cor.
1319 4659 1396 4730 v).
1440 4659 1547 4716 Sed
1581 4661 1706 4714 audi
1730 4661 1859 4730 quid

285 4751 410 4804 dicit
435 4753 700 4826 propheta
732 4765 746 4804 :
779 4750 1017 4806 Peccatis
1060 4753 1239 4806 uestris
1285 4752 1566 4807 venundati
1610 4753 1766 4815 estis,
1812 4763 1860 4806 et

282 4858 370 4909 pro
390 4842 752 4911 iniquitatibus
764 4845 944 4896 uestris
953 4844 1130 4898 dimisi
1149 4854 1368 4897 matrem
1385 4854 1602 4898 vestram
1628 4842 1679 4914 (Ι
1682 4861 1763 4896 sa.
1781 4850 1854 4914 L).

289 4933 444 4989 Vides
462 4949 595 5003 ergo
623 4933 750 5001 quia
783 4934 876 4988 Dei
904 4934 1123 5003 quidem
1144 4942 1410 4989 creaturae
1433 4950 1623 4990 omnes
1647 4949 1857 4998 sumus,

286 5025 654 5094 somnisque
681 5040 812 5078 vero
854 5026 1094 5093 peccatis
1123 5025 1236 5082 suis
1281 5027 1643 5088 venundatur,
1679 5033 1736 5078 et
1765 5039 1863 5093 pro

286 5116 659 5184 iniquitatibus
708 5116 824 5170 suis
856 5131 887 5169 a
927 5117 1145 5186 proprio
1170 5116 1430 5174 Creatore
1469 5119 1718 5173 discedit.
1770 5117 1864 5174 Dei

283 5217 410 5274 ergo
449 5220 657 5269 sumus,
703 5204 1002 5259 secundum
1025 5204 1170 5273 quod
1204 5206 1272 5260 ab
1317 5219 1383 5260 eo
1422 5207 1591 5261 creati
1641 5221 1861 5270 sumus;

284 5293 458 5351 electi
509 5311 638 5350 vero
684 5309 873 5349 sumus
923 5295 1068 5349 servi
1119 5294 1337 5357 diaboli,
1385 5295 1681 5350 secundum
1721 5295 1867 5365 quod

287 5387 519 5452 peccatis
565 5385 769 5440 nostris
813 5384 1105 5440 venundati
1143 5399 1351 5440 sumus.
1405 5383 1643 5440 Veniens
1681 5393 1866 5441 autem

287 5478 532 5535 Christus
561 5477 795 5534 redemit
824 5491 947 5538 nos,
992 5491 1117 5531 cun-
1155 5476 1486 5530 serviremus
1530 5474 1605 5527 illi
1651 5474 1870 5530 domino

292 5572 375 5626 cui
398 5574 752 5643 nosmetipsos
777 5570 1054 5641 peccando
1083 5568 1422 5623 vendidimus
1468 5567 1532 5619 Et
1560 5568 1629 5619 ita
1659 5567 1872 5620 videtur

609 5671 888 5730 ιἰιτιιοιη
940 5662 1123 5724 CV!"

1965 4387 2190 4456 parasti,
2220 4385 2461 4438 Domine.
2492 4384 2625 4438 Vide
2651 4382 2932 4438 clementis
2963 4381 3169 4438 Domini
3198 4382 3496 4438 bonitatem
3531 4401 3545 4438 :

1967 4495 2072 4532 non
2103 4477 2215 4533 vult
2260 4486 2309 4531 te
2359 4477 2612 4531 inducere
2652 4477 2720 4530 ad
2764 4475 3027 4541 laborem,
3065 4491 3170 4529 non
3208 4475 3322 4528 vult
3348 4484 3408 4529 ut
3434 4477 3548 4547 ipse

1967 4570 2062 4624 tibi
2110 4568 2282 4623 facias
2314 4566 2701 4630 habitaculum,
2730 4564 2844 4635 jam
2893 4574 2947 4620 te
2973 4567 3038 4619 ad
3069 4578 3426 4636 praeparatam
3455 4568 3549 4621 de—

1967 4661 2113 4714 ducit
2136 4660 2545 4714 habitationem.
2568 4658 2706 4713 Audi
2739 4658 3025 4712 Dominum
3062 4658 3116 4711 in
3159 4659 3449 4731 Evangelia
3475 4662 3551 4713 di-

1967 4759 2176 4803 centem
2213 4767 2224 4801 :
2264 4747 2366 4801 Alii
2397 4747 2788 4812 laboraverunt,
2825 4757 2871 4800 et
2897 4765 2984 4802 vos
3022 4748 3076 4801 in
3104 4747 3335 4803 laborem
3368 4765 3550 4804 eorum

1961 4838 2214 4892 introistis
2271 4835 2454 4908 (Joan.
2497 4835 2593 4906 tv).
2649 4836 3092 4901 Sanctimonium,
3124 4836 3367 4900 Domine,
3411 4840 3550 4909 quod

1959 4936 2387 4998 prwparaverunt
2439 4941 2626 4980 manus
2677 4935 2804 4980 tua.
2853 4925 3286 4983 Sanctimonium
3332 4927 3546 4982 Domini

1966 5016 2372 5071 tabernaculum
2415 5015 2535 5080 Dei,
2577 5015 2726 5069 velut
2757 5015 3018 5086 templum
3066 5017 3208 5086 quod
3235 5015 3303 5070 ab
3327 5031 3393 5071 eo
3423 5033 3549 5071 san-

1967 5106 2277 5160 ctificantur
2301 5105 2645 5162 accedentes.
2685 5104 2801 5159 Hoc
2829 5121 2938 5160 non
2967 5105 3103 5160 dicit
3125 5122 3287 5160 manu
3318 5105 3552 5161 hominis

1970 5197 2192 5264 factum,
2229 5200 2322 5254 sed
2350 5215 2514 5254 manu
2543 5199 2657 5254 Dei.
2690 5199 2831 5266 Quid
2856 5214 2986 5271 ergo
3009 5201 3032 5254 ?
3059 5209 3283 5272 propter
3320 5209 3375 5255 te
3410 5199 3551 5255 Deus

1971 5297 2028 5344 et
2054 5288 2260 5359 plantat
2301 5297 2356 5343 et
2407 5287 2641 5344 aedificat
2675 5308 2689 5343 :
2724 5288 2964 5357 agricola
3018 5289 3270 5356 edicitur,
3313 5297 3552 5343 structor

1973 5377 2222 5443 edicitur,
2253 5394 2321 5435 ne
2345 5378 2440 5434 tibi
2465 5379 2664 5449 aliquid
2693 5379 2852 5435 desit.
2883 5378 3024 5435 Audi
3051 5388 3106 5435 et
3125 5379 3344 5434 Paulum
3369 5379 3546 5434 dicen-

1976 5478 2123 5527 tem:
2163 5471 2262 5525 Dei
2305 5471 2655 5541 agricultura,
2683 5471 2783 5525 Dei
2824 5471 3108 5540 wdiﬁcatio
3153 5471 3278 5524 estis
3327 5469 3381 5543 (l
3426 5471 3549 5526 Cor.

1979 5568 2081 5640 ιιι).
2113 5566 2249 5633 Quid
2290 5583 2417 5635 ergo
2464 5567 2604 5622 istud
2641 5575 2725 5620 est
2772 5566 3208 5630 sanctimoniam,
3257 5568 3401 5633 quod
3445 5585 3551 5623 non

3083 5657 3119 5715 3
