3992 6182
458 260 547 315 ‘75

1121 256 1180 313 B.
1218 253 1469 309 RAllANl
1512 252 1727 310 MAURI
1765 255 2079 310 AllClllEP.
2125 256 2430 313 MUGUNT.
2475 258 2752 314 (il’iﬂlUM
2793 260 2972 315 PARS
3008 262 3047 315 Ι.

3650 269 3725 324 76

470 387 633 425 manu
670 369 946 424 hominum
979 366 1176 419 factum
1207 376 1309 429 est,
1347 366 1437 419 sed
1490 364 1738 418 manilms
1772 364 1860 416 Dei
1889 379 2047 432 p.ra-
2082 374 2127 431 Α
2156 383 2339 437 aquas,
2382 369 2435 421 in
2476 368 2801 423 dulcedinem
2829 387 2986 424 versat
3026 383 3144 425 sunt
3187 373 3379 443 (Exod.
3424 391 3537 445 (ap.
3578 382 3724 450 ην).

467 464 623 517 tum?
656 460 789 515 Audi
831 459 1161 529 Sapientiam
1188 458 1454 511 dicentem
1480 475 1493 508 :
1534 455 1637 521 Qui
1665 455 1946 523 (ediﬁcavit
1973 458 2043 509 si-

469 557 517 609 bi
548 556 759 608 domum
789 550 839 624 (I
866 550 989 605 Cor.
1025 550 1124 619 ιιι).
1180 548 1292 619 Ego
1336 556 1514 601 autem
1548 549 1650 602 hoc
1684 548 1751 601 de
1795 548 2042 601 incarna-

468 648 611 701 liuttc
649 644 857 698 Domini
890 642 1089 698 rectius
1118 641 1520 711 intelligendum
1561 650 1710 710 puto.
1742 638 1858 693 Non
1898 639 2040 693 enim

464 755 626 801 manu
648 736 924 791 hominum
946 735 1144 787 factum
1169 743 1271 796 est,
1293 733 1346 786 id
1370 741 1471 795 est,
1496 748 1601 786 non
1623 745 1784 799 opere
1805 731 2041 785 humano

467 827 723 896 templum
763 823 942 879 carnis
970 822 1270 877 :cdiﬁeatur
1297 823 1349 874 in
1380 820 1626 889 virgine;
1660 820 1754 875 sed
1775 821 1915 875 sicut
1943 835 2037 875 su-

464 933 558 985 pra
602 916 816 980 Daniel,
851 916 983 984 lapis
1029 916 1145 969 sine
1176 914 1425 968 manibus
1477 912 1711 978 excisus,
1758 912 1956 967 crescit
1985 922 2040 968 et

460 1006 637 1060 factus
664 1014 746 1061 est
773 1021 925 1059 mons
950 1002 1361 1074 magnus.‘lstud
1381 1011 1464 1057 est
1488 1003 1900 1057 sanctimouium
1925 1019 2039 1058 car-

462 1097 544 1149 nis
571 1104 862 1164 assumptio
888 1104 940 1148 et
978 1096 1093 1149 sine
1130 1095 1404 1158 manibus,
1432 1093 1485 1148 id
1513 1102 1617 1155 est,
1648 1095 1850 1163 absque
1875 1109 2037 1164 opere

460 1186 734 1239 hominum
783 1187 846 1239 de
875 1195 1059 1240 monte
1090 1186 1338 1239 humanae
1388 1193 1615 1250 natura},
1647 1195 1699 1237 et
1731 1186 2033 1240 substantia

461 1278 640 1331 carnis
660 1277 923 1331 excisum.

539 1367 776 1430 Domine,
789 1368 889 1438 *qui
924 1382 1105 1436 regnas
1137 1366 1191 1419 in
1225 1364 1496 1430 staturum,
1519 1375 1566 1420 et
1593 1367 1646 1420 in
1671 1366 1942 1431 swculum,
1984 1377 2034 1421 et

456 1458 647 1510 adhuc.
690 1456 914 1523 Quoties
952 1458 1010 1511 in
1054 1456 1308 1511 sarculum
1339 1457 1554 1522 dicitur,
1604 1456 1879 1527 longitudo
1914 1458 2034 1527 qui-

458 1548 580 1600 dem
626 1548 906 1615 temporis,
955 1546 1050 1601 sed
1086 1544 1359 1600 essellnis
1396 1546 1589 1614 aliquis
1623 1546 1920 1611 indicatur;
1977 1555 2031 1601 et

457 1642 499 1693 si
533 1642 583 1693 in
613 1640 757 1693 aliud
786 1638 1043 1694 s:eculum
1073 1637 1305 1702 dicatur,
1353 1636 1551 1705 aliquis
1583 1636 1698 1690 sine
1726 1637 1888 1691 dubio
1915 1636 2029 1691 lon-

2153 456 2262 527 [Ιξιε
2278 458 2497 531 Isidor.]
2517 460 2760 529 Egressis
2771 461 2985 531 populis
3011 462 3077 515 de
3107 464 3240 515 mari
3261 464 3467 528 Rubro,
3481 468 3726 522 occurrit

2149 561 2400 602 oremus:
2428 548 2481 601 in
2519 565 2625 617 qua
2653 550 2826 603 tribus
2856 552 3045 607 diebus
3069 553 3454 623 ingredientes,
3479 572 3585 611 non
3622 560 3723 612 ha-

2149 631 2380 691 bueiuut
2406 652 2625 707 aquam,
2676 647 2731 694 et
2776 651 3141 709 pervenerunt
3164 644 3230 697 ad
3262 642 3466 699 fontem
3513 647 3721 713 Manili,

2147 728 2239 796 qui
2264 742 2330 782 ex
2357 728 2719 783 amaritudine
2759 744 2953 784 nomen
3004 733 3231 801 accepit.
3284 733 3581 790 Memorat
3627 754 3722 806 ρας

2144 817 2302 887 pulus
2328 818 2519 873 videns
2550 833 2738 888 aquas,
2785 831 2839 874 et
2868 829 3057 891 potare
3087 837 3192 878 non
3229 826 3523 881 sustinens.
3558 827 3719 882 Mittit

2143 906 2345 977 lignum
2391 908 2602 978 Moyses
2641 909 2696 963 in
2729 925 2900 979 aquas
2931 929 2946 964 :
2979 920 3034 966 et
3060 911 3217 967 facte
3239 924 3364 967 sunt
3387 915 3588 971 dulces.
3622 918 3718 970 in-

2144 997 2326 1068 tellige
2351 1014 2565 1053 amaras
2593 1016 2762 1069 aquas
2812 1002 3113 1057 occidentis
3149 1004 3341 1060 littera:
3374 1014 3429 1059 et
3462 1007 3594 1076 legis
3623 1010 3719 1061 ha-

2142 1088 2272 1144 bere
2311 1091 2539 1160 ﬁguram
2569 1108 2582 1144 :
2615 1093 2813 1162 quibus
2838 1093 2894 1147 si
2916 1094 3237 1149 immittitur
3295 1098 3564 1152 confessio
3592 1115 3720 1152 ειυς

2140 1181 2240 1245 cis,
2269 1190 2324 1235 et
2353 1182 2620 1251 passionis
2670 1184 2962 1237 Domiuieae
3002 1196 3397 1241 sacramentum
3427 1189 3715 1260 jungatur,

2144 1277 2269 1324 tunc
2315 1269 2547 1325 ellleitur
2590 1288 2727 1340 aqua
2791 1289 2975 1327 amara
3039 1276 3251 1342 suavis;
3299 1288 3354 1332 et
3407 1283 3718 1336 amaritudo

2138 1359 2334 1414 litteras
2371 1361 2600 1414 vertitur
2634 1362 2687 1414 in
2713 1361 3051 1417 dulcedinem
3074 1365 3441 1437 intelligentize
3462 1371 3719 1439 spiritua—

2137 1452 2222 1506 lis.
2255 1452 2405 1507 Unde
2421 1462 2475 1507 et
2490 1454 2752 1522 scriptum
2782 1462 2912 1513 est:
2941 1453 3221 1510 Constituit
3245 1458 3497 1513 Dominus
3520 1463 3715 1532 populo

2135 1559 2236 1596 suo
2276 1543 2439 1613 legem
2477 1553 2527 1597 et
2556 1545 2789 1613 judicia,
2839 1555 2887 1599 et
2953 1549 3167 1601 tentririt
3214 1566 3332 1603 eum
3367 1550 3550 1620 (Lem‘t.
3592 1554 3707 1619 xx).

2132 1632 2255 1687 Alio
2290 1648 2505 1702 quoque
2567 1649 2728 1689 sensu
2790 1636 2932 1704 quod
2976 1653 3130 1705 aqua:
3186 1654 3386 1694 amara:
3451 1641 3595 1709 ligno
3655 1645 3711 1696 in

453 1731 571 1797 gior
594 1729 830 1799 quidem,
873 1737 1053 1783 tamen
1078 1727 1296 1797 ponitur
1327 1725 1467 1780 ﬁnis.
1502 1727 1566 1781 Et
1594 1727 1804 1796 quoties
1829 1727 2026 1782 sateula
2059 1719 2102 1776 Β
2132 1738 2191 1778 se
2224 1734 2476 1794 suscepto
2515 1727 2830 1781 dulcescunt
2874 1729 3072 1783 indicio
3099 1739 3236 1795 erat,
3290 1732 3710 1787 amaritudinem

453 1821 774 1876 smculorum
800 1820 1167 1886 nominantur,
1193 1818 1420 1874 fortasse
1449 1818 1579 1874 licet
1601 1820 1816 1891 ignotus
1847 1820 2022 1887 nobis,

453 1922 632 1967 tamen
678 1929 709 1966 a
748 1913 859 1967 Deo
898 1918 1134 1966 statutus
1172 1910 1372 1979 aliquis
1426 1909 1692 1963 terminus
1736 1911 2023 1966 indicatur.

452 2002 604 2067 Quod
637 2015 764 2056 vero
795 2000 945 2055 addit
969 2000 1022 2053 in
1061 2001 1164 2055 hoc
1192 1998 1333 2064 loco,
1360 2007 1417 2053 et
1437 1999 1637 2065 adhuc,
1668 2000 1872 2079 nullum
1902 2017 2027 2057 sen-

450 2109 567 2147 sum
600 2093 813 2153 termini
842 2089 1068 2160 alicujus
1095 2098 1190 2145 aut
1228 2089 1351 2145 ﬁnis
1380 2091 1618 2161 reliquit.
1660 2089 2026 2163 Quodcunque

446 2185 589 2238 enim
615 2183 740 2239 illud
762 2183 1086 2254 cogitaveris
1110 2183 1162 2236 in
1200 2196 1307 2252 quo
1337 2182 1495 2237 ﬁnem
1520 2189 1676 2252 putes
1704 2197 1863 2252 posse
1893 2199 2025 2239 con-

436 2274 658 2336 sistere,
713 2289 929 2343 semper
980 2273 1113 2327 dicit
1162 2272 1252 2327 tibi
1309 2287 1488 2328 sermo
1540 2274 1907 2344 propheticus,
1970 2285 2025 2331 et

448 2367 627 2420 adhuc
662 2382 676 2420 :
708 2366 854 2419 velut
894 2365 938 2418 si
991 2365 1247 2433 loquatur
1274 2365 1340 2418 ad
1372 2372 1426 2419 te
1464 2372 1520 2419 et
1553 2364 1697 2418 dicat
1727 2366 1927 2421 :Putas
1966 2368 2021 2422 in

434 2455 698 2510 smculum
727 2454 906 2511 sazculi
940 2454 1223 2508 Dominum
1273 2456 1662 2524 regnaturum?
1704 2454 1770 2509 Et
1795 2457 1973 2512 adhuc
2005 2471 2019 2510 :

410 2574 415 2579 ι
440 2546 609 2602 Putas
642 2547 694 2601 in
716 2546 910 2602 saecula
936 2545 1295 2601 smculorum?
1318 2546 1384 2599 Et
1406 2546 1583 2600 adhuc
1610 2563 1622 2598 :
1646 2545 1718 2600 Et
1746 2547 2021 2616 quodcun-

426 2654 547 2708 .que
591 2637 720 2693 illud
752 2637 948 2692 'lixcris
990 2638 1057 2693 de
1082 2636 1239 2707 regni
1278 2636 1396 2708 ejus
1432 2636 1646 2706 spatiis,
1689 2652 1901 2707 semper
1924 2637 2020 2693 tibi

441 2729 571 2785 dicit
588 2728 876 2800 Propheta,
897 2737 954 2782 et
983 2728 1178 2783 adhuc.

514 2819 738 2873 Intravit
781 2820 1042 2890 equitatus
1068 2818 1279 2872 Pharao
1303 2834 1420 2871 cum
1464 2813 1735 2890 quadrigis
1758 2828 1805 2871 et
1839 2833 2020 2871 ascen-

439 2910 651 2965 soribus
672 2908 727 2963 in
750 2921 937 2962 mare:
960 2918 1007 2962 ct
1029 2907 1236 2962 induxit
1276 2924 1434 2978 super
1454 2924 1541 2962 eos
1571 2906 1827 2961 Dontinus
1850 2922 2019 2978 aquas

442 3001 631 3054 utaris.
674 2998 803 3054 Filii
849 3010 1021 3053 autent
1069 2997 1238 3052 Israel
1267 2997 1663 3053 ambulaverunt
1702 3013 1794 3067 per
1821 2999 2015 3051 siccum

2132 1813 2374 1882 gentium
2419 1828 2517 1882 per
2542 1815 2744 1883 lignum
2778 1819 2957 1872 crucis
2987 1818 3188 1874 Christi
3222 1822 3277 1875 in
3323 1838 3478 1876 usum
3524 1824 3709 1877 dulce-

2132 1902 2278 1957 dinis
2298 1905 2623 1973 quandoque
2648 1920 2769 1961 esse
2800 1909 3131 1962 vertendam.

2130 2018 2131 2021 η
2202 1994 2289 2048 Ibi
2354 1997 2620 2050 constituit
2659 1998 2708 2050 ei
2747 2008 3005 2068 pracepta
3053 2010 3208 2070 atque
3254 2002 3484 2070 judicia,
3542 2013 3589 2057 et
3634 2004 3707 2057 ibi

2127 2087 2344 2141 tentavit
2403 2103 2520 2140 eum
2552 2088 2772 2141 dicens:
2798 2088 2856 2143 Si
2886 2090 3121 2144 audieris
3162 2108 3333 2144 vocem
3365 2092 3579 2146 Domini
3604 2094 3699 2147 De;

2124 2183 2225 2246 tui,
2253 2191 2300 2233 et
2324 2180 2462 2250 quod
2486 2176 2678 2234 rectum
2717 2191 2792 2234 est
2832 2198 3009 2235 coram
3056 2200 3116 2236 eo
3155 2184 3358 2254 feceris,
3402 2195 3448 2238 et
3497 2186 3705 2239 obedie-

2127 2271 2198 2325 ris
2251 2271 2527 2325 mandatis
2569 2273 2703 2342 ejus,
2750 2274 3162 2345 custodierisque
3220 2278 3398 2329 omnia
3442 2289 3705 2349 prmeepta

2125 2363 2293 2427 illius,
2335 2374 2578 2417 cunctum
2609 2363 2916 2433 languorem
2960 2382 3111 2436 quem
3150 2366 3303 2431 posui
3339 2370 3396 2420 in
3441 2366 3702 2438 .‘Egypto,

2125 2467 2229 2506 non
2272 2452 2523 2507 inducam
2553 2469 2711 2521 super
2752 2462 2821 2505 te.
2868 2452 2980 2523 Ego
3001 2457 3136 2506 enim
3178 2453 3435 2509 Dominus
3455 2453 3708 2509 Salvator

2124 2553 2268 2609 tuus,
2314 2553 2368 2598 et
2403 2545 2629 2614 reliqua.
2654 2545 2762 2615 (Ea:
2793 2543 3061 2615 Origene.)
3087 2544 3239 2612 Quod
3278 2547 3489 2601 videtur
3516 2548 3706 2604 dicere

2121 2638 2265 2706 quod
2300 2637 2346 2692 si
2384 2638 2507 2707 quis
2544 2646 2724 2693 servet
2763 2639 3041 2703 mandata,
3073 2638 3272 2692 nullam
3322 2639 3701 2708 aegritudinem

2121 2729 2379 2799 patiatur,
2412 2730 2516 2783 hoc
2543 2736 2627 2783 est
2653 2742 2830 2798 neque
2856 2722 3071 2793 febrim,
3107 2744 3280 2798 neque
3319 2732 3453 2785 alios
3480 2730 3701 2786 dolores

2119 2820 2364 2890 corporis
2384 2818 2540 2873 lerat.
2566 2818 2682 2873 Non
2720 2829 2851 2888 puto
2886 2820 3028 2888 quod
3054 2820 3169 2874 lucc
3194 2823 3306 2873 sint
3326 2834 3446 2888 qua:
3472 2822 3695 2890 promit-

2119 2915 2305 2962 tantur
2332 2908 2511 2961 divina
2542 2908 2794 2962 mandata
2819 2909 3198 2971 servantibus;
3224 2908 3464 2977 alioquin
3493 2909 3702 2964 indicio

2121 3000 2275 3054 nobis
2302 3008 2380 3053 est
2411 2997 2513 3053 Job
2529 2997 2866 3068 iustissimus
2890 3006 2944 3053 et
2966 3000 3127 3053 totius
3156 3000 3376 3069 pietatis
3401 3001 3702 3055 observan-

438 3096 493 3147 in
541 3091 714 3147 medio
735 3090 889 3145 mari.
924 3090 989 3144 Et
1015 3099 1070 3143 tu
1116 3090 1160 3145 si
1189 3090 1328 3144 ﬁlius
1351 3088 1512 3143 Israel
1539 3104 1622 3153 es,
1644 3064 1799 3158 potes
1823 3089 2014 3143 ambu-
2045 3064 2088 3127 δ
2122 3090 2382 3152 tissimus,
2421 3089 2512 3159 qui
2532 3064 2575 3142 va
2603 3090 2779 3159 capite
2807 3104 2979 3158 usque
3034 3089 3101 3143 ad
3139 3064 3306 3158 pedes
3345 3089 3585 3159 repletur
3614 3090 3701 3144 ul-

440 3182 555 3238 larc
577 3198 673 3253 per
697 3181 982 3237 siccumin
1019 3181 1198 3235 medio
1230 3179 1387 3233 mari.
1441 3178 1500 3233 Si
1551 3178 1719 3234 fueris
1753 3179 1807 3233 in
1838 3179 2017 3233 medio

440 3275 675 3329 nationis
696 3289 876 3345 prava:
914 3281 971 3326 et
1012 3284 1308 3342 perverste;
1351 3269 1491 3323 sicut
1518 3268 1700 3325 lumen
1738 3267 1868 3323 solis
1901 3283 2016 3322 ver-

439 3368 568 3419 bum
610 3365 736 3419 vitm
766 3362 1049 3419 continens
1096 3360 1164 3414 ad
1204 3358 1452 3429 gloriam,
1499 3365 1678 3427 potest
1723 3356 1840 3412 ﬁeri
1870 3365 1931 3411 ut
1962 3356 2016 3411 in

440 3454 616 3509 medio
637 3460 983 3523 peccatorum
1030 3450 1367 3503 incedentem
1400 3455 1471 3511 te,
1514 3461 1619 3501 non
1644 3445 1891 3501 infundat
1917 3447 2018 3500 hu-

443 3560 562 3600 mor
588 3543 815 3616 peccati.
839 3539 1159 3596 Potest'ﬁcri
1190 3547 1246 3592 ut
1272 3545 1639 3592 transeuntem
1667 3546 1716 3592 te
1749 3553 1845 3608 per
1871 3538 2014 3594 hunc

438 3636 721 3700 mundum,
767 3634 909 3689 nulla
939 3632 1179 3687 libidinis
1204 3630 1345 3684 unda
1373 3639 1677 3701 respergat;
1712 3631 1889 3686 nullus
1916 3648 2014 3686 eu-

436 3728 681 3802 plditatis
709 3737 874 3783 tostus
906 3725 1175 3782 verberet.
1222 3722 1324 3789 Qui
1347 3723 1490 3776 enim
1532 3721 1817 3795 .Egyptius
1848 3734 1932 3779 est
1960 3732 2016 3779 et

437 3820 682 3891 sequitur
709 3818 1068 3877 Pharaonem,
1111 3813 1198 3867 ille
1240 3811 1492 3865 vitiorum
1540 3812 1789 3866 ﬂuctibus
1820 3813 2016 3881 mergi-

440 3921 545 3964 tur.
577 3907 678 3976 Qui
704 3922 832 3962 vero
865 3904 1110 3974 sequitur
1136 3902 1430 3964 Christum,
1455 3911 1511 3955 et
1541 3901 1682 3955 sicut
1715 3902 1801 3955 ille
1822 3903 2012 3957 ambu-

433 4000 591 4064 lavit,
620 3999 693 4052 ita
716 4004 769 4050 et
796 3992 1183 4065 ipscambulat,
1200 4000 1360 4060 atque
1385 3990 1433 4044 ei
1462 4006 1648 4045 murus
1666 3992 1800 4045 ﬁunt
1823 3993 2010 4048 dextra

421 4093 694 4161 ‘ltevaquc.
744 4087 862 4159 Ipse
890 4093 1068 4140 autem
1098 4082 1272 4137 media
1308 4081 1391 4134 via
1423 4080 1622 4135 incedit
1643 4098 1740 4152 per
1767 4082 2005 4147 siceum;

424 4198 543 4238 non
578 4178 816 4236 declinat
845 4175 911 4229 ad
960 4175 1234 4229 dexteram
1270 4186 1443 4241 neque
1480 4172 1546 4226 ad
1578 4170 1881 4236 sinistram,
1924 4188 2010 4227 us~

433 4289 648 4346 qucque
693 4276 850 4326 exeat
881 4268 948 4323 ad
994 4266 1322 4328 libertatem,
1380 4274 1434 4319 et
1474 4265 1733 4335 hymnum
1771 4264 2012 4320 victoriae

429 4365 662 4420 Domino
695 4359 947 4416 ooneinat
979 4356 1166 4410 (licens
1193 4373 1205 4407 :
1237 4351 1474 4410 Cantubo
1500 4354 1744 4420 Domino,
1788 4353 2011 4425 gloriose

434 4456 570 4509 enim
593 4451 967 4519 honorificalns
989 4456 1083 4501 est.

1069 4534 1296 4591 CAPUT
1336 4535 1399 4589 V.

440 4635 515 4688 De
550 4624 1322 4702 profectione/“imum‘Isrgel
1364 4642 1395 4702 ᾳ
1418 4625 1559 4702 mari
1593 4624 1768 4702 Rubro
1792 4627 1846 4679 in
1876 4625 2014 4702 __Ma-

510 4694 620 4755 ’ἀπ’
649 4694 670 4752 λ’
696 4700 783 4753 τίω
844 4694 1050 4767 Ποιιεεσ
1082 4694 1445 4767 ,Ρενξευοζιιὶιιί
1471 4694 1821 4767 ⁸ιιιιυιιίαιιιιιι,
1866 4694 2010 4767 ligno

507 4786 669 4839 aquas
710 4785 919 4822 amarus
938 4762 1248 4842 itttlttleauit,
1276 4762 1364 4816 ubi
1384 4774 1431 4816 et
1460 4762 1718 4817 Dominus
1740 4762 2009 4842 constituit

507 4833 579 4895 eis
610 4849 861 4909 prwcepta
900 4845 1050 4906 atque
1067 4833 1295 4904 judicia.
1541 4907 1545 4911 ν

508 4926 646 4982 Tulit
669 4936 841 4979 autem
870 4922 1072 4993 Moyses
1099 4920 1266 4975 Israel
1290 4920 1354 4974 dc
1376 4916 1716 4974 utari‘Rubro
1736 4937 1755 4986 ;
1777 4930 1825 4973 et
1847 4936 2016 4991 egres-

437 5020 484 5073 si
525 5026 645 5072 sunt
669 5017 721 5071 in
741 5014 1004 5067 desertum
1032 5010 1159 5068 Sur.
1185 4998 1696 5081 Ambulaveruntque
1718 5011 1883 5065 tribus
1907 5012 2018 5066 die-

441 5084 667 5177 bus.per
695 5102 1049 5166 solitudinem,
1096 5110 1144 5156 et
1186 5117 1289 5155 non
1333 5100 1661 5154 inveniebant
1692 5118 1904 5172 aquam.
1947 5101 2017 5157 Et

440 5205 685 5253 venerunt
745 5195 799 5247 in
840 5191 1074 5257 Murali;
1120 5207 1213 5245 nec
1251 5199 1489 5261 poterant
1533 5189 1703 5245 bibere
1745 5207 1914 5262 aquas
1955 5192 2018 5246 de

442 5286 654 5352 Murali,
683 5301 742 5340 eo
783 5281 925 5356 quod
965 5290 1133 5337 essent
1177 5296 1396 5334 amarte.
1441 5279 1593 5335 Unde
1633 5290 1681 5334 et
1729 5298 2015 5352 congruum

441 5381 554 5436 loco
571 5391 756 5434 nomen
780 5374 1047 5444 imposuit,
1071 5387 1259 5425 vocans
1281 5369 1415 5424 illud
1438 5358 1655 5436 March,
1678 5371 1729 5426 id
1749 5380 1852 5438 est,
1876 5387 2021 5427 ama—

442 5470 752 5525 ritudinem.
804 5463 871 5519 Et
911 5461 1257 5517 murmuravit
1301 5459 1523 5531 populus
1567 5471 1751 5515 contra
1801 5460 2019 5533 Moysen

438 5559 617 5614 dicens
644 5572 663 5610 :
693 5554 835 5624 Quid
889 5551 1161 5608 bibemus?
1197 5549 1263 5601 At
1308 5547 1398 5603 ille
1438 5549 1679 5604 clamavit
1720 5552 1788 5605 ad
1839 5552 2021 5607 Denti-

443 5665 584 5713 num,
614 5647 699 5719 qui
740 5644 962 5703 ostendit
990 5643 1037 5698 ei
1083 5641 1299 5712 lignum.
1352 5638 1503 5705 Quod
1547 5657 1663 5696 cum
1701 5643 1921 5699 misisset
1963 5646 2019 5698 in

2115 3194 2239 3234 cere
2277 3179 2530 3248 pessimo.
2585 3179 2700 3233 Non
2738 3193 2869 3249 ergo
2904 3179 2990 3234 his
3036 3179 3291 3233 dicuntur
3327 3193 3515 3233 carere
3543 3178 3704 3233 inﬁr-

2113 3271 2412 3336 mitatibus,
2462 3270 2555 3340 qui
2605 3270 2857 3325 mandata
2895 3268 3210 3325 custodiunt
3234 3286 3247 3322 :
3271 3269 3367 3323 sed
3392 3282 3498 3322 non
3530 3269 3700 3323 habeo

2114 3362 2247 3417 bunt
2283 3362 2402 3417 illas
2440 3362 2785 3418 inﬁrmitates
2813 3378 2951 3433 quas
2979 3362 3216 3433 Egyptii
3258 3361 3478 3416 habent.
3528 3359 3702 3431 [Egy-

2114 3466 2238 3525 ptus
2266 3470 2497 3524 namque
2525 3454 2757 3510 mundus
2783 3454 3082 3525 ﬁguraliter
3112 3452 3429 3523 appellatur.
3460 3450 3702 3519 Diligere

2114 3562 2246 3619 ergo
2272 3549 2528 3602 mundum
2570 3556 2626 3600 et
2664 3561 2727 3601 ea
2757 3561 2876 3615 quze
2904 3548 2958 3599 in
2992 3547 3190 3599 mundo
3225 3550 3371 3609 sunt,
3405 3542 3700 3613 Egyptius

2116 3639 2343 3707 languor
2385 3646 2487 3694 est.
2533 3637 2660 3692 Dies
2688 3639 2980 3692 observare
3006 3643 3062 3691 et
3093 3651 3308 3691 menses
3336 3643 3391 3689 et
3422 3643 3694 3702 tempora,

2114 3731 2267 3801 signa
2302 3729 2597 3799 requirere,
2621 3728 2898 3783 stellarum
2923 3727 3174 3781 cursibus
3195 3725 3491 3787 adhtnrere,
3524 3721 3698 3793 [Egy-

2114 3820 2260 3890 ptius
2288 3819 2513 3891 languor
2532 3831 2634 3875 est.
2664 3819 2946 3875 Deservire
2967 3818 3148 3873 carnis'
3174 3816 3421 3881 luxurite,
3445 3815 3700 3885 volupta-

2114 3914 2261 3967 tibus
2281 3928 2501 3982 operam
2528 3913 2682 3977 dare,
2696 3926 2895 3967 vacare
2907 3911 3134 3976 deliciis,
3156 3908 3441 3980 .Egyptius
3463 3908 3699 3978 languor

2112 4011 2215 4056 est.
2243 4002 2405 4057 Caret
2431 4017 2665 4071 namque
2698 4002 3107 4057 inﬁrmitatibus
3127 4001 3215 4056 his
3229 4009 3285 4055 et
3312 4000 3694 4069 languoribus,

2113 4093 2204 4162 qui
2235 4092 2487 4147 mandata
2515 4093 2769 4148 custodit.

2709 4206 2936 4264 CAPUT
2977 4206 3065 4263 Vl.

2119 4317 2282 4392 Depeo
2302 4318 2441 4392 quod
2467 4319 2530 4374 de
2561 4318 2784 4392 Maratlt
2821 4330 3088 4392 pergentes
3113 4321 3212 4390 ﬁlii
3247 4320 3419 4375 Israel
3442 4336 3698 4376 uenerunt

2047 4423 2097 4481 ι)
2192 4389 2837 4481 ἐξ.ἔκιες--ειηάεηξέἐηὲ
2985 4392 3699 4481 τίεεεςξειῑιιέῐῖικιτέξίά

2191 4461 2327 4513 inter
2378 4460 2515 4513 Elim
2553 4469 2600 4513 et
2641 4458 2792 4513 Sinni
2816 4476 2834 4523 ;
2870 4462 2959 4513 ubi
3003 4472 3050 4514 et
3100 4461 3357 4514 Dominus
3401 4458 3545 4514 dedit
3586 4461 3699 4515 illis

2107 4563 2124 4572 -
2193 4546 2398 4600 vespere
2439 4531 2732 4585 coturnices
2757 4541 2806 4583 et
2844 4548 2998 4585 mane
3026 4531 3158 4600 pluit
3184 4547 3401 4584 manna.

2126 4668 2132 4673 -
2180 4640 2319 4697 Post
2347 4643 2464 4696 haec
2493 4642 2644 4707 dicit,
2670 4641 2795 4712 quia
2826 4649 3070 4696 venerunt
3100 4642 3156 4695 in
3182 4640 3321 4693 Elim
3345 4654 3364 4693 :
3383 4650 3430 4695 et
3451 4651 3603 4695 erant
3624 4643 3723 4696 ibi'

2115 4733 2391 4788 duodecim
2460 4734 2630 4803 fontes
2691 4750 2948 4804 aquarum
2991 4743 3040 4787 et
3090 4733 3419 4803 septuaginta
3479 4733 3701 4787 arbores

2117 4824 2414 4895 palmarum
2443 4825 2644 4897 (Exod.
2675 4843 2792 4895 cap.
2824 4825 2936 4897 xv).
2970 4825 3135 4880 Putas
3165 4841 3269 4878 non
3295 4825 3459 4879 habet
3488 4825 3702 4891 aliquid

2121 4918 2370 4981 rationis,
2398 4917 2541 4984 quod
2583 4930 2689 4969 non
2743 4924 2871 4970 ante
2908 4915 2963 4969 in
3002 4914 3138 4969 Elim
3185 4913 3403 4969 ducitur
3440 4914 3701 4983 populus,

2118 5007 2210 5061 ubi
2241 5016 2398 5060 erant
2426 5007 2710 5060 duodecim
2734 5006 2911 5060 fontes
2940 5021 3225 5075 aquarum,
3253 5006 3305 5059 in
3332 5005 3530 5073 quitus
3559 5005 3704 5060 nihil

2120 5093 2493 5149 amaritudinis
2517 5095 2834 5159 invenerat;
2870 5096 2978 5149 imo
3008 5095 3210 5164 potius,
3251 5095 3343 5148 ubi
3381 5106 3498 5149 erat
3528 5108 3709 5148 amus-

2120 5180 2263 5240 nitas
2302 5187 2532 5254 plurima
2582 5200 2648 5239 ex
2695 5186 2962 5240 densitate
3007 5186 3329 5253 palmarum.
3382 5184 3490 5240 Sed
3522 5187 3710 5254 primo

2122 5276 2396 5327 tlttt'lttsatl
2418 5289 2588 5343 aquas
2619 5272 2783 5330 falsas
2807 5284 2862 5329 et
2884 5290 3117 5338 amaras,
3145 5276 3343 5345 quibus
3372 5291 3470 5345 per
3496 5276 3711 5344 lignun

2123 5376 2481 5421 monstratum
2528 5381 2558 5421 a
2589 5367 2818 5422 Domino
2840 5368 3088 5423 dulcibus
3109 5367 3337 5431 ell‘eetis,
3369 5376 3561 5436 postea
3608 5382 3714 5421 ve-

2122 5460 2270 5513 nitur
2298 5458 2364 5513 ad
2393 5457 2589 5515 fontes.
2615 5460 2671 5516 Si
2703 5460 2983 5515 historiam
3037 5461 3205 5516 solam
3236 5474 3552 5528 sequamur,
3596 5473 3714 5512 non

2125 5550 2350 5603 multum
2385 5567 2484 5605 nos
2533 5550 2766 5605 :ediﬁeat
2811 5552 2950 5606 seire
2999 5553 3063 5606 ad
3108 5568 3269 5623 quem
3311 5552 3489 5604 locum
3525 5551 3716 5619 primo

2127 5653 2406 5708 venerunt,
2440 5645 2504 5697 ad
2547 5659 2703 5711 quem
2743 5645 2999 5697 szieunrlo.
3054 5644 3109 5697 Si
3165 5657 3292 5696 vero
3338 5643 3603 5699 ritnemur
3652 5643 3712 5698 in
