4052 6184
376 200 436 251 ῖῗ
1326 200 1705 258 (ὩΜΜΕΝΤΑ
1716 206 1833 259 ιιιλ
1875 207 1926 260 l.‘

2030 207 2293 264 XODUM.
2334 243 2401 251 —
2442 214 2569 267 LIB.
2610 216 2671 269 ll.

3550 231 3616 283 73

365 306 454 359 bis
500 304 816 375 mysterium
876 305 1068 368 latens,
1139 308 1438 362 invenimus
1496 311 1739 367 ordinem
1797 314 1939 367 fidei.
1974 325 2018 380 Α
2049 316 2213 369 nium.
2265 316 2346 371 0!
2412 322 2639 389 populus
2688 324 2929 396 ingratus
2984 328 3254 386 desiderat
3307 334 3614 408 Ᾰῖεῃηυηι,

364 395 553 450 Primo
595 395 739 448 enim
779 394 991 448 ducitur
1021 396 1246 465 populus
1293 398 1359 450 ad
1390 397 1622 453 litteram
1666 400 1836 471 legis:
1876 403 1944 457 ab

369 487 471 540 hac
501 486 676 539 donec
714 487 1080 556 permanet-in
1112 487 1478 543 amaritudine
1518 506 1636 553 sua,
1692 493 1944 547 recedere

367 589 475 627 non
514 584 715 645 potest.
748 572 881 629 Cum
916 590 1046 629 vero
1078 592 1175 645 per
1202 577 1404 646 lignum
1442 580 1560 633 vita-
1585 579 1756 636 dulcis
1783 581 1944 636 fuerit

366 664 582 728 effecta,
612 674 666 717 et
694 664 920 734 intelligi
959 664 1044 717 lex
1074 666 1429 733 spiritnaiiter
1457 670 1697 738 cu-pcrit,
1730 681 1853 724 tunc
1881 673 1946 725 de

366 753 549 807 Veteri
590 753 941 807 Testamento
974 753 1238 807 transitur
1272 755 1338 807 ad
1369 752 1599 819 Novum,
1638 767 1691 811 et
1734 760 1944 812 venitur

364 844 431 896 ad
476 842 761 895 duodecim
794 842 1123 911 apostolicos
1165 843 1362 897 fontes.
1400 844 1479 897 ibi
1517 847 1678 899 etiam
1726 847 1946 904 arbores

365 934 707 1003 reperientur
760 933 1097 1004 septuaginta
1136 936 1465 1004 palmarum.
1516 937 1630 993 Non
1658 940 1799 993 enim
1847 941 1945 995 soli

362 1023 647 1076 duodecim
691 1022 919 1090 apostoli
951 1022 1107 1075 tidem
1134 1023 1335 1077 Christi
1363 1027 1813 1093 przcdicaverunt,
1851 1031 1945 1084 sed

361 1121 415 1163 et
440 1110 528 1163 alii
555 1111 893 1181 septuaginta
914 1111 1063 1163 missi
1085 1114 1150 1164 ad
1179 1113 1574 1181 pricdicandum
1605 1119 1823 1171 verbum
1851 1119 1943 1173 Dei

364 1199 673 1253 referuntur
698 1218 711 1252 :
734 1215 835 1271 per
880 1216 1016 1270 quos
1040 1203 1274 1271 palmam
1304 1204 1543 1259 victoria:
1569 1205 1766 1260 Christi
1794 1225 1948 1261 mun-

361 1293 462 1344 dus
509 1299 852 1360 agnosceret.

444 1397 778 1469 Profectique
805 1410 923 1454 sunt
949 1401 1012 1453 de
1039 1396 1177 1455 Elii):
1203 1417 1220 1453 :
1254 1415 1301 1457 et
1359 1407 1495 1459 venit
1528 1409 1694 1462 omnis
1716 1410 1948 1463 multitu—

357 1489 428 1543 do
450 1489 684 1557 ﬁliorum
701 1489 872 1545 Israel
894 1492 947 1545 in
961 1494 1219 1548 desertum
1244 1496 1363 1563 Sin,
1385 1501 1525 1568 quod
1548 1514 1622 1555 est
1647 1505 1783 1557 inter
1805 1504 1945 1558 Elim

357 1588 405 1632 ct
436 1574 610 1642 Sinai,
640 1580 820 1651 quinto
844 1580 1042 1634 decimo
1066 1583 1150 1637 die
1194 1588 1386 1640 mensis
1406 1592 1644 1656 secundi,
1669 1604 1944 1666 postquam

356 1670 552 1739 egressi
578 1679 697 1722 sunt
743 1670 805 1722 de
831 1680 972 1724 terra
999 1672 1237 1743 .Oifgypti.
1287 1675 1357 1729 Et
1400 1684 1748 1735 murmuravit
1771 1686 1938 1738 omnis

358 1759 693 1828 congregatio
737 1759 1166 1828 ﬁliorumlsrael
1207 1777 1394 1818 contra
1436 1766 1653 1838 Moysen
1673 1781 1718 1824 et
1760 1785 1938 1826 contra

354 1848 540 1901 Aaron
581 1851 634 1901 in
656 1849 965 1927 solitudine.
999 1852 1358 1926 Dixeruntque
1389 1856 1458 1909 ad
1491 1873 1576 1911 eos
1596 1859 1696 1927 ﬁlii
1730 1860 1937 1915 Israel:

358 1935 578 1991 Utinam
622 1941 810 1994 mortui
833 1958 1059 1995 essemus
1093 1961 1188 2014 per
1230 1961 1445 1999 manuni
1478 1948 1691 2003 Domini
1713 1952 1766 2004 in
1799 1963 1938 2007 terra

357 2028 604 2099 Egi/Mi,
638 2032 848 2101 quando
893 2033 1199 2089 sedebamus
1227 2054 1385 2107 super
1421 2038 1553 2093 ollas
1578 2044 1843 2109 carnium,
1889 2055 1938 2098 et

360 2119 759 2174 comedebamus
802 2139 961 2191 panes
998 2125 1052 2177 in
1096 2128 1394 2182 saturitate.
1441 2128 1551 2184 Cur
1572 2132 1822 2187 eduxistis
1845 2152 1939 2190 nos

358 2207 416 2260 in
447 2208 711 2262 desertum
761 2210 922 2277 istud,
978 2224 1031 2266 ut
1065 2215 1365 2270 occideretis
1409 2235 1611 2273 onmem
1647 2221 1939 2276 multitudi-

361 2314 484 2352 nem
516 2298 660 2369 [ante
714 2300 909 2371 (Exod.
968 2321 1084 2374 cap.
1135 2305 1294 2379 xvi)?
1330 2306 1441 2380 [Ex
1490 2311 1758 2386 Urigene.]
1809 2314 1939 2370 Esto

358 2399 582 2457 propter
619 2393 1014 2461 correptionem
1066 2393 1378 2465 legentium,
1429 2399 1698 2455 indicetur
1753 2406 1934 2475 pepuli

354 2490 684 2549 peccatum;
737 2484 866 2552 quia
926 2489 1347 2542 murinuraverit
1392 2498 1444 2544 et
1488 2490 1732 2561 ingratus
1776 2496 1938 2550 fuerit

356 2572 639 2628 beneficiis
678 2575 897 2640 divinis,
941 2592 1065 2631 eum
1093 2577 1313 2633 cmleste
1356 2597 1553 2636 manna
1605 2586 1928 2654 susciperet.

356 2662 498 2728 Quid
536 2664 701 2717 etiam
732 2665 847 2720 dies
873 2666 1147 2732 scribitur,
1180 2668 1235 2722 in
1265 2684 1371 2738 qua
1397 2671 1485 2727 die
1516 2677 1936 2729 nturmuravcrit

355 2754 621 2825 populus?
658 2754 907 2811 Secundo
933 2757 1105 2827 inquit
1155 2774 1360 2827 mense,
1386 2761 1595 2818 decima
1620 2766 1807 2834 quinta
1840 2768 1933 2821 die

358 2847 584 2900 mensis.
631 2848 785 2912 Quod
827 2849 1009 2918 utique
1041 2867 1148 2906 non
1177 2852 1380 2921 absque
1424 2854 1633 2910 ratione
1674 2858 1932 2926 scriptum

354 2949 477 2993 est:
512 2938 818 2995 Recordare
857 2943 923 2997 de
951 2942 1157 3014 legibus
1183 2943 1406 3000 Pascha:
1443 2962 1564 3017 qua:
1606 2948 1751 3002 dicta
1783 2959 1930 3015 sunt,

2043 404 2132 472 qui
2167 402 2449 476 [Egyptios
2474 410 2605 463 vidit
2629 413 2945 469 exstinctos.
2965 415 3167 475 Carncs
3195 402 3621 497 {Egypli'requi-

2045 490 2133 553 rit,
2190 494 2278 561 qui
2313 493 2687 567 (Egyptiorum
2732 519 2924 558 carnes
2972 507 3101 560 vidit
3152 513 3316 566 maris
3365 513 3618 584 piscibus.

2045 589 2100 633 et
2148 583 2269 636 ρατιὶ
2316 584 2532 642 alitibus
2600 590 2770 645 datas.
2824 592 3122 650 Murmurat
3164 614 3291 669 κεῖθι)
3330 583 3614 660 adversum

2048 672 2263 743 Moysen
2297 695 2309 729 :
2338 678 2447 732 imo
2483 680 2742 736 adversus
2769 683 2937 738 Deum
2968 684 3142 743 ﬂebat.
3184 688 3292 744 Sed
3318 692 3420 747 huc
3448 699 3622 763 primo

2046 764 2262 830 quidem
2295 767 2611 836 ignoscitur,
2662 781 2716 825 et
2761 776 2997 829 secundo
3044 775 3292 835 fortassis
3333 790 3389 836 et
3438 786 3617 841 tertio.

2048 848 2245 905 Verum
2272 854 2316 909 si
2353 871 2457 909 non
2511 857 2781 926 desinant,
2814 863 2906 916 sed
2964 866 3281 934 pcrsistant,
3322 871 3444 926 audi
3488 875 3617 942 quid

2049 953 2165 1010 post
2192 943 2305 999 hzec
2341 960 2713 1005 murmurante
2763 953 2959 1022 populo
2993 968 3378 1027 consequatur.
3411 960 3471 1016 In
3509 964 3618 1019 Nu-

2052 1047 2321 1088 merorum
2358 1037 2498 1091 libro
2532 1038 2786 1107 refertur,
2812 1046 2954 1112 quod
2982 1055 3035 1099 et
3080 1046 3130 1101 in
3163 1049 3274 1103 suis
3298 1051 3515 1122 scriptis
3540 1069 3622 1109 re-

2051 1125 2219 1178 texuit
2241 1126 2530 1195 Apostolus
2558 1131 2741 1187 dicens
2765 1152 2777 1186 :
2817 1134 2998 1206 Neque
3022 1142 3493 1211 murmuraveritis,
3516 1148 3619 1200 sic-

2050 1223 2103 1264 ut
2155 1216 2367 1284 quidam
2426 1235 2490 1272 ex
2535 1219 2639 1275 illis
2680 1239 3135 1287 murmuraverunt
3194 1241 3243 1285 et
3298 1251 3331 1286 a
3368 1238 3621 1306 serpenti-

2052 1303 2142 1357 bus
2189 1308 2495 1362 interierunt
2527 1310 2577 1381 (I
2608 1311 2728 1366 Cor.
2773 1314 2851 1387 ι).
2908 1316 3331 1377 Murmurantem
3366 1303 3617 1397 populum

2050 1404 2343 1451 venenatus
2368 1398 2424 1452 in
2453 1415 2633 1456 eremo
2657 1414 2964 1474 serpentum
2999 1408 3239 1481 depascit
3262 1429 3491 1469 inm-sus.
3522 1418 3613 1471 Vi-

2051 1486 2269 1541 deamus
2295 1505 2391 1543 nos
2437 1493 2529 1561 qui
2550 1494 2667 1549 inec
2690 1498 2958 1563 audimus,
3010 1517 3106 1556 nos
3131 1504 3345 1574 inquam
3374 1523 3472 1577 pro
3498 1511 3611 1580 qui-

2052 1576 2151 1628 Lus
2189 1579 2389 1651 scripta
2423 1592 2549 1637 sunt
2578 1602 2591 1637 :
2616 1585 2735 1641 Illis
2776 1590 2915 1643 enim
2964 1593 3033 1644 ad
3073 1576 3443 1665 correptionem
3472 1576 3615 1670 facta

1974 1657 2018 1715 Β
2045 1679 2165 1721 sunt
2191 1686 2210 1723 :
2239 1674 2432 1742 scripta
2470 1685 2591 1729 sunt
2627 1687 2799 1732 autem
2828 1691 3036 1751 propter
3077 1701 3189 1748 nus,
3221 1688 3273 1740 in
3321 1706 3447 1760 quos
3476 1692 3611 1760 lines

2042 1759 2356 1814 srrculorum
2405 1763 2737 1820 devenerunt.
2789 1766 2897 1823 Sed
2924 1771 3040 1825 lnec
3085 1771 3237 1829 initia
3287 1759 3611 1837 habentibus

2043 1847 2426 1917 ignoscuntur;
2467 1854 2521 1907 in
2546 1870 2639 1910 eos
2667 1857 2755 1926 qui
2786 1874 2888 1912 non
2920 1860 3190 1928 desinunt,
3232 1868 3468 1935 graviter
3497 1871 3614 1924 vin-

2041 1941 2269 1995 dicatur.
2306 1943 2585 2001 Mittuntur
2614 1966 2844 2020 namque
2874 1953 2927 2007 in
2968 1970 3060 2010 eos
3090 1969 3391 2029 serpentes,
3424 1964 3476 2017 id
3506 1978 3607 2034 est,

2041 2028 2329 2087 immundis
2381 2038 2656 2104 spiritibus
2706 2043 3006 2111 traduntur,
3078 2028 3463 2122 venenatisque
3502 2055 3609 2111 dae»

2042 2121 2308 2186 monibus,
2351 2125 2441 2192 qui
2480 2141 2573 2181 eos
2619 2130 2889 2187 morsibus
2942 2134 3169 2192 occultis
3215 2156 3278 2194 ac
3316 2141 3609 2201 latentibus

2040 2211 2325 2278 perimant,
2365 2224 2525 2284 autne
2555 2218 2782 2276 internis
2828 2233 2883 2280 ct
2919 2225 3058 2280 intra
3090 2231 3268 2286 cordis
3312 2238 3606 2305 penetralia

2040 2300 2307 2355 conclusis
2331 2304 2743 2375 cogitationibus
2767 2311 3054 2368 absumant
3085 2334 3097 2369 :
3125 2317 3256 2373 dicit
3278 2300 3420 2375 enim
3444 2323 3605 2388 Deus,

2040 2389 2130 2458 qui
2157 2391 2360 2447 audivit
2394 2399 2879 2455 murmurationem
2908 2402 3142 2460 filiorum
3170 2407 3334 2466 Israel
3370 2430 3381 2464 :
3416 2414 3608 2470 videtis

2039 2479 2163 2548 quia
2185 2497 2290 2535 non
2324 2482 2454 2537 latet
2492 2484 2778 2543 Dominum
2810 2497 3166 2552 murmuratio
3193 2511 3415 2568 nostra;
3458 2507 3609 2561 audit

2038 2574 2239 2638 omnia,
2280 2591 2345 2629 eo
2374 2579 2516 2645 quod
2541 2595 2644 2633 non
2677 2583 2855 2636 statim
2880 2587 3049 2654 punit,
3098 2593 3476 2658 pmnitentiam
3507 2614 3606 2653 n0-

2037 2674 2162 2719 strte
2200 2670 2567 2726 conuersionis
2597 2682 2892 2742 ex5pectat.
2935 2679 3040 2733 Sed
3073 2682 3200 2750 quid
3236 2696 3357 2755 post
3385 2689 3500 2745 ὴωο
3522 2706 3608 2744 re-

2036 2756 2257 2810 citatum
2286 2759 2404 2813 est?
2455 2761 2585 2814 (1;in
2625 2775 2795 2817 autent
2815 2766 3071 2825 Dominus
3096 2773 3164 2825 ad
3191 2775 3405 2845 Moysen
3427 2795 3447 2833 :
3469 2780 3607 2835 Ecce

2036 2863 2128 2915 ego
2148 2846 2324 2915 pluunt
2346 2852 2484 2905 vobis
2508 2870 2667 2922 panes
2689 2857 2752 2910 de
2775 2858 2900 2913 εωΙο
2922 2880 2937 2915 ;
2967 2866 3266 2932 egrediatur
3291 2871 3535 2943 populus,
3557 2889 3604 2930 et

2038 2936 2247 3005 cultiqtt
2279 2954 2396 3007 qua:
2444 2945 2699 3011 sufficiant
2748 2964 2839 3014 per
2873 2951 3105 3019 singulos
3152 2936 3379 3023 ἀκηδέα)
3417 2936 3604 3018 tentent

355 3040 411 3085 et
432 3031 677 3086 invenies
701 3033 774 3087 ibi
809 3033 910 3088 hoc
936 3049 1055 3089 esse
1104 3044 1332 3106 tempus,
1382 3039 1526 3108 quod
1572 3040 1830 3094 statuitur
1859 3057 1926 3095 at.

2034 3038 2151 3076 eum
2199 3033 2373 3077 utrum
2411 3029 2636 3083 ambulet
2686 3033 2740 3086 in
2780 3034 2888 3104 lege
2933 3053 3046 3091 mea
3081 3057 3149 3094 an
3182 3058 3305 3099 non.
3349 3048 3455 3119 (Ea:
3490 3054 3600 3105 Au-

354 3122 650 3174 secundutn
702 3121 906 3177 Pascha
954 3124 1259 3179 faciendqu
1302 3127 1385 3181 his
1432 3129 1523 3197 qui
1574 3130 1844 3186 immundi
1874 3132 1928 3186 in

356 3212 534 3267 anima
582 3211 835 3277 fuerunt,
886 3216 972 3269 vel
1025 3219 1268 3287 occupati
1320 3222 1550 3292 negotiis
1600 3226 1921 3296 peregrinis.

354 3304 458 3371 Qui
497 3320 626 3374 ergo
661 3321 765 3359 non
804 3305 1024 3361 fuerunt
1059 3309 1321 3366 innnuudi
1365 3312 1417 3366 in
1447 3314 1648 3382 anima,
1688 3318 1768 3371 vel
1818 3336 1924 3372 non

353 3394 512 3463 longe
554 3395 1060 3466 peregrinabantur,
1126 3400 1333 3455 decima
1380 3415 1570 3472 quarta
1633 3407 1718 3461 die
1766 3410 1925 3478 primi

357 3483 557 3536 mensis
579 3486 777 3553 pascha
808 3486 1072 3541 fecerunt.
1099 3488 1200 3556 Qui
1232 3501 1411 3547 autem
1436 3498 1926 3567 peregrinabantur

349 3582 407 3629 et
463 3574 723 3628 immundi
762 3586 939 3642 erant,
983 3583 1273 3635 secundum
1307 3582 1513 3638 Pascha
1552 3587 1604 3640 in
1639 3587 1741 3643 hoc
1791 3600 1926 3646 tent-

351 3679 480 3733 pore
503 3663 725 3719 faciunt.
757 3664 813 3719 ln
835 3667 939 3722 hoc
970 3677 1210 3739 tempore
1235 3688 1342 3741 quo
1370 3683 1425 3727 et
1451 3691 1646 3730 marina
1686 3679 1751 3733 de
1783 3680 1922 3735 coelo

352 3756 649 3811 descendit.
687 3756 741 3811 ln
775 3758 862 3813 die
905 3775 1013 3828 quo
1040 3761 1272 3831 primum
1323 3766 1523 3834 pascha
1559 3770 1636 3832 tit,
1681 3785 1787 3823 non
1831 3773 1923 3826 dc-

349 3846 561 3899 scendit
588 3862 780 3900 manna
808 3865 820 3901 :
846 3849 938 3902 sed
967 3849 1018 3902 in
1042 3850 1144 3904 hoc
1164 3867 1271 3920 quo
1290 3856 1583 3908 secundum
1605 3861 1806 3926 pascha
1839 3860 1916 3914 lit.

349 3936 643 3991 Videamus
681 3953 808 4008 ergo
837 3954 979 3994 nunc
1022 3940 1113 4012 qui
1157 3942 1229 3995 sit
1261 3940 1314 3995 in
1363 3942 1446 3997 his
1473 3947 1605 4000 ordo
1652 3951 1916 4019 mysterii.

345 4028 588 4085 Primum
618 4031 816 4100 pascha
843 4031 1003 4101 primi
1027 4031 1205 4102 populi
1236 4041 1318 4088 cst
1345 4050 1357 4086 :
1389 4038 1684 4091 secundum
1714 4041 1916 4110 pascha

348 4127 592 4173 nostrum
615 4127 718 4173 est.
768 4118 874 4174 Nos
902 4121 1047 4176 enim
1074 4121 1274 4177 fuimus
1307 4121 1570 4179 immundi
1612 4128 1665 4181 in
1712 4131 1912 4196 anima,

346 4211 442 4280 qui
506 4211 818 4267 colebamus
863 4212 1065 4287 lignum
1105 4223 1159 4268 et
1198 4214 1461 4285 lapidem,
1507 4228 1561 4272 et
1609 4219 1916 4290 ignorantes

343 4303 538 4365 Deum,
585 4302 672 4357 his
709 4303 801 4371 qui
837 4312 1028 4357 natura
1059 4319 1161 4358 non
1202 4316 1357 4359 erant
1404 4307 1477 4360 dii
1519 4311 1909 4367 serviebamus.

2032 3114 2284 3185 gustino.)
2307 3113 2552 3170 Tentatio
2574 3118 2674 3173 ista
2701 3124 2946 3191 probatio
2968 3137 3069 3192 est,
3102 3146 3206 3185 non
3238 3133 3289 3187 in
3312 3113 3595 3205 peccatum

2032 3202 2292 3257 seductio.
2344 3204 2452 3260 Nec
2481 3208 2601 3263 ideo
2629 3211 2871 3279 probatio
2891 3256 2905 3279 ,
2943 3226 3001 3271 ut
3032 3218 3172 3276 Deus
3216 3202 3427 3283 noverit
3457 3248 3471 3284 :
3505 3239 3597 3288 sed

2033 3300 2090 3344 ut
2118 3292 2261 3361 ipsos
2292 3294 2420 3364 ipsis
2473 3298 2779 3356 hominibus
2826 3309 3095 3373 ostendat,
3146 3328 3252 3382 quo
3284 3317 3597 3377 humiliores

2030 3380 2162 3436 ﬁant
2189 3385 2254 3438 ad
2297 3388 2587 3456 petendum
2616 3391 2961 3461 adjutorium,
2999 3407 3053 3453 et
3081 3380 3472 3471 agnoscendam
3502 3412 3596 3468 Dei

2029 3474 2279 3541 gratiam.
2310 3476 2408 3530 Die
2458 3490 2631 3533 autem
2658 3493 2807 3536 sexta
2837 3498 3024 3553 parent
3053 3493 3192 3559 quod
3237 3495 3468 3564 inferant
3490 3523 3511 3560 .-
3536 3514 3581 3555 et

2027 3563 2093 3615 sit
2138 3564 2354 3633 duplum
2384 3607 2398 3632 ,
2458 3585 2613 3638 quant
2676 3573 2915 3645 colligere
2954 3579 3187 3637 solebant
3233 3563 3328 3655 per
3363 3590 3594 3660 singulos

2027 3658 2159 3709 dies.
2202 3662 2394 3725 Quer
2425 3678 2553 3732 ergo
2594 3680 2699 3734 qua
2745 3667 2832 3721 die
2870 3673 3099 3731 coeperit
3145 3691 3340 3733 manna
3379 3658 3589 3740 cmlitus

2026 3747 2163 3811 dari,
2194 3760 2249 3802 ct
2280 3751 2399 3806 volo
2423 3767 2738 3823 comparare
2766 3756 3099 3817 Dominicam
3129 3778 3371 3826 nostram
3400 3775 3587 3831 sabba-

2027 3846 2082 3893 to
2119 3838 2445 3898 Judazorum.
2496 3843 2575 3900 Ex
2619 3847 2815 3905 divinis
2841 3868 3075 3925 namque
3103 3857 3397 3931 Scripturis
3427 3882 3587 3939 appa-

2028 3941 2122 3994 ret,
2157 3936 2377 4003 quodin
2408 3937 2494 3992 die
2517 3939 2791 3996 Dominica
2824 3945 3001 4014 primo
3028 3948 3081 4003 in
3109 3953 3267 4009 terris
3303 3936 3589 4017 datum—est

2024 4041 2239 4080 manna.
2290 4026 2444 4083 Sicut
2481 4031 2649 4098 enim,
2685 4042 2742 4087 ut
2778 4033 3057 4104 Scriptura
3095 4041 3243 4110 dicit,
3274 4061 3367 4100 sex
3400 4049 3586 4105 diebus

2022 4116 2290 4172 continuis
2311 4119 2595 4175 collectum
2618 4131 2717 4189 est,
2765 4128 2992 4196 septima
3015 4138 3193 4186 autem
3208 4133 3314 4200 die,
3369 4153 3487 4206 quae
3508 4151 3583 4193 est

2020 4206 2247 4272 sabbati,
2263 4219 2534 4266 cessatum
2550 4224 2655 4277 est,
2670 4216 2788 4270 sine
2803 4218 2966 4274 dubio
2980 4221 3193 4278 initium
3207 4224 3324 4292 ejus
3336 4244 3366 4280 a
3379 4230 3464 4283 die
3478 4233 3587 4300 pri—

2020 4311 2105 4348 ma
2119 4311 2237 4364 quae
2248 4307 2330 4351 est
2348 4297 2626 4355 Dominica
2642 4301 2759 4356 fuit.
2777 4303 2928 4371 Quod
2941 4308 2985 4361 si
2998 4323 3062 4362 ex
3080 4311 3276 4368 divinis
3293 4297 3587 4386 Scripturis

342 4389 458 4446 Nos
492 4391 656 4445 etiam
698 4406 935 4457 eramus,
980 4393 1069 4462 qui
1097 4393 1252 4465 longe
1284 4398 1783 4466 peregrinabantur.
1837 4399 1912 4455 Dc

2030 4387 2120 4439 hoc
2147 4395 2356 4440 constat
2383 4390 2525 4457 quod
2549 4390 2604 4444 in
2633 4390 2720 4447 die
2741 4393 3018 4452 Dominica
3041 4398 3181 4455 Deus
3201 4401 3335 4471 pluit
3363 4382 3582 4472 manna,

342 4482 541 4550 quibus
562 4481 693 4536 dicit
721 4481 1008 4551 Aposmlus
1036 4501 1049 4536 :
1082 4483 1217 4550 Quia
1251 4484 1451 4539 fuimus
1482 4486 1720 4557 hospites
1740 4498 1794 4544 et
1822 4506 1913 4559 pc-

344 4572 569 4643 regrini,
617 4580 1062 4626 testamentorum
1121 4574 1215 4628 Dei
1262 4589 1415 4644 spem
1474 4578 1907 4645 non‘habentes,

342 4671 400 4717 et
439 4662 554 4716 sine
578 4662 690 4715 Deo
719 4661 771 4715 in
801 4663 903 4716 hoc
930 4663 1145 4717 mundo.
1197 4663 1576 4721 Verumtamen
1608 4683 1712 4722 non
1753 4668 1912 4725 datur

343 4772 541 4808 manna
566 4756 632 4808 de
654 4755 793 4809 cwlo
818 4756 873 4809 in
904 4755 993 4809 illa
1020 4756 1125 4821 die,
1176 4772 1278 4826 qua
1323 4758 1554 4826 primum
1588 4747 1782 4829 pascha
1830 4763 1908 4831 lit,

338 4849 440 4900 sed
465 4846 518 4899 in
543 4845 634 4899 illa
665 4861 769 4915 qua
802 4846 1116 4901 secundum.
1161 4845 1323 4900 Panis
1360 4848 1505 4901 enim
1548 4850 1637 4917 qui
1671 4850 1734 4904 de
1773 4853 1910 4907 ccelo

339 4937 641 5002 descendit,
692 4953 797 4991 non
833 4936 980 4991 venit
1006 4936 1073 4990 ad
1097 4936 1235 5002 illos,
1276 4937 1366 5006 qui
1395 4938 1624 5007 primani
1654 4942 1909 4997 solemni-

338 5039 505 5083 tatem
535 5028 901 5094 celebrabant,
918 5030 1011 5083 sed
1032 5030 1099 5083 ad
1113 5044 1211 5083 nos
1235 5030 1324 5100 qui
1352 5034 1641 5086 secundum
1666 5035 1904 5105 suscepi-

338 5135 479 5174 mus.
513 5118 763 5173 Nostrum
801 5118 943 5173 enim
972 5118 1169 5187 pascha
1195 5119 1499 5175 immolatus
1524 5131 1607 5175 est
1631 5121 1899 5190 Christus,

336 5212 430 5282 qui
456 5226 619 5265 verus
651 5210 804 5264 nobis
829 5210 985 5280 panis
1023 5211 1089 5263 de
1130 5208 1268 5263 coelo
1290 5210 1580 5266 descendit.
1626 5211 1733 5268 Sed
1766 5214 1905 5269 inte-

336 5306 441 5359 rim
486 5303 767 5359 videamus
809 5302 941 5373 quid
988 5309 1077 5356 est
1124 5301 1266 5370 quod
1316 5301 1370 5354 in
1405 5301 1508 5356 hac
1560 5304 1647 5358 die
1688 5315 1899 5376 gestum

334 5398 691 5450 monstratur.
719 5393 917 5460 Quinta
930 5392 1135 5448 decima
1153 5392 1240 5447 die
1264 5393 1465 5447 mensis
1488 5398 1727 5460 secundi,
1755 5415 1901 5453 mur-

336 5484 572 5540 muravit
598 5483 827 5553 populus
866 5493 921 5537 et
962 5483 1098 5536 dixit
1138 5501 1150 5536 :
1189 5482 1326 5548 Quia
1365 5484 1549 5539 melius
1593 5487 1764 5554 fuerat
1808 5506 1900 5543 nos

340 5579 477 5631 mori
515 5578 568 5630 in
590 5574 839 5647 Egypto,
876 5573 1084 5645 quando
1138 5574 1413 5628 edebamns
1454 5593 1608 5647 super
1629 5578 1758 5632 ollas
1786 5595 1907 5633 car-

2015 4486 2069 4530 et
2110 4477 2165 4529 in
2191 4477 2416 4533 sabbato
2437 4494 2541 4534 non
2574 4481 2731 4552 pluit,
2775 4485 3078 4559 intelligant
3107 4488 3273 4548 Judaai
3306 4494 3419 4562 jam
3468 4507 3579 4553 tum

2014 4569 2288 4638 ptwlatam
2314 4586 2434 4626 esse
2450 4571 2786 4630 Dominicam
2812 4586 3051 4635 nostram
3073 4580 3297 4641 Iudaico
3321 4587 3577 4656 sabbato;

2007 4660 2121 4729 jam
2167 4670 2295 4715 tunc
2351 4661 2692 4719 indicabatur
2736 4668 2876 4737 quod
2928 4670 2982 4724 in
3033 4673 3260 4729 sabbato
3337 4678 3575 4748 ipsorum

2013 4752 2182 4819 gratia
2225 4751 2315 4807 Dei
2343 4753 2410 4807 ad
2439 4768 2532 4809 eos
2561 4755 2625 4810 de
2674 4759 2815 4812 caalo
2843 4760 2986 4814 nulla
3034 4762 3392 4833 descenderit,
3424 4773 3579 4840 panis

2011 4845 2265 4909 etelcstis,
2315 4847 2404 4916 qui
2436 4857 2521 4903 est
2545 4865 2724 4903 sermo
2754 4851 2871 4916 Dei,
2904 4853 2969 4907 ad
2998 4868 3090 4910 eos
3136 4858 3314 4913 nullus
3347 4865 3576 4916 venerit.

2010 4934 2150 4988 Dicit
2174 4936 2314 4988 enim
2342 4947 2398 4990 et
2424 4937 2547 4992 alibi
2575 4940 2832 5008 propheta
2870 4959 2886 4996 :
2913 4943 3102 4999 Diebus
3124 4947 3302 5002 multis
3330 4952 3577 5008 sedebant

2009 5027 2108 5095 lilii
2170 5027 2338 5081 Israel
2372 5029 2483 5082 sine
2530 5047 2666 5100 rege,
2700 5031 2811 5085 sine
2846 5035 3101 5106 principe,
3149 5039 3260 5091 sine
3302 5043 3570 5110 prop/retu,

2008 5120 2119 5172 sine
2165 5119 2355 5185 hostia,
2394 5120 2506 5174 sine
2534 5123 2814 5190 sacriﬁcio,
2853 5126 2964 5178 sine
2986 5130 3254 5182 sacerdote
3289 5129 3434 5202 (Ose.
3468 5133 3570 5204 tu).

2005 5211 2062 5265 la
2106 5221 2289 5266 nostra
2345 5223 2525 5266 autem
2586 5213 2861 5268 Dominica
2898 5215 3002 5279 die,
3059 5233 3274 5288 semper
3315 5220 3572 5276 Dominus

2007 5304 2141 5375 pluit
2170 5319 2367 5358 manna
2395 5305 2460 5359 dc
2484 5306 2640 5359 cosio.
2676 5305 2781 5361 Sed
2809 5307 2968 5362 hodie
2992 5324 3090 5381 ego
3116 5310 3259 5379 dico,
3286 5316 3409 5381 quia
3435 5315 3570 5382 pluit

2003 5397 2261 5451 Dominus
2314 5412 2508 5450 manna
2540 5397 2604 5450 de
2652 5398 2805 5452 coelo.
2859 5398 3113 5456 Cwlestta
3166 5419 3396 5473 namque
3445 5419 3566 5459 sunt

2004 5489 2219 5555 eloquia
2251 5488 2351 5542 ista
2385 5502 2503 5556 qua:
2534 5488 2688 5542 nobis
2711 5488 2846 5543 lecta
2871 5499 3029 5556 sunt;
3063 5503 3119 5545 et
3146 5508 3176 5545 a
3210 5492 3318 5546 Deo
3343 5492 3560 5547 descen-

2008 5581 2199 5634 derunt
2247 5578 2405 5633 verba
2434 5594 2550 5646 qua!
2582 5579 2735 5649 nobis
2770 5564 2992 5635 recitata
3017 5590 3159 5644 sunt,
3200 5588 3253 5634 et
3292 5583 3409 5635 ideo
3444 5598 3561 5650 nos,
