3992 6182
368 255 436 308 79
1039 240 1101 293 Β.
1144 237 1398 294 BABANI
1439 235 1662 295 MAURI
1710 238 2027 297 ARClllEP.
2074 237 2381 296 MOGUNT.
2425 235 2707 295 OPERUM
2750 237 2928 291 PARS
2962 235 3002 291 l.
3580 240 3652 294 80

376 360 467 430 qui
507 356 614 412 tale
660 370 856 411 manna
890 338 1239 424 suscipimus,
1294 367 1507 421 semper
1550 353 1709 407 nobis
1755 370 1955 408 manna
1985 355 2038 415 Α
2062 351 2259 418 dinem,
2305 362 2353 406 et
2374 368 2489 406 ecce
2503 350 2687 426 ‘gloria
2720 350 2932 405 Domini
2953 353 3194 423 apparuit
3220 354 3273 407 in
3302 354 3451 406 nube.
3480 353 3650 408 Locu-

380 451 542 505 datnr
576 448 644 503 de
672 445 827 502 caelo.
873 444 954 499 llli
994 442 1241 498 infelices
1271 442 1455 497 dolent
1488 453 1544 497 et
1572 444 1869 514 suspirant,
1910 451 1967 498 et

377 560 437 601 se
460 545 690 600 miseros
714 543 931 606 dicunt;
972 541 1100 611 quia
1121 554 1319 595 manna
1350 538 1494 593 sicut
1513 546 1844 607 acceperunt
1872 553 1963 606 pa-

338 668 346 677 ρ
378 646 492 692 tres
518 636 773 705 ipsorum,
807 632 907 702 ipsi
936 647 1044 686 non
1069 636 1348 685 merentur
1385 627 1652 697 accipere.
1698 626 1775 680 llli
1828 643 1964 680 nun-

336 750 343 757 «
378 740 543 796 quam
583 738 782 778 manna
828 721 1179 777 manducant.
1228 717 1346 773 Non
1395 717 1539 773 enim
1575 726 1801 788 possunt
1838 717 1966 771 illud

340 846 346 854 ι
381 815 726 879 manducare,
758 812 898 884 quod
926 821 1010 867 est
1038 810 1307 866 minutum
1335 810 1478 863 sicut
1512 824 1698 863 semen
1754 808 1968 863 corian-

334 936 348 947 --
381 909 488 974 dri,
510 916 566 962 et
594 905 882 967 candidum
915 904 1055 959 sicut
1084 901 1298 973 pruina.
1341 899 1484 954 Nihil
1514 900 1659 954 enim
1690 898 1742 953 in
1802 900 1967 953 verbo

340 1000 348 1019 ⁵
381 976 478 1055 Dei
503 998 789 1059 minutum,
820 994 956 1050 nihil
983 991 1201 1057 subtile,
1232 990 1369 1046 nihil
1393 990 1635 1045 sentiunt
1661 987 1966 1058 spirituale,

382 1087 476 1141 sed
508 1094 679 1139 totum
711 1084 928 1154 pingue,
957 1090 1131 1136 totum
1166 1079 1434 1135 crassum.
1470 1076 1836 1132 lncrassatum
1879 1086 1963 1130 est

382 1177 526 1232 enim
559 1192 654 1230 cor
675 1174 854 1246 populi
909 1174 1074 1228 illius.
1114 1170 1221 1228 Sed
1246 1180 1302 1227 et
1324 1169 1700 1241 interpretatio
1732 1169 1969 1224 nominis

383 1266 487 1320 hoc
510 1264 650 1318 idem
681 1272 857 1317 sonat.
887 1262 1080 1317 Manna
1111 1261 1255 1317 enim
1288 1261 1699 1330 interpretatur,
1723 1257 1861 1325 Quid
1885 1267 1968 1313 est

382 1355 527 1411 hoc?
560 1356 710 1417 Vide,
750 1355 795 1410 si
821 1371 927 1409 non
950 1356 1063 1426 ipsa
1092 1354 1329 1409 nominis
1355 1353 1529 1407 virtus
1553 1351 1621 1407 ad
1650 1352 1967 1407 discendum

346 1481 350 1485 -
387 1455 442 1501 te
488 1452 768 1516 provocat,
808 1455 869 1499 ut
917 1459 1039 1500 cum
1070 1442 1224 1498 audis
1253 1441 1427 1513 legem
1468 1441 1564 1496 Dei
1610 1441 1848 1505 recitari,
1882 1441 1969 1495 in-

342 1566 347 1570 ο
384 1534 572 1605 quiras
617 1550 846 1605 semper,
893 1542 949 1589 et
1005 1533 1307 1604 internoges
1351 1540 1408 1586 et
1446 1530 1598 1586 dicas
1636 1529 1968 1594 doctoribus,

340 1626 525 1696 “Quid
557 1635 642 1682 est
674 1627 815 1682 hoc?
869 1625 980 1680 Hoc
1017 1626 1164 1680 enim
1192 1632 1296 1691 est,
1328 1624 1473 1695 quod
1514 1624 1722 1678 indicat
1750 1639 1968 1677 manna.

2065 454 2150 498 tus
2193 454 2268 497 est
2311 453 2486 497 autem
2523 441 2780 496 Dominus
2828 442 2898 496 ad
2941 438 3161 513 Moysen
3216 443 3433 497 dicens:
3458 442 3653 498 Audivi

2066 536 2510 589 murmurationes
2566 533 2801 604 filiorum
2843 532 3058 599 Israel;
3123 534 3335 606 loquere
3386 534 3457 588 ad
3526 551 3653 601 eos,

2065 643 2269 697 vespere
2290 628 2568 681 comedetis
2596 642 2805 692 carnes,
2843 637 2891 681 et
2920 626 3290 680 saturabimini
3321 643 3456 697 pane
3479 640 3498 681 :
3520 627 3657 680 scie-

2066 717 2232 786 tisque
2275 717 2413 787 quod
2463 718 2565 771 sim
2602 716 2857 771 Dominus
2902 716 3044 771 Deus
3088 726 3275 772 vester.
3317 716 3464 772 Deus
3491 732 3653 771 man-

2066 806 2161 861 dat
2194 821 2293 876 per
2339 806 2556 878 Moysen
2583 806 2780 878 populo
2811 825 2824 861 :
2849 808 2931 861 Ad
2960 824 3225 879 vesperam
3250 807 3415 862 edetis
3440 824 3650 872 carnes,

2066 907 2114 952 et
2153 915 2308 953 mane
2349 899 2671 968 replebimini
2706 900 2930 971 panibus
2991 899 3103 969 (Ea:
3145 900 3485 972 Augustino.)
3512 900 3657 955 Ecce

2066 1004 2168 1059 pro
2192 989 2339 1044 omni
2367 990 2626 1045 alimento
2655 1007 2822 1062 panes
2845 992 3216 1046 nominantur.
3258 991 3393 1047 Nam
3421 992 3525 1047 isto
3556 1008 3659 1046 no-

2069 1079 2216 1133 mine
2238 1087 2295 1132 et
2321 1094 2518 1135 carnes
2541 1082 3096 1150 comprehenduntur,
3153 1083 3281 1152 quia
3317 1092 3373 1138 et
3399 1084 3530 1153 ipsa:
3558 1083 3655 1137 ali-

2068 1179 2248 1225 menta
2289 1181 2454 1236 sunt;
2501 1187 2602 1226 nec
2634 1182 2817 1229 tamen
2841 1188 3010 1242 panes
3040 1187 3136 1227 eos
3174 1172 3334 1227 modo
3359 1172 3511 1238 dicit,
3559 1174 3656 1242 qui

2072 1259 2207 1312 ﬁunt
2234 1275 2299 1314 ex
2342 1258 2647 1315 frumentis.
2702 1261 2853 1331 Ipsos
2901 1263 3047 1316 enim
3087 1262 3308 1332 proprie
3354 1278 3525 1333 panes
3560 1281 3661 1335 ap-

2068 1350 2274 1419 pellare
2306 1353 2705 1407 consuevimus.
2765 1352 2959 1408 Manna
2995 1364 3174 1409 autem
3205 1370 3405 1425 panum
3436 1358 3662 1412 nomine

2070 1443 2322 1516 appellat.
2348 1442 2466 1498 Non
2496 1455 2680 1500 autem
2707 1453 2883 1509 vacat,
2928 1447 3073 1515 quod
3098 1447 3246 1510 dicit,
3275 1449 3342 1502 ad
3370 1463 3660 1518 vesperam
3687 1480 3695 1486 -

2072 1549 2289 1601 carnes,
2335 1544 2391 1591 et
2422 1552 2581 1590 mane
2618 1551 2788 1606 panes
2832 1552 2891 1592 se
2946 1538 3247 1597 daturuma
3280 1538 3410 1594 Tale
3460 1541 3663 1613 quippe

2074 1625 2275 1694 aliquid
2302 1625 2463 1680 etiam
2503 1625 2555 1678 in
2605 1624 2721 1679 Elia
2771 1625 3133 1696 signiﬁcatum
3176 1638 3291 1694 est,
3334 1643 3457 1683 cum
3483 1629 3533 1685 ei
3562 1629 3645 1684 all-

383 1717 462 1771 Tu
490 1731 619 1772 vero
658 1716 703 1771 si
745 1716 826 1771 vis
848 1716 1180 1770 manducare
1216 1730 1431 1780 manna,
1480 1714 1533 1769 id
1574 1723 1684 1780 est,
1725 1713 1769 1769 si
1810 1713 1968 1784 cupis
2004 1698 2044 1758 Β
2080 1726 2260 1771 menta
2286 1732 2481 1772 corvus
2509 1715 2747 1772 afferret.
2778 1716 2858 1772 An
2898 1716 3038 1774 forte
3067 1720 3327 1775 carnibus
3356 1720 3425 1775 ad
3476 1736 3651 1790 vespe

346 1806 661 1876 rsuseipere
691 1806 877 1871 verba,
899 1805 1037 1860 scito
1059 1804 1189 1859 illud
1230 1805 1495 1859 minutum
1540 1818 1682 1867 esse,
1733 1813 1788 1860 et
1819 1804 1975 1858 valde

342 1922 349 1929 υ
381 1899 602 1962 subtile,
636 1899 779 1953 sicut
819 1911 1002 1954 semen
1047 1896 1341 1952 coriandri.
1372 1897 1549 1952 Habet
1592 1895 1737 1951 enim
1769 1896 1973 1964 aliquid

385 1991 438 2044 in
459 2004 516 2045 se
531 1990 780 2054 etoleris,
807 2004 916 2059 quo
939 1988 1148 2042 nutrire
1159 1994 1214 2041 et
1230 1998 1484 2043 recreare
1508 1986 1678 2057 possit
1696 1985 1972 2041 inﬁrmos:

383 2083 510 2149 quia
538 2082 628 2152 qui
673 2078 915 2150 infirmus
949 2088 1050 2146 est,
1106 2078 1250 2133 olera
1285 2079 1565 2134 manducet
1611 2077 1783 2147 (Rom.
1836 2080 1970 2149 xw).

358 2212 359 2217 η
393 2173 566 2229 Habet
621 2172 822 2242 aliquid
853 2180 909 2228 et
935 2172 1154 2241 rigoris,
1175 2179 1230 2225 et
1253 2170 1374 2226 ideo
1400 2178 1459 2225 ut
1485 2171 1678 2241 pruina
1708 2178 1812 2224 est.
1835 2169 1974 2225 Can-

344 2264 532 2319 «wdoris
579 2272 761 2318 autem
794 2271 851 2317 et
900 2260 1204 2318 dulcedinis
1249 2261 1414 2316 habet
1466 2261 1777 2331 plurimum.
1831 2258 1969 2326 Quid

362 2353 532 2407 enim
559 2351 865 2416 candidius,
897 2351 1027 2420 quid
1050 2350 1382 2420 splendidius
1424 2350 1728 2406 eruditione
1755 2349 1973 2404 divina?

356 2452 363 2473 ί
391 2445 530 2512 Quid
552 2443 784 2515 dulcius,
817 2442 1013 2513 quidve
1049 2443 1268 2497 suavius
1313 2442 1543 2511 eloquiis
1574 2441 1814 2506 Domini,
1853 2456 1975 2511 quze

390 2544 519 2590 sunt
559 2549 721 2604 super
751 2533 854 2586 mel
892 2541 947 2587 et
976 2531 1200 2586 favum?
1237 2530 1344 2586 Sed
1368 2532 1498 2602 quid
1525 2541 1612 2586 est
1637 2533 1781 2602 quod
1817 2532 1970 2596 dicit,

392 2632 447 2678 nt
495 2624 549 2678 in
581 2623 670 2679 die
726 2631 877 2676 sexta
936 2620 1157 2692 duplum
1202 2620 1477 2691 colligitur
1520 2621 1574 2675 in
1622 2621 1974 2691 repositione,

387 2723 647 2787 quantum
706 2712 937 2770 sulliciat
986 2713 1151 2767 etiam
1198 2712 1463 2767 sabbato?
1511 2711 1626 2768 Hoc
1675 2713 1974 2768 secundum

391 2815 629 2861 nostram
654 2803 1086 2875 intelligentiam,
1110 2819 1215 2856 non
1237 2802 1398 2856 otiosi
1429 2817 1527 2858 nec
1550 2802 1727 2858 securi
1751 2812 1977 2873 praeter-

392 2900 470 2955 ire
516 2898 794 2954 dcbemus.
835 2895 998 2951 Sexta
1035 2895 1154 2950 dies
1194 2902 1280 2949 est
1317 2895 1456 2958 haec,
1485 2894 1537 2948 in
1575 2910 1680 2964 qua
1703 2910 1848 2949 nunc
1886 2910 1977 2950 su-

386 3010 511 3050 mus
552 2992 684 3048 vita.
717 2990 773 3047 In
806 3007 901 3046 sex
923 2990 1069 3045 enim
1102 2989 1293 3044 diebus
1322 2989 1466 3043 Deus
1494 2986 1625 3044 fecit
1654 2989 1798 3044 hunc
1820 3004 1974 3045 mun-

384 3090 537 3144 dum.
562 3086 676 3143 Hac
705 3103 834 3157 ergo
862 3093 1074 3140 tantum
1107 3100 1371 3155 reponere
1400 3084 1662 3140 debemus
1692 3094 1748 3140 et
1780 3100 1973 3140 recon-
2004 3055 2049 3118 Ο

393 3184 539 3244 (lere,
568 3187 829 3251 quantum
857 3177 1087 3234 sulliciat
1107 3186 1161 3231 et
1188 3178 1241 3231 in
1258 3176 1441 3232 futuro
1460 3177 1568 3233 die.
1598 3177 1655 3232 Si
1676 3177 1805 3248 quid
1826 3178 1973 3236 enim

389 3272 481 3327 hic
504 3272 629 3327 boni
651 3271 831 3342 operis
861 3269 1133 3338 acquiras,
1163 3268 1206 3323 si
1239 3265 1629 3337 quidjustitiie,
1663 3269 1976 3324 misericor-

381 3364 492 3418 diae
519 3370 574 3418 et
598 3362 815 3433 pietatis
849 3360 1128 3422 recondas,
1170 3359 1274 3414 hoc
1323 3358 1420 3412 tibi
1466 3358 1521 3414 in
1561 3357 1742 3428 laturo
1778 3358 1978 3414 seaculo

391 3452 494 3507 crit
519 3450 693 3507 cibus.
724 3450 900 3506 Aliter
924 3463 1220 3519 supernum
1244 3448 1407 3516 igitur
1432 3462 1631 3503 manna
1655 3448 1835 3502 anima
1854 3462 1978 3519 per-

381 3542 541 3611 cipit,
574 3556 695 3597 cum
720 3555 816 3610 per
839 3554 1029 3594 vocem
1054 3538 1489 3609 compnnctiunis
1513 3538 1749 3604 elevata,
1777 3554 1976 3594 novam

395 3632 628 3703 speciem
668 3631 897 3686 interna:
926 3627 1238 3685 reiectionis
1259 3630 1629 3699 obstupescit;
1678 3640 1737 3683 ut
1786 3630 1972 3685 divina

394 3721 676 3777 dulcedine
723 3720 948 3790 repleta,
994 3719 1119 3790 jure
1169 3719 1496 3790 respondeat
1532 3718 1673 3787 Quid
1702 3728 1787 3776 est
1826 3721 1929 3778 hoc
1961 3740 1975 3775 :

389 3811 519 3880 quia
546 3812 671 3869 dum
712 3809 895 3865 inﬁma
921 3809 1249 3879 cogitatione
1282 3808 1652 3878 suspenditur,
1683 3823 1856 3879 eaque
1881 3825 1979 3864 su-

388 3896 578 3968 pernis
608 3901 892 3971 conspicit,
952 3899 1169 3955 insolite
1197 3900 1447 3965 miratur,
1475 3907 1532 3953 et
1563 3915 1686 3954 cum
1718 3899 1821 3955 hac
1850 3915 1981 3956 voce

397 3992 630 4062 torporis
676 3991 847 4046 nostri
900 3990 1136 4046 sorditas
1189 3992 1482 4058 rumpitur,
1540 3999 1813 4046 vetustate
1855 3993 1980 4048 vitae

396 4085 641 4154 protinus
677 4099 807 4138 usus
851 4091 1095 4140 mutatur
1127 4101 1140 4137 :
1176 4091 1237 4138 ut
1266 4085 1447 4152 anima
1491 4098 1727 4155 superno
1784 4086 1979 4156 spiritu

395 4172 593 4239 alllata,
631 4181 688 4231 et
736 4173 789 4228 in
818 4173 1044 4229 summis
1069 4178 1288 4244 appetat
1313 4189 1431 4244 qua:
1457 4183 1882 4247 contempserat,
1921 4187 1980 4235 et

394 4271 705 4318 contemnat
755 4263 809 4317 in
852 4263 1052 4319 inﬁmis
1098 4280 1219 4335 qua)
1262 4264 1566 4337 appetebat.
1618 4266 1981 4342 Dixeruntque

2078 1822 2192 1860 ram
2224 1814 2280 1861 et
2308 1821 2466 1860 mane
2495 1805 2724 1877 panibus
2755 1806 2843 1862 ille
2869 1807 3230 1878 signiﬁcatur,
3280 1811 3371 1879 qui
3421 1811 3656 1865 traditus

2074 1905 2159 1951 est
2183 1905 2405 1967 propter
2434 1897 2630 1952 delicta
2656 1904 2860 1960 nostra,
2887 1907 2942 1951 et
2981 1899 3279 1953 resurrexit
3301 1909 3524 1969 propter
3537 1898 3653 1970 jus-

2074 1986 2423 2042 tiﬁcationem
2450 1987 2732 2043 nostram?
2776 1988 2859 2043 Ad
2883 2003 3162 2059 vesperam
3186 1989 3386 2060 quippe
3411 2001 3646 2045 mortua:

2073 2094 2138 2133 ex
2169 2078 2484 2136 inﬁrmitate
2508 2088 2566 2136 et
2602 2080 2847 2151 sepultus
2870 2091 2955 2137 est
2985 2100 2999 2137 :
3024 2098 3183 2138 mane
3206 2093 3388 2138 autem
3411 2088 3633 2156 apparui

2076 2170 2374 2241 discipulis,
2407 2172 2500 2241 qui
2547 2182 2925 2228 resurrexcrat
2965 2174 3019 2228 in
3059 2175 3281 2231 virtute.
3326 2175 3554 2232 Factum
3584 2197 3637 2234 e:

2074 2275 2196 2331 ergo
2239 2277 2464 2333 vespere,
2503 2272 2550 2317 et
2570 2263 2803 2318 ascendit
2844 2266 3110 2329 coturnis,
3149 2277 3197 2320 et
3230 2269 3433 2338 operuit
3456 2280 3665 2324 castra.

2078 2348 2237 2405 Hane
2249 2367 2451 2423 quoque
2472 2369 2556 2407 ros
2568 2353 2744 2424 jacuit
2764 2370 2857 2424 per
2868 2356 3144 2410 circuitum
3167 2368 3482 2413 castrorum.
3502 2359 3671 2414 Cunt-

2076 2456 2175 2511 que
2219 2442 2852 2514 operuissetsuperﬁciem
2894 2456 3066 2510 terrw,
3099 2450 3342 2518 apparuit
3371 2452 3424 2502 in
3476 2452 3635 2505 soliti

2078 2531 2199 2585 dine
2232 2533 2510 2598 minatum,
2556 2544 2604 2590 et
2643 2536 2794 2607 quasi
2824 2535 2931 2605 pilo
2961 2546 3135 2591 lusum
3165 2540 3220 2592 in
3265 2541 3627 2596 similitudine:

2077 2621 2281 2690 pruina:
2302 2638 2460 2693 super
2478 2634 2698 2680 terram.
2724 2624 2879 2691 Quod
2919 2645 3037 2683 cum
3071 2631 3319 2687 vidissent
3340 2633 3441 2702 ﬁlii
3461 2634 3663 2699 Irsael,

2078 2712 2323 2768 dixerunt
2380 2714 2450 2769 ad
2483 2716 2726 2782 invicem,
2761 2712 2962 2774 Manlia
2992 2741 3004 2776 :
3037 2724 3179 2793 quod
3217 2726 3483 2794 signiﬁcat
3531 2727 3662 2799 quin

2079 2811 2153 2855 est
2217 2802 2363 2857 hoc?
2412 2802 2737 2875 Ig:.orabant
2806 2811 2944 2863 enim
2987 2811 3114 2881 quid
3160 2823 3312 2866 esset.
3362 2813 3565 2879 Quibus
3588 2818 3660 2870 ait

2082 2891 2325 2964 Moyses;
2350 2893 2461 2949 Iste
2487 2905 2561 2949 est
2581 2897 2755 2966 panis,
2784 2915 2937 2969 quem
2970 2900 3110 2955 dedit
3136 2901 3392 2957 Dominus
3427 2905 3571 2959 vobis
3593 2907 3667 2960 ad

2081 2984 2414 3040 vescendum.
2454 2983 2558 3040 Hic
2582 2993 2658 3041 est
2692 3004 2862 3042 sermo
2889 3006 3041 3060 quem
3069 2992 3313 3064 praecepit
3355 2992 3615 3048 Dominus
3648 3012 3669 3050 :

2080 3074 2293 3146 colligat
2334 3093 2400 3130 ea:
2423 3094 2482 3131 eo
2511 3080 2882 3150 unusquisque,
2916 3093 3172 3153 quantum
3207 3084 3430 3156 suﬂiriat
3453 3085 3522 3138 ad
3555 3104 3672 3140 ves-

2080 3164 2324 3229 cendum,
2347 3180 2531 3235 gomor
2553 3184 2710 3238 super
2730 3169 2937 3238 singula
2962 3172 3155 3240 capita.
3177 3169 3348 3226 Juxta
3385 3190 3669 3228 numerum

2080 3254 2379 3309 animarum
2423 3267 2738 3322 vestrarum,
2781 3275 2898 3330 quae
2942 3258 3181 3314 habitant
3220 3261 3275 3314 in
3324 3262 3671 3317 tabernaculo

2078 3347 2154 3400 sic
2182 3345 2391 3401 tolletis.
2415 3344 2776 3420 Feceruntque
2800 3349 2874 3403 ita
2901 3348 3003 3419 ﬁlii
3026 3348 3224 3416 Israel,
3247 3359 3296 3404 et
3322 3350 3668 3421 collegerunt,

2080 3437 2218 3490 alius
2256 3437 2398 3509 plus,
2438 3437 2577 3493 alius
2604 3440 2798 3504 minus,
2843 3450 2891 3494 et
2935 3442 3246 3495 meusisunt
3269 3442 3339 3495 ad
3364 3454 3671 3500 mensuram

2080 3542 2281 3596 gomor.
2315 3527 2427 3582 Nec
2458 3529 2548 3599 qui
2572 3528 2690 3601 plus
2721 3514 3020 3601 collegerat,
3049 3532 3231 3586 habuit
3271 3533 3502 3603 amplius
3525 3552 3545 3589 :
3572 3553 3672 3592 nec

2080 3617 2171 3686 qui
2199 3616 2371 3670 minus
2402 3627 2699 3687 paraverat,
2737 3621 2926 3689 reperit
2958 3621 3129 3675 minus
3155 3638 3174 3687 ;
3204 3623 3294 3676 sed
3322 3623 3514 3693 singuli
3532 3626 3674 3695 jum-

2082 3717 2137 3760 ta
2172 3708 2228 3760 id
2272 3708 2410 3779 quod
2452 3708 2603 3764 edere
2628 3698 2869 3780 potei‘ant
2905 3725 3366 3784 congregaverant.
3417 3715 3675 3789 Dixitque

2084 3799 2293 3872 Moyses
2337 3802 2406 3854 ad
2458 3819 2545 3857 eos
2578 3814 2599 3857 .'
2634 3801 2834 3858 Nullus
2882 3803 3143 3876 relinquat
3192 3823 3257 3861 ea:
3285 3824 3345 3861 eo
3389 3809 3445 3864 in
3489 3826 3671 3865 mane.

2084 3891 2189 3957 Qui
2230 3909 2334 3946 non
2364 3893 2645 3948 audierunt
2680 3910 2841 3960 eum;
2891 3895 2983 3951 sed
3009 3897 3319 3952 dimiserunt
3357 3900 3573 3970 quidam
3604 3919 3677 3957 ea:

2081 3983 2157 4037 eis
2205 4000 2370 4054 usque
2418 4001 2612 4051 mane;
2655 3996 2704 4040 et
2752 3997 2954 4042 scatere
2987 3988 3136 4060 capit
3183 3990 3462 4055 vermibus,
3512 4002 3677 4065 atque

2082 4076 2397 4146 computruit
2422 4094 2441 4133 :
2472 4085 2522 4130 et
2545 4077 2714 4132 iratus
2737 4087 2812 4133 est
2843 4088 3027 4134 contra
3044 4097 3131 4134 eos
3161 4078 3388 4152 Moyses.
3443 4080 3672 4156 Collige-

2083 4165 2205 4220 bant
2245 4177 2420 4221 autem
2457 4184 2610 4222 mane
2650 4169 2865 4239 singuli,
2908 4181 3164 4242 quantum
3190 4164 3424 4245 sufﬁcere
3462 4186 3675 4247 poterat

2083 4258 2177 4312 adx
2196 4258 2527 4313 vescendum.
2577 4258 2812 4332 Cumque
2850 4262 3172 4318 incubuisset
3218 4264 3299 4319 sol
3348 4265 3671 4338 lique/iebat.

396 4355 602 4426 Moyses
642 4366 688 4408 et
713 4356 889 4411 Aaron
910 4354 980 4409 ad
1004 4372 1180 4411 omnes
1199 4354 1340 4426 ﬁlios
1366 4354 1536 4429 Israel
1559 4371 1577 4410 :
1612 4355 1832 4429 Vespere
1855 4362 1973 4416 scie-

2091 4348 2153 4404 In
2190 4350 2275 4404 die
2316 4367 2434 4404 vero
2474 4360 2622 4405 sexta
2670 4350 2985 4424 collegerunt
3026 4355 3167 4410 cibos
3192 4354 3451 4427 duplices,
3484 4358 3541 4412 id
3569 4371 3675 4426 est,

397 4447 484 4508 tis,
515 4444 655 4516 quod
686 4444 943 4500 Dominus
986 4446 1223 4517 eduxerit
1266 4464 1353 4500 vos
1372 4446 1438 4502 de
1485 4457 1626 4503 terra
1666 4448 1907 4522 .Egypti,
1932 4465 1977 4506 et

396 4549 549 4589 mune
589 4532 828 4586 videbitis
867 4533 1089 4603 gloriam
1138 4534 1368 4603 Domini.
1429 4536 1641 4609 Moyses
1692 4548 1749 4594 et
1794 4540 1978 4597 Aaron

398 4622 585 4679 dicunt
614 4623 681 4676 ad
714 4624 968 4693 populum
1004 4625 1144 4679 inter
1175 4636 1374 4681 cmtera
1413 4644 1426 4681 :
1473 4625 1700 4700 Propter
1724 4631 1865 4701 quod
1885 4649 1979 4687 ea:-

397 4711 596 4768 audivit
641 4712 901 4768 Dominus
940 4716 1410 4769 murmurationem
1454 4729 1680 4771 vestram
1726 4737 1830 4790 qua
1892 4739 1980 4776 vos

398 4805 739 4859 murmuratis
767 4804 1043 4859 adversum
1076 4822 1189 4859 nos.
1223 4802 1336 4861 Nos
1360 4816 1539 4862 autem
1577 4810 1705 4879 quid
1746 4827 1929 4868 sumus
1955 4815 1980 4867 .9

402 4895 525 4952 Non
568 4898 707 4951 enim
739 4896 1014 4973 adversum
1063 4913 1157 4953 nos
1202 4913 1447 4953 murmur
1474 4911 1700 4955 vestrum
1742 4912 1838 4967 est,
1884 4906 1976 4960 sed

400 4993 675 5047 adversum.
700 4987 889 5047 Deum.
936 4987 1051 5044 Non
1080 5003 1147 5045 ex
1179 4988 1283 5045 hoc
1329 4999 1539 5047 tantum
1569 5008 1630 5048 se
1671 4993 1853 5050 valere
1882 5011 1978 5051 vo-

402 5078 638 5143 luerunt,
669 5087 927 5148 quantum
952 5077 1116 5155 Deus,
1141 5080 1393 5136 dixerunt
1417 5082 1559 5138 enim
1587 5102 1598 5136 :
1634 5082 1773 5150 Quid
1795 5102 1976 5143 sumus

402 5170 539 5230 nos?
569 5179 628 5225 ut
653 5168 726 5226 illi
762 5168 1018 5227 adversus
1052 5170 1200 5229 illum
1237 5186 1297 5227 se
1339 5172 1542 5247 scirent
1586 5190 1974 5242 murmurasse,

401 5260 492 5331 qui
524 5258 642 5314 illos
671 5258 908 5321 miserat,
936 5269 990 5314 et
1016 5260 1107 5330 qui
1139 5276 1234 5331 per
1263 5263 1397 5317 istos
1422 5263 1764 5333 operabatur.
1805 5266 1977 5320 Dixit-

399 5369 499 5422 que
537 5348 743 5422 Moyses
798 5350 867 5403 ad
907 5351 1085 5406 Aaron
1107 5366 1126 5404 :
1158 5351 1256 5407 Dic
1293 5354 1546 5410 universa:
1589 5360 1979 5428 congregationi

402 5440 634 5510 ﬁliorum
695 5433 917 5496 Israel:
952 5442 1194 5497 Accedite
1236 5460 1415 5498 coram
1466 5445 1726 5512 Domino;
1780 5451 1977 5504 audivit

403 5534 539 5588 enim
571 5551 810 5589 murmur
836 5544 1081 5590 vestrum.
1111 5533 1344 5607 Cumque
1373 5538 1672 5607 loqueretur
1697 5540 1877 5598 Aaron
1907 5546 1975 5599 ad

404 5639 603 5678 omnem
627 5636 809 5680 emtum
833 5627 1071 5693 filiorum
1097 5625 1285 5691 Israel,
1334 5627 1668 5699 respexerunt
1691 5634 1964 5719 ad's’olitu.

2087 4441 2191 4494 duo
2237 4458 2419 4513 gomor
2464 4459 2557 4513 per
2612 4442 2849 4516 singulos
2889 4444 3149 4515 homines,
3191 4457 3249 4505 et
3302 4450 3528 4521 reliqua.
3561 4451 3677 4525 (Ea:

2086 4532 2339 4608 Isidoro.)
2397 4535 2537 4605 Quid
2566 4538 2710 4596 enim
2738 4554 2835 4610 per
2864 4539 3147 4597 volucrum
3168 4558 3345 4612 escas,
3398 4546 3504 4601 nisi
3530 4563 3676 4618 pm

2084 4626 2353 4683 dicatores
2405 4629 2664 4686 divinitus
2702 4631 2853 4686 missi
2900 4631 3293 4705 intelliguntur,
3343 4636 3437 4706 qui
3486 4645 3674 4695 trans-

2084 4729 2310 4775 currunt
2336 4736 2436 4793 per
2474 4722 2637 4777 verba
2682 4723 2950 4789 sonantia,
2994 4727 3148 4794 quasi
3173 4742 3273 4796 per
3304 4742 3484 4783 aerem
3512 4728 3675 4784 vola-

2086 4809 2198 4863 tilia
2252 4821 2526 4881 pennata;
2594 4813 2793 4882 quibus
2843 4827 2943 4883 per
3003 4814 3163 4871 ﬁdem
3234 4828 3529 4887 pascantur
3584 4820 3672 4887 bi,

2086 4903 2178 4973 qui
2241 4903 2309 4957 ad
2365 4902 2595 4973 patriam
2657 4904 2810 4985 regni
2882 4906 3126 4962 cmlestis
3196 4910 3482 4978 pervenire
3536 4925 3677 4966 con-

2088 4995 2357 5051 tendunt?
2411 4993 2594 5049 Potest
2641 4996 2859 5065 quidem
2907 5007 2963 5053 et
3012 5000 3293 5055 volucrum
3344 5015 3467 5057 esca
3522 5012 3679 5058 vete-

2088 5088 2164 5143 ris
2193 5086 2497 5157 signiﬁcare
2530 5084 2664 5157 legis
2692 5085 2928 5157 eloquia,
2973 5104 3095 5159 qua:
3136 5090 3344 5160 plebem
3396 5090 3675 5147 carnalem

2086 5186 2343 5251 tanquam
2399 5192 2562 5233 carne
2610 5179 2795 5236 alebat
2835 5196 2931 5251 per
2980 5182 3143 5237 verba
3190 5182 3444 5237 divinitus
3482 5183 3674 5247 missa,

2087 5269 2240 5339 quasi
2268 5283 2363 5338 per
2385 5266 2640 5323 volatilia.
2694 5268 2848 5325 Unde
2902 5280 2956 5327 et
3002 5287 3228 5342 vespere
3273 5272 3492 5337 dantur,
3540 5274 3674 5342 quis

2083 5369 2273 5415 cuncta
2300 5374 2418 5429 quae
2438 5360 2733 5419 carnaliter
2756 5360 2862 5415 illis
2894 5377 3154 5417 concessa
3178 5372 3305 5418 sunt
3330 5362 3490 5417 tinem
3512 5372 3677 5417 erant

2083 5450 2347 5506 habitura.
2406 5449 2744 5506 Manifestum
2812 5461 2993 5506 autem
3057 5452 3260 5507 lumine
3313 5452 3458 5519 ﬁdei,
3511 5452 3680 5507 datur

2082 5558 2278 5597 manna
2316 5542 2531 5613 populo,
2562 5557 2759 5596 manna
2780 5543 2965 5612 utique
2988 5544 3130 5613 quod
3155 5553 3241 5600 cst
3271 5543 3540 5615 Christus.
3576 5545 3678 5614 qui

2081 5646 2335 5701 tanquam
2376 5634 2531 5703 panis
2580 5634 2734 5687 vivus
2786 5633 2851 5695 de
2883 5634 3021 5690 cmlo
3069 5635 3368 5690 descendit.
3419 5635 3520 5703 Qui
3574 5650 3676 5704 per
