3992 6182
270 434 325 490 81
1223 421 1723 479 COMMENTARIA
1763 422 1828 476 l-N

1946 423 2188 477 LODUM.
2223 451 2314 469 -ν
2333 423 2457 476 LIB.
2500 424 2560 476 ll.
3470 430 3566 481 82-

269 543 431 598 nubes
453 539 801 608 evangelicas
837 539 1088 593 universo
1130 537 1262 591 orbe
1300 534 1522 605 pluitur,
1582 549 1688 588 non
1735 533 1849 601 jam
1877 540 1926 599 Α
1951 549 2138 604 cupere
2161 552 2378 604 gomor;
2406 545 2451 587 et
2472 551 2606 604 pone
2632 550 2817 588 coram--
2839 532 3070 590 Domino
3110 536 3180 590 ad
3227 538 3572 593 seruandum-

269 629 622 686 murmuranti
643 637 700 684 et
743 628 970 683 tentauti
1021 627 1338 698 Syuagogm,
1368 625 1460 680 sed
1513 625 1757 680 credenti
1794 633 1852 679 et

269 723 318 775 in
346 719 436 775 illo
457 733 610 789 spem
639 717 860 788 ponenti
892 716 1166 771 Ecclesiae.
1197 715 1309 770 Hoc
1337 722 1422 769 est
1465 724 1646 768 autem
1697 730 1850 767 man-

268 827 331 863 na
364 809 701 864 indeﬁeiens.
734 807 834 861 Hie
854 816 936 861 est
957 805 1116 876 panis
1146 821 1305 860 verus
1336 813 1393 858 et
1428 805 1670 859 ccclesiis
1696 803 1850 859 cibus

265 899 595 970 angelorum,
648 898 790 967 quod
838 897 930 951 Dei
968 897 1204 950 Verbum
1247 893 1624 966 corruptibiles
1667 895 1848 949 incor-

265 988 585 1059 ruptibiliter
612 987 814 1057 pascit;
843 985 988 1055 quod
1010 993 1068 1039 ut
1097 971 1448 1040 manducaret
1496 985 1678 1044 homo,
1725 999 1848 1037 caro

265 1077 456 1146 factum
487 1085 583 1137 est,
615 1085 662 1128 et
684 1074 937 1128 habitavit
963 1073 1016 1126 in
1041 1073 1187 1126 nobis
1217 1073 1410 1145 (Joan.
1439 1090 1452 1127 I
1481 1073 1521 1144 ),
1551 1088 1658 1142 quo
1683 1073 1848 1126 etiam

265 1168 348 1236 qui
372 1178 690 1232 vescuntur,
717 1167 1071 1236 spiritualiter
1107 1166 1312 1220 vivunt.
1348 1164 1480 1218 Nam
1512 1165 1584 1218 illi
1610 1161 1849 1219 veterem

265 1261 480 1326 ﬁguram
536 1257 830 1311 carnaliter
877 1255 1228 1326 accipientes,
1277 1255 1480 1309 mortui
1531 1262 1678 1309 sunt.
1730 1252 1848 1308 Non

263 1346 552 1416 incongrue
582 1355 639 1399 et
666 1359 764 1414 per
790 1361 986 1400 manna
1036 1345 1200 1399 etiam
1247 1344 1491 1399 celestia
1537 1342 1851 1414 signiﬁcano

261 1448 342 1490 tur
363 1437 614 1506 eloquia;
643 1435 783 1490 unde
807 1444 862 1490 et
893 1437 1268 1505 interpretatio
1308 1435 1539 1491 nominis
1562 1435 1644 1490 sic
1672 1442 1845 1489 sonat.

259 1528 447 1582 hianna
473 1528 640 1581 etiam
662 1528 774 1582 sive
799 1526 998 1580 manhu
1023 1526 1428 1595 interpretatur,
1457 1523 1584 1593 quid
1606 1523 1852 1577 esthoc?

255 1621 384 1673 Cum
413 1621 562 1673 enim
605 1619 855 1673 audimus
886 1619 1057 1688 legem
1089 1618 1181 1672 Dei
1221 1617 1434 1672 recitari
1488 1617 1540 1670 in
1594 1615 1850 1680 ecclesia,

258 1710 655 1780 interrogamus
680 1710 935 1764 doctores
963 1709 1227 1768 dicentes,
1251 1706 1390 1773 Quid
1416 1714 1499 1760 est
1534 1706 1669 1761 hoc?
1714 1706 1847 1760 Item

261 1799 538 1854 naturaliter
561 1815 661 1870 per
688 1815 910 1865 manna,
939 1800 1083 1869 quod
1139 1799 1334 1870 populo
1375 1800 1607 1867 desuper
1663 1798 1849 1852 datum

1950 628 2003 680 in
2030 628 2388 696 generationes
2413 635 2628 687 uestras,
2653 625 2786 679 sicut
2805 627 3051 696 pra'cepit
3070 625 3327 683 Domitius
3349 627 3552 698 Moysi.

1953 717 2238 789 Posuitque
2266 717 2398 772 illud
2424 720 2601 770 Aaron
2622 719 2677 771 in
2700 717 3039 772 tabernaculo
3072 719 3459 784 reservandum,
3484 730 3541 779 et

1949 817 2163 862 caetera.
2192 807 2299 877 (Ex
2322 807 2668 878 Auqustino.)
2699 807 2874 873 Quaeri
2901 817 3080 878 potest
3107 810 3196 864 ubi
3227 810 3411 864 Aaron
3448 827 3560 881 pom

1952 907 2103 953 neret
2139 907 2264 953 ante
2316 898 2508 962 Deum,
2561 899 2775 967 quando
2827 915 2928 954 nee
2975 900 3140 954 ullum
3192 901 3570 957 simulacrum.

1951 985 2075 1051 fuit,
2105 1002 2204 1040 nec
2227 1003 2351 1040 arca
2390 987 2697 1042 testamenti
2738 989 2850 1058 jam
2902 987 3079 1044 fuerat
3134 991 3403 1047 instituta.
3459 994 3542 1047 An

1952 1077 2091 1133 forte
2119 1079 2240 1132 ideo
2265 1079 2332 1132 de
2353 1077 2534 1134 futuro
2563 1079 2719 1143 dixit,
2744 1080 3016 1149 Deponas,
3045 1091 3105 1136 ut
3149 1082 3544 1153 intelligeretur
3570 1124 3572 1126 -

1953 1178 2080 1223 tunc
2110 1176 2236 1223 ante
2267 1169 2434 1223 Deum
2461 1185 2620 1238 posse
2665 1172 2872 1240 reponi,
2926 1173 3145 1240 quando
3189 1171 3371 1228 futura
3421 1184 3576 1230 erat

1951 1260 2113 1313 arca?
2135 1275 2206 1313 an
2235 1260 2416 1330 potius
2453 1269 2577 1315 ante
2607 1263 2773 1314 Deum
2811 1261 3013 1316 dictum
3041 1271 3142 1328 est,
3174 1265 3316 1333 quod
3340 1263 3399 1318 fit
3428 1265 3576 1335 ipsa‘

1952 1353 2238 1407 devotione
2265 1353 2546 1416 oﬁ'erendi,
2585 1355 2637 1408 in
2686 1369 3007 1424 quocunque
3055 1355 3172 1411 loco
3217 1360 3570 1428 poneretur?

1952 1442 2041 1496 ubi
2065 1443 2210 1496 enim
2241 1457 2346 1497 non
2383 1442 2558 1496 Dens?
2587 1441 2692 1497 Sed
2717 1443 2846 1498 illud
2871 1444 3014 1513 quod
3044 1444 3321 1515 adiungat,
3365 1456 3422 1501 et
3467 1464 3538 1502 re-

1949 1531 2118 1600 posuit
2136 1530 2316 1584 Aaron
2339 1541 2461 1585 ante
2481 1532 2834 1585 testimonium
2857 1533 2925 1584 ad
2952 1534 3283 1596 seruandum,
3302 1535 3564 1603 priorem~

1955 1621 2123 1691 magis
2158 1636 2374 1676 sensum
2406 1623 2599 1693 aperit.
2632 1622 2746 1678 lloc
2777 1623 2921 1677 enim
2952 1625 3112 1679 modo
3140 1624 3418 1696 Scriptura
3465 1626 3552 1680 di->

1952 1711 2032 1764 xit
2056 1725 2154 1779 per
2182 1711 2477 1783 prolepsin,
2509 1714 2650 1782 quod
2678 1723 2862 1782 postea
2893 1714 3094 1769 factum
3126 1725 3231 1781 est,
3253 1731 3378 1770 cum
3417 1732 3542 1771 esse
3577 1745 3580 1750 ~

1954 1804 2121 1872 carpit
2149 1804 2558 1859 tabernaculum
2591 1806 2908 1859 testimonii.
2960 1804 3092 1859 Filii
3137 1817 3322 1860 autem.
3370 1805 3542 1861 Israel
3573 1815 3580 1827 ‘

254 1901 354 1955 est,
382 1892 677 1947 admiratio
707 1906 956 1961 superna:
981 1889 1282 1947 dulcedinis
1311 1889 1639 1960 designatur.
1665 1889 1848 1944 Dulcis
1871 1886 1921 1944 ’Β
1949 1894 2284 1948 comederunt
2316 1912 2508 1949 manna
2529 1895 2882 1965 quadraginta
2901 1896 3076 1958 armis,
3114 1895 3280 1949 donec
3309 1897 3538 1950 venirent
3571 1913 3574 1916 '

255 1983 395 2036 enim
424 1983 600 2048 cibus,
633 1982 724 2050 qui
755 1983 825 2036 de
851 1982 1100 2052 superuis
1123 1982 1408 2051 accipitur,
1439 1981 1640 2034 manhu
1685 1995 1846 2035 voca-

254 2083 370 2135 tir;
410 2073 610 2126 llanbu
649 2073 824 2138 enim,
881 2081 939 2126 ut
988 2088 1151 2142 supra
1198 2073 1401 2126 dictum
1457 2081 1563 2137 est,
1624 2071 1844 2138 dicitur,

251 2164 379 2232 quid
409 2173 495 2218 est
531 2165 670 2218 hoc?
691 2164 783 2230 Et,
821 2163 951 2233 quid
973 2172 1056 2218 est
1083 2165 1202 2226 hoc,
1229 2165 1479 2228 dicimus,
1503 2165 1719 2232 attendo
1743 2165 1844 2219 hoc

254 2255 399 2324 quod
453 2257 728 2311 cernimus
774 2257 1080 2312 nescientes
1131 2257 1484 2310 admiramur.
1538 2255 1842 2326 Superuum

255 2345 420 2415 igitur
445 2361 640 2399 manna
663 2348 848 2400 anima
867 2347 1161 2417 percipiet,
1195 2361 1318 2400 cum
1351 2362 1450 2416 per
1473 2362 1659 2402 vocem
1689 2363 1842 2402 com-

251 2437 557 2506 punctionis
583 2438 815 2503 elevata,
839 2454 1033 2493 novam
1065 2440 1298 2508 speciem
1328 2439 1557 2495 interna:
1595 2439 1846 2496 refectio-

251 2527 335 2580 nis
369 2528 731 2596 obstupescit,
760 2536 819 2581 ut
839 2528 1017 2582 divina
1047 2528 1329 2583 dulcedine
1363 2529 1567 2599 repleta
1608 2529 1734 2600 jure
1759 2546 1846 2586 re-

254 2632 341 2687 spc
354 2619 539 2683 ndeat,
568 2618 708 2686 Quid
731 2628 816 2674 est
840 2619 977 2674 hoc?
999 2619 1132 2686 Quae
1162 2620 1288 2674 dum
1317 2620 1386 2674 ab
1427 2620 1611 2674 inﬁma
1635 2622 1843 2692 cogita-

256 2709 396 2763 tione
418 2711 788 2779 suspenditur,
815 2726 878 2766 ea
901 2726 1024 2780 qua:
1052 2711 1119 2766 de
1156 2712 1408 2780 supernis
1447 2712 1714 2781 conspicit
1764 2712 1846 2766 in-

255 2801 407 2854 solite
429 2802 690 2869 miratur;
721 2811 775 2858 et
801 2819 923 2858 cum
960 2804 1062 2858 hac
1084 2818 1215 2857 voce
1245 2804 1480 2872 torporis
1522 2803 1692 2857 nostri
1722 2818 1844 2857 sor-

252 2893 390 2946 Ilitas
412 2893 704 2963 rumpitur,
732 2902 957 2948 vetustae
977 2895 1102 2948 vita!
1139 2895 1387 2964 protinus
1411 2908 1544 2948 usus
1565 2901 1842 2948 mutatur:

255 2994 312 3037 ut
337 2984 518 3039 anima
544 3000 782 3054 superno
810 2986 1002 3056 spiritu
1033 2985 1232 3051 amata,
1264 2994 1318 3040 et
1361 2987 1415 3040 in
1467 2986 1694 3040 summis
1749 3001 1847 3056 ap-

255 3082 398 3137 petat
440 3091 560 3144 qua:
607 3085 1030 3146 contempserat,
1078 3087 1133 3132 et
1183 3085 1496 3132 contemnat
1540 3077 1593 3131 in
1644 3078 1846 3133 inﬁmis

257 3182 370 3235 qua:
400 3166 857 3239 appetebat.(Ea:
913 3167 1176 3240 Isidoro.)
1235 3167 1348 3223 lloc
1408 3178 1588 3222 autem
1643 3184 1838 3225 manna

1947 1984 2007 2036 in
2033 1994 2228 2036 terram
2254 1982 2611 2037 habitabilem.
2639 1983 2752 2039 Hoc
2774 1985 2891 2039 cibo
2935 1983 3053 2038 aliti
3093 1993 3215 2039 sunt
3272 1999 3536 2056 usquequo

1945 2082 2216 2143 tangerent
2247 2073 2378 2141 lines
2418 2083 2569 2127 terrm
2606 2072 2885 2129 Chanaan.
2915 2075 3040 2130 Filii
3083 2084 3287 2140 autem,
3339 2074 3574 2145 inquit,.

1945 2163 2110 2218 Israel
2165 2164 2396 2216 ederunt
2443 2179 2639 2217 manna
2701 2165 2858 2220 annis
2905 2165 3281 2235 quadraginta,
3331 2165 3562 2234 quoad--

1948 2270 2118 2324 usque
2141 2254 2392 2309 venirent
2425 2256 2476 2310 in
2512 2265 2712 2311 terram
2735 2273 2854 2326 qua:
2877 2259 3168 2313 habitatur.
3198 2259 3392 2313 Manna
3410 2259 3542 2314 ede—

1948 2352 2094 2409 runt,
2121 2345 2472 2416 quoadusque
2501 2346 2751 2401 venirent
2804 2347 2858 2402 in
2893 2355 3102 2402 terram
3127 2348 3406 2403 Chanaan.
3451 2347 3538 2403 Si—

1946 2436 2224 2506 gniﬁcavit
2255 2436 2537 2508 Scriptura
2562 2453 2658 2509 per
2681 2429 2978 2511 prolepsin,
3016 2441 3070 2495 id
3103 2451 3205 2505 est,
3265 2443 3366 2498 huc
3418 2441 3542 2498 loco
3564 2480 3578 2488 .

1950 2532 2326 2595 memorando,
2355 2532 2497 2600 quod
2551 2532 2716 2588 etiam
2766 2542 2952 2606 postea
3009 2532 3212 2588 factum
3259 2543 3362 2600 est,
3429 2551 3578 2589 non:

1946 2624 2120 2679 edisse
2147 2624 2283 2680 ﬁlios
2301 2624 2465 2679 Israel
2489 2626 2540 2679 in
2563 2640 2746 2681 eremo
2780 2626 2884 2680 nisi
2906 2641 3123 2680 manna.
3151 2625 3265 2680 lloc
3283 2635 3364 2680 est
3395 2628 3542 2682 enim
3581 2671 3583 2674 .

1947 2715 2090 2781 quod
2115 2715 2211 2776 ait,
2243 2727 2405 2785 usque
2426 2714 2495 2768 ad
2523 2723 2719 2768 terram
2767 2732 2886 2785 qua:
2933 2715 3284 2781 inhabitatur,
3335 2717 3387 2770 id
3433 2726 3585 2781 est...

1941 2803 2052 2873 jam
2092 2822 2198 2859 non
2233 2816 2317 2860 est
2356 2821 2591 2861 oremus.
2619 2805 2736 2860 Non
2763 2807 2886 2876 quia
2913 2808 3170 2862 continuo
3196 2816 3257 2862 ut
3279 2817 3545 2862 venerunt
3567 2851 3582 2859 -

1946 2896 2016 2949 ad
2049 2905 2250 2950 terram
2276 2896 2708 2960 inhabitabilem,
2744 2897 3069 2951 destiterunt
3119 2898 3262 2952 vesci
3315 2912 3574 2961 manna,.

1945 2986 2040 3042 sed
2070 2986 2196 3055 quia
2222 3001 2328 3040 non
2358 2995 2502 3040 ante.
2529 2986 2780 3054 Trajecto
2810 2988 2954 3042 enim
2983 2986 3222 3044 Jordane
3267 2988 3542 3058 signiﬁca-

1948 3084 2036 3130 tur
2066 3091 2262 3129 mauua
2289 3091 2533 3140 cessare,
2552 3075 2642 3130 ubi
2673 3091 2842 3146 panes
2867 3085 3025 3132 terra:
3054 3079 3536 3133 manducaverunt.

1946 3166 2098 3232 Quod
2113 3181 2240 3235 ergo
2253 3164 2482 3236 ingressi
2504 3165 2995 3221 sunthabimbilem
3012 3175 3234 3231 terram,
3246 3176 3538 3236 antequam
3567 3191 3574 3194 ν

258 3255 516 3310 minutum
540 3265 662 3311 erat
683 3258 1022 3312 sicutscmen
1047 3259 1340 3323 coriandri,
1372 3259 1549 3313 album
1574 3268 1629 3314 et
1651 3275 1836 3317 suave.
1868 3245 1911 3306 C
1945 3259 2242 3312 transirent
2267 3257 2584 3322 Jordanem,
2615 3257 2712 3312 vel
2730 3266 2939 3313 tantum
2986 3274 3184 3313 manna
3229 3259 3399 3324 vesci,
3455 3259 3539 3312 vel
3568 3292 3576 3303 ι

257 3344 390 3410 Quid
417 3348 586 3404 verbo
616 3348 713 3404 Dei
740 3350 1023 3414 minutius,
1047 3350 1244 3419 quidve
1275 3351 1546 3415 subtilius,
1575 3361 1668 3407 aut
1709 3354 1840 3423 quid

259 3438 460 3494 dulcius
486 3449 542 3495 et
573 3443 794 3498 suavius
831 3443 1060 3513 eloquiis
1089 3444 1206 3508 Dei,
1238 3460 1358 3515 qua:
1383 3455 1510 3499 sunt
1544 3461 1706 3516 super
1735 3445 1840 3500 mel

259 3535 308 3582 et
336 3529 562 3585 favum?
589 3532 695 3586 Sed
718 3533 849 3602 quid
879 3543 962 3588 est
987 3535 1132 3603 quod
1163 3544 1317 3589 sexta
1348 3536 1435 3590 die
1459 3535 1680 3605 duplum
1732 3537 1842 3590 col-

261 3621 342 3691 ligi
363 3621 608 3691 iubetur,
640 3627 782 3694 quod
806 3626 969 3680 etiam
1001 3626 1236 3680 sufﬁciat
1275 3627 1329 3681 in
1367 3627 1629 3682 sabbato?
1673 3627 1841 3683 Sexta

259 3715 367 3771 dies
391 3718 495 3770 ista
517 3724 603 3771 est
626 3724 776 3770 sexta
803 3725 937 3770 tetas
963 3716 1167 3781 mundi,
1201 3717 1252 3770 in
1282 3731 1388 3785 qua
1432 3732 1578 3771 nunc
1631 3732 1838 3771 sumus.

256 3805 311 3860 In
342 3809 438 3862 bac
458 3824 590 3879 ergo
615 3807 833 3877 duplum
859 3809 1078 3879 colligit,
1109 3809 1199 3876 qui
1253 3817 1476 3878 propter
1519 3826 1670 3879 spem
1722 3810 1844 3864 vita!

256 3905 465 3954 :cterna:
491 3900 720 3954 verbum
749 3899 843 3954 Dei
875 3909 928 3954 et
954 3900 1102 3953 audit
1129 3910 1184 3953 et
1207 3898 1356 3953 facit.
1396 3898 1453 3953 ln
1491 3900 1592 3954 hac
1622 3899 1838 3969 duplum

258 3992 518 4056 recondit,
551 3991 645 4060 qui
680 4001 733 4045 et
770 3992 907 4046 bene
960 3991 1092 4045 vivit
1129 3999 1184 4046 et
1240 3991 1362 4047 aliis
1414 3992 1841 4047 misericordiam

258 4084 473 4152 prabet.
505 4082 661 4149 Quod
695 4083 1055 4152 reponebatur
1099 4090 1322 4152 propter
1370 4083 1673 4147 sabbatum,
1733 4097 1840 4136 non

257 4175 721 4244 corrumpebatur.
755 4172 900 4226 Bona
923 4173 1067 4227 enim
1095 4188 1257 4242 opera
1289 4171 1430 4227 facta
1485 4180 1707 4242 propter
1755 4172 1839 4224 fu—

259 4275 424 4318 turam
457 4264 702 4334 requiem
729 4263 783 4316 in
809 4261 991 4318 futuro
1020 4263 1216 4318 seaculo
1259 4271 1598 4332 permanent.
1629 4261 1730 4329 Qui
1759 4277 1844 4315 ve-

259 4354 578 4408 roinﬁdeles
602 4364 780 4418 erant,
813 4363 868 4409 et
893 4364 1090 4422 praeter
1114 4369 1336 4408 causam
1390 4353 1601 4408 sabbati
1657 4368 1841 4407 serva-

260 4444 378 4498 bant
406 4445 473 4498 de
504 4459 722 4505 manna,
751 4442 1082 4499 ebulliebant
1108 4459 1174 4498 ex
1219 4459 1286 4499 eo
1319 4458 1532 4497 vermes
1586 4450 1642 4496 et
1693 4458 1841 4496 com-

259 4535 614 4601 putrescebal.
645 4533 735 4589 Sic
758 4542 813 4588 et
839 4535 930 4604 qui
955 4542 1174 4604 propter
1200 4542 1522 4603 praesentem
1565 4533 1734 4586 vitam
1783 4539 1840 4586 et

261 4641 494 4679 amorem
523 4625 710 4679 seculi
739 4625 1134 4688 thesaurizant,
1169 4625 1252 4678 his
1280 4632 1333 4678 et
1363 4623 1453 4677 ille
1470 4623 1672 4677 vermis
1690 4622 1842 4677 ebul-

261 4714 313 4768 lit
334 4717 427 4785 qui
456 4731 566 4770 non
599 4715 883 4770 morietur.
915 4714 1009 4768 ls‘.i
1039 4723 1166 4769 sunt
1192 4729 1425 4777 vermes,
1453 4727 1591 4781 quos
1616 4723 1842 4780 generat

259 4807 478 4860 avaritia
509 4814 569 4861 et
596 4806 908 4861 divitiarum
931 4822 1074 4861 caeca
1106 4806 1396 4875 cupiditas.
1454 4803 1520 4858 Hi
1570 4815 1696 4859 sunt
1749 4807 1840 4874 qui

259 4897 451 4952 habent
489 4898 772 4968 pecunias,
793 4907 849 4952 et
875 4897 1121 4953 videntes
1171 4899 1224 4951 in
1275 4897 1598 4952 necessitate
1644 4896 1842 4951 fratres

256 5004 397 5048 suos,
439 4989 700 5042 claudunt
727 4989 796 5043 ab
827 4989 908 5042 eis
932 4989 1134 5043 viscera
1160 5004 1276 5042 sua.
1310 4987 1416 5042 Sed
1442 4995 1497 5040 et
1533 4988 1578 5042 is
1603 4987 1695 5055 qui
1720 4997 1842 5056 post

257 5089 563 5148 susceptum
611 5079 706 5134 Dei
757 5079 981 5134 verbum
1029 5088 1243 5149 peccat,
1291 5078 1529 5133 efﬁcitur
1570 5077 1619 5132 ei
1666 5077 1840 5147 ipsum

260 5169 350 5224 Dei
377 5174 600 5225 verbum
627 5172 848 5236 vermis,
896 5172 986 5240 qui
1031 5171 1147 5239 ejus
1191 5185 1408 5239 semper
1452 5171 1839 5226 conscientiam

261 5263 447 5326 fodiat,
470 5275 524 5318 et
555 5279 756 5317 arcana
785 5265 1019 5334 pectoris
1051 5264 1242 5328 rodat;
1276 5278 1586 5331 quanquam
1627 5270 1682 5316 et
1725 5279 1845 5317 ver-

261 5358 359 5410 mis
387 5358 458 5411 sit
483 5359 761 5421 Christus,
788 5359 903 5428 ipso
931 5358 1182 5426 loquente
1215 5375 1228 5409 :
1263 5355 1374 5424 Ego
1399 5365 1572 5409 autem
1597 5372 1713 5408 sum
1734 5372 1843 5408 uer-

259 5450 353 5501 mis
376 5461 554 5502 etnon
582 5449 948 5516 homo(Psal.
1001 5449 1146 5518 xxi).
1200 5447 1352 5501 Sicut
1397 5446 1540 5499 enim
1595 5447 1709 5515 ipse
1760 5455 1844 5499 est

258 5541 379 5595 aliis
406 5544 458 5596 in
487 5545 728 5607 ruinam,
760 5542 877 5595 aliis
910 5542 961 5593 in
994 5539 1470 5601 resurrectionem,
1495 5537 1568 5590 ita
1611 5546 1665 5590 et
1723 5536 1838 5604 ipse

257 5633 311 5685 in
337 5650 554 5698 manna,
583 5634 832 5688 ﬁdelibus
856 5633 1070 5703 quidem
1112 5631 1340 5685 dulcedo
1372 5630 1562 5692 mellis,
1611 5627 1842 5683 inﬁdeli-

258 5723 357 5778 bus
401 5726 604 5781 vermis
652 5723 911 5779 efﬁcitur.
964 5723 1209 5794 Dixitque
1245 5720 1452 5792 Moyses
1494 5721 1563 5773 ad
1611 5720 1839 5773 Aaron:

261 5816 417 5871 Same
448 5837 533 5872 ras
559 5834 749 5882 unum,
775 5827 822 5870 et
862 5815 1003 5870 mitte
1028 5815 1096 5870 ibi
1123 5831 1341 5877 alanna,
1386 5820 1640 5880 quantum
1675 5818 1841 5880 potest

1941 3359 2175 3420 utroque
2200 3350 2321 3404 cibo
2342 3357 2653 3418 potuerunt.
2686 3349 3024 3420 llocquippe
3073 3349 3295 3421 intelligi
3333 3359 3537 3420 potest,

1941 3443 2157 3511 quando
2191 3457 2438 3497 cessasse
2475 3457 2670 3495 manna
2718 3457 2827 3496 non
2888 3441 3107 3506 dicitur,
3158 3441 3264 3496 nisi
3313 3440 3576 3509 traiecto.

1939 3530 2192 3587 Iordane.
2220 3529 2331 3585 Cur
2360 3540 2544 3585 autem
2575 3533 2625 3585 in
2653 3531 2739 3585 illa
2774 3532 2950 3586 eremi
2979 3531 3153 3601 inopia
3185 3532 3352 3587 etiam
3406 3548 3531 3588 car-

1944 3639 2039 3678 nes
2067 3623 2536 3684 desideraverunt,
2579 3623 2798 3690 quando
2843 3623 2909 3677 de
2956 3622 3196 3693 A'Igyplo
3243 3639 3367 3678 cum
3412 3624 3580 3678 suis.

1943 3713 2131 3768 nmltis
2157 3712 2739 3782 pecoribusexierunt,
2775 3728 2967 3782 magna
3007 3713 3236 3782 quaestio
3288 3723 3404 3778 est;
3432 3715 3536 3769 nisi
3567 3757 3572 3764 .

1945 3803 2086 3857 forte
2109 3803 2341 3868 dicatur,
2369 3817 2494 3858 cum
2547 3817 2644 3872 per
2685 3816 2930 3856 crenmm
2979 3817 3180 3871 pascua
3229 3811 3379 3857 tanta
3427 3819 3534 3858 non

1942 3904 2145 3958 essent,
2177 3903 2233 3950 ct
2261 3910 2330 3951 ex
2379 3908 2444 3950 eo
2490 3894 2670 3948 minor
2711 3893 2891 3949 futura
2941 3895 3190 3950 videatur
3235 3893 3582 3954 fecunditas.

1942 4001 2220 4055 pecorum,
2251 3985 2559 4054 pepercisse
2586 3983 2691 4039 illis
2717 3984 3026 4054 pecoribus,
3047 4000 3140 4048 ne,
3166 3985 3416 4039 omnibus
3436 3984 3533 4039 de-

1947 4075 2269 4135 ﬁcientibus,
2309 4073 2472 4128 etiam
2522 4071 2806 4148 sacriﬁciis
2853 4073 3160 4128 necessaria
3195 4071 3534 4127 defuissent:

1942 4166 2025 4221 vel
2062 4167 2105 4220 si
2140 4165 2270 4234 quid
2291 4164 2434 4219 aliud
2459 4164 2562 4218 dici
2589 4171 2767 4233 potest
2796 4164 2938 4217 unde
2975 4163 3202 4230 qumstio
3233 4161 3319 4215 illa
3357 4161 3538 4216 solva-

1945 4267 2050 4310 tur.
2081 4255 2480 4325 Congruentius
2507 4263 2685 4309 tamen
2711 4254 2952 4308 creditur
2978 4269 3083 4306 non
3113 4268 3207 4306 eos
3232 4266 3424 4304 carnes
3449 4251 3540 4305 de-
3567 4286 3576 4290 -

1943 4348 2184 4402 sidcrare
2230 4359 2367 4413 quas
2413 4343 2481 4398 de
2526 4343 2815 4414 pecoribus
2873 4342 3076 4396 habere
3120 4349 3394 4410 poterant,
3443 4341 3581 4396 sed-

1941 4453 2058 4502 eas,
2079 4452 2199 4504 qua:
2226 4437 2474 4498 deerant,
2502 4449 2568 4488 ex
2601 4433 2758 4502 aquis
2785 4432 3052 4488 videlicet.
3085 4432 3232 4502 lpsas
3260 4432 3458 4502 quippe
3481 4431 3536 4486 iu
3555 4477 3570 4485 ..

1945 4527 2034 4581 illa
2060 4541 2245 4581 eremo
2285 4540 2389 4581 non
2423 4524 2786 4589 inveniebant,
2832 4524 2974 4578 unde
3017 4523 3125 4578 illis
3168 4531 3540 4593 ortygometra

1948 4619 2074 4674 data
2109 4629 2216 4684 est,
2253 4618 2305 4671 id
2329 4625 2434 4678 est.
2461 4633 2615 4681 aves,
2644 4633 2780 4686 quas
2818 4617 3126 4672 coturnices
3152 4615 3304 4670 multi
3356 4615 3533 4671 Latini

1947 4711 2286 4781 interpretati
2325 4719 2472 4775 sunt,
2511 4726 2634 4766 cum
2667 4709 2739 4764 sit
2769 4709 2909 4764 aliud
2951 4725 3138 4780 genus.
3169 4709 3348 4763 avium
3386 4717 3537 4778 orty-

1947 4813 2212 4875 gometra,
2264 4804 2513 4874 quamvis
2567 4803 2936 4858 coturnicibus
2991 4818 3098 4858 non
3147 4815 3570 4871 usquequaque-

1947 4897 2228 4971 dissimile.
2250 4896 2488 4952 Noverat
2527 4895 2673 4950 enim
2718 4895 2866 4949 Deus
2914 4894 3043 4964 quid
3083 4891 3567 4954 desideraverint,.

1925 4997 2004 5044 ~et
2055 4987 2382 5045 desiderium
2437 5000 2648 5051 eorum,
2697 5001 2806 5055 quo
2831 4985 3012 5041 carnis
3059 5000 3256 5054 genere
3285 4983 3567 5039 satiaret..

1949 5083 2055 5138 Sed
2081 5083 2207 5154 quia
2254 5080 2535 5150 Scriptura
2563 5079 2938 5148 concupivisse
2985 5078 3102 5133 illos
3144 5092 3339 5132 carnes
3379 5075 3535 5130 dixe-

1949 5183 2054 5238 rat,
2082 5187 2184 5226 uec
2228 5177 2572 5240 expresserat
2615 5167 2914 5236 cujusmodi
2958 5183 3172 5232 carnes,
3222 5167 3342 5221 ideo
3383 5179 3532 5234 qua:-

1948 5263 2055 5317 stio
2101 5261 2244 5315 facta
2294 5269 2396 5314 est.
2452 5257 2757 5312 Notandum
2813 5266 2993 5311 autem
3045 5259 3189 5326 quod
3236 5251 3563 5308 secundum.

1946 5355 2107 5408 aliam
2149 5351 2440 5407 editionem
2481 5349 2567 5402 hic
2619 5347 2768 5402 locus
2826 5347 3119 5418 Scriptura:
3167 5347 3239 5398 ita
3292 5340 3526 5411 legitur:

1947 5444 2149 5498 Manna
2179 5442 2395 5496 ederunt
2433 5438 2530 5507 lilii
2572 5436 2768 5502 Israel,
2821 5438 3161 5509 quoadusque
3210 5433 3435 5486 renirent
3477 5431 3533 5484 ir.

1944 5540 2145 5602 partem
2171 5527 2461 5582 Pluenices.
2487 5526 2606 5582 Jam
2632 5527 2866 5589 dixerat,
2894 5539 3158 5596 quousque
3199 5519 3430 5573 venirent
3474 5521 3529 5574 in

1947 5632 2141 5676 terram
2163 5636 2280 5689 qua:
2319 5618 2662 5672 inltabitatur.
2715 5617 2822 5673 Sed
2857 5615 2982 5685 quia
3031 5629 3134 5666 nou
3185 5623 3532 5681 expresserat

1949 5699 2165 5784 proprie
2191 5726 2354 5779 quam
2383 5710 2608 5774 diceret,
2636 5706 2955 5777 repetitione
2998 5703 3209 5757 videtur
3238 5702 3526 5773 quamdam

1950 5804 2327 5875 proprietatem
2350 5799 2680 5867 expressisse
2707 5795 2956 5861 dicendo,
2985 5796 3035 5848 in
3065 5804 3266 5863 partem
3320 5791 3528 5851 Phani-
