3992 6182
418 384 486 440 85
1084 381 1146 439 Β.
1189 385 1446 441 RABANI
1482 386 1701 441 MAURI
1741 384 2063 441 ARCHIEP.
2106 370 2742 447 MOCUNT.-OPERUM
2784 393 2965 450 PARS
3004 395 3044 449 Ι.
3618 400 3689 454 Si

417 514 519 552 σεε.
561 496 669 552 Sed
700 505 827 552 tunc
851 496 996 551 illam
1026 505 1228 553 terram
1280 500 1358 554 sic
1411 500 1739 554 credendum
1783 507 1868 553 est
1905 512 2002 566 ap-
2030 497 2077 556 A
2108 494 2248 553 Deus
2276 500 2379 554 hoc
2410 500 2483 555 illi
2513 502 2589 556 ait
2617 501 2684 555 dc
2710 502 2879 558 fratre
2901 520 2999 560 suo
3023 523 3034 557 :
3056 505 3173 559 Erit
3195 506 3287 559 tibi
3310 516 3377 560 aa
3399 510 3686 579 populum:

414 586 690 657 pelistam.
713 586 872 642 Modo
898 588 1041 641 enim
1075 603 1179 642 non
1207 589 1311 643 hoe
1340 599 1564 643 vocatur
1600 589 1839 643 nomine.
1882 587 2001 641 Alia

417 676 619 747 quippe
640 683 743 741 est,
767 691 887 746 qua:
925 675 1176 732 Phaznice
1214 679 1539 751 appellatur,
1581 679 1731 750 regio
1782 679 1909 749 Tyri
1948 688 2003 732 et

418 769 656 833 Sidonis,
684 784 790 838 qua
819 768 940 824 illos
963 769 1223 825 transisse
1274 786 1381 825 non
1434 771 2000 841 legiturzquanquam

418 860 695 929 Scriptura
722 858 952 915 fortasse
996 861 1234 929 potuerit
1274 870 1475 916 terram
1511 861 1796 917 thnices
1823 862 2003 932 appel-

417 950 561 1014 lare,
588 951 680 1005 ubi
709 952 1011 1021 palmarum
1036 951 1258 1007 arbores
1275 952 1388 1022 jam
1411 968 1532 1007 esse
1557 962 1838 1023 emperant
1880 960 2004 1022 post

416 1043 584 1096 eremi
631 1042 958 1106 vastitatem,
990 1042 1245 1112 quoniam
1287 1043 1464 1113 palma
1500 1043 1686 1099 Gnece
1708 1044 1788 1098 sic
1830 1042 2007 1113 appel-

420 1128 581 1184 latur.
608 1129 766 1184 Initio
789 1130 932 1185 enim
954 1130 1306 1200 profectionis
1325 1146 1435 1185 sua:
1460 1132 1784 1185 invenerant
1800 1131 2000 1196 locum,

419 1219 508 1273 ubi
535 1220 873 1291 septuaginta
898 1221 1196 1291 palmarum
1249 1222 1473 1277 arbores
1515 1222 1727 1276 fuerant
1772 1232 1828 1276 et
1872 1222 2004 1277 duo-

417 1308 592 1364 decim
623 1309 817 1365 fontes.
852 1310 958 1365 Sed
986 1319 1172 1381 postea
1199 1328 1294 1367 eos
1312 1313 1519 1382 excepit
1561 1313 1729 1367 eremi
1785 1313 2005 1381 prolixi-

419 1405 519 1459 tas,
542 1397 637 1451 ubi
658 1398 766 1454 tale
790 1400 993 1469 aliquid
1024 1400 1271 1464 nonfuit,
1304 1414 1589 1471 quousque
1637 1402 1886 1456 venirent
1934 1400 2001 1456 ad

420 1489 536 1544 loca
565 1504 686 1560 qua:
713 1491 1051 1547 colebantur.
1082 1494 1280 1548 Verum
1322 1494 1411 1548 ille
1454 1508 1644 1549 sensus
1683 1501 1768 1547 est
1809 1494 2003 1562 proba-

419 1580 596 1645 bilior,
626 1583 993 1645 ut,credamus
1021 1584 1101 1638 sic
1131 1584 1454 1655 appellatam
1512 1584 1678 1640 fuisse
1726 1594 1852 1639 tunc
1903 1594 2005 1640 ter-

421 1685 558 1725 ram.
610 1671 898 1727 Multarum
945 1673 1091 1728 enim
1142 1682 1406 1729 terrarum
1458 1682 1512 1730 et
1554 1675 1821 1740 locorum,
1865 1676 2006 1730 sicut

419 1762 696 1818 fluminum
749 1774 805 1820 et
868 1766 1082 1821 urbium
1149 1767 1387 1832 nomina,
1435 1768 1598 1821 certis
1646 1767 2002 1821 existentibus

2103 598 2161 643 tu
2190 589 2266 642 illi
2294 604 2410 661 quin
2432 593 2502 646 ad
2524 593 2826 648 Dominum.
2863 595 2946 648 En
2974 611 3067 665 ego
3103 597 3248 651 stabo
3291 613 3469 655 coram
3517 611 3567 652 te
3617 602 3688 654 ibi

2102 690 2259 748 super
2283 692 2479 751 petram
2509 681 2700 746 IIoreb,
2722 684 3076 755 percutiesque
3098 696 3317 755 petram,
3353 698 3400 741 et
3426 688 3584 742 exibit
3625 706 3690 743 ex

2104 786 2165 822 ea
2197 786 2336 839 aqua
2357 779 2412 823 ut
2433 770 2570 824 bibat
2590 772 2832 841 populus.
2861 771 3010 827 Fecit
3040 773 3245 843 Moyses
3280 775 3355 829 ita
3388 792 3565 830 ceram
3608 794 3691 832 sc-

2106 861 2338 915 nioribus
2379 861 2549 915 Israel
2572 877 2589 913 .'
2614 873 2661 916 et
2682 865 2805 933 quia
2828 874 3151 919 tentaverant
3181 865 3462 921 Dominum
3510 868 3690 925 dicen-

2104 958 2179 1003 tes
2201 963 2220 1000 :
2250 950 2412 1005 Estne
2441 951 2697 1006 Dominus
2724 954 2780 1006 in
2802 954 2972 1019 nobis,
3003 971 3072 1007 an
3100 955 3244 1008 non?
3271 954 3289 1025 (
3306 954 3389 1008 Ea:
3431 955 3689 1029 Isidoro.)

2104 1038 2234 1094 Post
2254 1055 2447 1094 inanna
2471 1042 2716 1111 queritur
2736 1042 2963 1111 populus
2988 1043 3058 1097 ab
3079 1042 3273 1098 ardore
3306 1045 3442 1107 sitis,
3474 1053 3530 1101 et
3567 1047 3693 1101 fons

2104 1128 2172 1183 de
2193 1137 2344 1199 petra
2373 1132 2588 1201 erupit:
2615 1132 2801 1186 eadem
2832 1141 3011 1188 autem
3049 1141 3222 1203 petra,
3274 1149 3395 1204 quae
3431 1150 3690 1205 percussa

2104 1237 2298 1291 aquam
2325 1225 2639 1290 commovit,
2661 1224 2864 1279 Christi
2891 1227 3117 1295 ﬁguram
3146 1226 3355 1292 habuit,
3374 1242 3480 1296 qua
3500 1241 3689 1298 aperta

2105 1321 2299 1368 cuncta
2330 1312 2616 1369 lhtxerunt.
2645 1314 2727 1369 Ad
2753 1329 2914 1384 quem
2947 1315 3093 1371 velut
3121 1317 3272 1385 virga
3314 1316 3517 1387 lignum
3557 1334 3683 1388 pas-

2104 1405 2274 1461 sionis
2301 1408 2552 1470 accessit,
2577 1414 2639 1460 ut
2656 1417 2937 1461 emanaret
2961 1407 3305 1462 credentibus
3341 1409 3532 1478 gratia.
3565 1408 3696 1465 Per-

2104 1511 2262 1551 cussa
2290 1497 2458 1561 enim,
2489 1495 2610 1551 fons
2639 1498 2907 1563 manavit;
2940 1512 3229 1567 percussus
3248 1498 3302 1552 in
3346 1514 3508 1554 cmee
3534 1499 3694 1556 Chri-

2104 1594 2222 1642 stus
2248 1587 2557 1641 sitientibus
2586 1587 2789 1641 lavacri
2830 1590 3061 1657 gratiam
3105 1597 3160 1643 et
3203 1588 3400 1644 donum
3454 1588 3693 1660 Spiritus

2105 1677 2275 1731 sancti
2303 1674 2510 1731 ell‘udit.
2548 1676 2764 1731 Petram
2811 1678 2958 1732 enim
2999 1677 3157 1732 istam
3206 1676 3433 1749 ﬁguram
3485 1678 3694 1735 Christi

2106 1766 2361 1821 habuisse
2380 1765 2575 1836 probat
2595 1766 2905 1837 Aposmlus,
2925 1783 3047 1823 cum
3082 1768 3211 1824 dicit
3244 1783 3259 1821 :
3292 1768 3568 1834 Bibebant,
3603 1771 3690 1824 in-

416 1853 613 1916 causis,
658 1855 983 1923 antiquitate
1033 1862 1237 1910 mutata
1288 1826 1435 1911 sunt.
1489 1855 1780 1927 Sequitur:
1806 1856 2003 1912 Comor
2029 1826 2077 1885 Β
2105 1859 2243 1927 quit,
2271 1859 2337 1913 de
2356 1826 2620 1929 spirituali
2643 1826 2984 1930 consequente
3004 1875 3091 1914 eos
3110 1869 3289 1931 petra;
3326 1869 3474 1929 petra
3516 1869 3691 1913 autem

418 1955 591 1999 autem
616 1945 818 1999 decima
839 1962 963 2016 pars
995 1955 1070 2001 est
1095 1948 1247 2017 cpiti;
1270 1948 1394 2018 epbi
1432 1963 1563 2018 ergo
1616 1963 1869 2003 mensura
1919 1955 2003 2003 est
2103 1959 2218 2002 erat
2238 1948 2477 2003 Christus
2508 1948 2571 2021 (I
2602 1947 2724 2003 Cor.
2756 1965 2792 2002 ι
2813 1948 2854 2021 ).
2881 1948 3035 2017 Quod
3052 1957 3234 2004 autem
3259 1948 3448 2004 sitiens
3462 1948 3697 2019 populus

420 2036 580 2091 trium
622 2037 946 2102 modiorum,
998 2046 1056 2093 nt
1101 2039 1157 2093 in
1202 2039 1341 2095 libro
1374 2038 1521 2094 Ruth
1567 2040 1899 2104 ostenditur;
1947 2048 2004 2093 et
2102 2053 2203 2107 pro
2236 2053 2376 2107 aqua
2418 2046 2722 2093 murmurat
2768 2040 3027 2095 adversus
3055 2039 3295 2111 Moysen,
3324 2046 3378 2094 et
3405 2048 3694 2109 propterea

418 2142 608 2195 gomor
657 2143 910 2184 mensura
957 2139 1043 2184 est
1082 2129 1385 2185 Atticorum
1435 2131 1740 2186 obtenicum
1791 2132 1998 2194 trium;

419 2219 559 2272 unde
585 2227 642 2272 et
670 2219 724 2273 in
755 2218 992 2274 Levitico
1022 2229 1077 2275 et
1106 2222 1159 2275 in
1190 2221 1549 2277 Numerorum
1577 2222 1716 2278 libro
1764 2224 2002 2293 quoties-

418 2321 628 2376 cunque
654 2308 864 2363 decima
886 2324 1014 2379 pars
1036 2310 1161 2379 ephi
1204 2311 1257 2365 in
1309 2312 1578 2368 sacrificio
1623 2313 1870 2367 exhiberi
1916 2312 2002 2380 ju-

419 2402 594 2467 betur,
623 2416 880 2458 mensura
899 2420 1090 2475 gomor
1112 2421 1346 2477 expensa
1381 2408 1715 2479 intelligitur.

1059 2514 1286 2573 CAPUT
1311 2517 1419 2573 ΥΠ.

419 2596 496 2654 De
519 2598 745 2681 transitu
767 2602 1000 2681 [illorum
1032 2604 1208 2681 Israel
1224 2624 1255 2660 a
1279 2607 1484 2662 deserto
1514 2608 1607 2664 Sin
1639 2611 1695 2665 in
1714 2611 1999 2681 Raphidin,

554 2670 646 2726 ubi
677 2670 1022 2729 murmurarit
1050 2676 1272 2746 populus
1301 2695 1396 2747 pro
1433 2696 1584 2751 aqum
1619 2670 1858 2751 penuria.

485 2760 662 2832 Igitur
688 2763 921 2834 profecta
945 2767 1115 2820 omnis
1136 2767 1419 2822 multitudo
1444 2770 1678 2838 ﬁliorum
1728 2771 1897 2825 Israel
1937 2774 2003 2828 de

415 2851 619 2906 deserto
635 2851 729 2907 Sin
750 2871 842 2923 per
861 2858 1163 2911 mansiones
1186 2875 1336 2924 suas,
1351 2860 1515 2928 juxta
1559 2878 1850 2916 sermonem
1897 2863 2003 2917 Do-

415 2945 563 3013 mini,
618 2958 793 3003 castra
839 2951 1020 3005 metati
1060 2961 1183 3006 sunt
1224 2953 1280 3006 in
1312 2952 1615 3024 Rapltidim,
1644 2955 1732 3009 ubi
1756 2972 1859 3011 non
1889 2968 2001 3011 erat

418 3052 555 3109 aqua
580 3040 649 3093 ad
676 3041 955 3096 bibendum
982 3043 1194 3113 populo.
1234 3042 1338 3108 Qui
1358 3045 1607 3115 jurgatus
1638 3056 1822 3100 contra
1851 3048 2002 3117 llon-

418 3143 505 3182 Ien
529 3129 604 3182 ait
625 3145 645 3182 :
670 3129 752 3183 Da
776 3130 922 3184 nobis
946 3149 1138 3202 aquam
1176 3143 1233 3186 ut
1270 3131 1526 3187 bibamus.
1561 3132 1763 3198 Quibus
1785 3152 1998 3205 respon-

415 3218 492 3271 dit
523 3216 728 3287 Moyses
757 3232 776 3271 :
807 3218 947 3284 Quid
960 3221 1256 3290 jurgamini
1282 3232 1465 3276 contra
1487 3224 1608 3277 me?
1633 3222 1743 3277 Cur
1790 3227 2001 3280 tentatis

415 3310 737 3364 Dominum?
757 3308 933 3365 Sitivit
961 3329 1083 3383 ergo
1110 3313 1334 3385 populus
1354 3315 1426 3368 ibi
1452 3332 1561 3384 pra:
1588 3333 1739 3387 aqua:
1757 3314 2001 3387 penuria,

417 3413 466 3456 et
491 3406 838 3459 murmuravit
874 3416 1057 3460 contra
1087 3406 1301 3478 Moysen
1331 3409 1508 3463 dicens
1542 3427 1559 3463 :
1590 3409 1700 3463 Cur
1726 3427 1821 3464 nos
1861 3412 2004 3465 exire

418 3494 587 3563 fecisti
608 3495 673 3549 de
697 3494 950 3566 Egypto,
974 3506 1033 3550 ut
1067 3498 1327 3553 occideres
1353 3509 1401 3553 et
1435 3516 1528 3553 nos
1557 3510 1605 3554 et
1652 3500 1840 3555 liberos
1885 3518 2006 3556 nos-

419 3597 527 3640 tros
559 3603 623 3641 ac
640 3587 887 3658 jumenta
911 3589 999 3643 siti
1028 3588 1237 3660 (Exod.
1266 3606 1375 3645 xvn
1394 3589 1450 3662 )?
1479 3592 1761 3662 Raphidim
1806 3601 1893 3648 est
1928 3592 2007 3647 lo-

418 3685 516 3730 cus
556 3676 609 3730 in
663 3678 884 3734 deserto
919 3676 1075 3746 juxta
1129 3689 1367 3735 montem
1419 3681 1651 3738 Cboreb.
1710 3682 2005 3738 Sciendum

419 3773 598 3821 autem
623 3768 767 3837 quod
790 3770 967 3824 omnis
993 3784 1209 3825 eremus
1231 3786 1402 3841 usque
1441 3775 1512 3826 ad
1562 3782 1800 3829 montem
1854 3773 2004 3828 Sinai

421 3857 518 3912 Sin
547 3866 794 3925 vocetur,
821 3868 877 3914 et
904 3875 969 3914 ex
1001 3869 1108 3914 tota
1138 3862 1415 3930 provincia
1461 3863 1626 3917 etiam
1657 3863 1807 3917 locus
1847 3864 2006 3919 unius

421 3951 721 4006 mansionis
743 3965 937 4006 nomen
967 3954 1255 4022 acceperit,
1287 3953 1427 4009 sicut
1445 3965 1502 4008 et
1530 3954 1686 4010 Moab
1718 3964 1827 4011 tam
1857 3956 2006 4010 urbis

421 4056 582 4111 quam
609 4044 902 4115 provincia:
926 4060 1119 4100 nomen
1143 4054 1244 4107 est.
1280 4046 1335 4100 ln
1363 4047 1464 4102 hac
1513 4047 1806 4103 solitudine
1849 4048 2007 4118 quin—

422 4148 530 4204 que
556 4136 865 4191 mansiones
886 4147 1038 4191 suut:
1060 4136 1208 4208 Snph
1231 4147 1289 4191 et
1313 4152 1551 4203 eremus,
1577 4137 1672 4192 Sin
1703 4149 1757 4193 et
1785 4138 2004 4208 Daphea

420 4232 477 4277 et
508 4226 656 4291 Aius,
681 4235 737 4281 et
764 4226 1068 4298 Hapbidim.
1099 4228 1252 4284 Unde
1272 4229 1509 4285 breviter
1536 4230 1587 4283 in
1628 4229 1812 4283 Exodo
1855 4237 2007 4284 nota-

425 4326 514 4372 tur
541 4321 683 4388 quod
712 4321 951 4390 profecta
975 4332 1048 4376 est
1072 4322 1240 4376 omnis
1263 4322 1545 4377 multitudo
1574 4323 1806 4392 ﬁliorum
1836 4323 2006 4377 Israel

422 4410 488 4463 de
506 4427 677 4466 eremo
704 4410 802 4465 Sin
824 4428 917 4481 per
940 4414 1237 4467 mansiones
1259 4431 1403 4478 suas,
1422 4417 1582 4485 juxta
1610 4433 1667 4470 os
1691 4415 1925 4479 Domini,
1956 4425 2005 4469 et

2096 2129 2253 2197 jubet
2276 2131 2421 2185 Deus
2449 2138 2510 2184 ut
2534 2130 2785 2186 ostendat
2805 2132 2859 2185 ei
2881 2140 3091 2202 petram
3112 2132 3179 2186 de
3201 2146 3305 2201 qua
3329 2130 3537 2193 bibant,
3561 2131 3694 2199 quid

2103 2221 2208 2275 hoc
2227 2220 2518 2291 signiﬁcat,
2549 2221 2653 2276 nisi
2681 2220 2809 2291 quia
2838 2222 2883 2275 si
2918 2220 3041 2290 quis
3065 2228 3151 2276 est
3188 2220 3278 2290 qui
3314 2219 3497 2290 legens
3540 2219 3692 2289 Moy-

2103 2327 2200 2367 sen
2232 2321 2532 2367 murmurat
2561 2313 2824 2369 adversus
2848 2328 2997 2379 eum,
3025 2320 3081 2367 et
3104 2313 3353 2383 diSplicet
3379 2313 3428 2367 ei
3462 2312 3549 2367 lex
3570 2327 3694 2382 qtae

2102 2407 2396 2460 secundum
2425 2405 2662 2460 litteram
2706 2414 2790 2461 est
2831 2407 3056 2476 scripta,
3103 2407 3343 2462 ostendit
3382 2406 3432 2461 ei
3478 2406 3695 2477 Moyses

2101 2503 2333 2562 petram,
2362 2508 2482 2563 quae
2504 2503 2589 2548 est
2618 2494 2888 2559 Christus,
2915 2504 2969 2550 et
2995 2495 3217 2551 adducit
3246 2511 3369 2552 eum
3394 2496 3463 2551 ad
3489 2496 3697 2566 ipsum,

2104 2593 2163 2638 ut
2189 2583 2311 2638 inde
2338 2583 2487 2639 bibat
2509 2593 2565 2638 et
2594 2585 2804 2640 reficiat
2830 2586 2977 2640 sitim
3003 2601 3203 2653 suam.“

2699 2697 2928 2753 CAPUT
2979 2697 3109 2752 Vl".

2416 2767 2490 2822 De
2509 2784 2685 2838 pugna
2712 2768 2925 2822 Amalec
2951 2778 3136 2823 contra
3155 2766 3340 2822 Israel.

2182 2857 2333 2913 Venit
2361 2868 2537 2913 autem
2560 2859 2796 2925 Amalec,
2819 2871 2865 2914 et
2887 2860 3151 2930 pugnabat
3175 2869 3358 2913 contra
3414 2857 3587 2913 Israel
3635 2861 3693 2913 in

2104 2948 2406 3019 Raphidim.
2435 2948 2683 3018 Dixitque
2706 2949 2910 3019 Moyses
2932 2949 3001 3003 ad
3026 2950 3189 3011 Iosue
3220 2966 3238 3003 :
3279 2949 3428 3019 Elige
3459 2951 3613 3012 viros,
3644 2960 3694 3002 et

2101 3055 2339 3109 egressus
2358 3055 2533 3109 pugna
2555 3048 2738 3093 contra
2762 3039 2991 3093 Amalec.
3026 3037 3158 3094 Cras
3187 3058 3281 3110 ego
3301 3040 3449 3094 stabo
3500 3039 3555 3093 in
3584 3056 3696 3093 uer-

2104 3128 2204 3181 tice
2231 3127 2403 3190 collis,
2445 3127 2639 3182 habens
2679 3129 2877 3199 virgam
2926 3128 3022 3183 Dei
3059 3129 3113 3182 in
3154 3146 3315 3183 manu
3363 3146 3497 3183 mea.
3541 3127 3695 3183 Fecit

2105 3216 2270 3272 Iosue
2316 3227 2375 3271 ut
2418 3217 2625 3272 locutus
2646 3219 2693 3272 ei
2724 3228 2837 3272 erat
2880 3218 3107 3289 Moyses,
3159 3219 3475 3289 etpuguavit
3508 3231 3695 3273 contra

2104 3310 2336 3365 Amalec.
2365 3310 2572 3381 Moyses
2597 3321 2841 3365 autemet
2874 3310 3048 3365 Aaron
3088 3322 3133 3364 et
3176 3310 3299 3365 IIur
3346 3311 3697 3365 ascenderunt

2105 3419 2262 3473 super
2289 3404 2526 3457 uerticem
2555 3403 2725 3456 collis.
2753 3401 2985 3472 Cumque
3004 3401 3203 3456 levabat
3246 3401 3450 3473 Moyses
3481 3418 3698 3461 manus,

2107 3492 2341 3546 vincebat
2368 3491 2561 3556 Israel;
2579 3494 2666 3558 sin
2692 3503 2867 3546 autem
2890 3491 3162 3562 paululum
3195 3492 3495 3553 remisisset,
3538 3508 3696 3559 supc-

2108 3583 2257 3637 rabat
2308 3581 2540 3637 Amalec.
2600 3582 2792 3637 Manus
2841 3592 3013 3639 autem
3065 3580 3237 3651 Moysi
3290 3590 3438 3635 erant
3483 3596 3691 3651 graues.

2109 3674 2387 3731 Sumentes
2412 3677 2573 3746 igitur
2619 3674 2848 3745 lapidem
2899 3683 3183 3744 posuerunt
3232 3673 3408 3727 subter
3447 3689 3584 3735 eum,
3637 3673 3695 3726 in

2105 3782 2209 3838 quo
2229 3766 2382 3821 sedit.
2416 3766 2595 3820 Aaron
2623 3774 2796 3819 autem
2823 3774 2871 3817 et
2924 3764 3042 3819 IIur
3086 3763 3446 3818 sustentabant
3504 3779 3693 3816 manus

2107 3857 2221 3926 ejus
2247 3873 2312 3912 ea:
2334 3866 2554 3928 utraque
2580 3865 2751 3926 parte,
2777 3866 2824 3908 et
2854 3854 3051 3924 factum
3084 3865 3159 3908 est
3190 3864 3246 3907 ut
3290 3870 3478 3907 atauus
3528 3853 3695 3922 ipsius

2107 3965 2212 4002 non
2235 3947 2561 4002 lassarentur
2589 3964 2753 4018 usque
2782 3947 2851 4001 ad
2881 3964 3125 4001 occasum
3157 3946 3304 3999 solis.
3361 3942 3695 4014 Fugaritque

2105 4039 2269 4093 Iosue
2297 4038 2509 4092 Amalec
2540 4048 2586 4091 et
2608 4037 2854 4108 populum
2881 4037 2997 4106 ejus
3019 4037 3073 4090 iu
3101 4054 3188 4090 ore
3216 4035 3397 4107 gladii.
3417 4035 3434 4106 (
3454 4034 3536 4087 Ex
3578 4044 3692 4087 Au-

2106 4131 2377 4201 gustino.)
2405 4131 2470 4184 Et
2491 4146 2619 4185 ecce
2648 4145 2747 4201 ego
2772 4131 2929 4184 stabo
2959 4146 3120 4199 super
3146 4142 3401 4183 cacumen
3429 4127 3605 4191 collis,
3638 4136 3696 4179 et

2108 4226 2257 4293 virga
2284 4224 2377 4279 Dei
2410 4224 2462 4278 in
2490 4240 2649 4277 manu
2679 4238 2821 4287 mea,
2855 4222 3065 4293 Moyses
3093 4222 3224 4276 dicit
3250 4219 3317 4274 ad
3342 4218 3523 4284 Iosue,
3565 4235 3690 4272 cum

2106 4317 2425 4387 prmciperet
2470 4315 2696 4385 pugnari
2748 4316 3008 4370 adversus
3069 4312 3308 4368 Amalec.
3364 4310 3519 4365 Nunc
3560 4327 3695 4382 ergo

2106 4411 2256 4480 virga
2280 4408 2371 4463 Dei
2398 4408 2618 4473 dicitur,
2636 4422 2756 4477 qua)
2776 4407 3007 4477 primum
3031 4400 3174 4461 dicta
3204 4414 3289 4460 est
3313 4404 3459 4473 virga
3482 4403 3691 4467 Aaron,

427 4512 669 4555 venerunt
700 4500 980 4573 Raphidim
1011 4503 1221 4575 (Exod.
1252 4507 1395 4576 xw).
1426 4506 1501 4559 Ex
1532 4522 1639 4576 quo
1659 4508 2002 4577 perspicuum
2034 4528 2082 4585 Β
2107 4511 2292 4571 postea
2322 4516 2453 4556 vero
2489 4501 2641 4569 virga
2670 4498 2859 4570 Moysi.
2881 4497 3035 4552 Sicut
3053 4498 3249 4553 dicitur
3271 4495 3505 4567 Spiritus
3536 4496 3689 4558 Etim,

424 4598 509 4643 est
547 4590 726 4661 plures
770 4594 1075 4648 mansiones
1121 4595 1280 4648 unius
1323 4595 1865 4664 regionisvocabulo
1912 4596 2006 4650 de-

426 4682 738 4735 monstrari.
767 4682 1022 4737 Clamavit
1052 4692 1225 4737 autem
1253 4682 1459 4752 Moyses
1495 4685 1563 4737 ad
1609 4685 1891 4739 Dominum
1923 4687 2006 4738 di—

425 4789 546 4827 cens
568 4787 587 4825 :
610 4772 752 4839 Quid
772 4774 964 4843 faciam
989 4775 1181 4846 populo
1204 4775 1364 4829 huic?
1391 4776 1573 4829 Adhuc
1618 4775 1915 4846 paululum,
1940 4787 2003 4841 ,et

425 4863 733 4935 lnpidabunt
780 4880 880 4919 me.
926 4866 1010 4919 Ait
1056 4866 1307 4919 Dominus
1354 4866 1422 4919 ad
1464 4865 2006 4936 Moysen:Antecede

424 4955 690 5026 populum,
723 4965 770 5011 et
797 4973 942 5010 sume
970 4966 1138 5011 tecum
1159 4958 1224 5011 de
1245 4957 1536 5012 senioribus
1575 4956 1765 5019 Israel,
1813 4968 1860 5011 et
1903 4959 2003 5012 rir—

425 5063 542 5116 gam
564 5062 668 5117 qua
687 5046 991 5117 percussisti
1011 5047 1250 5117 ﬂuvium,
1278 5058 1326 5100 et
1347 5046 1470 5101 tolle
1495 5049 1551 5101 in
1587 5065 1747 5102 manu
1798 5059 1911 5112 tua,
1956 5060 2003 5103 et

428 5139 575 5194 rude.
599 5137 823 5193 Flumen
842 5138 1022 5193 Aaron
1054 5139 1251 5210 legitur
1287 5155 1392 5194 non
1439 5139 1647 5211 Moyses
1693 5141 1840 5210 virga
1885 5155 2006 5209 per-

426 5232 680 5287 cussisse.
705 5229 840 5284 Nam
865 5230 1074 5302 Moyses
1097 5233 1285 5287 eadem
1314 5232 1463 5303 virga
1490 5247 1638 5286 mare
1658 5232 1860 5294 divisit,
1900 5248 2003 5285 non

430 5323 645 5381 ﬂumen.
671 5322 1157 5394 (ExAuyustino.)
1180 5322 1315 5389 Qui}
1340 5323 1437 5376 sibi
1470 5337 1600 5393 ergo
1647 5323 1779 5386 vult,
1818 5322 2006 5393 Accipe

430 5415 624 5485 rirgam
645 5414 698 5467 in
716 5430 820 5484 qua
845 5412 1143 5483 percussisti
1164 5414 1358 5482 ﬂumen
1377 5413 1401 5465 ?
1420 5412 1499 5466 An
1535 5415 1672 5465 forte
1707 5428 1854 5465 mare
1904 5427 2003 5483 ap-

430 5504 646 5571 pellavit
688 5502 920 5558 ﬂumen?
959 5502 1315 5570 Qua-rendam
1371 5502 1674 5571 exemplum
1723 5502 2007 5566 locutionis

432 5594 608 5663 hujus,
639 5595 683 5649 si
715 5595 786 5651 ita
808 5604 911 5649 est.
945 5594 1027 5648 An
1052 5592 1193 5663 quod
1220 5592 1400 5647 Aaron
1443 5592 1571 5646 fecit
1609 5592 1776 5664 Moysi
1827 5595 2005 5663 potius

432 5684 687 5738 tributum
718 5693 821 5750 est,
849 5686 974 5755 quia
1009 5700 1107 5756 per
1148 5684 1367 5756 Moysen
1420 5685 1561 5739 Deus
1600 5667 1846 5755 jubebat,
1886 5701 2005 5764 qum

433 5770 631 5828 faceret
661 5774 875 5831 Aaron?
901 5777 1344 5847 Quandoquidem
1370 5785 1421 5832 et
1443 5778 1632 5847 primis
1672 5779 1784 5831 suis
1827 5777 2006 5831 verbis

2108 4594 2197 4663 qui
2228 4602 2313 4648 est
2340 4592 2573 4663 Spiritus
2591 4591 2708 4654 Dei,
2741 4589 2898 4660 cujus
2918 4590 3187 4659 particeps
3212 4587 3387 4642 factus
3411 4595 3495 4640 est
3522 4586 3687 4639 Elias.

2110 4683 2202 4737 Sic
2230 4683 2315 4736 illa
2348 4690 2524 4750 potest
2549 4680 2653 4734 dici
2681 4687 2737 4734 et
2760 4678 2854 4732 Dei
2875 4676 3244 4746 justitia.qu:e
3268 4684 3453 4731 nostra
3475 4683 3576 4738 est,
3596 4675 3693 4728 sed

2109 4774 2304 4828 donata
2337 4788 2365 4826 a
2399 4771 2525 4825 Deo.
2558 4770 2633 4823 De
2676 4785 2780 4838 qua
2837 4768 3061 4837 loquens
3116 4764 3422 4835 Apostolus,
3472 4761 3694 4817 Iudaeos

2108 4864 2291 4936 arguit
2346 4860 2911 4931 dicens:Iguorantcs
2954 4858 3046 4912 Dei
3099 4858 3386 4928 justitiam,
3433 4864 3481 4909 et
3534 4871 3695 4909 suam

2101 4958 2364 5028 jusiftiam
2400 4955 2624 5009 volentes
2659 4955 2972 5007 constituere
3015 4951 3201 5023 (Rom.
3233 4951 3324 5021 x),
3354 4952 3406 5006 id
3442 4959 3548 5016 est,
3577 4959 3697 5004 tan-

2108 5064 2266 5118 quam
2297 5062 2326 5099 a
2354 5060 2411 5100 se
2437 5045 2539 5098 sibi
2571 5050 2834 5113 paratam.
2876 5043 3075 5097 Contra
3112 5042 3300 5110 quales
3351 5041 3479 5095 dicit
3506 5058 3520 5094 :
3546 5039 3692 5106 Quid

2106 5140 2243 5193 enim
2272 5135 2604 5205 liabes,quo:l
2632 5151 2735 5188 non
2764 5135 3048 5203 accepisti?
3072 5133 3289 5205 Mysliee
3304 5140 3484 5186 autem
3500 5148 3692 5186 ascen—

2106 5229 2188 5282 dit
2212 5228 2419 5298 Moyses
2439 5227 2491 5282 in
2526 5235 2759 5281 montem
2794 5245 2807 5280 :
2835 5224 2993 5281 Jesus
3015 5235 3203 5281 contra
3226 5225 3444 5280 Amalec
3468 5224 3691 5290 militat,

2108 5329 2258 5375 tenet
2317 5320 2521 5390 virgam
2580 5319 2809 5389 Moyses,
2865 5318 3192 5387 brachiaque
3244 5317 3429 5373 suain
3466 5316 3688 5371 modum

2107 5410 2285 5464 crucis
2306 5409 2566 5464 extendit.
2599 5408 2691 5463 Sic
2711 5410 2902 5473 hostis,
2928 5409 2981 5463 id
3003 5418 3080 5464 est
3109 5408 3377 5463 diabolus.
3405 5408 3547 5462 viam
3579 5424 3690 5461 ul:-

2106 5500 2256 5554 lestis
2294 5498 2480 5568 patriae
2508 5498 2870 5553 intercludere
2904 5497 3110 5560 volens,
3158 5498 3313 5567 signo
3360 5497 3538 5551 crucis
3585 5495 3689 5548 Do-

2106 5589 2320 5645 miuica‘
2360 5596 2665 5657 superatur.
2700 5589 2833 5642 Dum
2867 5588 3071 5641 levaret
3100 5603 3291 5641 manus
3318 5586 3550 5657 Moyses,
3574 5587 3680 5639 vino

2108 5685 2264 5741 cebat
2316 5683 2499 5739 Israel.
2556 5683 2809 5745 Rursum,
2864 5681 2990 5736 dum
3045 5680 3350 5743 inclinaret,
3397 5678 3697 5746 superabat

2108 5777 2343 5831 Amalec.
2385 5775 2729 5829 Elevuntibus
2770 5773 2911 5826 enim
2962 5771 3115 5825 nobis
3158 5780 3310 5823 artus
3360 5778 3580 5822 nostros
3623 5768 3701 5819 ait

3402 5857 3427 5873 ρ
