4052 6184
317 370 381 423 εὖ
1279 364 1775 419 ευωωιεκνιιῃυλ
1818 365 1883 419 ιΝ

2002 358 2237 417 Louuu.
2256 322 2347 400 ’-
2385 360 2510 413 uti.
2552 361 2613 413 ιι.
3502 369 3569 419 ss;

315 485 533 548 cwluttt,
577 490 815 536 rectores
858 481 1194 533 tenebrarum
1234 479 1609 549 subjiciuntur.
1659 479 1725 533 At
1769 496 1897 534 con-
1926 483 1969 539 Α
2002 477 2325 547 profundum
2349 479 2556 548 abyssi,
2585 478 2768 533 hostes
2818 480 3065 535 videlicet
3105 482 3224 535 illos
3264 484 3327 537 de
3377 484 3573 553 quibus

317 586 396 629 tra
426 573 671 626 remissis
697 578 914 624 orantes
946 570 1214 631 manibus,
1242 569 1345 623 hoc
1383 580 1487 631 est,
1530 573 1891 626 conversatio-

315 661 436 717 n'em
475 671 746 714 terrenam
804 668 1093 721 sectantes,
1136 660 1305 713 hostis
1346 661 1518 714 vietor
1569 663 1889 731 insequitur.

315 751 482 805 Sedet
521 750 731 818 Moyses
766 761 927 817 super
951 747 1205 817 lapidem,
1253 749 1316 803 de
1362 766 1468 819 quo
1508 752 1749 804 narravit
1794 753 1895 805 Za-

312 845 535 899 charias
567 843 733 913 (Cap.
765 844 849 913 ν),
884 844 973 911 qui
1003 850 1208 911 septem
1241 844 1473 897 habebat
1493 844 1699 907 oculos,
1743 854 1798 898 et
1841 845 1894 898 in

316 934 586 988 Samuelis
642 932 918 986 volumine
982 932 1284 1001 appellatur
1353 932 1490 1001 lapis
1537 932 1813 1000 adjutorii,
1842 944 1898 987 et

314 1034 603 1093 utrainque
624 1038 842 1077 manum
889 1022 1072 1076 Aaron
1108 1031 1164 1075 et
1202 1021 1333 1088 Hur,
1382 1023 1535 1091 quasi
1572 1024 1679 1077 duo
1715 1024 1896 1094 populi

311 1125 408 1171 aut
435 1116 546 1169 duo
585 1120 924 1176 testamenta,
957 1121 1280 1168 sustentant.
1322 1113 1533 1167 Aliter:
1559 1113 1769 1183 Moyses
1820 1128 1900 1168 se-

312 1205 393 1259 dit
420 1204 727 1274 iit-lapide,
782 1218 905 1257 cum
946 1202 1031 1254 lex
1079 1202 1344 1271 requievit
1374 1202 1426 1256 in
1475 1202 1736 1258 Ecclesia.
1791 1203 1899 1257 Sed

313 1296 430 1350 iure
455 1295 644 1347 eadem
677 1291 761 1345 lex
797 1306 987 1345 manus
1005 1306 1199 1360 graves
1234 1290 1438 1355 habuit,
1467 1307 1588 1359 qua:
1612 1299 1901 1361 peccantes

311 1402 560 1457 quosque
593 1401 700 1439 non
724 1382 1150 1437 misericorditer
1170 1382 1409 1451 pertulit,
1436 1385 1531 1438 sed
1578 1397 1766 1438 severa
1818 1381 1901 1436 di-

312 1476 602 1529 strictione
628 1472 916 1542 percussit.
947 1470 1126 1526 Aaron
1166 1487 1296 1525 vero
1342 1485 1498 1526 nions
1547 1471 1897 1536 fortitudinis,

314 1566 430 1621 llur
460 1573 641 1619 autem
672 1563 814 1635 ignis
857 1563 1261 1631 interpretatur.
1299 1564 1471 1631 Quem
1518 1564 1702 1634 itaque
1748 1578 1901 1619 mons

314 1658 415 1712 iste
437 1655 773 1711 fortitudinis
797 1654 994 1724 signat,
1026 1654 1127 1707 nisi
1157 1654 1574 1725 Rodemptorem
1622 1654 1901 1709 nostrum?

312 1750 514 1817 dequo
550 1761 649 1816 per
702 1745 1019 1815 prophetam
1075 1743 1306 1799 dicitur:
1335 1744 1448 1797 Erit
1509 1745 1563 1797 in
1612 1743 1900 1798 novissimis

1997 569 2258 637 Prupheta
2290 568 2460 621 dicit:
2496 565 2656 620 Periit
2694 570 2942 622 meritoria
2983 586 3164 623 eorum
3210 587 3328 623 cum
3374 574 3569 634 sonitu,

1993 668 2041 711 et
2095 657 2350 711 Dominus
2409 657 2461 710 in
2511 676 2540 710 (ι
2558 668 2762 711 ternum
2808 668 3073 727 permanet
3109 659 3301 730 (Psal.
3343 677 3392 714 Ix
3422 662 3477 731 )‘t
3509 662 3570 715 lit

1994 749 2384 803 utostenderet
2415 749 2673 802 uiiTitibus
2711 749 2943 814 Christi,
2979 749 3125 803 nullo
3144 759 3389 820 tempore
3413 754 3571 821 pigri-

1998 839 2085 892 tia:
2119 839 2312 892 inertia
2348 852 2469 892 csse
2494 840 2838 907 torpendum,
2862 841 2956 901 sed
2978 855 3193 912 semper
3215 854 3432 912 paratos
3455 860 3575 897 esse

1996 929 2063 982 ad
2088 928 2349 997 prndium,
2382 929 2541 997 paulo
2561 938 2683 997 post
2712 930 2949 984 subdidit
2973 931 3159 985 dicens
3186 946 3201 984 :
3230 932 3368 996 Quia
3388 949 3576 984 manus

1995 1018 2157 1073 solius
2177 1017 2411 1082 Domini,
2425 1028 2471 1070 et
2493 1018 2683 1072 bellum
2707 1020 2802 1073 Dei
2821 1021 2919 1073 erit
2937 1031 3121 1074 contra
3130 1020 3355 1076 ’Δίκαιος
3373 1039 3405 1075 α
3428 1039 3577 1091 gone.

1999 1120 2200 1163 ratione
2217 1111 2273 1163 in
2293 1111 2696 1180 generalium.
2739 1111 2926 1166 Manus
2962 1112 3128 1166 solius
3153 1113 3363 1167 Domini
3388 1124 3442 1167 ct
3467 1116 3479 1168 l
3500 1115 3577 1168 el»

1998 1202 2108 1257 lum
2134 1201 2229 1255 Dei
2261 1212 2451 1256 contra
2477 1202 2700 1257 Amalec
2721 1212 2824 1268 est,
2853 1204 2906 1257 id
2935 1213 3039 1269 est,
3078 1214 3266 1258 contra
3314 1205 3579 1275 malignos
3594 1240 3613 1249 ο.

1998 1292 2241 1362 spiritus,
2293 1292 2388 1361 qui
2443 1292 2853 1361 sanguinolenta
2903 1302 2958 1347 ct
3001 1294 3370 1362 corruptibilia
3417 1310 3577 1363 opera

1999 1398 2213 1453 semper
2236 1383 2446 1437 sitiunt.
2475 1383 2867 1453 Interpretatur
2903 1387 3048 1439 euTm
3094 1385 3313 1439 Amalec
3353 1387 3581 1455 pupulas

1999 1474 2259 1538 bruchus,
2281 1473 2367 1527 vel
2387 1473 2616 1542 populus
2648 1473 2860 1544 lingens
2894 1475 3232 1545 sanguinem;
3255 1475 3391 1530 Cum
3417 1477 3577 1531 Chri-

1999 1573 2114 1620 stus
2141 1565 2192 1618 in
2221 1564 2480 1619 membris
2528 1565 2660 1630 suis,
2709 1566 2813 1621 hoc
2855 1575 2941 1620 est
2979 1567 3205 1631 sanctis,
3252 1567 3485 1622 viriliter
3528 1579 3579 1622 rt

2000 1654 2117 1710 sine
2139 1656 2451 1710 cessatione
2474 1656 2528 1709 in
2583 1657 2832 1724 przesenti
2878 1665 3119 1725 tempore
3176 1665 3367 1713 contra
3414 1659 3593 1728 spiri-.

2003 1749 2175 1803 tuales
2213 1749 2480 1818 nequitias
2517 1748 2829 1819 przeliatnr;
2869 1763 2910 1803 a~
2936 1750 3289 1819 g-ncratioue
3328 1750 3607 1806 vsdeliem~

310 1838 503 1893 diebus
525 1844 853 1907 purpuratus
890 1851 1040 1907 mons
1091 1833 1280 1888 domus
1332 1833 1544 1886 Domini
1598 1834 1653 1886 iu
1714 1832 1898 1886 vertice
1930 1817 1973 1875 Β
2003 1834 2057 1889 in
2095 1817 2533 1906 generationem,
2572 1836 2622 1890 id
2662 1845 2764 1897 cst,
2818 1817 2986 1906 usque
3029 1839 3096 1892 ad
3151 1836 3315 1893 tinent
3350 1840 3531 1893 mundi
3566 1881 3579 1901 ,

312 1905 570 1982 montium
597 1924 764 1997 (lsai.
796 1924 869 1996 η)
939 1924 1044 1978 Aut
1072 1924 1204 1992 quis.
1243 1939 1341 1994 per
1376 1923 1577 1993 ignem,
1634 1922 1735 1979 nisi
1783 1921 1900 1992 Spi-

312 2020 456 2072 ritus
505 2024 727 2071 sanctus
782 2014 1075 2084 figuratur,
1107 2015 1175 2069 de
1221 2028 1330 2082 quo
1383 2014 1522 2068 idem
1571 2013 1900 2081 Redemptor

311 2116 504 2163 uoster
532 2104 909 2175 dicitzlgnem
948 2107 1060 2160 reni
1088 2106 1296 2167 mittere
1338 2106 1395 2158 in
1439 2105 1675 2158 terram?
1716 2104 1897 2158 Aaron

310 2207 525 2268 ergoet
553 2197 668 2251 llur
689 2211 887 2268 graves
936 2212 1129 2250 manus
1176 2196 1343 2267 Moysi
1394 2196 1685 2260 sustinent,
1739 2204 1900 2264 atque

312 2289 669 2346 sustentando
695 2288 924 2343 leviores
963 2287 1212 2351 reddunt,
1239 2287 1364 2356 quia
1393 2286 1654 2341 Mediator
1702 2273 1796 2341 Dei
1845 2294 1900 2341 et

310 2382 595 2436 hominum
626 2395 747 2434 cum
778 2380 901 2449 igne
926 2380 1097 2434 sancti
1130 2379 1365 2448 Spiritus
1391 2362 1653 2443 veniens,.
1679 2378 1901 2432 manda-

312 2481 367 2526 ta
389 2471 530 2539 legis
550 2470 755 2540 gravia,
786 2485 905 2539 qua:
932 2470 1059 2523 dum
1086 2469 1379 2523 carnaliter
1411 2476 1743 2531 tenerentur,
1775 2482 1901 2537 por-

312 2564 419 2616 tari
451 2577 561 2616 non
586 2570 856 2630 poterant,
885 2561 1244 2614 tolerabiliora
1271 2560 1426 2615 nobis
1446 2576 1543 2629 per
1568 2559 1901 2629 spiritualein

312 2651 1029 2723 intelligentiamostendit.
1083 2651 1261 2716 Quasi
1294 2651 1439 2704 enim
1494 2665 1686 2704 manus
1734 2645 1904 2719 Moysi

312 2743 465 2800 leves
508 2742 763 2807 reddidit,
812 2741 937 2810 quia
979 2741 1191 2809 pondus
1235 2740 1605 2794 mandatorum
1654 2738 1799 2805 legis.
1835 2738 1901 2792 ad

313 2840 575 2892 virtutem
602 2833 957 2889 confessionis
987 2833 1226 2888 retorsit.
1251 2831 1400 2886 Hanc
1444 2831 1599 2884 nobis
1626 2830 1902 2899 sequentis

314 2927 703 2984 misericordia:
728 2926 1141 2995 promissionem
1169 2924 1369 2988 innuit,
1395 2938 1519 2978 cum
1546 2938 1643 2992 per
1673 2922 1903 2994 prophe-

315 3029 429 3074 tam
457 3018 659 3073 dieitur
683 3036 698 3070 :
726 3015 874 3088 Nolo
895 3026 1114 3070 mortem
1140 3015 1451 3085 peccatoris,
1493 3013 1584 3067 sed
1609 3022 1663 3066 ut
1695 3027 1903 3065 conrer—

313 3118 456 3162 tatur
486 3117 536 3161 et
569 3108 696 3161 vivat
723 3105 953 3177 (Ezecli.
995 3104 1179 3178 XVIII).
1207 3105 1343 3159 Hinc
1372 3103 1570 3159 iterum
1601 3102 1701 3158 sub
1755 3101 1903 3155 Judze

314 3199 497 3269 specie
517 3196 808 3265 unicuique
833 3195 1123 3266 peceatrici
1152 3194 1345 3249 anima:
1369 3193 1568 3248 dicitur
1590 3210 1603 3244 :
1632 3190 1694 3246 Si
1718 3189 1902 3244 dereli-

312 3287 485 3359 ἥκει-ει
505 3287 587 3339 vir
613 3301 826 3339 uxorem
850 3301 1025 3348 suam,
1045 3293 1092 3339 ct
1114 3282 1209 3337 illa
1234 3283 1472 3337 recedens
1493 3281 1702 3335 duxerit
1728 3280 1899 3333 virum

314 3380 511 3443 alium,
536 3377 772 3446 nunquid
806 3384 1090 3430 revertetur
1136 3374 1206 3428 ad
1261 3389 1379 3427 eum
1433 3371 1612 3425 ultra?
1646 3369 1898 3440 Nunquid

317 3486 420 3523 non
446 3466 651 3537 polluta
670 3475 717 3519 et
744 3465 1102 3520 contaminata
1126 3465 1224 3517 erit
1249 3462 1436 3517 mulier
1461 3461 1552 3514 illa
1570 3461 1596 3514 ?
1626 3459 1668 3513 Τ
1671 3477 1703 3513 n
1728 3471 1898 3515 amem

314 3560 579 3628 fornicata
606 3573 661 3611 es
688 3573 807 3611 cum
833 3554 1155 3610 amatoribus
1184 3554 1384 3608 multis.
1422 3552 1616 3606 Tamen
1650 3561 1899 3605 revertere

318 3651 385 3702 ad
411 3666 513 3711 me,
538 3648 664 3701 dicit
693 3647 950 3700 Dominus
981 3644 1213 3715 (Jerem.
1245 3642 1359 3716 tu).
1394 3643 1532 3698 Ecce
1585 3640 1896 3713 paradigma

320 3739 490 3806 turpis
526 3735 769 3791 mulieris
796 3735 961 3789 dedit.
989 3734 1235 3789 Ostendit
1259 3734 1401 3803 quod
1446 3741 1568 3803 post
1619 3730 1901 3800 turpitudi-

317 3844 442 3881 nem
484 3826 647 3896 recipi
687 3841 791 3880 non
828 3824 1026 3894 possit;
1080 3823 1172 3878 sed
1227 3824 1328 3877 hoc
1368 3822 1541 3892 ipsum
1591 3821 1899 3891 paradigma

315 3919 460 3989 «illud
495 3918 744 3988 protulit,
776 3933 874 3987 per
905 3915 1332 3971 miscricordiam
1363 3913 1551 3977 vineit,
1599 3927 1721 3967 cum
1767 3911 1898 3965 dicit

318 4009 679 4063 foruicantem
710 4006 988 4060 mulierem
1029 4005 1194 4074 recipi
1237 4018 1576 4074 nequaquam
1618 4017 1797 4071 posse,
1843 4008 1898 4056 ct

318 4110 501 4153 tamen
536 4100 650 4168 ipse
698 4096 1051 4151 fornicantem
1091 4096 1348 4163 animam,
1402 4104 1461 4149 ut
1516 4096 1758 4165 recipiat,
1803 4110 1899 4149 ex-

317 4197 548 4260 spectat.
582 4187 878 4242 Peusemus
900 4186 1108 4257 pondus
1137 4194 1300 4240 tantm
1325 4186 1560 4254 pictatis.
1593 4186 1732 4240 Dii-it
1754 4185 1896 4254 quod

318 4281 435 4337 tieri
460 4298 567 4335 non
596 4288 790 4349 potest,
817 4287 874 4333 et
906 4279 1243 4333 demonstrat
1270 4278 1393 4347 quia
1425 4279 1525 4332 hoc
1574 4277 1688 4348 ipse
1718 4276 1897 4332 facere

316 4375 483 4427 etiam
513 4380 700 4427 contra
732 4388 937 4427 morem
968 4380 1165 4443 potest.
1195 4372 1335 4427 Ecce
1370 4380 1526 4426 vocat
1553 4380 1608 4425 et
1651 4371 1899 4440 inquina-

318 4477 403 4522 tos
433 4465 739 4531 denuntiat,
766 4466 928 4519 etiam
980 4466 1080 4519 bos
1132 4465 1379 4535 amplecti
1433 4465 1625 4534 quatrit
1646 4482 1675 4518 a
1703 4465 1897 4534 quibus

317 4558 592 4611 desertum
624 4569 743 4610 esse
766 4570 826 4609 se
849 4555 1114 4624 queritur.
1146 4552 1357 4607 inﬂexit
1396 4568 1525 4623 ergo
1580 4554 1646 4607 ad
1687 4552 1899 4608 miseri-

316 4648 559 4702 cordiam
585 4646 835 4701 duritiam
862 4645 1015 4714 legis,
1047 4646 1174 4715 quia
1200 4662 1337 4716 quos
1360 4645 1503 4715 juste
1532 4644 1618 4699 ille
1658 4646 1898 4709 damnat,

318 4738 437 4806 ipse
464 4736 889 4791 misericorditer
912 4736 1105 4790 liberat
1127 4753 1139 4788 :
1166 4735 1309 4790 Dixit
1335 4745 1505 4789 autem
1532 4735 1787 4789 Dominus
1830 4738 1900 4790 ad

318 4827 538 4897 Moysen
561 4844 575 4879 :
608 4825 789 4881 Scribe
819 4827 916 4879 hoc
936 4827 1004 4879 ad
1026 4828 1397 4880 monimentum
1420 4826 1473 4879 in
1501 4824 1657 4888 libro,
1683 4835 1729 4879 et
1751 4826 1899 4880 trade

317 4917 535 4971 auribus
558 4917 740 4970 Josue.
789 4916 976 4969 Delcbo
1024 4915 1157 4969 enim
1210 4917 1511 4969 memoriam
1556 4915 1768 4970 Amalec
1803 4918 1898 4970 sub

316 5005 466 5059 caelo.
496 5004 908 5076 ﬁdi/icavitque
955 5004 1160 5075 Moyses
1190 5004 1377 5067 altare,
1410 5016 1456 5057 et
1488 5005 1681 5059 rocarit
1714 5021 1899 5059 nomen

315 5095 457 5165 ejus,
481 5094 737 5148 Dominus
761 5095 1011 5147 exultatio
1042 5112 1177 5148 mea.
1206 5094 1368 5150 Iubet
1401 5095 1660 5150 Dominus
1701 5095 1894 5150 bellum

316 5192 556 5253 emptum
586 5192 773 5236 contra
798 5182 1017 5237 Amalec
1049 5184 1100 5237 in
1139 5185 1276 5239 libro
1327 5186 1614 5249 conscribi,
1662 5194 1717 5240 et
1758 5187 1893 5240 tradi

315 5274 539 5328 auribus
562 5271 747 5336 Josuc,
774 5274 1120 5343 prmdicitque
1161 5276 1302 5344 quod
1351 5274 1623 5330 deleturus
1670 5276 1740 5330 sit
1787 5293 1897 5330 me:-

316 5364 548 5420 tuuriam
574 5363 816 5418 Amalec.
849 5363 987 5430 Quid
1016 5365 1120 5418 hoc
1142 5364 1408 5434 significat
1431 5364 1531 5417 nisi
1546 5367 1688 5433 quod
1724 5366 1897 5420 omni-

312 5464 511 5523 potens
542 5453 686 5508 Deus
709 5470 804 5523 per
831 5454 1021 5524 legem,
1073 5453 1225 5520 cujus
1265 5463 1445 5524 typum
1479 5454 1688 5526 Moyses
1727 5466 1895 5523 tenet,

315 5550 383 5602 de
412 5545 697 5602 Salvatore
729 5556 912 5602 nostro
935 5547 1255 5616 praenuntiat
1291 5547 1432 5616 quod
1473 5548 1587 5617 ipse
1626 5549 1896 5605 deleturus

316 5636 389 5691 sit
437 5638 756 5690 memoriam
798 5637 1032 5690 hostium
1065 5636 1443 5706 spiritualium,
1501 5645 1661 5705 atque
1698 5650 1896 5692 sancta?

317 5724 571 5780 Ea'lesia‘
606 5726 820 5779 lusione
848 5742 1198 5795 contpesrens
1223 5725 1565 5779 dezncrsurus
1589 5729 1659 5781 sit
1704 5745 1795 5782 eos
1843 5730 1893 5783 ia

1999 1929 2215 1999 quando
2279 1930 2519 1999 perfecte
2582 1931 2807 1985 victoria
2866 1934 3399 2001 perpetrata-sancti
3456 1949 3611 1986 (‘Itlth

2002 2020 2278 2088 triumpho
2336 2021 2403 2074 ad
2462 2020 2686 2075 omleste
2741 2036 2965 2090 regnum
3013 2021 3363 2076 comitantes-
3400 2037 3613 2090 γιιςιιιηα

1999 2124 2154 2164 suum
2184 2110 2480 2173 Christum;
2514 2110 2807 2173 intrabunt,
2844 2126 3063 2181 regnum
3086 2120 3141 2173 et
3185 2110 3284 2180 ipsi
3311 2112 3615 2180 accepturi.

2000 2206 2360 2266 perpetuum;
2413 2206 2542 2252 tunc
2577 2208 2634 2253 et
2673 2199 2799 2252 illud
2839 2215 2943 2252 ver.
2969 2200 3108 2253 cites
3147 2199 3407 2269 impletur.
3439 2201 3603 2268 quod

2000 2287 2291 2357 Apostolus
2322 2287 2497 2341 dicit:
2544 2289 2798 2357 dbsorpta
2844 2298 2916 2341 est
2966 2306 3104 2343 mors
3140 2291 3196 2343 in
3232 2290 3470 2343 rictort'a.
3521 2291 3589 2343 lit

2003 2378 2129 2432 alibi
2155 2379 2413 2447 scriptum
2442 2386 2529 2433 est
2557 2397 2570 2431 :
2602 2378 2768 2443 Mors,
2794 2379 2987 2449 inquit,
3014 2379 3153 2433 ultra
3175 2380 3293 2450 jam
3329 2396 3432 2434 non
3460 2382 3582 2445 erit,

2002 2483 2167 2538 neque
2213 2466 2385 2523 luctus
2440 2468 2604 2540 neque
2651 2468 2871 2535 clamor,
2925 2471 3050 2541 quia
3111 2472 3282 2541 prima
3342 2472 3581 2527 abierunt

2002 2556 2185 2627 (Apoc.
2212 2555 2349 2629 ut).

2632 2627 2858 2685 CAPUT
2899 2629 2988 2684 IX.

2003 2695 2079 2751 De
2126 2697 2349 2752 adventu
2389 2696 2830 2770 {etln'q‘cog‘nnti
2870 2698 3042 2770 Moysi
3069 2702 3123 2754 in
3161 2701 3424 2756 desertum
3464 2718 3579 2754 cum

2072 2783 2243 2844 natare
2278 2779 2324 2822 et
2374 2768 2501 2844 ﬁliis
2553 2767 2760 2844 Moysi;
2808 2778 2855 2823 et
2900 2767 3222 2844 de'_cons_ilio
3256 2771 3398 2844 quod
3439 2770 3593 2824 dedis

2076 2836 2243 2906 Moysi
2268 2854 2361 2908 pro
2376 2836 2559 2891 labore
2570 2836 2877 2906 jurgiornm
2899 2838 3196 2909 leviganda.

2070 2919 2303 2992 Cumque
2324 2922 2553 2975 audisset
2577 2923 2762 2976 Jetliro
2791 2924 3037 2978 sacerdos
3077 2925 3296 2979 Madian
3328 2936 3599 2995 cognatum

2005 3012 2176 3082 Moysi
2208 3011 2384 3065 omnia
2409 3050 2427 3078 ,
2462 3028 2582 3082 quin
2614 3011 2807 3082 fecerat
2834 3012 3092 3069 Dominus
3124 3014 3298 3085 Moysi
3331 3025 3380 3069 et
3414 3015 3582 3068 Israel

2005 3104 2195 3174 populo
2253 3119 2373 3167 suo,
2417 3118 2480 3158 eo
2519 3103 2661 3173 quod
2705 3103 2967 3158 eduxisset
3004 3104 3261 3160 Dominus
3302 3106 3473 3161 Israel
3516 3105 3616 3156 dat.-

2004 3189 2255 3260 At'gypto,
2293 3190 2412 3244 tulit
2441 3188 2730 3261 Sephoram
2769 3208 2985 3246 uxorem
3016 3193 3215 3263 Moysi,
3244 3212 3401 3266 quam
3428 3199 3585 3252 remi.

2001 3289 2163 3344 serat,
2185 3288 2232 3332 et
2254 3279 2386 3334 duos
2408 3280 2548 3349 ﬁlios
2569 3281 2704 3350 ejus,
2730 3298 2959 3352 quorum
2985 3300 3121 3338 unus
3147 3285 3434 3339 uocabatur
3453 3284 3575 3342 Ger-

2000 3386 2134 3434 sam,
2166 3371 2366 3423 dicente
2391 3381 2540 3440 patre
2565 3387 2584 3424 :
2613 3371 2827 3425 Adoena
2852 3373 2932 3442 fni
2968 3374 3022 3427 in
3047 3384 3187 3428 terra
3211 3374 3405 3430 aliena.
3436 3369 3583 3430 Alter

2002 3478 2120 3517 vero
2148 3461 2369 3527 Eliezer,
2404 3462 2548 3516 Deus
2575 3464 2714 3517 enim
2742 3464 2815 3517 ait
2844 3466 3011 3533 patris
3038 3467 3139 3520 mei
3167 3466 3385 3535 adjutor
3408 3482 3581 3533 meus,

1999 3564 2047 3607 et
2075 3554 2210 3607 eruit
2239 3567 2319 3606 me
2353 3552 2419 3607 de
2461 3552 2638 3623 gladio
2673 3553 2993 3609 Pharaonis.
3062 3556 3210 3611 Venit
3240 3574 3362 3628 ergo
3386 3557 3599 3614 Jetltro.

2001 3651 2251 3712 cognatus
2278 3642 2470 3712 Moysi,
2500 3652 2548 3696 et
2570 3642 2669 3712 ﬁlii
2693 3645 2809 3712 eius
2835 3656 2882 3699 et
2914 3663 3051 3700 uxor
3077 3648 3147 3699 ad
3172 3647 3387 3718 Moysen
3412 3650 3470 3703 in
3495 3650 3583 3705 tit“.

1998 3742 2215 3796 sertum,
2257 3733 2346 3786 ubi
2389 3742 2500 3785 erat
2543 3743 2719 3787 castra
2752 3744 2975 3789 metatus
3000 3737 3162 3804 juxta
3200 3738 3586 3792 montemtbci.

2008 3821 2375 3893 Veneruntque
2399 3821 2577 3875 Aaron
2604 3831 2652 3876 et
2680 3839 2859 3877 omnes
2879 3840 3026 3878 senes
3052 3807 3242 3888 Israel,
3268 3836 3322 3879 ut
3346 3828 3588 3883 comedc-.

1998 3925 2110 3967 rent
2133 3929 2322 3983 panem
2348 3928 2466 3966 cum
2490 3929 2550 3965 eo
2579 3928 2755 3966 coram
2782 3913 3004 3969 Domino
3040 3916 3436 3989 (Εωοάιχνιιι).
3471 3919 3579 3991 [Ex

1998 4002 2336 4075 Augastino.]
2381 4003 2677 4071 Qumritut‘,
2708 4006 2798 4060 ubi
2841 4017 2969 4063 aute
2997 4008 3165 4064 Deum
3185 4051 3202 4076 ,
3231 4013 3449 4080 quando
3472 4028 3589 4068 nec

1998 4093 2407 4148 tabernaculum
2438 4092 2573 4159 fuit,
2607 4110 2708 4149 nec
2735 4112 2861 4150 arca
2892 4101 3365 4170 testamenti,.qu:c
3391 4108 3580 4170 postea

1996 4194 2124 4240 sunt
2154 4185 2441 4240 instituta?
2471 4184 2658 4254 Neque
2693 4188 2836 4240 enim
2867 4196 2922 4242 ct
2947 4189 3037 4243 hic
3065 4191 3132 4245 de
3171 4191 3349 4245 futuro
3377 4192 3578 4246 dictmn

1997 4278 2245 4347 accipere
2295 4292 2617 4347 possumus,
2670 4278 2812 4332 sicut
2861 4280 3060 4334 dictum
3111 4289 3198 4336 cst
3245 4282 3312 4336 de
3358 4297 3576 4347 manna,

1998 4371 2142 4439 quod
2170 4370 2404 4439 positum
2436 4377 2520 4423 est
2548 4368 2602 4422 in
2627 4383 2756 4422 vase
2784 4384 2967 4424 aureo.
3010 4371 3150 4441 Ergo
3177 4379 3305 4426 ante
3328 4373 3495 4427 Deum
3528 4376 3579 4427 id

2001 4458 2246 4526 accipere
2267 4458 2524 4513 debemus
2546 4457 2885 4513 factum..Ubi
2906 4459 3172 4515 enimnon
3204 4462 3379 4517 Deus?
3404 4463 3578 4517 Altero

2001 4557 2174 4601 autem
2194 4547 2280 4600 die
2298 4547 2430 4601 sedit
2460 4546 2688 4617 Moyses,
2711 4548 3051 4617 utijurlicaret
3079 4549 3363 4620 populum;
3383 4554 3470 4621 qni
3493 4572 3575 4606 at»

1999 4636 2211 4691 sistebat
2236 4636 2407 4707 Moysi
2428 4638 2494 4691 de
2512 4652 2671 4691 mane
2690 4655 2857 4709 usque
2879 4639 2946 4691 ml
2973 4656 3254 4709 vesperam.
3288 4642 3441 4707 Quod
3461 4661 3576 4697 cum

1998 4728 2206 4782 vidisset
2223 4737 2473 4798 cognatus
2489 4729 2625 4798 ejus,
2645 4731 2818 4784 omnia
2834 4730 3028 4785 scilicet
3042 4749 3159 4801 qum
3171 4733 3354 4803 agebat
3364 4735 3576 4804 populo,

1999 4821 2071 4874 ait
2088 4837 2107 4874 :
2128 4820 2269 4885 Quid
2292 4831 2367 4875 cst
2388 4821 2506 4886 hoc,
2521 4822 2660 4892 quod
2688 4822 2819 4891 facis
2844 4824 2896 4876 in
2916 4823 3060 4893 plebe
3074 4827 3099 4878 ξ’
3119 4825 3227 4879 Cur
3244 4827 3385 4880 solus
3406 4829 3573 4890 sedes,
3632 4884 3633 4887 η

2003 4921 2051 4964 et
2072 4912 2240 4965 amitis
2258 4911 2479 4981 populus
2500 4911 2834 4981 prazstolatur
2854 4913 2919 4967 de
2944 4930 3098 4968 tuane
3123 4904 3284 4986 usque
3312 4918 3382 4971 ad
3413 4935 3583 4985 res-pm

2003 5001 2154 5055 ram?
2174 5001 2272 5054 Cui
2297 5003 2555 5066 respondit
2579 5002 2783 5072 Moyses
2800 5016 2820 5055 :
2848 5004 2994 5058 Venit
3017 5006 3086 5058 ad
3109 5021 3189 5059 me
3201 5008 3422 5077 populus
3442 5028 3579 5079 quur.

2014 5107 2118 5145 'cns
2143 5094 2453 5146 sententiam
2474 5093 2607 5157 Dei;
2642 5111 2860 5165 cumque
2888 5096 3133 5150 acciderit
3160 5098 3235 5153 eis
3262 5098 3438 5170 aliqua
3461 5100 3579 5156 diss

2002 5183 2252 5245 captatio,
2301 5184 2507 5235 veniunt
2554 5186 2623 5235 ad
2674 5202 2782 5249 me,
2824 5196 2880 5239 ut
2923 5186 3159 5255 judicent
3204 5191 3341 5245 inter
3395 5209 3507 5251 eos.
3531 5213 3577 5250 rt

2002 5270 2269 5324 ostendam
2291 5283 2550 5341 prwccpta
2581 5274 2677 5328 Dei
2700 5285 2747 5328 et
2775 5274 2911 5345 leges
2938 5277 3072 5347 ejus.
3106 5278 3216 5349 (Ea:
3237 5282 3578 5355 Augusti!th

2002 5363 2181 5427 Quazri
2210 5371 2387 5431 potest
2413 5367 2680 5432 quomodo
2704 5368 2805 5422 ista
2841 5368 3053 5440 Moyses
3081 5371 3300 5440 dixerit,
3334 5381 3581 5434 curules

2003 5451 2093 5505 Dei
2123 5451 2297 5507 adhuc
2330 5453 2475 5507 nulla
2520 5457 2827 5526 conscripta
2859 5470 3034 5523 esset,
3073 5459 3180 5516 nisi
3211 5466 3334 5533 quia
3367 5464 3454 5521 lex
3478 5467 3590 5526 Dei.

1999 5543 2322 5611 sempitcrna
2355 5552 2459 5609 est,
2483 5562 2642 5614 quam
2672 5548 2960 5603 consulunt
2988 5564 3180 5609 utnnes
3204 5554 3577 5622 piainientcs.

2000 5643 2059 5688 ut
2079 5637 2220 5703 quod
2244 5637 2305 5691 in
2324 5654 2387 5691 ea
2414 5638 2734 5703 invenerint,
2767 5641 2847 5694 vel
2870 5640 3095 5707 faciant,
3125 5644 3468 5714 vcljubeaut,
3493 5653 3583 5708 κει

2000 5736 2175 5781 vetent
2205 5767 2218 5791 ,
2261 5730 2551 5784 Et‘Cttt‘dttm
2588 5729 2727 5798 quod
2759 5729 2842 5783 illa
2889 5733 3311 5794 incommutabiu
3349 5744 3580 5800 verum;
