3992 6182
398 332 470 387 87

1082 331 1142 385 [ι.
1185 328 1443 388 assam
1482 328 1707 388 usum
1736 332 2055 391 ARCHIEP.
2097 336 2408 395 uocum.
2449 301 2956 399 essesnatus
2992 344 3034 399 ι.

3607 349 3680 406 88

400 446 735 518 pmceperit.
766 442 1017 515 Nunquid
1043 446 1188 537 enim
1213 444 1445 537 Moyses,
1472 447 1721 515 quamvis
1745 462 1868 502 cum
1894 447 1990 503 illo
2017 453 2068 511 Α
2093 450 2532 522 quinquagenos:
2549 452 2686 510 alios
2704 472 2869 526 super
2888 457 3074 512 denos.
3093 457 3185 514 Sic
3206 462 3349 515 etab
3367 462 3482 533 ipso
3497 464 3678 537 Moysi:

400 542 712 609 loqueretur
738 538 898 598 Deus,
951 551 1046 606 per
1080 536 1295 607 singula
1348 537 1677 592 credendum
1724 546 1809 593 est
1840 538 2015 608 quod.

399 630 678 685 ronsulere
709 627 909 683 soleret
937 627 1127 693 Deum,
1152 628 1198 682 si
1225 628 1354 697 quid
1377 637 1524 684 esset
1550 629 1604 682 in
1636 629 1985 700 disceptatio-

398 723 559 779 nibus
579 728 745 775 tanta:
763 718 1148 784 multitudinis,
1177 733 1299 788 qua:
1319 719 1470 774 illum
1498 720 1552 774 in
1583 720 1687 775 hoc
1704 717 1986 787 judicandi

400 812 612 881 negotio
649 827 681 865 a
714 826 876 865 mane
911 824 1083 879 usque
1123 810 1192 867 ad
1232 824 1514 879 vesperam
1561 810 1871 866 detinebat?
1920 811 1989 865 Et

400 912 578 956 tamen
609 900 715 955 nisi
737 915 849 956 sua:
872 900 1041 954 menti
1068 899 1448 969 prmsidentem
1477 899 1763 955 Dominum
1791 915 1988 956 consu-

397 992 553 1058 leret,
602 990 882 1062 legemque
914 990 1032 1060 ejus
1060 990 1338 1061 sapienter
1365 989 1670 1045 attenderet
1689 1031 1706 1056 ,
1746 990 1873 1060 quid
1896 988 1987 1060 ju-

397 1083 696 1139 stissimum
711 1080 959 1151 judicare
980 1080 1125 1135 inter
1147 1080 1515 1149 disceptantes
1546 1089 1750 1150 posset,
1776 1095 1883 1136 non
1903 1081 1987 1136 in-

399 1173 624 1228 veniret.
649 1173 717 1226 At
736 1171 858 1226 ille:
898 1172 1022 1226 Non
1043 1172 1250 1235 bonam,
1277 1173 1471 1241 inquit,
1497 1189 1605 1226 rem
1629 1172 1781 1241 facis.
1812 1171 1985 1228 Stulto

394 1262 572 1333 labore
599 1263 921 1317 consumeris
939 1272 988 1316 et
1022 1272 1079 1317 tu
1107 1272 1154 1316 et
1179 1262 1403 1333 populus
1435 1264 1552 1326 iste,
1572 1263 1661 1333 qui
1688 1272 1856 1317 tecum
1884 1272 1980 1317 est.

398 1337 550 1409 Ultra
579 1355 714 1409 uires
740 1363 860 1409 tuas
880 1365 957 1409 est
983 1356 1264 1425 negotium.
1295 1352 1454 1410 Solus
1476 1353 1611 1408 illud
1649 1370 1756 1409 non
1789 1356 1984 1424 poteris

392 1449 652 1503 sustinere
685 1461 704 1499 :
732 1447 823 1502 sed
848 1447 976 1501 audi
1001 1445 1155 1500 verba
1182 1461 1298 1501 mea
1341 1454 1498 1515 atque
1516 1443 1767 1509 consilia,
1798 1454 1846 1499 et
1886 1446 1984 1499 crit

396 1540 649 1595 Dominus
676 1548 865 1594 tecum.
897 1540 953 1594 In
982 1554 1048 1593 eo
1074 1538 1218 1609 quod
1249 1536 1440 1593 Jetbro
1464 1536 1753 1595 consilium
1770 1538 1871 1591 dat
1890 1553 1986 1607 ge-

392 1628 510 1682 neri
531 1643 632 1683 suo
670 1627 861 1698 Moysi,
890 1642 970 1682 ne
992 1634 1288 1697 occupatus
1307 1626 1527 1696 iudiciis
1552 1625 1758 1696 populi,
1785 1634 1839 1679 et
1866 1625 1980 1694 ipse

391 1727 443 1770 et
482 1717 711 1787 populus
759 1726 1177 1774 consumeretur
1220 1717 1692 1773 consummatione
1723 1717 1984 1771 intolera-

391 1807 505 1872 bili,
532 1808 709 1877 prima
728 1809 960 1877 quaestio
979 1816 1083 1871 est,
1110 1823 1210 1863 cur
1230 1809 1335 1863 huc
1354 1807 1495 1862 Deus
1517 1806 1775 1863 famulum
1799 1823 1979 1874 suum,
2014 1795 2059 1854 Β

388 1912 514 1951 eum
537 1912 646 1966 quo
688 1898 804 1967 ipse
852 1906 1003 1953 tanta
1043 1906 1099 1952 et
1144 1897 1272 1952 talia
1299 1897 1643 1967 loquebatur,
1682 1898 1750 1952 ab
1786 1898 1979 1953 alieni-

388 2001 522 2055 gena
550 2002 745 2056 passus
768 1996 854 2043 est
883 1987 1184 2042 admoneri.
1218 1986 1275 2041 ln
1303 2002 1413 2056 quo
1438 1985 1724 2058 Scriptura
1759 2003 1859 2043 nos
1885 1989 1982 2044 ad-

392 2085 595 2141 monet,
625 2092 723 2146 per
748 2077 1044 2147 quemlibet
1069 2076 1343 2131 hominem
1379 2076 1539 2131 detur
1575 2076 1861 2132 consilium
1889 2093 1981 2132 ve-

391 2166 596 2232 ritatis,
644 2183 751 2223 non
802 2168 1003 2224 debere
1032 2166 1328 2222 contemni.
1370 2166 1672 2223 Videndum
1710 2168 1874 2222 etiam
1913 2184 1982 2224 ne

388 2257 529 2314 forte
584 2259 656 2314 ibi
705 2260 936 2315 voluerit
992 2259 1135 2313 Deus
1208 2259 1277 2313 ab
1331 2257 1636 2330 alienigena
1702 2260 1979 2315 admoneri

392 2347 749 2418 loysen,ubi
779 2359 834 2405 et
860 2351 1031 2419 ipsum
1054 2356 1248 2420 posset
1274 2357 1488 2407 tentare
1510 2348 1782 2419 superbia.
1815 2348 1981 2405 Sede-

395 2446 488 2497 tat
512 2441 656 2498 enim
705 2442 990 2511 iudiciaria
1036 2442 1389 2498 sublimitate.
1420 2440 1557 2497 Nam
1587 2442 1731 2499 hunc
1756 2457 1979 2498 sensum

387 2530 623 2597 indicat,
655 2548 779 2587 cum
809 2533 924 2603 ipse
955 2530 1144 2587 Jethro
1178 2545 1273 2586 eos
1305 2529 1505 2601 eligere
1531 2528 1696 2597 jussit
1724 2531 1971 2602 adiudi-

387 2620 591 2676 candas
627 2637 824 2677 causas
869 2621 1083 2692 populi,
1121 2620 1212 2692 qui
1241 2620 1486 2675 odissent
1515 2620 1845 2690 superbiam.
1879 2622 1981 2676 De-

391 2713 519 2768 inde
562 2729 723 2783 quam
767 2714 838 2768 sit
877 2713 1309 2778 observandum,
1342 2714 1484 2784 quod
1523 2713 1652 2770 alibi
1697 2713 1976 2785 Scriptura

388 2805 521 2859 dicit
571 2819 589 2860 :
629 2804 762 2872 Fili,
794 2806 948 2860 nein
988 2807 1167 2862 multis
1210 2807 1314 2861 sint
1356 2816 1506 2861 actus
1531 2808 1611 2861 tui
1656 2806 1829 2880 (Eccl.
1866 2807 1975 2879 ιιι),

387 2895 520 2949 satis
547 2903 604 2950 et
630 2895 719 2950 hic
739 2906 986 2966 apparet.
1010 2896 1221 2952 Deinde
1242 2897 1410 2952 verba
1432 2894 1623 2952 lethro
1647 2897 1826 2953 dantis
1848 2913 1978 2953 cou-

383 2985 569 3040 silium
586 2986 773 3057 Moysi,
809 2988 1203 3042 consideranda
1232 2996 1376 3043 sunt.
1406 2986 1557 3043 Dicit
1584 2989 1731 3044 enim
1762 3008 1775 3042 :
1814 2974 1977 3045 Nunc

384 3077 560 3147 itaque
582 3076 841 3142 audiam,
882 3086 933 3130 et
978 3076 1256 3131 consilium
1291 3075 1429 3131 dabo
1465 3076 1580 3141 tibi,
1613 3087 1663 3131 et
1705 3078 1803 3131 erit
1832 3077 1976 3133 Deus

383 3177 572 3222 tecum.
599 3167 872 3223 'Ubimihi
902 3167 1119 3222 videtur
1144 3167 1458 3239 signiﬁcem
1490 3167 1659 3223 nimis
1697 3169 1971 3225 intentum
2001 3155 2046 3217 C

386 3257 633 3312 humanis
657 3257 969 3313 actionibus
993 3255 1235 3311 animum
1253 3297 1268 3320 ,
1298 3255 1416 3311 'Deo
1444 3257 1850 3325 quodammodo
1879 3273 1976 3312 va-

385 3349 558 3412 cuari,
574 3362 683 3419 quo
706 3349 779 3403 sit
796 3356 959 3403 tanto
984 3346 1216 3417 plenior,
1241 3355 1448 3416 quanto
1476 3345 1531 3400 in
1556 3363 1788 3417 superna
1811 3356 1975 3418 atque

383 3450 581 3495 :eterna
604 3439 838 3494 liberius
860 3438 1190 3494 extenditur.
1226 3436 1522 3507 Sequitur:
1555 3435 1763 3491 Estotu
1780 3437 1974 3508 populo

384 3529 438 3583 in
467 3529 571 3593 Itis,
612 3544 731 3600 quia
773 3528 845 3581 ad
887 3527 1055 3581 Deum
1097 3526 1379 3598 pertinent,
1419 3535 1478 3580 ut
1506 3525 1726 3596 referas,
1751 3542 1871 3597 qua:
1890 3526 1973 3580 di-

384 3627 577 3672 cuntur
624 3617 694 3671 ad
725 3634 845 3672 eum
870 3657 891 3683 ,
931 3616 1276 3687 attendatque
1310 3615 1513 3686 «populo
1548 3616 1889 3670 caeremonias
1920 3626 1970 3669 et

385 3709 542 3762 ritum
570 3706 779 3778 colendi
802 3747 818 3772 ,
847 3708 1090 3778 viamque
1114 3722 1209 3777 per
1235 3722 1393 3778 quam
1418 3704 1625 3776 ingredi
1648 3705 1890 3771 debeant,
1919 3715 1968 3759 et

382 3816 509 3869 opus
532 3799 675 3870 quod
692 3777 898 3869 fabers.
936 3777 1163 3857 Provide
1188 3807 1363 3851 autem
1393 3797 1459 3852 de
1486 3798 1629 3852 omni
1650 3795 1800 3866 plebe
1829 3797 1967 3853 uiros

379 3902 610 3960 potentes
628 3900 681 3944 et
704 3891 944 3945 timentes
963 3889 1154 3954 Deum,
1174 3891 1233 3943 in
1259 3888 1450 3960 quibus
1477 3888 1545 3942 sit
1571 3887 1783 3951 veritas,
1805 3897 1851 3941 et
1866 3889 1968 3958 qui

378 3981 582 4035 oderint
612 3981 893 4035 auaritiam
922 3996 943 4035 :
968 3989 1017 4035 et
1040 3980 1296 4035 constitue
1315 3973 1382 4034 ξπ
1410 3980 1485 4034 eis
1514 3978 1752 4034 tribunos
1776 3989 1824 4033 et
1846 3996 1968 4034 cen-

378 4073 632 4138 turiones,
670 4072 1158 4143 quinquagenarias
1209 4082 1260 4125 et
1309 4071 1556 4135 decanos,
1595 4071 1685 4142 qui
1720 4070 1966 4141 judicent

375 4164 625 4236 populum
654 4165 1068 4235 omnitempore.
1092 4161 1361 4235 Quidquid
1381 4172 1557 4217 autem
1572 4161 1754 4231 nsajus
1781 4161 1966 4232 fuerit,

380 4257 607 4326 referant
636 4255 706 4310 ad
735 4265 815 4321 te,
845 4264 894 4309 et
922 4255 1023 4326 ipsi
1059 4253 1266 4309 minora
1296 4251 1661 4307 tantummodo
1684 4252 1963 4323 judicent;

375 4346 639 4417 leviusque
665 4345 759 4400 tibi
782 4346 855 4400 sit
870 4346 1069 4416 partito
1097 4344 1151 4399 in
1172 4342 1306 4399 alios
1322 4359 1504 4398 onere.
1538 4340 1600 4399 Si
1628 4343 1726 4397 hoc
1753 4342 1961 4413 feceris,

375 4436 612 4508 implebis
647 4437 924 4507 imperium
965 4435 1202 4499 Domini,
1242 4444 1291 4489 et
1318 4430 1578 4505 pracepta
1616 4433 1732 4504 ejus
1767 4435 1962 4505 poteris

2089 544 2320 599 removit
2371 560 2570 616 graves
2612 555 2671 602 et
2725 548 3062 618 periculosas
3107 554 3524 622 occupationes;
3576 573 3678 614 nec

2089 634 2223 691 istos
2269 638 2539 706 gravavit,
2584 638 3021 711 quandoquidem
3069 642 3171 712 ipsi
3215 643 3362 699 mille
3410 645 3678 703 haberent

2087 748 2256 790 unum
2276 750 2443 805 super
2464 750 2547 795 se.
2574 745 2632 791 ct
2661 738 2762 791 sub
2792 737 2886 792 illo
2908 737 3185 793 haberent
3204 738 3342 794 alios
3368 739 3588 807 decem;
3619 753 3678 798 et

2088 831 2189 885 sub
2218 830 2299 885 eis
2323 830 2460 885 alios
2477 829 2689 900 viginti,
2723 838 2778 886 et
2808 831 2912 888 sub
2932 832 3017 887 his
3044 832 3180 888 alios
3205 844 3455 901 contum;
3488 846 3550 891 ut
3585 838 3674 893 vix

2087 920 2289 991 aliquid
2321 921 2390 975 ad
2439 921 2679 992 singulos
2721 938 2965 993 quosque
3009 925 3328 994 praepositos
3367 930 3667 998 pervenire,

2087 1014 2229 1082 quod
2264 1012 2512 1083 judicare
2550 1030 2775 1071 necesse
2820 1017 3085 1073 haberent
3109 1059 3125 1084 ,
3166 1018 3530 1077 insinuantur.
3577 1023 3677 1080 llic

2086 1105 2250 1161 etiam
2276 1107 2603 1163 humilitatis
2644 1109 2981 1178 exetnplum,
3006 1111 3149 1179 quod
3177 1111 3385 1184 Moyses
3411 1131 3536 1170 cum
3564 1132 3676 1186 quo

2087 1196 2231 1252 Deus
2275 1197 2619 1267 loquebatur,
2666 1215 2770 1255 non
2816 1199 3077 1255 Iastidivit
3123 1218 3299 1273 neque
3348 1208 3676 1278 contempsit

2086 1290 2400 1362 alienigena:
2447 1293 2622 1348 soceri
2661 1292 2744 1347 sui
2775 1294 3102 1349 consilium:
3136 1310 3445 1365 quanquam
3471 1304 3527 1351 et
3561 1297 3677 1367 ipse

2084 1380 2273 1437 Jethro
2299 1398 2422 1437 cum
2457 1383 2696 1441 lsraelita
2728 1400 2837 1440 non
2877 1384 3069 1440 fuisset
3090 1426 3105 1449 ,
3143 1393 3324 1441 utrum
3359 1387 3500 1442 inter
3526 1388 3675 1444 viros

2086 1473 2254 1528 Deum
2285 1489 2470 1529 verum
2494 1474 2736 1531 colentes
2751 1515 2766 1541 ,
2789 1476 3146 1547 religioseque
3164 1477 3436 1547 sapientes
3457 1478 3677 1534 haben-

2085 1562 2186 1618 dus
2224 1565 2318 1628 sit,
2346 1564 2800 1633 quemadmodum
2843 1574 2900 1621 et
2928 1563 3056 1631 Job,
3076 1581 3206 1621 uim
3228 1580 3300 1620 ex
3328 1566 3446 1635 ipso
3469 1568 3676 1636 populo

2085 1668 2192 1708 non
2216 1654 2412 1710 fuisset
2429 1697 2444 1721 ,
2466 1655 2671 1712 merito
2706 1657 2990 1725 quaeritur.
3017 1656 3129 1711 isne
3155 1656 3467 1713 credibilius
3506 1658 3675 1714 habe-

2088 1754 2195 1800 tur.
2228 1745 2492 1816 Ambigue
2531 1746 2728 1816 quippe
2758 1746 2933 1816 posita
2962 1757 3087 1802 sunt
3112 1748 3280 1803 uerba
3309 1765 3325 1802 :
3362 1747 3450 1805 vel
3484 1756 3671 1804 ntrmn

2087 1835 2475 1890 sacriﬁcaverit
2512 1835 2621 1891 Deo
2649 1850 2781 1892 vero
2807 1838 2860 1891 in
2894 1836 3090 1907 populo
3116 1836 3251 1906 ejus,
3296 1839 3514 1907 quando
3536 1838 3672 1894 vidit

2080 1942 2338 1998 generum
2386 1944 2578 1995 suum;
2636 1930 2721 1985 vel
2788 1937 2971 1985 utrum
3019 1945 3143 1984 cum
3188 1931 3498 1985 adomverit
3554 1932 3673 2001 ipse

2083 2017 2314 2089 Moyses,
2345 2035 2652 2090 quanquam
2679 2019 2749 2075 de
2779 2021 3115 2084 adoratione,
3139 2021 3303 2075 e‘iam
3329 2022 3378 2075 si
3410 2036 3672 2091 expresse

2082 2112 2317 2180 positum
2356 2123 2530 2177 esset,
2576 2114 2749 2169 honor
2794 2113 3069 2169 videretur
3105 2130 3296 2170 socero
3332 2115 3573 2170 redditus
3600 2132 3669 2171 eo

2083 2204 2260 2266 modo,
2287 2218 2394 2275 quo
2433 2204 2572 2259 solet
2596 2204 2904 2261 hominibus
2920 2205 3359 2261 honoriﬁcentia:
3380 2219 3544 2260 causa
3571 2220 3668 2260 es-

2084 2295 2257 2350 hiberi
2291 2313 2304 2348 :
2339 2311 2369 2350 a
2404 2295 2670 2366 patribus,
2702 2297 2843 2352 sicut
2867 2297 2936 2351 de
2962 2295 3234 2351 Abraham
3264 2296 3523 2367 scriptum
3557 2305 3667 2361 est,

2080 2384 2224 2454 quod
2248 2385 2545 2439 adoraeerit
2574 2385 2714 2455 ﬁlios
2739 2384 2876 2441 Πειῆ
2898 2383 3054 2457 (Gen.
3088 2385 3281 2458 xxv").
3304 2386 3458 2453 Quos
3483 2394 3665 2440 autem

2079 2476 2225 2531 dicat
2246 2486 2547 2548 grammato
2568 2477 2817 2548 isagogas
2841 2485 2964 2549 post
2987 2478 3332 2543 decuriones,
3366 2494 3472 2535 non
3503 2478 3666 2540 facile

2079 2568 2207 2623 sciri
2234 2576 2436 2638 potest,
2461 2569 2719 2638 quoniam
2748 2569 2851 2625 hoc
2884 2584 3080 2626 nomen
3113 2571 3166 2625 in
3203 2570 3352 2624 nullo
3376 2585 3474 2625 usu
3499 2570 3665 2626 habe—

2080 2673 2200 2712 mus
2230 2657 2312 2712 vel
2347 2655 2644 2713 ciliciorum
2678 2656 2761 2712 vel
2785 2659 3248 2730 magisteriorutu;
3282 2674 3408 2714 nam
3438 2659 3662 2730 quidam

2078 2750 2330 2806 doctores
2372 2750 2711 2822 interpretati
2737 2761 2882 2819 sunt,
2922 2760 2986 2807 ut
3026 2753 3392 2823 intelligantur
3417 2752 3661 2822 magistri

2078 2843 2405 2909 litterarum,
2436 2845 2526 2914 qui
2564 2844 2915 2900 int-reducunt
2940 2845 2991 2899 in
3023 2844 3415 2908 litteras,-sicut
3444 2854 3665 2900 resonat

2078 2936 2328 2992 Gnaeum
2402 2937 2739 2993 vocabulum.
2800 2937 2909 2995 lllic
2961 2952 3096 2993 sane
3140 2937 3479 3008 signiﬁcatur
3533 2945 3664 2992 ante

2077 3031 2249 3101 legem
2272 3032 2496 3095 datam,
2525 3031 2667 3101 quod
2696 3030 2984 3085 habuerint
3016 3028 3234 3085 θεὼτωί
3265 3029 3471 3084 litteras
3491 3069 3506 3093 ,
3541 3044 3663 3098 qua:
3770 3036 3787 3041 ’

2077 3138 2108 3177 a
2134 3137 2243 3193 quo
2267 3122 2534 3193 cmperint
2561 3136 2682 3178 esse
2704 3160 2723 3189 ,
2759 3120 2946 3177 nescio
2959 3129 3152 3175 utrum
3189 3120 3365 3175 valeat
3392 3120 3659 3190 indagari.

2080 3210 2197 3269 Non
2241 3213 2404 3269 nullis
2433 3214 2579 3269 enim
2631 3214 2865 3278 videtur,
2905 3226 2935 3266 a
2983 3212 3172 3283 primis
3210 3211 3524 3267 hominibus
3565 3226 3666 3266 eas

2077 3306 2307 3377 coepisse
2346 3316 2400 3361 et
2422 3306 2714 3376 perductas
2740 3320 2861 3361 esse
2883 3305 2951 3360 ad
2976 3303 3108 3370 Noe,
3136 3312 3299 3374 atque
3327 3303 3453 3358 inde
3477 3303 3544 3358 ad
3567 3318 3665 3372 pa-

2074 3407 2258 3454 rentes
2284 3398 2531 3461 Abrahae,
2551 3409 2605 3454 et
2634 3399 2759 3453 inde
2791 3398 2857 3453 ad
2888 3396 3141 3469 populum
3157 3396 3347 3452 lsrael.
3390 3394 3497 3451 Sed
3517 3396 3663 3450 anule

2074 3496 2177 3552 hoc
2202 3495 2421 3566 probari
2448 3495 2640 3566 possit,
2664 3494 2872 3566 ignoro.
2896 3492 3005 3564 (Ea:
3029 3489 3283 3563 Isidoro.)
3307 3490 3421 3546 Hoc
3451 3505 3664 3561 magna

2072 3586 2445 3642 admirationis
2473 3595 2581 3655 est,
2610 3595 2669 3641 ut
2698 3586 2957 3650 diximus,
2985 3581 3128 3655 quod
3165 3582 3376 3655 Moyses
3396 3582 3661 3651 propheta

2071 3678 2183 3735 Deo
2217 3677 2431 3750 plenus,
2458 3678 2551 3749 qui
2582 3693 2703 3732 cum
2738 3677 2964 3731 Domino
2978 3675 3127 3730 facie
3152 3675 3220 3729 ad
3243 3674 3439 3729 faciem
3468 3672 3659 3742 loque-

2068 3772 2250 3835 batur,
2280 3770 2348 3825 ab
2370 3769 2591 3825 homine
2618 3767 2803 3839 gentili
2835 3766 3124 3823 consilium
3156 3766 3386 3836 accepit,
3413 3773 3471 3819 ut
3507 3764 3660 3821 Iace-

2070 3873 2154 3918 ret
2193 3864 2375 3917 omnia
2414 3878 2768 3933 quaecumque
2800 3862 3006 3917 diceret
3032 3859 3122 3915 ille
3151 3877 3164 3914 :
3197 3858 3303 3913 nisi
3332 3868 3391 3912 ut
3426 3857 3658 3912 formam

2071 3955 2392 4011 humilitatis
2439 3953 2760 4025 populorum
2796 3951 3132 4023 principibus
3162 3950 3337 4014 daret,
3381 3957 3439 4004 et
3487 3948 3659 4003 futuri

2069 4044 2397 4099 sacramenti
2422 4044 2737 4115 designaret
2758 4042 3075 4113 imaginem.
3101 4039 3320 4096 Sciebat
3341 4041 3485 4095 enim
3505 4041 3656 4095 futu~

2072 4151 2191 4191 rum
2215 4135 2538 4206 quandoque
2559 4134 2702 4205 quod
2721 4133 2976 4204 populum
3000 4148 3065 4187 ex
3089 4131 3338 4204 gentibus
3360 4146 3659 4202 congrega-

2071 4242 2206 4296 tum,
2221 4247 2286 4288 ea
2301 4247 2420 4301 quae
2439 4232 2491 4285 in
2514 4231 2630 4303 lege
2655 4232 2900 4294 deerant,
2925 4245 2991 4284 eo
3013 4235 3332 4300 suggerente
3354 4226 3659 4297 coniplean-

2071 4334 2189 4391 tur;
2222 4326 2530 4394 bonumque
2558 4332 2613 4379 et
2646 4321 2981 4394 spiritualem
3021 4320 3347 4376 intellectum
3376 4360 3391 4384 ,
3434 4317 3660 4373 all'crret

2070 4418 2138 4474 ad
2168 4419 2339 4486 legem
2368 4415 2491 4480 Dei;
2522 4421 2579 4469 ct
2605 4413 2813 4470 sciebat
2831 4413 2956 4483 quia
2982 4411 3193 4466 audirct
3212 4409 3460 4464 eumdem
3484 4424 3657 4480 popu-

376 4498 699 4593 sustentare;
721 4498 783 4581 ἐι
810 4529 985 4581 omnis
1006 4527 1088 4580 hic
1113 4498 1337 4597 populus
1365 4498 1654 4580 revertetur
1685 4498 1804 4581 cum
1829 4544 1958 4597 pace

2082 4527 2170 4565 um
2200 4510 2309 4574 lex,
2336 4517 2392 4563 et
2426 4506 2631 4562 faceret
2657 4505 2838 4561 omnia
2865 4515 3199 4573 quascunque
3228 4502 3465 4565 diceret;
3496 4498 3657 4570 legis-

375 4618 447 4671 (τά
491 4618 608 4673 loco
649 4634 768 4672 sua.
816 4616 967 4684 Quod
995 4631 1128 4671 vero
1171 4616 1415 4685 adiungit
1439 4623 1498 4669 et
1538 4615 1702 4677 dicit,
1743 4624 1864 4670 esto
1910 4624 1965 4670 tu

373 4710 572 4780 populo
614 4709 672 4763 in
718 4708 809 4763 his
847 4724 966 4778 quae
995 4707 1064 4762 ad
1098 4706 1267 4761 Deum
1292 4746 1306 4770 ,
1348 4714 1404 4760 et
1445 4704 1649 4760 referes
1683 4705 1846 4760 verba
1875 4719 1967 4760 eu-

378 4817 499 4855 rum
538 4800 605 4855 ad
659 4799 851 4864 Deum,
903 4809 958 4852 et
1005 4797 1293 4853 testabcris
1340 4795 1414 4850 illi
1469 4804 1738 4865 praecepta
1778 4796 1872 4850 Dei
1911 4804 1967 4851 et

376 4894 552 4966 legem
574 4892 713 4962 ejus,
752 4902 817 4949 ct
838 4890 1238 4949 demonstrabis
1276 4886 1381 4944 illis
1402 4889 1517 4944 vias
1538 4889 1591 4942 in
1614 4889 1813 4959 quibus
1848 4904 1963 4943 am.

374 4985 634 5040 bulabunt
676 4985 731 5039 in
779 4984 899 5048 eis,
950 4992 1007 5039 et
1045 4998 1209 5054 opera
1257 4997 1379 5053 qua:
1430 4980 1660 5039 faciant.
1698 4996 1822 5035 cum
1871 4996 1965 5051 po-

373 5078 500 5149 pulo
543 5077 798 5133 universo
848 5077 973 5131 haec
1016 5075 1222 5146 agenda
1268 5090 1390 5129 esse
1433 5073 1787 5129 demonstrat.
1843 5070 1959 5127 Non

370 5168 517 5225 enim
541 5154 1056 5237 ait—uniuscuiusque
1083 5167 1245 5221 verba
1284 5164 1491 5219 referre
1528 5164 1594 5217 ad
1629 5165 1794 5218 Deum
1816 5204 1832 5227 ,
1867 5165 1963 5219 sed

372 5262 539 5321 verba
555 5275 744 5318 eorum
770 5278 784 5313 :
807 5275 930 5315 cum
953 5274 1115 5330 supra
1136 5259 1362 5314 dixisset
1388 5272 1402 5311 :
1431 5256 1565 5312 Esto
1599 5267 1656 5310 tu
1692 5257 1884 5328 populo
1906 5260 1960 5312 in

368 5355 453 5410 liis
470 5370 588 5427 quae
606 5352 686 5408 ad
702 5350 871 5406 Deum
900 5361 1040 5406 sunt.
1064 5351 1195 5406 Post
1212 5351 1338 5405 haec
1366 5350 1642 5411 admonet,
1677 5365 1742 5404 ne
1767 5350 1953 5421 singu-

370 5445 779 5517 lorum-negotia
808 5460 934 5515 quas
949 5444 1092 5499 inter
1114 5459 1173 5498 se
1197 5443 1427 5506 habent,
1447 5441 1804 5496 deserantur:
1840 5442 1954 5497 ele-

370 5537 474 5593 ctis
519 5538 768 5595 videlicet
818 5535 1131 5607 [nitentibus
1166 5534 1345 5598 viris,
1401 5533 1572 5587 Deum
1627 5531 1952 5598 colentibus,

367 5624 550 5694 histis,
579 5640 637 5684 et
674 5630 773 5699 qui
802 5628 1018 5684 oderint
1044 5625 1351 5695 superbiam
1385 5637 1398 5677 :
1432 5637 1570 5693 quos
1597 5622 1956 5678 constitueret

372 5730 534 5784 super
570 5719 852 5783 millenos;
901 5719 1045 5773 alios
1082 5732 1244 5788 super
1290 5724 1572 5779 centenos;
1610 5713 1745 5769 alios
1793 5729 1955 5793 super

2069 4617 2175 4672 que
2196 4600 2481 4656 diminutio
2504 4606 2824 4671 suggerente
2844 4594 3135 4662 Evangelio
3159 4592 3542 4664 compleretur.

2689 4730 2915 4787 CAPUT
2957 4731 3021 4783 Χ.

2067 4829 2144 4882 De
2197 4828 2424 4882 adventu
2475 4825 2709 4898 ﬁliorum
2748 4822 2918 4898 Israel
2956 4822 3024 4874 ad
3064 4828 3291 4875 montem
3331 4816 3517 4876 Sinni.
3546 4817 3650 4898 ubi

2136 4899 2405 4953 mandavit
2450 4891 2646 4966 popqu
2684 4909 2777 4962 per
2814 4891 3055 4963 Moysen,
3085 4901 3138 4945 ut
3177 4897 3343 4944 essent
3382 4891 3556 4958 parati
3594 4891 3649 4940 in

2137 4970 2273 5023 diem
2301 4968 2531 5022 tertium.

2139 5060 2315 5115 Mense
2345 5059 2498 5113 tertio
2530 5055 2843 5127 egressionis
2872 5051 3043 5108 Israel
3068 5052 3133 5106 de
3157 5061 3298 5105 terra
3328 5046 3568 5119 ﬁggpti,
3591 5045 3649 5099 in

2064 5159 2150 5207 die
2182 5153 2305 5215 hac,
2336 5158 2580 5204 uenerunt
2609 5147 2667 5199 in
2694 5144 3030 5199 solitudinem
3053 5142 3227 5197 Sinni.
3259 5139 3397 5193 Nam
3423 5137 3645 5207 profecti

2061 5246 2127 5299 de
2148 5226 2429 5312 Ilaplaidim
2448 5281 2463 5305 ,
2478 5250 2525 5294 et
2552 5238 2898 5310 peruenientes
2920 5252 3081 5306 usque
3102 5235 3155 5287 in
3178 5232 3438 5286 desertum
3468 5227 3643 5291 Sinni,

2061 5345 2236 5390 castra
2275 5333 2457 5387 metati
2486 5341 2607 5386 sunt
2633 5331 2687 5385 in
2710 5329 2890 5384 eodem
2931 5325 3080 5388 loco;
3117 5324 3289 5394 ibique
3328 5316 3498 5375 Israel
3522 5316 3642 5387 ﬁxit

2062 5426 2285 5481 tentorio
2310 5441 2338 5479 e
2371 5423 2581 5495 regione
2617 5422 2831 5476 montis.
2876 5417 2928 5470 ιι
2935 5433 3082 5488 oyses
3110 5424 3285 5469 autem
3311 5411 3546 5467 ascendit
3571 5410 3642 5462 ad

2059 5519 2226 5574 Deum
2246 5516 2545 5587 uocauitque
2564 5530 2683 5569 eum
2704 5513 2958 5567 Dominus
2981 5509 3045 5562 de
3070 5518 3244 5563 monte
3273 5516 3320 5561 et
3345 5504 3420 5558 ait
3455 5518 3474 5557 :
3507 5499 3641 5555 Iliae

2057 5614 2198 5667 dices
2227 5611 2410 5666 domui
2437 5607 2630 5673 Iacob,
2658 5615 2706 5662 et
2749 5601 3090 5659 annuntiabis
3134 5599 3259 5671 filiis
3307 5593 3499 5660 Israel,
3524 5602 3636 5648 etc.

2059 5707 2255 5771 (Ifa'ml.
2289 5704 2423 5769 κη).
2452 5700 2561 5769 (Ea:
2587 5695 2841 5759 Isidoro.)
2888 5692 3127 5751 Accessit
3168 5692 3348 5757 itaque
3377 5699 3496 5759 post
3519 5685 3641 5738 iure
