4052 6184
405 339 475 393 89
1414 342 1913 405 CORNENTABIA
1942 345 2019 400 ἰΝ
2052 346 2370 407 Εἰωυυ.
2404 380 2478 391 -
2518 350 2645 406 LIB.
2682 352 2745 408 11.
3598 360 3685 415 ’90

406 457 637 527 populus
662 456 1079 528 quadragesima
1110 456 1336 527 septima
1358 457 1445 513 die
1468 458 1798 529 egressionis
1818 458 1988 515 lsracl
2016 470 2064 528 Α
2094 476 2290 519 sensus
2317 462 2618 532 spiritualis
2645 465 3069 522 demonstratur.
3104 467 3281 525 Omne
3302 469 3424 527 iere
3446 480 3505 526 et
3538 471 3670 529 inei-

404 565 473 602 ex
502 545 743 618 [Egypto
771 546 838 601 ad
860 554 1108 603 montem
1141 545 1269 601 Sina
1296 562 1312 611 ;
1350 546 1534 616 ibique
1565 547 1775 620 Moyses
1801 564 1995 606 ascen-
2097 552 2223 607 dum
2251 554 2320 607 ad
2347 552 2532 609 ﬁdeles
2563 556 2836 623 pertinet:
2864 558 3043 613 omnis
3068 565 3248 614 unum
3272 569 3420 616 tem
3438 571 3500 617 et
3528 573 3677 622 teste-

403 639 484 695 dit
505 639 572 693 ad
598 638 795 703 Deum,
825 646 880 693 et
919 636 1180 692 Dominus
1203 637 1270 692 ad
1295 652 1420 693 eum
1443 640 1741 695 descendit.
1780 641 1837 696 Si
1862 643 1991 711 quid
2086 644 2348 711 brosltas,
2376 645 2443 701 ad
2468 646 2717 702 inﬁdeles
2732 651 3046 705 terrendos.
3076 651 3208 706 ideo
3237 662 3416 707 autem
3439 654 3677 713 leuem

398 738 488 785 est
526 728 817 785 moraliter
860 728 1004 796 quod
1045 727 1258 799 Moyses
1293 728 1349 783 in
1378 738 1621 785 montem
1650 733 1901 788 ascendit
1934 744 1991 787 et
2092 741 2300 791 terrore
2327 737 2508 803 datur,
2541 745 2599 793 ut
2624 738 2857 809 populus
2884 742 3116 797 carnalis
3139 744 3306 798 Deum
3335 745 3678 813 sanctumst

399 820 661 875 Dominus
707 820 759 874 in
802 826 1042 873 montem
1084 819 1401 875 descendit?
1428 818 1582 875 Mons
1608 822 1827 892 quippe,
1868 824 1991 878 alti-

398 911 528 966 tudo
555 909 1027 980 contemplationis
1048 918 1246 967 nostrze
1268 918 1352 966 cst
1367 952 1382 976 ,
1410 910 1462 964 in
1485 926 1591 981 qua
1614 913 1985 979 ascendimus;

396 1010 459 1056 ut
491 1000 560 1055 ad
585 1016 651 1056 ea
688 1016 810 1070 qua:
835 999 977 1055 ultra
1022 1000 1394 1055 inﬁrmitatem
1422 1011 1665 1058 nostram
1702 1011 1869 1068 sunt,
1903 1004 1987 1059 in-

395 1093 593 1148 tuenda
619 1092 982 1147 sublevemur.
1013 1090 1120 1146 Sed
1146 1092 1200 1165 in
1228 1093 1372 1147 hunc
1400 1091 1659 1147 Dominus
1677 1093 1982 1158 descendit,

389 1185 519 1254 quia
549 1185 750 1240 sanctis
786 1183 973 1239 multis
998 1183 1406 1254 proﬁcientibus
1450 1201 1643 1254 parum
1677 1187 1745 1242 de
1781 1202 1842 1242 se
1882 1188 1983 1241 ali-

387 1274 522 1343 quid
548 1289 736 1330 eorum
765 1273 1018 1330 sensibus
1046 1274 1239 1344 aperit.

2090 823 2263 895 legem
2289 826 2410 896 ejus
2437 843 2560 882 cum
2584 832 2887 885 reverentia
2914 844 3283 889 conservaret.

2163 913 2443 971 Nuntiavit
2478 934 2603 987 ergo
2638 917 2849 988 Moyses
2870 920 3031 975 verba
3053 922 3234 993 populi
3263 925 3334 978 ad
3362 925 3674 993 Mnum,

2082 1009 2177 1079 qui
2195 1010 2328 1063 dixit
2354 1010 2402 1063 ei
2431 1024 2450 1063 :
2482 1009 2635 1064 Vade
2659 1012 2729 1065 ad
2748 1011 3004 1082 populum
3032 1024 3079 1067 et
3108 1015 3381 1083 sanctiﬁca
3400 1030 3494 1070 eos
3520 1015 3676 1072 hodie

2082 1109 2135 1152 et
2173 1116 2325 1164 cras;
2362 1090 2647 1171 levemque
2691 1103 2996 1157 aestimata
3029 1121 3150 1169 sua,
3192 1117 3241 1159 et
3277 1109 3380 1161 sint
3416 1110 3591 1177 parati
3617 1110 3673 1164 in

2083 1189 2223 1243 diem
2264 1191 2495 1244 tertium.
2547 1191 2645 1245 Die
2692 1193 2833 1245 enim
2871 1193 3055 1256 tertio,
3092 1194 3369 1249 descendet
3416 1196 3672 1253 Dominus

2083 1296 2261 1334 coram
2291 1282 2434 1335 enini
2452 1281 2606 1351 plebe
2639 1299 2797 1352 super
2830 1294 3058 1337 montem
3092 1284 3268 1340 Sinni.
3301 1285 3418 1341 ﬂae
3451 1288 3669 1357 quidem

475 1363 574 1420 Vos
601 1367 700 1436 ipsi
722 1365 926 1421 vidistis
965 1380 1083 1436 quae
1123 1365 1337 1435 fecerim
1366 1366 1636 1437 AE‘gyptiis
1670 1383 1690 1421 :
1721 1368 1981 1438 quomodo
2078 1372 2169 1427 die
2214 1372 2485 1441 reperitur
2548 1372 2667 1426 dari
2724 1374 2853 1436 lex,
2902 1388 3023 1443 quae
3088 1375 3141 1429 in
3192 1377 3394 1433 tabulis
3440 1377 3669 1448 lapideis

382 1456 700 1523 portaverint
726 1472 818 1510 vos
847 1471 1006 1526 super
1028 1454 1145 1511 ales
1172 1453 1494 1525 aquilarum,
1525 1465 1575 1510 et
1603 1459 1978 1526 assumpserim
2077 1463 2278 1533 scripta
2326 1472 2410 1518 est
2453 1464 2625 1534 digito
2652 1464 2752 1519 Dei
2783 1483 2798 1517 :
2834 1465 2977 1520 sicut
3015 1468 3403 1536 consequentia
3450 1469 3664 1523 docent.

382 1545 534 1599 mihi.
581 1545 711 1607 Alas
751 1545 1079 1615 aquilarum,
1134 1545 1413 1603 doctrinas
1460 1546 1686 1617 mystice
1746 1547 1980 1617 appellat
2074 1556 2205 1611 Dies
2233 1565 2413 1610 autem
2462 1557 2565 1611 iste
2618 1558 2811 1613 tertius
2840 1567 3066 1628 apparet
3121 1560 3271 1614 tertii
3313 1576 3435 1616 esse
3464 1563 3668 1616 mensis

380 1639 611 1694 duorum
641 1638 1129 1694 Testamentorum.
1159 1637 1306 1694 Bene
1335 1653 1465 1710 ergo
1495 1637 1776 1709 Scriptura
1812 1654 1970 1694 sacra
2074 1648 2144 1702 ab
2168 1648 2319 1703 exitu
2347 1663 2415 1703 es
2447 1647 2706 1719 Algypto.
2752 1648 2831 1705 Ex
2866 1649 2955 1705 die
2986 1662 3118 1720 ergo
3140 1665 3254 1722 quo
3279 1652 3481 1721 pascha
3525 1653 3667 1707 fece—

380 1730 576 1798 pennis
624 1728 926 1799 aquilarum
971 1729 1327 1795 assimilatur,
1363 1744 1484 1799 quin
1532 1744 1630 1785 nos
1665 1731 1736 1784 ah
1773 1730 1975 1786 inﬁmis
2077 1745 2223 1801 runt,
2256 1736 2310 1791 id
2337 1745 2440 1802 est,
2473 1753 2673 1808 agnum
2717 1738 3136 1795 immolaverunt
3175 1750 3232 1797 et
3281 1743 3529 1806 ederunt,
3568 1744 3662 1812 qui

377 1823 493 1878 suis
514 1822 987 1879 eth‘tationibus
1013 1821 1247 1884 elevant,
1280 1830 1335 1877 et
1368 1821 1483 1877 suis
1503 1820 1968 1877 consolationibus
1997 1821 2043 1881 Β
2073 1828 2175 1882 fuit
2206 1835 2438 1898 quartus
2468 1829 2712 1911 decimus
2745 1829 2909 1900 primi
2937 1832 3168 1897 mensis,
3196 1846 3369 1903 usque
3394 1834 3460 1887 ad
3498 1834 3661 1887 istum

377 1922 617 1982 portant,
646 1914 871 1984 suisque
896 1913 1238 1969 documentis
1266 1928 1481 1983 semper
1503 1913 1571 1968 ad
1598 1913 1767 1968 ardua
1804 1928 1969 1983 opera

377 2006 638 2058 virtutum
656 2044 670 2066 ,
697 2013 753 2058 et
788 2004 855 2059 ad
880 2003 1375 2073 omlestiaprznmia
1405 2010 1720 2073 provocant.
1762 2002 1820 2058 Si
1846 2020 1969 2074 ergo

375 2093 654 2147 audieritis
678 2109 849 2147 vocem
868 2109 1068 2157 meam,
1083 2102 1131 2147 et
1160 2092 1514 2148 custodieritis
1534 2102 1747 2164 pactum
1769 2108 1965 2158 meum,

372 2184 520 2239 eritis
566 2184 696 2238 mihi
739 2184 794 2238 in
842 2183 1104 2255 peculium
1133 2185 1198 2239 de
1229 2186 1429 2239 cunctis
1452 2186 1680 2256 populis.
1726 2186 1848 2240 Mea
1886 2196 1966 2241 est

372 2273 509 2327 enim
537 2282 679 2327 terra
708 2275 908 2338 omnis;
951 2284 1002 2327 et
1039 2290 1127 2329 vos
1170 2276 1317 2329 eritis
1345 2276 1474 2330 mihi
1512 2293 1728 2347 regnum
1762 2288 1807 2331 et
1842 2294 1967 2349 gens

371 2375 576 2418 saneta.
616 2364 736 2420 line
766 2365 942 2422 laudis
992 2368 1363 2422 testimonium
1413 2372 1686 2439 quondam
1731 2372 1960 2441 antiquo

375 2452 468 2507 Dei
516 2454 728 2523 .populo
766 2470 871 2524 per
919 2454 1141 2526 Moysen
1192 2457 1380 2512 datum
1435 2467 1538 2523 est,
1580 2461 1725 2529 quod
1771 2470 1963 2531 postea

371 2555 521 2599 recte
567 2546 817 2615 gentibus
860 2546 953 2601 dat
999 2548 1276 2616 apostolus
1324 2549 1520 2604 Petrus
1572 2550 1806 2605 dicens:
1850 2550 1967 2607 ‘Vos

368 2647 545 2691 autem
570 2654 732 2707 genus
767 2636 1008 2704 electum,
1039 2640 1210 2711 regale
1245 2641 1641 2696 sacerdotium:
1670 2659 1795 2713 gens
1834 2661 1962 2699 san-

367 2735 477 2790 cta,
503 2724 729 2795 populus
758 2726 1119 2797 acquisitionis
1144 2727 1196 2799 (1
1248 2728 1388 2783 Petr.
1427 2730 1513 2801 ﬂ),
1558 2732 1685 2800 quia
1712 2732 1766 2786 in
1802 2732 1959 2788 Citri-

368 2823 511 2873 stum
536 2815 789 2872 videlicet
812 2817 1163 2872 crediderunt
1184 2819 1278 2888 qui
1308 2819 1459 2875 velut
1490 2819 1628 2891 lapis
1659 2822 1957 2893 augularis,

368 2907 421 2960 in
446 2921 569 2962 eam
592 2923 781 2977 quam
796 2909 851 2963 in
878 2924 937 2964 se
964 2908 1139 2964 .lst'ael
1164 2911 1441 2967 lhabuerat
1460 2913 1702 2969 salutem
1724 2955 1740 2978 ,
1770 2924 1958 2986 gentes

364 3000 645 3055 aduenerit.
687 3000 834 3068 Quas
860 3016 1030 3072 genus
1052 3003 1284 3057 electum
1309 3011 1469 3059 vocat
1482 3012 1718 3075 propter
1745 3006 1905 3060 ﬁdem
1939 3023 1952 3060 :

361 3099 422 3144 ut
451 3089 747 3161 distinguat
770 3091 844 3153 ab
868 3093 1065 3161 eisqui
1104 3092 1336 3163 lapidem
1374 3094 1554 3149 vivum
1591 3096 1954 3166 reprobando,

362 3181 493 3237 facti
506 3192 635 3236 sunt
648 3182 748 3251 ipsi
762 3182 999 3252 reprobi.
1017 3182 1222 3253 Regale
1233 3193 1413 3239 autem
1425 3185 1810 3251 sacerdotium,
1828 3186 1953 3256 quia
1983 3176 2027 3239 C

361 3273 508 3328 illius
545 3274 762 3344 corpori
775 3283 916 3329 sunt
941 3274 1101 3339 uniti,
1126 3276 1222 3346 qui
1238 3290 1610 3332 rexsumnms
1626 3286 1686 3332 et
1704 3278 1956 3333 sacerdos

357 3373 445 3422 est
458 3378 641 3432 verus,
656 3381 877 3436 meum
894 3366 1266 3422 SlllS‘WlbuBnS
1282 3375 1339 3421 ut
1350 3383 1450 3423 rex
1466 3377 1521 3422 et
1534 3368 1957 3439 ut-pontifex,eo-

362 3472 481 3512 rum
513 3465 798 3526 peccatum
824 3457 1408 3529 suisanguinis'hostia
1433 3460 1720 3514 mundans.
1753 3459 1955 3531 Regale

359 3550 1111 3614 sacerdotiumeosonomiuat,
1137 3559 1195 3605 ut
1213 3559 1272 3605 et
1288 3566 1522 3621 regnum
1545 3567 1604 3606 se
1627 3568 1757 3621 para
1767 3568 1823 3607 re
1835 3568 1957 3624 per-

361 3650 578 3711 petuum
591 3643 866 3697 etlhostias
882 3642 1240 3697 immaculata:
1249 3644 1676 3699 conversationis
1694 3644 1804 3700 Deo
1818 3661 1961 3700 scm-

360 3744 462 3798 per
478 3729 675 3785 oll‘erre
694 3731 1077 3785 meminerint.
1093 3730 1239 3787 Gens
1260 3747 1477 3803 quoque
1496 3742 1683 3788 sancta
1704 3743 1759 3788 et
1782 3749 1952 3804 popu-

357 3820 441 3873 lus
476 3820 855 3889 acquisitionis
882 3830 1166 3886 vocantur,
1197 3822 1352 3893 juxta
1396 3823 1449 3877 id
1490 3825 1638 3893 quod
1674 3825 1951 3894 apostolus

358 3910 558 3967 Paulus
578 3914 854 3983 propheta!
878 3928 1156 3983 exponens
1183 3913 1509 3968 sententiam
1546 3913 1775 3969 dicentis
1808 3933 1821 3967 :
1849 3914 1955 3979 .l-u-V

359 4013 474 4056 stus
496 4014 671 4058 autem
700 4020 846 4057 meus
879 4020 945 4058 ea:
980 4003 1085 4073 ﬁde
1110 4005 1227 4058 civit
1251 4003 1435 4075 (Abac.
1467 4002 1551 4074 ιι).
1577 4004 1729 4072 Quod
1755 4007 1799 4061 si
1824 4008 1951 4061 sub-

359 4095 589 4149 traxerit
630 4109 717 4160 se,
741 4110 853 4149 non
897 4095 1133 4164 placebit
1172 4096 1367 4150 animae
1405 4111 1559 4151 meae.
1613 4095 1721 4152 Nos
1765 4107 1947 4153 autem

357 4200 465 4240 non
494 4200 703 4251 sumus,
726 4184 923 4252 inquit,
949 4186 1333 4241 subtractionis
1357 4185 1449 4240 lilii
1476 4187 1529 4241 in
1553 4187 1941 4257 perditionem:

356 4277 452 4331 sed
499 4276 638 4340 ﬁdei,
676 4276 731 4330 in
781 4276 1197 4346 acquisitionem
1245 4277 1460 4331 animae.
1516 4277 1583 4331 Et
1631 4278 1685 4332 in
1723 4276 1949 4334 Actibus

354 4365 757 4435 Apostolorum.
799 4364 926 4429 Vos,
963 4367 1076 4429 ait,
1105 4366 1332 4436 Spiritus
1383 4378 1595 4421 sanctus
1625 4369 1797 4439 posuit
1839 4372 1947 4439 epi-

352 4473 537 4526 scopos
589 4472 765 4526 regere
814 4454 1106 4512 Ecclesium
1160 4459 1406 4524 Domini,
1460 4476 1622 4530 quam
1671 4460 1941 4530 acquisivit

353 4548 610 4615 sanguine
653 4564 746 4601 sua
779 4549 915 4618 (Act.
960 4549 1074 4618 xx).
1120 4548 1355 4618 Populus
1394 4564 1524 4619 ergo
1567 4550 1942 4618 acquisitionis
1970 4533 2020 4592 D

355 4636 483 4691 lacti
518 4653 706 4692 sumus
753 4638 807 4692 in
846 4639 1109 4709 sanguine
1148 4639 1316 4693 nostri
1343 4638 1721 4708 Redemptoris
1755 4658 1767 4693 :
1797 4639 1939 4709 quol

351 4739 473 4783 erat
518 4731 790 4801 quondam
838 4732 1069 4804 populus
1120 4731 1284 4786 Israel
1324 4731 1632 4801 redemptus
1682 4734 1941 4801 sanguine

352 4820 480 4889 agni
507 4821 572 4875 de
598 4820 853 4892 Egypto.

440 4927 586 4984 Venit
616 4929 844 5001 Moyses,
873 4940 918 4985 et
945 4932 1240 4985 convocatis
1264 4930 1552 5001 majoribus
1582 4942 1708 4987 natu
1736 4930 1938 5001 populi,

349 5022 591 5090 exposuit
630 5038 806 5077 omnes
831 5038 1094 5076 sermones
1115 5038 1243 5093 quos
1283 5021 1621 5075 mandaverat
1659 5021 1939 5077 Dominus.

349 5112 742 5184 liesponditque
788 5114 1062 5167 universus
1091 5111 1314 5183 populus
1340 5110 1541 5166 simul:
1582 5110 1783 5166 Cuncta
1822 5128 1940 5183 qua:

350 5204 561 5259 locutus
601 5216 676 5260 est
720 5205 979 5260 Dominus
1005 5247 1021 5272 ,
1081 5205 1357 5276 faciemus.
1408 5203 1640 5275 Cumque
1684 5204 1939 5259 retulisset

350 5294 563 5365 Moyses
603 5296 754 5350 verba
781 5296 961 5369 populi
1001 5296 1070 5351 ad
1110 5296 1415 5360 Dominum,
1448 5295 1520 5348 ait
1555 5295 1603 5349 ei
1639 5294 1893 5351 Dominus
1917 5309 1935 5346 :

347 5386 474 5440 Jnm
514 5403 656 5440 nunc
688 5389 891 5441 veniam
919 5385 989 5440 ad
1026 5395 1076 5440 te
1108 5388 1162 5440 in
1200 5385 1422 5454 caligine
1455 5385 1628 5445 nubis,
1661 5393 1715 5436 ut
1751 5382 1935 5436 audiat

350 5493 433 5529 nte
462 5478 686 5546 populus
712 5477 1003 5548 loquentem
1030 5478 1098 5531 ad
1132 5487 1199 5539 tc,
1230 5488 1278 5531 et
1315 5475 1493 5530 credat
1533 5473 1626 5527 tibi
1668 5474 1723 5527 in
1750 5488 1933 5542 perpe-

350 5576 523 5621 tuum.
555 5567 662 5623 Per
690 5569 974 5640 caliginem
1003 5578 1059 5624 et
1097 5584 1257 5624 omne
1296 5564 1555 5637 quidquid
1589 5564 1934 5618 tenebrosum

352 5662 406 5715 in
438 5661 666 5717 decessu
716 5662 809 5717 Dei
858 5671 997 5725 erat,
1055 5663 1234 5717 littera
1279 5660 1412 5730 legis
1450 5656 1794 5728 designatur;
1838 5669 1937 5723 per

350 5764 592 5808 montem
629 5769 756 5808 vero
784 5763 838 5810 et
862 5770 1023 5810 omne
1048 5752 1307 5824 quidquid
1338 5750 1411 5806 ibi
1446 5745 1780 5820 splendidum
1808 5744 1933 5809 fuit,

2073 1933 2181 1989 quo
2192 1920 2286 1975 lex
2308 1919 2489 1984 datur,
2507 1921 2624 1975 dies
2646 1922 3038 1993 quinquaginta
3055 1932 3412 1979 numerantur
3430 1938 3445 1978 :
3471 1923 3659 1979 decem

2070 2019 2126 2065 et
2148 2018 2357 2081 septem
2381 2011 2591 2067 scilicet
2619 2012 2780 2081 primi
2811 2014 3014 2069 mensis
3041 2031 3055 2069 :
3084 2015 3274 2087 reliqui
3306 2017 3376 2071 ab
3406 2016 3523 2085 ipso
3544 2033 3658 2081 xlv,

2069 2103 2265 2159 deinde
2284 2119 2479 2161 omnes
2504 2122 2610 2161 xxx
2638 2108 2864 2163 secundi
2906 2110 3110 2165 mensis
3128 2151 3142 2176 ,
3192 2112 3281 2181 qui
3322 2111 3459 2166 ﬁunt
3488 2128 3655 2167 κινεῖ.

2068 2194 2138 2249 Et
2160 2195 2359 2250 tertius
2378 2196 2533 2251 tertii
2564 2199 2791 2263 mensis,
2822 2199 2913 2269 qui
2946 2209 3033 2254 est
3065 2216 3093 2253 a
3123 2201 3466 2257 solemnitate
3490 2204 3655 2259 occisi

2069 2285 2190 2356 agni
2218 2286 2725 2357 quinquagesimus.
2766 2290 2846 2343 Ac
2870 2305 2968 2360 per
2993 2290 3095 2345 hoc
3124 2290 3176 2345 in
3198 2292 3307 2345 ista
3344 2294 3531 2348 umbra
3564 2294 3654 2347 fu-

2068 2377 2176 2431 turi
2206 2379 2503 2433 seeunduin
2540 2380 2664 2451 agni
2696 2381 3029 2437 immaculati
3070 2383 3212 2438 diem
3243 2383 3438 2439 festum
3462 2388 3657 2449 ,‘sicnt

2065 2469 2516 2539 quinquagesimo
2544 2473 2632 2528 die
2671 2473 2755 2529 lex
2797 2475 2922 2530 data
2949 2484 3054 2540 est,
3089 2492 3211 2546 quae
3234 2480 3539 2549 conscripta
3571 2487 3655 2535 est

2064 2557 2234 2628 digito
2262 2558 2379 2626 Dei,
2410 2561 2482 2615 ita
2510 2563 2625 2633 ipsa
2647 2564 2878 2621 veritate
2903 2564 3036 2621 Novi
3063 2566 3420 2633 Testamcnli,
3443 2589 3471 2623 u
3506 2569 3654 2626 festi-

2062 2649 2230 2705 vitate
2273 2652 2397 2723 agni
2442 2653 2775 2709 imtnaculati
2822 2655 3023 2711 Christi
3066 2657 3229 2720 Jesu,
3262 2661 3653 2731 quinquaginta

2061 2741 2178 2798 dies
2212 2757 2608 2800 numerantur:
2654 2755 2714 2802 ut
2750 2746 2986 2818 Spiritus
3016 2760 3237 2807 sanctus
3271 2753 3339 2807 de
3360 2753 3654 2812 altissimis

2062 2833 2223 2888 datus
2250 2843 2353 2888 est.
2370 2835 2611 2906 Digitum
2639 2845 2818 2891 autem
2846 2838 2938 2893 Dei
2962 2854 3084 2894 esse
3110 2840 3373 2909 Spiritum
3403 2854 3651 2899 sanetum

2060 2938 2222 2993 supra
2239 2921 2354 2991 jam
2382 2925 2619 2982 diximus
2646 2935 2786 2982 teste
2811 2929 3120 2997 Evangelia.
3156 2931 3309 2998 Quod
3340 2941 3520 2989 autem
3549 2934 3650 2988 Do-

2061 3015 2241 3070 minus
2272 3017 2529 3086 prtecepit
2552 3017 2754 3088 Moysi,
2793 3028 2851 3072 ut
2880 3020 3132 3090 populum
3157 3022 3461 3078 sanctilicct
3489 3024 3648 3079 hodie

2059 3114 2273 3170 etcras,
2304 3115 2469 3177 utque
2504 3108 2606 3179 ipsi
2636 3108 2818 3165 lavent
2849 3112 3165 3166 vestimenta
3192 3129 3307 3172 sua,
3338 3124 3391 3168 ct
3421 3115 3529 3168 sint
3553 3132 3645 3185 pa-

2061 3200 2163 3254 rati
2190 3199 2243 3254 in
2274 3201 2417 3257 diem
2464 3203 2699 3268 tertium,
2730 3205 2958 3276 mystice
2986 3204 3258 3275 signiﬁcat
3297 3205 3438 3277 quod
3468 3209 3647 3264 «nimis

2060 3290 2155 3359 qui
2183 3289 2251 3344 ad
2280 3301 2627 3361 conspectum
2673 3292 2768 3348 Dei
2808 3295 3094 3362 pervenire
3124 3295 3415 3361 desiderat,
3444 3297 3647 3352 satumti-
3703 3306 3716 3319 ’

2061 3380 2228 3437 ﬁcare
2256 3396 2314 3438 se
2341 3382 2523 3448 debet,
2560 3383 2615 3437 id
2641 3390 2744 3448 est,
2783 3399 2916 3439 sana
2949 3385 3051 3439 ﬁde
3082 3396 3139 3440 et
3168 3384 3330 3455 digna
3358 3402 3646 3442 conversa.

2059 3473 2205 3528 tione
2238 3489 2584 3545 praeparare;
2623 3483 2681 3530 et
2725 3477 3045 3531 vestimenta
3073 3493 3169 3532 sua
3198 3477 3380 3533 lavare
3402 3519 3417 3542 .
3459 3479 3510 3533 id
3537 3488 3639 3541 est,

2055 3578 2220 3633 opera
2250 3580 2346 3619 sua
2378 3566 2673 3631 mundare;
2716 3566 2771 3620 in
2805 3568 3056 3636 pnusenti
3098 3567 3348 3626 videlicet
3381 3579 3436 3625 et
3468 3570 3520 3624 in
3561 3569 3644 3623 lu-

2059 3663 2181 3709 turo
2211 3662 2474 3725 tempore,
2504 3657 2648 3724 quod
2678 3656 2946 3726 signiﬁcat
2974 3658 3269 3715 hodiernus
3294 3669 3349 3714 et
3375 3660 3492 3716 dies
3519 3676 3641 3715 cra-

2056 3745 2231 3801 stinus
2274 3764 2287 3800 :
2334 3754 2600 3816 quatenus
2626 3749 2695 3803 ad
2737 3747 2962 3819 gloriam
3005 3752 3418 3808 resurrectionis
3445 3760 3497 3806 et
3543 3752 3642 3806 im-

2055 3835 2404 3892 mortalitatis
2433 3838 2727 3894 Dominica:
2762 3839 3075 3911 pertingere
3131 3843 3319 3913 possit.
3358 3840 3471 3897 Hoc
3513 3855 3649 3910 quo-

2053 3946 2158 4002 que
2185 3931 2427 3987 insinuat
2452 3917 2567 3987 dies
2595 3933 2820 4011 tertips,
2853 3934 2979 4003 quia
3017 3933 3267 3991 Christus
3301 3935 3389 3991 die
3414 3934 3571 3990 tertia
3608 3947 3639 3987 a

2054 4022 2284 4077 mortuis
2309 4026 2627 4079 resurrexit.
2646 4022 3045 4098 Constitucsque
3062 4028 3310 4082 terminos
3334 4025 3526 4097 popqu
3546 4040 3647 4096 per

2053 4114 2329 4168 circuitum
2358 4123 2406 4168 et
2433 4114 2575 4169 dices
2601 4128 2619 4166 :
2648 4114 2838 4170 Cavete
2873 4134 2936 4172 ne
2971 4120 3268 4174 ascendatis
3304 4120 3359 4172 in
3388 4128 3647 4179 montem,

2051 4221 2144 4258 nec
2173 4205 2402 4276 tangatis
2428 4205 2561 4274 ﬁnes
2592 4205 2759 4260 illius.
2791 4205 2975 4263 Omnis
3008 4210 3097 4280 qui
3126 4209 3351 4279 tetigerit
3385 4219 3635 4272 montem,

2051 4304 2216 4348 morte
2238 4295 2512 4348 morietur.
2541 4294 2731 4349 Manus
2746 4312 2848 4350 non
2871 4306 3045 4367 tanget
3074 4297 3342 4351 eum:sed
3371 4294 3639 4367 lapidibus

2050 4385 2401 4455 opprimetur,
2446 4393 2540 4438 aut
2580 4385 2912 4455 confodietur
2930 4386 3131 4455 jaculis
3159 4399 3178 4438 .'
3207 4386 3313 4441 sive
3331 4386 3633 4457 jumentum

2050 4476 2348 4545 fuerit,sive
2362 4475 2537 4539 homo,
2559 4493 2663 4529 non
2689 4478 2836 4530 vivet.
2862 4477 3000 4545 Quid
3014 4487 3098 4534 est
3122 4479 3265 4548 quod
3286 4478 3460 4550 legem
3480 4478 3639 4537 datu-

2048 4582 2139 4621 rus
2163 4567 2440 4630 Dominus,
2461 4566 2511 4620 in
2530 4567 2654 4637 igne
2668 4565 2923 4638 fumoque
2945 4568 3241 4633 descendit,
3260 4569 3363 4625 nisi
3386 4570 3513 4639 quia
3537 4571 3640 4626 hu—

2044 4660 2199 4714 miles
2224 4674 2322 4730 per
2341 4659 2642 4715 claritatem
2662 4678 2775 4717 suae
2797 4664 3126 4719 ostensionis
3154 4664 3441 4729 illuminat,
3468 4674 3525 4721 et
3545 4682 3637 4722 su-

2040 4751 2330 4819 perborum
2344 4749 2531 4804 oculos
2543 4764 2641 4820 per
2649 4751 2936 4823 caliginem
2948 4753 3159 4808 erroris
3168 4752 3428 4808 obscth
3441 4755 3464 4807 ?
3476 4753 3638 4811 Prius

2040 4854 2171 4912 ergo
2203 4856 2355 4895 mens
2391 4842 2459 4896 ab
2489 4843 2728 4911 appetitu
2766 4842 2950 4914 gloria:
2983 4844 3330 4913 temporalis,
3368 4853 3533 4913 atque
3565 4845 3636 4901 ab

2042 4932 2188 4985 omni
2230 4932 2464 4988 carnalis
2505 4935 2962 5003 concupiscentia:
2986 4935 3344 4991 delectatione
3375 4937 3632 5005 tergenda

2041 5029 2154 5087 est;
2178 5030 2232 5076 et
2255 5030 2382 5077 tunc
2403 5022 2473 5077 ad
2492 5023 2664 5077 aciem
2686 5025 3161 5095 contemplationis
3181 5027 3458 5098 erigenda.
3476 5026 3634 5083 Unde

2041 5119 2234 5166 etcum
2257 5112 2340 5168 lex
2364 5113 2647 5183 accipitur,
2663 5115 2896 5184 populus
2923 5132 2953 5170 a
2980 5125 3163 5172 monte
3184 5117 3541 5188 prohibetur;
3569 5128 3629 5173 ut

2040 5201 2291 5256 videlicet
2314 5203 2405 5272 qui
2428 5202 2659 5259 inﬁrmis
2681 5204 2858 5259 adhuc
2883 5204 3155 5261 mentibus
3179 5214 3394 5262 terrena
3415 5207 3629 5261 deside-

2042 5301 2184 5357 rant,
2215 5294 2557 5349 considerare
2596 5294 2846 5351 sublimia
2884 5312 2995 5351 non
3041 5305 3393 5366 praesumant.
3439 5295 3539 5352 Ubi
3571 5304 3633 5349 et

2043 5391 2190 5438 recte
2209 5384 2409 5439 dicitur
2435 5400 2449 5439 :
2473 5386 2531 5440 Si
2562 5385 2728 5441 bestia
2749 5389 2971 5459 tetigerit
2988 5399 3217 5444 montem
3238 5430 3254 5457 ,
3276 5387 3623 5460 lapidabitur.

2040 5472 2221 5528 Bestia
2252 5470 2464 5529 etenim’
2485 5486 2725 5532 montem
2758 5479 2959 5549 tangit,
2990 5494 3122 5535 cum
3150 5493 3305 5533 mens
3333 5478 3624 5531 irrationao

2040 5564 2241 5621 bilibus
2265 5565 2548 5624 desideriis
2570 5568 2810 5636 subdita,
2836 5571 2909 5625 ad
2935 5568 3409 5637 contemplationis
3431 5566 3541 5629 alta
3565 5583 3637 5625 se

2040 5654 2217 5725 erigit.
2239 5653 2345 5710 Sed
2360 5655 2628 5727 lapidibus
2641 5661 2962 5730 percutitur,
2981 5659 3107 5728 quia
3135 5672 3347 5713 summa
3375 5672 3627 5714 nonsusr

2041 5749 2235 5814 tinens,
2272 5750 2403 5821 ipsis
2436 5754 2655 5824 superni
2704 5754 2961 5826 ponderis
3005 5752 3200 5807 ictibus
3239 5762 3485 5808 necatur.
3522 5749 3628 5819 uti
