3992 6182
428 339 486 392 ill
1073 340 1132 395 Β.
1173 342 1425 398 llAilANl
1468 342 1685 399 MAURI
1724 342 2046 398 ARCHIEP.
2091 344 2399 402 MOGUNT.
2437 348 2717 405 OPERUM
2760 350 2936 403 PARS
2974 350 3010 405 Ι.
3595 353 3664 407 9:!

427 469 558 524 ergo
603 453 813 510 culmen
875 454 1275 523 apprchendere
1320 455 1676 523 perfectionis
1718 456 1990 518 nituntur,
2022 458 2069 514 Α
2096 458 2277 520 stolos,
2308 468 2361 513 et
2390 464 2479 528 qui
2511 476 2630 514 cum
2661 461 2740 514 eis
2775 470 2949 515 erant.
2984 462 3040 515 in
3078 463 3373 518 centesimo
3402 466 3663 533 vigesimo

427 543 896 614 contemplationis
929 558 1108 597 arcem
1148 552 1330 599 tenere
1362 545 1671 599 desiderant
1693 585 1707 610 ,
1743 545 1893 614 prius
1935 560 1994 598 se

429 636 486 691 in
523 647 716 702 campo
738 632 915 702 operis
938 645 1036 702 per
1070 633 1384 687 exercitium
1412 634 1659 703 probent,
1686 641 1745 686 ut
1769 634 1994 688 sollicite

428 722 623 786 sciant,
651 721 701 775 si
730 720 873 774 nulla
896 719 1011 789 jam
1038 720 1180 775 mala
1205 722 1466 791 proximis
1487 724 1757 790 irrogant;
1794 722 1837 776 si
1864 723 1996 775 suba-

429 811 665 879 irrogata
691 823 722 862 a
766 808 1055 878 proximis,
1083 810 1455 878 aequanimiter
1480 819 1728 880 portant;
1769 811 1814 865 si
1844 809 1993 877 obje-

428 902 533 956 ctis
565 901 718 957 bonis
758 901 1154 970 temporalibus,
1195 916 1532 971 nequaquam
1561 917 1655 957 eos
1684 902 1863 956 laetitia
1890 901 1997 955 sol-

430 995 538 1061 vit;
571 995 615 1049 si
637 995 952 1057 subtractis,
998 1009 1103 1047 non
1127 994 1294 1047 nimio
1317 1008 1549 1049 mterore
1575 994 1906 1058 sanciantur,
1932 1009 1998 1048 ac

430 1084 622 1139 deinde
645 1083 980 1153 perpendant
1001 1122 1016 1145 ,
1047 1083 1093 1136 si
1123 1098 1243 1137 cum
1271 1083 1337 1136 ad
1375 1084 1696 1153 semetipsos
1733 1085 1997 1139 introrsus

431 1172 673 1233 redeunt,
724 1171 778 1224 in
810 1185 876 1225 eo
918 1171 1060 1239 quod
1108 1171 1407 1238 spiritualia
1449 1172 1734 1236 rimantur,
1790 1186 1995 1240 nequa-

428 1277 592 1331 quam
634 1277 815 1317 secum
865 1276 1046 1316 rerum
1074 1262 1434 1330 corporalium
1481 1264 1702 1316 umbras
1730 1265 1950 1317 trahunt
1980 1281 1994 1318 :

429 1352 513 1406 vel
540 1353 767 1408 fortasse
788 1360 1009 1417 tractas,
1035 1368 1194 1406 manu
1221 1353 1562 1407 discretionis
1584 1354 1823 1424 abigunt,
1850 1354 1897 1409 si
1919 1354 2000 1408 in-

429 1442 898 1511 circumscriptnm
954 1442 1131 1496 lumen
1179 1442 1363 1498 videre
1411 1443 1691 1512 cupientes
1716 1483 1731 1507 ,
1780 1452 1999 1498 cunctas

429 1531 943 1601 circumscriptionis
970 1546 1080 1584 sua:
1100 1531 1364 1601 imagines
1396 1532 1740 1601 deprimunt:
1773 1541 1828 1587 et
1857 1534 1909 1588 in
1935 1547 2000 1588 eo

430 1624 572 1691 quod
611 1638 771 1693 super
818 1637 878 1678 se
923 1624 1235 1693 contingere
1276 1633 1572 1695 appetunt,
1607 1627 1830 1682 vincunt
1859 1628 2000 1697 quod

431 1720 574 1768 sunt.

501 1800 632 1857 Cum
663 1804 867 1872 eruperit
907 1802 1146 1874 clangere
1180 1802 1428 1870 buccina,
1468 1816 1591 1861 tunc
1628 1808 1910 1862 ascendant
1945 1809 1999 1862 in

431 1902 676 1946 montem.
710 1892 848 1958 Quid
893 1894 1145 1962 estquod
1187 1894 1340 1964 prius
1377 1890 1627 1966 prohibet
1652 1899 1904 1968 populum
1934 1913 2001 1953 ne

429 1981 687 2036 ascendat
717 1982 769 2036 in
800 1991 1055 2048 montem,
1106 1999 1207 2039 nec
1248 1993 1435 2057 tangat
1464 1987 1600 2043 ﬁnes
1622 1988 1781 2049 illius.
1827 1991 2001 2044 mina-

429 2077 625 2140 turque
638 2073 1126 2140 transgressoribus
1138 2084 1388 2141 mortem,
1406 2091 1551 2131 nunc
1576 2085 1757 2132 autem
1770 2076 1925 2146 jubet
1943 2087 2002 2134 ut

362 2188 376 2211 ι
427 2161 645 2229 quando
676 2162 903 2231 ceperit
928 2162 1177 2232 clangere
1199 2165 1445 2227 buccina,
1472 2174 1600 2222 tunc
1624 2168 1917 2223 ascendant
1945 2169 1999 2224 in

428 2257 666 2304 montem
696 2266 709 2302 :
736 2248 841 2304 nisi
867 2250 1010 2318 quod
1030 2249 1322 2306 humanam
1345 2254 1625 2310 audaciam
1654 2270 2001 2325 compescens

428 2337 732 2406 prcmit,,et
762 2337 831 2390 ad
859 2338 1219 2394 obediendum
1265 2342 1461 2397 diviute
1480 2342 1733 2411 jussioni,
1764 2354 1998 2401 mentem

427 2425 620 2496 erigit?
661 2425 739 2479 Ad
774 2426 1006 2481 sonitum
1034 2442 1163 2498 ergo
1201 2430 1441 2485 buccina:
1474 2434 1765 2488 ascendere
1791 2443 2003 2502 oportet

430 2516 483 2569 in
516 2524 784 2579 montem,
837 2516 964 2585 quia
997 2516 1066 2570 ad
1107 2532 1273 2572 sacra:
1300 2520 1695 2588 praedicationis
1724 2538 1910 2578 vocem
1943 2539 2002 2579 se

428 2604 640 2675 erigere
662 2604 820 2659 debet
838 2606 906 2659 ad
932 2620 1187 2676 superna,
1204 2623 1357 2663 mens
1384 2610 1708 2665 auditorum.
1724 2612 1834 2667 Nec
1857 2614 2001 2668 enim

434 2695 741 2749 inordinate
775 2694 843 2748 ad
862 2694 1331 2764 investigationem
1353 2710 1817 2756 sacramentorum
1838 2703 2003 2759 caele-

429 2781 592 2835 stium
634 2782 846 2836 animus
883 2783 1126 2851 pertinax
1167 2800 1225 2839 se
1260 2785 1551 2842 immittere
1580 2788 1758 2854 debet,
1788 2790 1990 2845 irratio-

430 2870 592 2924 nabili
634 2878 780 2925 motu
810 2873 1246 2941 praesumptionis
1296 2889 1409 2928 suae
1438 2875 1761 2945 instigatus;
1804 2878 1899 2931 sed
1933 2878 2002 2932 ad

426 2962 763 3016 vocationem
796 2961 1032 3016 divinam
1068 2972 1346 3032 promptus
1369 2979 1434 3019 ac
1471 2966 1696 3019 devotus
1722 2966 1998 3035 subsequi,

426 3069 534 3122 quo
572 3062 827 3123 provocat
853 3054 1083 3125 gratiam
1111 3053 1402 3125 largitoris.

497 3142 727 3212 Cumque
779 3142 1035 3196 locassent
1094 3144 1390 3197 vestimenta
1438 3162 1575 3210 sua,
1630 3145 1703 3198 ait
1751 3146 1821 3200 ad
1866 3165 1951 3201 eos
1981 3163 1999 3201 :
2028 3121 2073 3183 δ

358 3287 367 3297 α
428 3228 609 3282 Estote
650 3231 825 3299 parati
868 3231 923 3283 in
957 3230 1102 3303 diem
1148 3232 1397 3298 tertium,
1450 3251 1540 3287 nec
1581 3237 2001 3308 appropinquatis

430 3319 681 3373 uxoribus
727 3321 927 3374 vestris.
962 3319 1101 3386 Quid
1130 3330 1213 3375 cst
1237 3323 1377 3391 quod
1402 3332 1523 3393 post
1550 3325 1872 3380 lavationem
1911 3343 2003 3383 vc-

426 3410 804 3464 stimcntorum
855 3411 1103 3479 prohibet
1145 3427 1420 3468 accessum
1473 3430 1740 3482 uxorum,
1794 3417 1897 3471 nisi
1943 3428 2004 3473 ut

426 3498 681 3553 ostendat
721 3500 876 3555 nobis
903 3541 917 3565 ,
954 3517 1059 3554 non
1091 3500 1335 3557 sufﬁcere
1379 3501 1444 3557 ad
1482 3504 1731 3560 virtutem
1762 3515 2003 3563 contem-

427 3590 703 3661 plationis,
750 3591 1151 3648 mundationem
1182 3609 1404 3666 Opernm
1433 3613 1533 3667 per
1565 3599 1900 3669 paenitentia:
1926 3600 2004 3654 la-

427 3690 667 3734 niculum
691 3723 706 3747 ,
739 3681 856 3737 sine
881 3683 1128 3738 castitate
1154 3692 1261 3739 tam
1291 3702 1574 3756 corporum
1602 3730 1617 3755 ,
1648 3705 1808 3760 quam
1836 3692 2001 3747 etiam

428 3770 762 3825 animarum?
806 3770 1032 3841 Oportet
1076 3789 1206 3845 ergo
1253 3785 1310 3829 ut
1352 3779 1670 3835 mandemus
1713 3790 1865 3837 actus
1906 3797 2003 3836 no-

427 3865 569 3911 stros
595 3860 900 3928 praeteritos
921 3876 1018 3930 per
1047 3865 1513 3931 compunctionem
1543 3865 1921 3937 lacrymarum,
1947 3879 2003 3924 et

426 3949 715 4017 puritatem
753 3951 1017 4020 integram
1063 3967 1347 4008 servemus
1390 3957 1830 4024 praecordiorum,
1874 3960 2000 4029 quia

428 4040 587 4094 aliter
617 4057 720 4095 non
757 4040 1055 4095 sufﬁcimus
1090 4043 1156 4096 ad
1185 4045 1687 4114 contemplationem
1712 4048 1825 4109 Dei,
1859 4058 1912 4102 et
1934 4049 2000 4103 ad

427 4129 825 4199 perceptionem
853 4146 992 4184 vera:
1017 4131 1312 4200 sapientiaz.
1346 4129 1482 4188 liinc
1508 4134 1620 4204 ipsa
1644 4133 1857 4191 Veritas
1886 4137 1958 4190 ait
1984 4155 1995 4190 :

429 4221 577 4274 lleati
624 4222 818 4276 mundo
860 4221 1046 4285 corde,
1092 4223 1342 4293 quoniam
1392 4225 1492 4295 ipsi
1538 4225 1703 4280 Deum
1757 4228 1999 4282 ridebunt

430 4310 643 4377 (.lfatth.
677 4313 752 4380 v).
784 4313 852 4368 Et
894 4313 946 4368 in
980 4310 1267 4369 Salomone
1295 4315 1554 4387 scriptum
1597 4328 1679 4373 est
1710 4337 1723 4372 :
1768 4319 1999 4389 Spiritus

427 4411 637 4455 sanctus
661 4403 949 4473 disciplima
970 4406 1178 4476 effugiet
1210 4405 1412 4474 fictum,
1438 4417 1486 4461 et
1520 4408 1574 4462 in
1611 4412 1839 4465 animum
1882 4427 1997 4465 ma-

427 4488 648 4542 levolam
680 4507 781 4544 non
810 4493 1040 4547 introibit
1064 4495 1321 4563 sapientia
1347 4496 1498 4566 (Sap.
1532 4499 1591 4568 ι).

1036 4603 1262 4661 CAPUT
1301 4607 1387 4660 XI.

430 4708 505 4763 De
526 4726 585 4762 eo
610 4710 750 4784 quod
779 4711 864 4765 die
891 4713 1333 4784 tertiogcwperant
1372 4717 1547 4770 audiri
1592 4720 1846 4784 tonitrua,
1894 4724 1993 4775 mi-

497 4796 553 4871 fa
564 4795 616 4830 re
634 4779 870 4871 fulgurq,
898 4790 945 4832 et
978 4779 1360 4863 nubes'operire
1389 4796 1610 4839 montem
1635 4828 1651 4850 ,
1679 4779 1991 4871 clangorque

498 4846 737 4923 buccinai
772 4850 1116 4923 vehementius
1169 4846 1484 4923 perstrepere
1510 4896 1524 4920 ,
1569 4846 1687 4911 cum
1730 4846 1987 4914 Dominus

496 4917 843 4971 descendisset
877 4921 940 4972 de
974 4930 1167 4982 monte.

493 5025 618 5081 lam
653 5029 932 5083 advenerat
977 5030 1087 5085 dies
1112 5033 1294 5087 tertius
1318 5043 1364 5087 et
1391 5049 1544 5090 inane
1566 5037 1919 5107 inclaruerat;
1947 5051 1993 5095 et

425 5128 685 5189 eruperunt
709 5119 885 5173 audiri
912 5122 1166 5187 tonitrua,
1195 5138 1256 5177 ac
1283 5124 1475 5177 micare
1498 5126 1732 5196 fulgura,
1759 5140 1805 5184 et
1834 5134 1993 5187 nubes

426 5209 733 5264 densissima
763 5214 962 5280 operire
988 5224 1209 5268 montem
1242 5231 1261 5269 :
1285 5214 1597 5286 clangorque
1640 5221 1868 5276 buccina:
1914 5242 1993 5279 ve-

425 5299 712 5354 hementius
722 5303 1068 5372 perstrepebat
1083 5304 1276 5375 (Emod.
1296 5306 1426 5378 xix).
1446 5308 1553 5379 (Ea:
1564 5307 1815 5383 Isidoro.)
1832 5315 1993 5382 Quin-

424 5390 734 5460 quagesima
761 5391 846 5445 die
868 5401 986 5461 post
1001 5404 1177 5448 actum
1201 5399 1419 5465 pascha,
1439 5399 1562 5453 data
1584 5411 1667 5455 est
1685 5400 1766 5456 lex
1793 5404 1988 5475 Moysi;

427 5477 499 5530 ita
539 5485 595 5531 et
643 5479 1084 5551 quinquagesimo
1133 5482 1217 5537 die
1262 5494 1381 5552 post
1408 5486 1710 5556 passionem
1758 5490 1989 5561 Domini,

426 5576 586 5632 quam
617 5569 812 5635 pascha
846 5568 972 5624 illud
1019 5571 1416 5641 prteﬁgurabat,
1463 5577 1617 5633 datus
1641 5589 1723 5634 est
1758 5580 1989 5652 Spiritus

425 5663 644 5709 sanctus
671 5660 963 5726 promissus
990 5662 1289 5730 paracletus
1316 5666 1643 5722 tlt‘s‘t‘t'tt-it‘ns
1684 5688 1842 5741 super
1865 5689 1986 5741 apd

2097 547 2341 604 Mosaica:
2367 551 2541 604 :etatis
2572 567 2796 606 numero
2835 553 3142 607 constitutis
3170 565 3226 608 et
3252 555 3437 610 divisis
3465 556 3662 626 linguis

2094 639 2447 703 credentium,
2489 649 2629 694 lotus
2660 642 2974 712 Evangelica
3013 645 3396 711 przedicatione
3430 649 3661 702 mundus

2094 727 2345 798 impletus
2372 742 2473 784 est.
2509 732 2715 785 Dicitur
2762 734 2867 787 illic
2899 733 3093 803 scripta
3134 735 3216 789 lex
3249 737 3412 805 digito
3459 735 3579 799 Dei,
3608 749 3663 792 et

2095 817 2353 874 Dominus
2382 822 2509 875 dicit
2542 824 2606 876 de
2637 822 2839 892 Spiritu
2873 836 3062 879 sancto
3094 844 3106 879 :
3140 826 3204 879 In
3237 827 3399 896 digito
3430 828 3525 881 Dei
3560 831 3659 900 ejio

2093 906 2174 959 cio
2200 908 2457 962 da'monia
2484 909 2633 981 (Luc.
2662 913 2761 981 XI).
2800 913 3008 982 Aspicit
3034 915 3158 968 illuc
3189 926 3412 972 cunctus
3436 920 3665 988 populus

2096 1009 2255 1050 voces
2294 1005 2349 1049 et
2392 997 2665 1067 lampades
2694 1011 3037 1071 montemque
3068 1003 3392 1071 fumantem,
3427 1011 3662 1064 toaitrua

2094 1092 2149 1139 et
2194 1086 2425 1155 fulgura,
2475 1088 2889 1160 clangoremque
2944 1093 3184 1147 buccina:
3210 1104 3660 1166 perstrepentem.
3740 1086 3743 1091 ’

2094 1174 2152 1228 1η
2178 1175 2400 1229 vocibus
2426 1192 2656 1246 namque
2696 1189 2752 1233 et
2778 1182 3059 1244 tonitrnis,
3091 1185 3294 1239 clamor
3328 1188 3667 1255 praedicatio-

2097 1278 2222 1316 num
2274 1264 2618 1335 intelligitur;
2649 1268 2701 1321 in
2732 1268 3089 1339 lampadibus,
3125 1273 3338 1328 claritas
3375 1278 3667 1331 miraculo-

2096 1367 2245 1417 rum;
2288 1353 2341 1407 in
2384 1356 2561 1408 sonitu
2600 1358 2839 1411 buccina:
2865 1399 2881 1423 ,
2919 1363 3234 1429 prmdicatio
3263 1364 3415 1420 fortis
3450 1376 3669 1423 sancto-

2098 1456 2238 1494 rum.
2262 1442 2392 1509 Qnte
2416 1445 2594 1498 omnia
2622 1446 2674 1499 in
2703 1446 2935 1502 adventu
2965 1448 3168 1506 Christi
3199 1461 3253 1506 et
3279 1457 3450 1510 sancti
3493 1455 3671 1527 Spiri-

2099 1538 2184 1585 tus
2236 1535 2497 1603 completa
2528 1546 2683 1601 sunt,
2714 1540 2931 1606 quando
2961 1556 3150 1597 omnes
3186 1543 3425 1613 discipuli
3465 1545 3668 1600 Christi

2101 1621 2155 1675 in
2177 1624 2438 1680 varietate
2476 1627 2775 1698 linguarum
2796 1669 2811 1693 ,
2839 1635 3120 1702 praeceptis
3147 1645 3202 1690 et
3226 1638 3395 1709 signis
3420 1642 3672 1695 intonue-

2101 1723 2245 1767 runt.
2277 1713 2666 1785 Interpretatur
2691 1730 2871 1775 autem
2901 1721 3047 1777 Sinai
3077 1725 3261 1788 rubus,
3294 1731 3435 1795 quod
3462 1731 3671 1799 signiﬁ-

2030 1786 2077 1845 Β
2103 1809 2191 1855 cat
2217 1802 2510 1859 Ecclesiam
2535 1847 2550 1870 ,
2584 1807 2636 1860 in
2669 1824 2773 1877 qua
2819 1818 2873 1862 et
2911 1812 3168 1868 Dominus
3211 1786 3376 1887 Μοέεί
3406 1786 3667 1888 loquitur.

2102 1888 2252 1955 Quod
2284 1901 2461 1946 autem
2495 1894 2664 1964 legem
2697 1899 2921 1953 daturus
2956 1902 3241 1968 Dominus,
3269 1905 3321 1958 in
3348 1907 3468 1977 igne
3498 1908 3672 1961 fumo-

2101 1992 2206 2045 que
2233 1979 2524 2039 descendit.
2570 1986 2671 2038 hoc
2696 1987 2965 2055 signiﬁcat
2992 1991 3117 2059 quia
3159 2002 3210 2047 et
3240 1994 3422 2049 ﬁdeles
3451 1996 3670 2052 claritas

2099 2081 2210 2121 sua:
2248 2072 2572 2126 ostensionis
2620 2075 2925 2141 illuminat,
2964 2089 3019 2133 et
3066 2081 3531 2138 iniiticlcsoculos
3572 2101 3674 2154 per

2100 2154 2307 2211 fumum
2336 2160 2538 2213 erroris
2558 2162 2830 2216 obscurat.
2879 2166 3029 2231 Quod
3057 2183 3185 2222 vero
3209 2171 3422 2222 videtur
3451 2171 3504 2225 in
3537 2175 3669 2227 cali-

2100 2245 2243 2315 gine,
2290 2247 2393 2301 hoc
2422 2249 2686 2318 signiﬁcat
2714 2254 2837 2321 quia
2871 2256 3018 2323 inpii
3049 2259 3138 2326 qui
3186 2265 3396 2313 terrena
3427 2263 3667 2331 sap'nnt,

2100 2333 2381 2404 caliginem
2408 2338 2627 2393 malitia:
2656 2357 2777 2394 eum
2813 2344 3247 2412 descendentem,
3280 2348 3330 2403 id
3359 2358 3460 2413 est,
3492 2353 3543 2404 in
3573 2354 3675 2405 hn-

2100 2426 2324 2482 militate
2366 2440 2696 2495 nascentem,
2729 2449 2831 2487 non
2877 2448 3227 2507 agnoverunt.
3268 2440 3417 2495 Alias
3453 2442 3506 2496 in
3543 2443 3673 2497 cali-

2099 2515 2224 2585 giue
2265 2517 2434 2583 visus,
2475 2518 2645 2591 legem
2693 2522 2861 2588 dedit,
2899 2527 3023 2595 quia
3070 2530 3351 2584 veritatem
3387 2547 3499 2587 sure
3540 2533 3674 2603 legis

2100 2623 2207 2662 non
2239 2611 2505 2666 secuturis
2531 2612 2831 2671 infidelibus
2854 2656 2867 2680 ,
2898 2620 3049 2686 quasi
3076 2635 3173 2689 per
3200 2621 3480 2691 caliginem
3513 2626 3669 2686 dixit,

2101 2704 2161 2751 ut
2187 2698 2427 2754 videntes
2450 2716 2555 2755 non
2583 2703 2817 2758 videant.

2175 2786 2368 2842 Timuit
2394 2792 2614 2861 populus
2639 2795 2728 2863 qui
2753 2804 2864 2849 erat
2893 2797 2948 2850 in
2973 2799 3180 2852 castris.
3207 2799 3437 2870 Cumque
3459 2803 3672 2856 eduxis-

2100 2885 2177 2931 set
2211 2894 2299 2933 eos
2332 2878 2536 2949 Moyses
2559 2882 2614 2936 in
2640 2899 2912 2937 occursum
2958 2885 3056 2940 Dei
3100 2887 3165 2940 de
3205 2887 3318 2942 loco
3357 2900 3664 2956 castrorum,

2102 2977 2354 3023 steterunt
2393 2972 2465 3025 ad
2502 2973 2703 3028 radices
2749 2977 2957 3031 montis.
2997 2979 3197 3034 Intueri
3241 2981 3372 3037 libet
3404 2988 3675 3053 quantole

2103 3071 2261 3112 sacra
2289 3060 2500 3129 eloquia
2530 3062 2583 3117 in
2613 3065 2848 3139 exordiis
2874 3070 3241 3125 narrationum
3271 3074 3559 3143 qualitates
3586 3092 3677 3133 es-

2103 3146 2342 3214 primunt
2379 3153 2741 3224 terminosque
2770 3172 3074 3214 causarum.
3113 3162 3414 3232 Aliquando
3442 3182 3679 3236 namque

2102 3249 2132 3286 a
2168 3237 2433 3305 positione
2463 3240 2584 3309 loci,
2617 3244 2895 3314 aliquandt
2933 3264 2963 3302 a
2991 3251 3260 3320 positione
3284 3257 3545 3325 corporis,
3578 3258 3651 3311 ali

2102 3327 2315 3393 quando
2351 3345 2379 3383 a
2411 3331 2667 3399 qualitate
2695 3336 2862 3402 aeris,
2887 3336 3175 3409 aliquando
3201 3356 3234 3395 a
3253 3342 3510 3411 qualitate
3539 3354 3675 3400 tem-

2102 3415 2247 3483 poris
2291 3417 2504 3488 signant
2548 3422 2677 3491 quid
2716 3424 2783 3480 de
2829 3434 3056 3483 ventura
3107 3431 3319 3486 actione
3363 3433 3674 3501 subjiciunt.

2100 3505 2145 3559 Α
2184 3509 2451 3577 positione
2482 3512 2720 3570 locorum
2750 3517 2929 3574 divina
2959 3520 3235 3590 Scriptura
3260 3526 3511 3595 exprimit
3548 3528 3679 3581 sub-

2101 3600 2444 3665 sequentium
2492 3603 2685 3658 merita
2745 3606 2987 3676 finesque
3031 3625 3323 3666 causarqu
3359 3632 3372 3669 :
3410 3615 3550 3670 sicut
3608 3617 3679 3669 de

2100 3688 2297 3745 lsraele
2326 3691 2456 3746 dicit
2503 3695 2627 3763 quia
2656 3697 2819 3751 verba
2862 3698 2956 3753 Dei
3009 3701 3064 3755 in
3113 3712 3292 3758 monte
3330 3706 3518 3760 audire
3565 3722 3677 3760 non

2100 3780 2307 3848 potuit,
2339 3781 2432 3835 sed
2462 3792 2729 3855 praecepta
2759 3785 2813 3840 in
2850 3791 3243 3857 campestribus
3281 3795 3518 3863 accepit;
3548 3796 3678 3850 sub-

2100 3878 2411 3936 sequentem
2454 3872 2705 3927 nimirum
2752 3876 3119 3934 inﬁrmitatem
3168 3883 3349 3953 populi
3405 3885 3677 3951 indicans,

2100 3962 2224 4027 quia
2240 3962 2528 4015 ascendere
2550 3965 2614 4018 ad
2636 3980 2844 4020 summa
2870 3984 2974 4023 non
2998 3971 3189 4037 valuit,
3209 3975 3301 4029 sed
3322 3978 3674 4046 semetipsum

2100 4051 2154 4103 in
2201 4050 2421 4114 inﬁmis,
2470 4053 2710 4123 neglecte
2760 4058 3008 4125 vivendo,
3053 4061 3272 4118 laxavit.
3312 4065 3356 4118 A
3407 4068 3679 4136 positione

2098 4142 2343 4210 corporis
2367 4140 2543 4196 futura
2575 4144 2876 4213 denuntiat,
2908 4148 3047 4203 sicut
3075 4151 3129 4205 in
3155 4151 3381 4209 Actibus
3405 4159 3679 4226 apostolo-

2099 4244 2218 4282 rum
2248 4229 2571 4297 Stephanus,
2605 4232 2784 4288 Jesum
2814 4254 2845 4290 a
2867 4238 3062 4293 dextris
3095 4243 3297 4297 virtutis
3325 4244 3421 4299 Dei
3448 4255 3677 4302 stantem

2100 4318 2238 4390 (Act.
2297 4322 2392 4389 vn)
2438 4336 2496 4375 se
2534 4322 2730 4378 vidisse
2768 4326 3100 4382 manifestat.
3143 4328 3301 4386 Stare
3336 4333 3535 4403 quippe
3576 4353 3674 4406 pu-

2100 4409 2314 4476 gnantis
2362 4418 2446 4464 est
2482 4411 2561 4465 vel
2588 4412 2847 4481 juvantis.
2898 4415 2965 4470 Et
3011 4428 3157 4473 recte
3201 4428 3345 4474 stare
3393 4423 3669 4485 cernitur,

2100 4499 2191 4568 qni
2234 4501 2285 4554 in
2314 4501 2450 4555 bello
2479 4504 2792 4559 certaminis
2819 4506 3128 4576 opitulatur.
3161 4510 3204 4562 A
3232 4511 3491 4579 qualitate
3525 4514 3673 4568 acris

2100 4604 2188 4643 res
2216 4593 2549 4661 subsequens
2573 4593 2988 4661 demonstratur,
3030 4599 3171 4653 sicut
3200 4601 3522 4669 evangelista
3547 4618 3670 4655 cum

2096 4681 2422 4746 przedicante
2450 4683 2676 4738 Domino
2705 4686 2878 4741 nullos
2914 4696 3038 4742 tunc
3062 4704 3127 4743 ex
3154 4688 3334 4744 Iudaea
3364 4692 3672 4746 credituros

2093 4768 2315 4834 diceret,
2338 4771 2595 4840 prmmisit
2618 4773 2831 4827 dicens:
2855 4774 3035 4829 Hiems
3056 4788 3229 4830 autem
3249 4788 3358 4832 erat
3374 4779 3556 4848 (.louu.
3574 4778 3649 4850 x).

2092 4856 2360 4928 Scriptum
2401 4875 2631 4928 namque
2659 4870 2778 4915 est:
2807 4863 3097 4919 Abundavit
3129 4867 3399 4937 iniquitas,
3436 4867 3654 4937 refrige—

2096 4946 2193 4999 scit
2243 4949 2471 5002 charitas
2512 4949 2795 5004 multorum
2832 4950 3046 5023 (Matth.
3100 4957 3232 5027 xw).
3292 4957 3495 5013 Idcirco
3535 4976 3667 5029 ergo

2098 5036 2291 5091 hiemis
2323 5040 2535 5092 curavit
2564 5049 2770 5109 tempus
2797 5045 3118 5112 exprimere,
3157 5056 3217 5101 ut
3248 5049 3425 5103 inesse
3456 5051 3665 5105 audito—

2098 5142 2215 5180 rum
2237 5128 2491 5183 cordibus
2515 5131 2729 5186 malitiae
2753 5130 2919 5205 frigus
2945 5136 3221 5191 indicaret.
3253 5139 3389 5194 liinc
3414 5152 3498 5194 est
3521 5142 3663 5211 quoi

2096 5227 2357 5288 negatum
2385 5219 2542 5275 Petro
2573 5225 2914 5292 praemittitur
2933 5227 3055 5295 quia
3079 5227 3247 5297 frigus
3273 5241 3408 5295 erat,
3437 5241 3490 5285 ct
3511 5240 3664 5288 stans

2099 5310 2166 5362 ad
2216 5324 2417 5379 prunas
2464 5311 2815 5367 calefaciebat
2860 5331 2937 5368 se.
2985 5313 3102 5369 Jam
3150 5335 3382 5388 namque
3438 5321 3584 5375 intus
3632 5337 3662 5374 a

2096 5399 2380 5453 charitatis
2404 5400 2583 5455 calore
2605 5410 2900 5471 torpuerat,
2930 5414 2986 5458 et
3011 5407 3078 5459 ad
3106 5409 3360 5478 majorem
3384 5412 3667 5480 praesentis

2098 5488 2238 5554 vitm,
2288 5491 2441 5558 quasi
2484 5492 2549 5546 ad
2593 5503 2998 5561 persecuturum
3032 5513 3254 5567 prunas,
3307 5503 3356 5555 in
3408 5501 3665 5556 ﬁrmitate

2093 5587 2351 5634 :estuantc
2382 5583 2663 5637 recalebat.
2696 5585 2737 5638 A
2771 5588 3027 5654 qualitate
3049 5607 3262 5660 quoque
3294 5604 3570 5663 temporis,
3604 5598 3663 5647 ti—

2092 5677 2177 5730 nis
2205 5676 2521 5745 exprimitur
2557 5680 2818 5745 actionis;
2860 5684 2995 5736 sicut
3028 5702 3132 5739 non
3171 5689 3438 5742 rediturus
3474 5690 3539 5741 ad
3570 5705 3669 5742 νυν
