3992 6182
284 371 350 427 93
1298 370 1787 429 COMMENTARlA
1830 373 1895 429 IN
1931 372 2238 449 EXODUM.
2276 404 2349 417 --
2386 376 2512 431 LIB.
2554 375 2619 431 ll.
2922 372 2925 377 ’
3455 384 3523 439 9e

284 485 438 547 niam,
466 491 524 537 et
559 482 629 536 ad
660 491 744 534 tra
765 480 965 535 litionis
993 480 1270 551 perﬁdiam
1300 491 1457 538 nocte
1480 482 1645 538 Judas
1671 485 1847 540 exisse
1874 496 1919 551 Α
1950 485 2023 539 tia
2060 486 2190 541 dicit
2222 504 2237 541 :
2271 486 2376 542 Mel
2414 488 2684 555 inuenisti,
2728 489 2937 546 comede
2968 492 3110 563 quod
3148 493 3346 562 sufﬁcit
3389 496 3525 562 tibi;

280 574 606 643 palnilwtur,
642 587 767 627 cum
796 572 1101 641 egrediente
1130 573 1220 625 illo
1244 575 1313 628 ab
1344 574 1666 644 evangelista
1699 575 1846 629 dica-

281 677 406 728 tur:
447 664 580 717 Erat
612 663 752 717 enim
796 679 901 716 nox
934 661 1111 716 ‘Joan.
1146 663 1288 733 xm).
1325 663 1459 717 llinc
1493 666 1637 717 enim
1677 672 1731 720 et
1751 666 1855 719 ini-

278 772 381 825 quo
404 754 561 808 diviti
587 753 788 807 dicitur
819 767 834 805 :
871 751 987 806 Hoc
1016 762 1165 806 nocte
1185 762 1417 822 repetunt
1439 755 1673 807 animam
1703 765 1851 809 tuam

279 847 363 899 abs
398 857 451 898 te
478 843 636 915 (Luc.
677 844 798 915 xu).
846 843 1037 898 Anima
1083 845 1281 914 quippe
1324 860 1444 914 quae
1489 846 1555 900 ad
1601 848 1854 903 tenebras

276 937 517 999 ducitur,
552 950 661 990 non
690 936 747 989 i‘n
769 936 855 990 die
887 935 1078 1005 repeti,
1110 935 1205 989 sed
1235 935 1288 989 in
1313 945 1469 990 nocte
1497 946 1847 992 memoratur.

278 1025 404 1082 Hinc
440 1035 527 1081 est
560 1027 707 1095 quod
745 1024 1017 1088 Salomon,
1050 1026 1142 1095 qui
1177 1027 1496 1095 sapientiam
1530 1042 1635 1081 non
1667 1042 1852 1097 perse-

277 1123 558 1170 veraturus
579 1115 815 1184 accepit,
846 1114 900 1169 in
920 1115 1126 1169 somnis
1155 1115 1296 1169 hanc
1315 1124 1369 1170 et
1395 1124 1551 1170 nocte
1579 1117 1851 1185 accepisse

273 1204 613 1259 describitur.
650 1203 787 1258 Hine
827 1210 914 1258 est
948 1202 1090 1273 quod
1121 1204 1297 1274 angeli
1335 1203 1401 1258 ad
1426 1203 1702 1258 Abraham
1739 1219 1851 1259 me-

276 1296 404 1348 rid:e
448 1286 718 1359 veniunt;
758 1293 999 1363 punituri
1038 1301 1221 1348 autem
1250 1292 1563 1357 Sodomam,
1617 1294 1686 1348 ad
1729 1307 1847 1348 eam

275 1396 493 1453 vespere
518 1384 736 1440 venisse
761 1391 1153 1438 memorantur.

335 1476 500 1531 Totus
530 1486 711 1531 autem
734 1492 883 1532 mons
911 1475 1064 1532 Sinni
1092 1477 1351 1545 fumabat,
1381 1494 1440 1531 eo
1462 1477 1604 1543 quod
1630 1477 1846 1531 descen-

270 1571 425 1624 disset
455 1569 717 1625 Dominus
753 1586 913 1641 super
935 1588 1054 1626 eum
1090 1573 1148 1625 in
1180 1572 1299 1642 igne
1325 1585 1344 1623 :
1373 1582 1422 1625 et
1457 1573 1757 1627 ascenderet
1798 1586 1848 1631 et

269 1662 442 1730 [unus
477 1676 548 1715 ex
582 1677 645 1718 eo
679 1663 832 1732 quasi
866 1662 933 1717 de
964 1663 1196 1732 fornace.
1230 1663 1464 1735 Eratque
1496 1667 1668 1721 omnis
1695 1683 1845 1722 mons

204 1754 207 1757 λ
267 1752 535 1819 terribilis,
580 1763 633 1808 et
666 1755 869 1808 sonitus
911 1753 1142 1809 buccina:
1191 1754 1445 1825 paulatim
1482 1757 1742 1811 crescebat
1788 1761 1842 1814 in

1960 593 2022 630 ne
2049 576 2183 645 forte
2208 580 2452 645 satiatus,
2474 595 2680 634 evomas
2706 580 2860 647 illud,
2884 592 2933 635 et
2962 583 3197 653 perjures
3222 601 3407 640 nomen
3434 586 3529 642 Dei

1952 666 2031 719 tui
2057 666 2264 737 (Ibid).

2024 757 2353 831 Loeutusque
2389 771 2463 816 est
2507 762 2765 819 Dominus
2802 764 2978 836 Moysi
3014 777 3225 822 cunctos
3268 783 3531 824 sermones

1951 850 2047 904 Itos
2076 864 2093 901 :
2126 850 2238 921 Ego
2261 869 2377 906 sum
2402 852 2657 908 Dominus
2700 855 2842 911 Deus
2873 867 3028 924 tuus,
3058 860 3149 929 qui
3186 859 3347 914 eduxi
3375 871 3425 915 te
3466 861 3530 916 de

1950 947 2092 993 terra
2133 939 2385 1010 Egypti,
2424 942 2489 996 de
2523 943 2680 997 domo
2715 946 2975 1001 servitutis
3021 947 3216 1019 (Exod.
3267 949 3379 1020 xx).
3422 950 3532 1022 [Ex

1953 1027 2233 1103 0rigene.]
2263 1030 2453 1088 Omnis
2486 1034 2576 1103 qui
2629 1035 2762 1090 dicit
2791 1049 2849 1091 se
2896 1046 3245 1093 contemnere
3289 1052 3534 1109 praesens

1950 1119 2390 1190 sarculum,quo:l
2439 1121 2736 1192 ﬁguraliter
2779 1123 3047 1195 Egyptus
3094 1128 3423 1197 appellatur,
3475 1137 3533 1185 et

1949 1209 2281 1277 perverbum
2300 1211 2477 1276 Dei,ut
2493 1214 2786 1267 secundum
2802 1213 3114 1285 Scripturas
3141 1216 3317 1270 dicam
3349 1226 3530 1273 trans-

1950 1298 2090 1355 latus
2110 1308 2213 1366 est,
2244 1310 2299 1356 et
2323 1317 2427 1356 non
2454 1305 2725 1358 invenitur
2757 1305 2880 1373 quia
2906 1306 2973 1359 ad
3004 1305 3258 1361 sarculum
3289 1306 3527 1362 futurum

1949 1386 2168 1443 festinat
2196 1404 2261 1444 ac
2288 1392 2477 1459 tendit,
2514 1393 2580 1448 de
2618 1393 2922 1463 huiusmodi
2958 1394 3135 1449 anima
3166 1395 3297 1450 dicit
3340 1398 3479 1451 Deus
3512 1415 3525 1450 :

1949 1480 2064 1550 Ego
2096 1498 2211 1536 sum
2248 1483 2501 1538 Dominus
2545 1485 2687 1539 Deus
2722 1494 2867 1550 tuus,
2911 1486 3002 1557 qui
3022 1486 3182 1540 eduxi
3209 1496 3258 1540 te
3289 1486 3353 1540 de
3386 1497 3527 1542 terra

1948 1571 2188 1641 Egypti.
2222 1572 2336 1628 Non
2374 1589 2504 1645 ergo
2534 1575 2647 1629 bare
2668 1575 2734 1630 ad
2760 1576 2881 1630 illos
2908 1585 3086 1630 tamen
3124 1577 3399 1642 dicuntur,
3437 1578 3527 1646 qui

1948 1661 2015 1716 de
2040 1662 2278 1735 Aﬂgyplo
2307 1663 2531 1734 profecti
2563 1674 2711 1729 sunt,
2741 1667 2836 1720 sed
2864 1665 3032 1720 multo
3058 1666 3231 1736 magis
3258 1665 3323 1719 ad
3355 1676 3406 1721 te
3436 1668 3526 1737 qui

1948 1767 2093 1806 nunc
2118 1753 2273 1806 audis
2314 1753 2449 1818 ista;
2495 1754 2539 1807 si
2570 1762 2747 1807 tamen
2782 1753 3146 1822 proﬁciscaris
3176 1770 3241 1810 cx
3270 1754 3525 1826 Egypto,

267 1843 441 1909 maius
485 1853 536 1898 et
580 1842 840 1913 prolixius
878 1823 1204 1897 tendebatur.
1258 1843 1396 1910 Quid
1450 1860 1551 1914 per
1599 1855 1835 1901 montem
1870 1823 1915 1882 Β
1942 1849 1998 1895 et
2017 1841 2283 1911 Egyptiis
2312 1844 2455 1896 ultra
2495 1858 2601 1897 non
2629 1845 2866 1908 servias,
2893 1845 3026 1899 dicit
3052 1846 3169 1900 hmc
3196 1823 3390 1901 Deus—:7
3411 1823 3522 1915 ligo

267 1934 367 1988 nisi
396 1934 513 2002 ipsa
539 1943 725 1989 nostra
753 1935 1133 2005 contemplatio
1158 1935 1488 2006 designatur,
1530 1935 1584 1990 in
1610 1951 1713 2006 qua
1744 1953 1841 1995 nos

265 2027 608 2083 ascendimus
636 2037 696 2082 ut
723 2028 790 2083 ad
812 2042 875 2083 ea
897 2042 1018 2097 qua:
1036 2027 1175 2081 ultra
1198 2026 1567 2082 inﬁrmitatem
1599 2039 1840 2085 nostram

266 2123 394 2170 sunt
426 2116 658 2172 videnda
714 2116 1094 2171 subievemur?
1138 2115 1243 2170 Sed
1289 2116 1342 2170 in
1390 2117 1536 2171 hunc
1583 2119 1842 2175 Dominus

267 2205 563 2271 descendit,
591 2205 720 2275 quia
748 2206 907 2261 nobis
936 2205 1162 2260 multum
1192 2205 1617 2275 proﬁcientibus,
1650 2224 1839 2278 parum

266 2295 332 2348 de
363 2308 423 2349 se
457 2293 664 2363 aliquid
691 2294 896 2350 nostris
929 2294 1174 2350 sensibus
1198 2294 1402 2364 aperit;
1436 2297 1482 2352 si
1516 2305 1694 2352 tamen
1735 2300 1840 2354 dici

266 2386 317 2440 in
345 2386 436 2442 illo
459 2387 548 2441 vel
583 2402 778 2457 parum
809 2385 893 2442 vel
917 2386 1118 2455 aliquid
1158 2394 1369 2455 potest,
1407 2388 1500 2456 qui
1530 2404 1670 2444 unus
1698 2405 1842 2444 sem-

266 2491 360 2546 per
402 2472 461 2532 et
511 2477 654 2532 idem
700 2476 927 2548 intelligi
963 2475 1363 2546 particulariter
1403 2492 1511 2532 non
1547 2487 1745 2547 potest,
1788 2488 1843 2533 et

266 2576 444 2621 tamen
488 2581 520 2620 a
563 2566 680 2621 suis
718 2565 967 2621 ﬁdelibus
1013 2552 1328 2635 participari
1371 2566 1604 2631 dicitur,
1635 2583 1757 2622 cum
1788 2569 1840 2622 in

265 2658 378 2728 ejus
400 2658 703 2713 substantia
724 2673 854 2726 pars
887 2656 1191 2712 nullatenus
1214 2657 1547 2712 admittatur.
1583 2658 1689 2714 Sed
1715 2660 1840 2728 quia

268 2749 407 2803 hunc
450 2749 762 2818 exprimere
804 2746 1047 2818 perfecto
1087 2762 1337 2803 sermone
1383 2764 1490 2803 non
1531 2765 1838 2819 possumus,

267 2837 618 2893 humanitatis
653 2845 854 2890 nostra:
888 2835 1127 2902 modulo,
1158 2834 1313 2904 quasi
1345 2834 1584 2891 infantiae
1610 2837 1845 2892 imbecil-

268 2925 398 2980 litati
418 2925 738 2997 praepediti,
775 2939 901 2979 eum
940 2924 1278 2995 aliquatenus
1313 2924 1661 2982 balbutiendo
1694 2939 1842 2981 reso-

266 3032 471 3071 namns.
523 3016 748 3072 Sonitus
779 3015 957 3086 inquit
993 3017 1236 3073 buccina:
1271 3018 1529 3088 paulatim
1558 3014 1843 3071 crescebat

266 3106 316 3161 in
344 3107 542 3178 majus,
575 3114 633 3164 et
674 3106 939 3178 prolixius
964 3108 1303 3164 tendebatur.
1346 3108 1568 3165 Sonitus
1598 3107 1841 3164 buccinae

266 3205 346 3253 est
371 3213 552 3254 sermo
579 3198 1032 3268 praedicatorum,
1070 3201 1160 3270 qui
1206 3202 1498 3256 secundum
1534 3200 1842 3255 auditorum

269 3288 597 3344 intellectum
630 3288 855 3344 formari
892 3290 1071 3356 debet,
1099 3300 1162 3345 ut
1196 3292 1390 3362 cuique
1427 3306 1675 3362 personae
1698 3292 1843 3347 vide-

268 3385 353 3432 tur
371 3380 646 3447 expedire.
684 3378 801 3434 Non
821 3380 964 3435 enim
1006 3381 1194 3436 eodem
1230 3389 1417 3437 tenore
1444 3383 1706 3437 doctrinm
1739 3384 1845 3437 im-

268 3469 470 3524 buenda
496 3479 581 3525 est
605 3471 810 3525 ruditus
839 3473 1254 3543 neopbytorum,
1290 3488 1394 3542 qua
1419 3473 1734 3528 instruenda
1760 3480 1846 3530 est

269 3560 537 3628 capacitas
583 3562 942 3617 eruditorum.
992 3562 1144 3627 Unde
1184 3572 1241 3619 et
1282 3564 1484 3621 Paulus
1516 3566 1840 3635 quibusdam

270 3653 376 3706 suis
410 3652 748 3709 auditoribus
775 3656 954 3709 dixit:
997 3656 1121 3710 Non
1159 3659 1307 3727 potui
1342 3657 1482 3728 loqui
1523 3658 1663 3712 vobis
1690 3658 1844 3728 quasi

267 3744 642 3812 spiritualibus,
678 3748 770 3800 sed
803 3748 957 3818 quasi
985 3749 1286 3803 carnalibus
1326 3766 1344 3803 :
1374 3758 1625 3820 tanquam
1653 3766 1844 3819 parvu-

269 3834 332 3887 Iis
355 3837 409 3890 in
445 3833 683 3906 Christo,
719 3838 803 3893 lac
854 3839 994 3895 vobis
1019 3841 1162 3906 dedi,
1187 3857 1294 3895 non
1317 3856 1507 3901 escam,
1546 3848 1602 3894 et
1634 3840 1841 3911 reliqua

269 3925 318 3993 ll
348 3924 470 3981 Cor.
507 3926 616 3995 ru).
647 3928 716 3982 Et
746 3929 872 3984 alibi
900 3949 913 3982 :
943 3929 1258 4001 Loquimur,
1292 3930 1490 3998 inquit,
1529 3930 1839 3999 sapientiam

270 4017 399 4070 inter
430 4018 711 4091 perfectos,
754 4037 910 4091 quam
948 4037 1095 4075 nemo
1137 4021 1435 4091 principum
1461 4022 1621 4092 hujus
1658 4021 1840 4075 swculi

271 4109 495 4176 cognorit
521 4108 577 4179 (1
605 4106 729 4164 Cor.
764 4112 847 4182 ιι).

336 4198 714 4273 Descendith
768 4203 1025 4258 Dominus
1071 4222 1228 4275 super
1274 4216 1502 4261 montem
1544 4206 1698 4262 Sinai
1722 4247 1737 4272 ,
1784 4209 1841 4261 in

269 4292 377 4359 ipso
403 4294 594 4348 montis
640 4296 858 4363 vertice,
902 4305 951 4349 et
990 4297 1187 4351 vocavit
1231 4295 1449 4367 Moysen
1491 4298 1547 4351 in
1590 4314 1841 4352 cacumen

269 4382 401 4450 ejus.
446 4383 585 4440 Ecce
613 4385 873 4441 Dominus
902 4387 1233 4442 descendere
1261 4388 1314 4442 in
1349 4388 1549 4443 montis
1580 4389 1839 4443 verticem

1869 3162 1916 3225 C

1939 1947 2056 1986 sum
2080 1932 2334 1985 Dominus
2359 1932 2500 1986 Deus
2528 1942 2648 1986 tuus
2668 1934 2759 2001 qui
2785 1933 2945 1987 eduxi
2967 1943 3015 1987 te
3036 1935 3101 1987 de
3117 1943 3258 1988 terra
3281 1934 3523 2004 .Egyptl,

1939 2018 2007 2073 de
2046 2019 2203 2073 domo
2245 2023 2527 2076 servitutis.
2572 2023 2706 2078 Vide
2752 2025 2796 2077 si
2839 2038 2945 2077 non
2989 2024 3201 2094 negotia
3242 2025 3423 2078 szecuii
3469 2033 3528 2080 et

1941 2122 2097 2166 actus
2133 2113 2318 2167 carnis
2359 2114 2550 2168 domus
2589 2122 2675 2169 est
2720 2116 3036 2181 servitutis;
3082 2116 3222 2170 sicut
3265 2131 3452 2171 rursus
3496 2132 3529 2171 e

1942 2204 2241 2269 contrario,
2283 2205 2589 2275 relinquere
2618 2206 2897 2260 smeularia
2933 2215 2988 2260 et
3021 2205 3321 2259 secundum
3356 2207 3524 2260 Deum

1941 2294 2146 2359 vivere,
2168 2296 2363 2350 domus
2377 2301 2459 2350 eSt
2488 2296 2783 2361 libertatis,
2810 2297 2952 2351 sicut
2979 2296 3239 2350 Dominus
3265 2297 3318 2350 in
3348 2296 3526 2349 Evan-

1941 2386 2095 2457 sellis
2121 2388 2251 2442 dicit
2280 2403 2293 2441 :
2327 2386 2386 2442 Si
2410 2391 2803 2458 permanseritis
2827 2390 2882 2443 in
2906 2391 3056 2443 uerbo
3087 2405 3223 2453 meo,
3249 2405 3336 2442 ros
3367 2404 3531 2458 agno-

1940 2479 2094 2531 scetis
2130 2478 2413 2540 veritatem,
2452 2488 2499 2532 et
2532 2476 2736 2533 Veritas
2763 2478 3001 2533 liberabit
3042 2495 3130 2533 vos
3156 2478 3339 2550 (Joan.
3382 2477 3525 2549 vm).

1943 2567 2087 2638 Ergo
2119 2567 2388 2639 Egyptus
2420 2569 2614 2625 domus
2634 2578 2718 2624 est
2751 2571 3066 2636 servitutis,
3103 2570 3288 2625 Judaea
3318 2584 3446 2623 vero
3472 2579 3530 2623 et

1942 2658 2241 2715 Jerusalem
2266 2660 2456 2715 domus
2500 2669 2584 2715 cst
2625 2661 2913 2716 libertatis.
2950 2660 3091 2715 Audi
3119 2669 3175 2714 et
3212 2660 3527 2729 Apostolum

1942 2754 2010 2807 de
2063 2752 2149 2808 his
2188 2753 2483 2807 secundum
2526 2754 2847 2823 sapientiam
2892 2769 3013 2822 qua:
3060 2753 3110 2806 ci
3163 2752 3217 2805 in
3264 2749 3527 2820 mysterio

1944 2842 2067 2896 data
2118 2841 2326 2905 fuerat,
2377 2843 2813 2911 pronuntiantem
2856 2861 2872 2896 :
2919 2841 3051 2907 Quae
3095 2851 3270 2895 autem
3312 2854 3525 2893 sursum

1932 2941 2042 2995 ‘est,
2087 2931 2296 2999 inquit,
2348 2930 2667 2994 Jerusalem,
2715 2922 2881 2983 libera
2918 2940 3016 2995 est,
3070 2946 3188 3000 quia
3232 2937 3309 2982 est
3360 2936 3531 2981 mater

1946 3022 2179 3074 omnium
2206 3030 2440 3074 nostrum
2468 3016 2610 3091 (Gal.
2655 3018 2752 3091 tv).
2790 3018 2944 3073 Sicut
2966 3033 3097 3090 ergo
3124 3017 3390 3088 Egyptus
3427 3016 3527 3069 ista

1948 3120 2164 3166 terrena
2201 3109 2480 3179 provincia
2519 3110 2644 3165 ﬁliis
2686 3109 2853 3164 Israel
2901 3111 3093 3164 domus
3124 3108 3324 3163 dicitur
3361 3106 3530 3161 servi-

1952 3200 2099 3264 tutis,
2124 3200 2192 3254 ad
2211 3199 2671 3270 comparationem
2695 3196 2891 3253 Judzeze
2917 3205 2974 3253 et
2991 3195 3291 3253 Jerusalem
3310 3211 3431 3265 qua:
3447 3195 3530 3249 eis

1947 3289 2139 3344 domus
2164 3287 2392 3344 edicitur
2416 3289 2705 3353 libertatis,
2736 3289 2808 3343 ita
2831 3290 2899 3343 ad
2928 3288 3388 3357 comparationem
3418 3299 3533 3340 cm-

1946 3381 2098 3436 lestis
2138 3380 2455 3445 Jerusalem,
2495 3396 2645 3449 qua},
2681 3391 2741 3435 ut
2768 3381 2843 3435 ita
2881 3381 3079 3445 dicam,
3126 3392 3303 3434 mater
3338 3387 3427 3433 est
3465 3377 3534 3433 li-

1945 3471 2190 3536 bertatis,
2223 3481 2370 3527 totus
2394 3473 2482 3526 bic
2515 3474 2765 3537 mundus,
2797 3483 2854 3526 et
2875 3473 3059 3526 omnia
3090 3487 3210 3541 qua:
3238 3472 3294 3525 in
3324 3471 3527 3526 mundo

1945 3572 2090 3627 sunt,
2133 3564 2327 3618 domus
2349 3571 2434 3617 est
2463 3563 2765 3618 servitutis.
2804 3562 2870 3616 Et
2903 3563 3160 3632 quoniam
3184 3562 3251 3616 de
3280 3562 3532 3631 paradiso

1944 3651 2210 3706 libertatis
2243 3667 2343 3721 pro
2380 3668 2539 3722 poena
2564 3653 2773 3722 peccati
2803 3654 2869 3707 ad
2904 3651 3067 3720 hujus
3096 3652 3279 3706 mundi
3310 3659 3529 3705 ventum

1932 3747 2123 3813 fuerat
2144 3745 2482 3809 servitutem,
2522 3745 2728 3800 idcirco
2750 3745 2956 3813 primus
2979 3759 3160 3798 sermo
3185 3743 3448 3810 decalogi,
3477 3743 3531 3797 id

1943 3845 2026 3892 est
2071 3838 2244 3906 prima
2274 3838 2654 3893 mandatorum
2689 3838 2782 3892 Dei
2820 3852 2922 3892 vox
2946 3877 2960 3902 ,
3005 3836 3072 3891 de
3117 3836 3365 3891 libertate
3394 3850 3524 3905 pro-

1943 3926 2116 3981 fertur
2161 3927 2344 3983 dicens
2381 3946 2393 3981 :
2425 3926 2538 3998 Ego
2587 3944 2705 3982 sum
2752 3927 3010 3982 Dominus
3060 3926 3200 3981 Deus
3249 3936 3390 3991 tuus,
3435 3927 3526 3996 qui

1942 4018 2102 4070 eduxi
2131 4027 2181 4071 te
2216 4018 2282 4072 de
2315 4029 2455 4072 terra
2485 4018 2733 4088 {Egypth
2774 4018 2838 4072 de
2881 4019 3035 4071 domo
3062 4018 3346 4072 servitutis.
3380 4017 3532 4072 llanc

1946 4125 2127 4164 vocem
2147 4111 2200 4165 in
2223 4110 2457 4182 AEgypto
2476 4114 2684 4180 positus
2704 4112 2892 4166 audire
2917 4126 3024 4164 non
3048 4118 3285 4179 poteras,
3308 4108 3522 4163 etiamsi

1944 4201 2041 4254 tibi
2075 4202 2385 4273 injungatur
2413 4212 2471 4258 ut
2501 4202 2706 4255 Pascha
2738 4201 2906 4256 facias
2925 4240 2942 4266 ,
2980 4200 3192 4255 etiamsi
3223 4198 3526 4266 accingaris

1943 4296 2155 4350 lmnbos
2206 4302 2262 4348 et
2306 4294 2546 4349 sandalia
2593 4292 2828 4361 accipias
2880 4291 2933 4344 in
2990 4290 3249 4359 pedibus,
3303 4286 3521 4341 etiamsi

1944 4387 2149 4456 virgam
2187 4394 2372 4439 teneas
2400 4382 2455 4436 in
2484 4397 2644 4435 manu
2664 4421 2679 4444 ,
2720 4372 2773 4435 et
2802 4394 2991 4450 azyma
3021 4393 3142 4433 cum
3171 4376 3534 4431 amaritudine

270 4473 483 4539 dicitur,
511 4484 569 4529 et
613 4491 810 4532 vocare
837 4476 1054 4549 Moysen
1086 4478 1140 4533 in
1170 4492 1430 4534 cacumen
1471 4479 1608 4549 ejus,
1645 4479 1698 4532 in
1733 4494 1839 4547 quo
1866 4500 1918 4560 ι)
1943 4475 2217 4531 comedas.
2246 4473 2312 4527 Et
2352 4471 2481 4540 quid
2506 4471 2649 4535 dico,
2685 4471 2735 4524 in
2762 4469 3000 4540 :Egyplo
3033 4467 3258 4560 positus
3273 4466 3390 4520 hanc
3428 4482 3531 4519 au-

269 4565 568 4620 ostenditur
592 4568 736 4636 quod
766 4568 878 4638 ipse
904 4569 1164 4624 Dominus
1194 4570 1495 4638 profectum
1524 4580 1835 4624 sanctorum

270 4670 484 4710 suorum
516 4672 734 4728 semper
767 4659 833 4713 ad
866 4659 1180 4716 sublimiora
1205 4668 1261 4715 et
1286 4660 1609 4730 perfectiora
1644 4677 1839 4730 provo-

269 4756 375 4809 cal,
410 4749 608 4818 quibus
638 4750 754 4819 ipse
782 4766 994 4805 summa
1022 4750 1284 4820 perfectio
1321 4759 1428 4816 est,
1458 4752 1583 4821 quia
1614 4750 1731 4820 ejus
1760 4752 1837 4805 vi-

265 4836 347 4889 sio
382 4848 637 4908 perpetua
664 4842 1055 4896 consummatio
1079 4850 1163 4897 est
1185 4843 1425 4897 omnium
1461 4843 1741 4898 virtutum.

338 4927 453 4993 Quo
496 4945 615 4983 cum
664 4931 1023 4995 ascendisset,
1066 4932 1201 4986 dixit
1245 4933 1315 4986 ad
1371 4950 1491 4987 eum
1521 4950 1539 4986 :
1581 4932 1840 4988 Descende

264 5030 312 5071 et
354 5030 642 5075 contestare
679 5020 963 5092 populum,
1009 5039 1071 5076 ne
1099 5023 1233 5092 forte
1276 5023 1428 5077 eelmt
1474 5024 1841 5078 transcendere

263 5111 510 5163 terminos
529 5110 600 5163 ad
625 5111 905 5189 ridendum
931 5110 1233 5178 Dominum,
1260 5122 1309 5166 et
1331 5123 1505 5179 pereat
1529 5129 1592 5166 ex
1615 5114 1687 5167 eis
1723 5113 1841 5182 plu-

266 5198 397 5252 rima
425 5200 726 5254 multitudo.
768 5200 1114 5256 Contestatur
1152 5201 1406 5271 populum
1453 5201 1729 5262 Dominus,
1772 5218 1839 5258 ne

260 5287 402 5344 forte
438 5291 604 5345 velint
653 5290 1038 5346 transcendere
1087 5291 1347 5346 terminos
1394 5293 1725 5362 paestitutos
1769 5294 1836 5347 ad

263 5378 547 5435 videndum
568 5380 879 5444 Dominum,
909 5380 1035 5450 quia
1056 5396 1251 5451 magna
1282 5381 1610 5437 discretione
1640 5383 1836 5452 cuique

264 5483 397 5537 epes
430 5480 535 5531 est.
565 5486 636 5527 ne
668 5470 800 5526 velit
837 5470 978 5525 ultra
1000 5486 1162 5541 quam
1189 5472 1353 5526 debet
1391 5481 1445 5525 et
1479 5487 1640 5541 quam
1671 5474 1842 5542 possit

263 5562 331 5613 de
369 5562 481 5633 ipsa
528 5563 709 5618 divina
755 5571 950 5616 natura
994 5562 1179 5617 rimari
1221 5579 1286 5618 ac
1327 5572 1559 5620 tractare
1596 5575 1839 5619 conetur.

264 5646 413 5712 Unde
443 5664 500 5710 et
525 5654 815 5727 Scriptura
854 5655 987 5709 dicit
1015 5673 1028 5709 :
1063 5653 1165 5720 Qui
1200 5655 1524 5725 majestate»:
1553 5666 1844 5723 scrutatur,

265 5744 610 5813 apprimilara
643 5746 815 5819 gloria
844 5741 1027 5815 (Prov.
1055 5743 1202 5815 xxv).
1229 5744 1295 5798 Et
1321 5745 1445 5799 alibi
1476 5746 1586 5815 ipsa
1620 5746 1846 5816 Sapien-

1943 4567 2058 4621 dirc
2094 4579 2201 4620 non
2237 4562 2488 4632 poteras?
2518 4560 2624 4616 Sed
2653 4576 2720 4615 ne
2743 4561 2866 4615 inde
2889 4559 3104 4628 quidem
3135 4555 3430 4625 profectus.
3476 4557 3532 4609 in

1940 4658 2112 4727 prima
2138 4656 2319 4710 statim
2348 4654 2625 4709 mansione
2641 4653 2755 4707 lucc
2769 4651 2954 4706 audire
2968 4648 3211 4720 potuisti,
3235 4663 3335 4703 nec
3355 4647 3408 4702 in
3437 4662 3531 4703 se-

1942 4749 2117 4804 cunda
2132 4764 2231 4803 nec
2247 4749 2298 4802 in
2319 4747 2498 4811 tertia,
2524 4762 2624 4801 nec
2639 4761 2762 4799 cum
2780 4743 3059 4798 transieris
3083 4756 3235 4796 mare
3263 4740 3530 4801 Rubrum,

1941 4838 2152 4892 etiamsi
2178 4837 2244 4891 ad
2295 4836 2498 4889 Moram
2534 4835 2773 4899 veneris,
2812 4842 2869 4888 et
2904 4832 3067 4887 fuerit
3097 4831 3193 4884 tibi
3224 4829 3529 4884 amaritudo

1948 4931 2003 4985 in
2051 4930 2389 4985 dulcedinem
2435 4943 2625 4990 versa;
2672 4927 2883 4981 etiamsi
2929 4926 2982 4979 in
3029 4923 3168 4977 Elim
3208 4921 3422 4976 vcncris
3465 4922 3531 4974 all

1949 5020 2230 5075 duodecim
2280 5018 2460 5072 latntes
2513 5032 2777 5086 aquarum
2826 5023 2882 5068 et
2925 5012 3261 5083 septuaginta
3307 5011 3531 5066 arbores

1948 5110 2284 5180 palmarum;
2316 5109 2528 5163 etiamsi
2570 5105 2852 5176 Rapbidim
2885 5104 3232 5174 praeterieris,
3272 5111 3529 5158 cancros-

1948 5182 2055 5270 que
2096 5200 2369 5271 profectus
2415 5199 2755 5260 ascenderis,
2810 5197 3043 5251 nondum
3093 5195 3160 5249 ad
3204 5190 3533 5262 ejuscemodi

1946 5292 2110 5346 verba
2138 5291 2364 5345 idoneus
2381 5289 2664 5359 iudicaris,
2694 5290 2788 5344 sed
2817 5304 2939 5343 cum
2960 5288 3174 5342 veneris
3196 5287 3264 5341 ad
3286 5294 3527 5339 montem

1945 5378 2095 5434 Sina.
2149 5379 2328 5433 Multis
2376 5393 2505 5447 ergo
2538 5387 2663 5432 ante
2711 5378 2986 5433 laboribus
3033 5375 3289 5445 peractis,
3346 5371 3543 5428 multis

1943 5469 2202 5522 aerumnis
2239 5477 2295 5523 et
2341 5468 2729 5522 mutationibus
2771 5467 3063 5537 superatis,
3110 5465 3197 5517 vix
3238 5462 3459 5528 aliqizun
3488 5466 3539 5520 le

1946 5562 2242 5616 mcrcberis
2284 5570 2550 5630 praecepta
2591 5562 2866 5629 suscipere
2913 5555 3198 5619 libermtis,
3246 5561 3303 5608 ct
3341 5558 3449 5609 and
3482 5573 3537 5610 te

1949 5669 1977 5707 a
2007 5653 2235 5709 Domino
2261 5671 2274 5706 :
2302 5651 2413 5721 Ego
2456 5668 2571 5705 sum
2606 5651 2863 5704 Dominus
2890 5649 3031 5701 Deus
3063 5657 3209 5702 tuus.
3246 5645 3337 5716 qui
3369 5647 3474 5698 (th
3494 5650 3540 5696 ni

1947 5756 1994 5798 te
2032 5747 2096 5797 de
2138 5755 2275 5797 terra
2309 5741 2544 5812 .-7t‘gy;>ti.
2584 5742 2646 5794 de
2677 5742 2830 5792 (hunc
2859 5738 3144 5790 sanitatis.
3190 5737 3385 5791 Verum
3448 5738 3540 5789 an:
