4052 6184
420 308 492 370 95
1066 306 1127 361 Β.
1168 286 1429 361 BADA-Nl
1470 305 1691 371 usum
1729 303 2024 373 ARQltlEP

2122 302 2406 369 IOGUNT.
2440 304 2735 367 WEBUM
2771 306 2952 363 PARS
2979 308 3024 365 ι.
3623 308 3700 364 96

414 436 600 479 sermo
631 421 870 481 nondum
904 434 1092 479 sermo
1117 420 1361 479 mandati
1395 429 1502 483 est,
1543 421 1639 487 sed
1672 421 1763 491 qui
1805 420 2004 488 sitqui
2037 424 2084 480 Α
2110 418 2386 488 perfectos
2415 418 2615 485 faciat,
2649 422 2765 491 ipse
2800 421 3147 494 fragilitatem
3189 424 3547 479 humanorum
3587 439 3696 482 non

419 514 639 571 maitdat
669 513 938 571 ostendet.
973 511 1127 567 Nunc
1158 527 1291 582 ergo
1324 512 1604 571 rideamus
1634 512 1781 582 quod
1810 512 1882 568 sit
1902 511 2011 569 .iui-
2113 519 2325 567 recusat
2358 510 2668 567 altectuum.
2701 513 2838 580 Quis
2868 513 3015 568 enim
3045 513 3269 568 audiens
3307 512 3474 569 Deum
3517 515 3705 571 zelen-

417 603 553 657 tium
576 605 775 658 decem
803 603 1180 658 mandatorum
1216 605 1381 674 legis,
1413 613 1469 659 et
1510 605 1555 660 si
1607 620 1714 669 non
1760 604 2011 661 occurrie
2113 607 2244 667 teut,
2282 617 2387 656 non
2420 602 2681 659 continuo
2718 604 2966 669 miretur,
3012 613 3067 659 et
3104 604 3355 660 btuuanre
3392 605 3706 676 fragilitatis

344 704 349 710 '
420 709 542 748 tuus
582 694 767 753 omnia
799 695 975 762 initia,
1024 695 1234 759 saltem,
1261 706 1429 768 prout
1464 696 1736 753 Dominus
1779 697 2007 762 dederit,

421 781 771 853 esplicemus.

1013 876 1242 935 CAPUT
1295 876 1408 932 ΧΠ.

424 962 613 1020 Sermo
654 965 750 1020 Dei
779 966 851 1023 ad
894 953 1168 1039 populum,
1210 967 1518 1039 decalogum
1549 967 1677 1041 legis
1717 969 2008 1040 proferens.

492 1053 736 1113 Primum
770 1074 898 1129 ergo
942 1059 1254 1113 nuntiatum
1290 1067 1368 1115 est
1397 1076 1416 1114 :
1456 1060 1582 1115 Non
1610 1070 1763 1116 erunt
1798 1061 1892 1116 tibi
1936 1062 2013 1117 dii

424 1149 519 1207 alii
564 1161 760 1222 prieter
803 1168 919 1217 me;
963 1159 1017 1205 et
1058 1160 1181 1221 post
1219 1153 1338 1209 haec
1364 1154 1658 1224 sequitur:
1690 1153 1815 1210 Non
1847 1154 2014 1223 facies

422 1240 514 1296 tibi
536 1240 807 1312 sculptile,
836 1258 1001 1314 neque
1031 1257 1234 1297 omnem
1272 1243 1672 1305 similitudinem
1704 1259 1825 1315 qua
1844 1251 1924 1299 est
1958 1242 2014 1297 in

421 1330 549 1383 stula
586 1329 834 1400 desuper,
879 1340 929 1385 et
956 1347 1083 1401 qua:
1118 1335 1178 1387 in
1216 1342 1356 1388 terra
1389 1332 1661 1397 deorsum,
1701 1349 1795 1387 nec
1833 1348 2015 1388 eorum

436 1437 541 1476 "11w
573 1431 698 1477 sunt
736 1423 968 1495 inaquis
1001 1427 1097 1481 sub
1118 1438 1283 1485 terra.
1320 1426 1445 1480 Non
1483 1425 1730 1480 adorabis
1755 1441 1818 1479 ea
1853 1440 2017 1495 neque

437 1510 565 1568 :ales
604 1512 803 1585 (Exod.
842 1514 959 1586 xx).
1010 1516 1123 1589 [Em
1170 1516 1441 1589 0rigene.]
1480 1517 1618 1573 Hinc
1650 1524 1782 1586 puto
1806 1524 1862 1571 et
1888 1529 2018 1586 apo-

424 1602 623 1658 stolum
661 1604 887 1663 Paulum
927 1609 1224 1680 sumpsisse
1262 1608 1393 1664 illud
1422 1610 1567 1678 quod
1606 1609 1672 1664 ad
1706 1607 2019 1664 Corinthios

427 1697 621 1752 scribit
637 1697 832 1753 .dicens
869 1717 883 1754 :
922 1698 1192 1771 Siquidem
1218 1710 1341 1759 sunt
1364 1702 1456 1772 qui
1495 1700 1748 1756 dicuntur
1782 1700 1881 1765 dii,
1912 1699 2018 1754 sire

427 1787 481 1840 iu
512 1784 642 1840 caelo
675 1788 783 1842 sive
810 1788 866 1843 in
887 1799 1027 1844 terra
1063 1789 1115 1861 (l
1145 1789 1269 1846 Cor.
1309 1789 1452 1862 vni).
1486 1790 1554 1846 Et
1580 1790 1789 1846 addidit
1817 1808 1831 1843 :
1865 1789 2017 1844 Sicut

426 1886 475 1930 et
513 1886 639 1931 sunt
679 1877 756 1931 dii
786 1878 939 1933 multi
980 1889 1027 1935 et
1075 1879 1278 1937 domini
1319 1880 1512 1944 multi;
1550 1881 1642 1936 sed
1693 1880 1843 1935 nobis
1881 1896 2018 1937 unus

432 1966 569 2020 Deus
591 1963 776 2033 Pater,
806 1984 871 2022 ex
892 1986 996 2039 quo
1022 1971 1200 2024 omnia
1224 1980 1271 2025 et
1294 1986 1387 2025 nos
1410 1971 1481 2027 ab
1508 1971 1608 2025 isto
1622 1987 1641 2035 ;
1669 1979 1719 2025 et
1750 1986 1887 2024 unus
1909 1968 2018 2022 Do-

362 2082 368 2087 ·
434 2055 601 2109 minus
642 2053 800 2110 Iesus
847 2056 1107 2124 Christus,
1142 2076 1245 2129 per
1280 2077 1434 2131 quem
1483 2060 1661 2115 omnia
1704 2070 1754 2114 et
1792 2076 1890 2115 nos
1928 2075 2022 2129 per

429 2149 620 2219 ipsum.
665 2149 795 2205 Tale
820 2152 1025 2208 etenim
1054 2163 1139 2211 est
1171 2153 1317 2224 quod
1344 2155 1476 2211 dicit
1501 2172 1513 2208 :
1538 2154 1696 2208 Licet
1720 2153 1836 2208 sint
1862 2152 2019 2207 multi

428 2243 632 2305 dom'mi
672 2245 764 2314 qui
806 2247 928 2302 aliis
965 2249 1215 2316 gentibus
1243 2249 1613 2315 dominentur,
1651 2256 1710 2304 et
1742 2248 1815 2303 dii
1860 2247 2021 2303 multi

429 2333 520 2402 qui
550 2336 620 2389 ab
663 2335 786 2390 aliis
831 2336 1102 2403 colantur,
1135 2340 1229 2395 sed
1278 2339 1435 2395 nobis
1479 2354 1622 2394 unus
1666 2348 1751 2394 est
1796 2338 1940 2394 Deus
1966 2348 2022 2395 et

431 2444 573 2483 unus
597 2429 876 2487 Dominus.
910 2429 1035 2485 Non
1056 2432 1220 2501 Iactes
1244 2431 1338 2487 tibi
1366 2431 1563 2485 idolum
1585 2448 1604 2486 :
1626 2447 1789 2504 neque
1815 2446 2020 2486 omnem

430 2518 829 2574 similitudinem
868 2537 1049 2577 eorum
1090 2539 1210 2593 qua:
1250 2530 1375 2577 sunt
1412 2523 1468 2575 in
1512 2522 1659 2587 coelo,
1696 2521 1778 2576 vel
1812 2537 1937 2592 qua!
1964 2522 2021 2576 in

433 2619 599 2675 terra,
634 2617 742 2665 etc.
774 2610 938 2667 Aliud
964 2627 1098 2683 ergo
1129 2610 1417 2669 attacere
1443 2613 1662 2677 idolum,
1696 2612 1842 2668 aliud
1862 2612 2021 2668 simi-

418 2700 736 2758 litudinem.
764 2702 839 2761 Et
870 2703 1143 2774 siquidem
1182 2706 1442 2774 Dominus
1472 2720 1573 2761 nos
1602 2706 1671 2761 ad
1697 2721 1761 2761 ea
1791 2720 1912 2775 qua:
1942 2706 2023 2761 di-

420 2790 776 2859 cendasunt,
802 2793 1111 2861 illuminare
1132 2797 1407 2867 dignetur,
1433 2811 1535 2866 ego
1559 2798 1641 2854 sic
1663 2797 1905 2852 arbitror
1930 2811 2022 2853 ac-

431 2881 919 2954 cipiendumquod,
947 2886 1099 2941 verbi
1125 2902 1309 2951 causa,
1338 2886 1384 2942 si
1412 2888 1537 2958 quis
1558 2887 1610 2942 in
1641 2886 1885 2958 quolibet
1903 2901 2020 2942 me-

432 2975 564 3031 tallo
601 2978 744 3043 auri,
774 2978 861 3034 vel
898 2981 1130 3051 argenti,
1181 2981 1268 3036 vel
1294 2980 1447 3053 ligni,
1492 2981 1578 3036 vel
1607 2982 1821 3052 lapidis,
1859 2981 2021 3037 faciet

434 3068 671 3138 speciem
720 3070 1086 3140 quadrupedis
1138 3071 1400 3142 aliwjus,
1453 3072 1539 3128 vel
1589 3073 1877 3142 serpentis,
1935 3072 2021 3127 vel

439 3133 573 3223 svis,
610 3165 669 3213 et
708 3133 951 3213 statuam
975 3159 1120 3214 illam
1150 3133 1507 3228 adorandum,
1539 3179 1646 3218 non
1674 3133 1896 3228 idolum,
1928 3163 2024 3218 sed
2050 3133 2097 3195 δ

452 3246 846 3303 ’Ξωίιίιιιίιὶηεηι
882 3247 1015 3304 fecit
1043 3265 1059 3304 :
1088 3250 1176 3305 vel
1211 3252 1375 3306 etiam
1416 3254 1461 3308 si
1504 3253 1772 3324 picturam
1815 3256 1880 3309 ad
1924 3256 2027 3311 hoc.

436 3350 610 3407 .psum
643 3345 862 3405 statuat,
892 3340 1244 3398 nihilominus
1269 3344 1678 3401 similitudinem
1713 3345 1911 3402 fecisse
1942 3346 2027 3402 di-

433 3428 638 3484 cendos
682 3438 786 3485 est.
833 3431 1039 3487 Idolum
1080 3449 1209 3490 vero
1256 3433 1387 3490 facit
1421 3436 1510 3493 ille
1551 3437 1675 3507 qui,
1723 3438 2023 3494 secundum

432 3522 749 3594 Apostolum
793 3526 1063 3585 dicentem
1112 3529 1239 3597 quia
1296 3529 1497 3585 idolum
1550 3531 1685 3586 nihil
1737 3539 1843 3598 est,
1897 3531 2029 3589 facit

434 3617 577 3686 quod
604 3633 710 3673 non
737 3627 842 3675 est.
873 3619 1011 3688 Quid
1041 3630 1126 3677 est
1151 3631 1330 3678 autem
1356 3624 1500 3695 quod
1522 3639 1629 3679 non
1653 3625 1771 3681 est?
1794 3624 2028 3697 Species

434 3721 598 3774 quam
632 3723 741 3763 non
771 3709 906 3765 vidit
932 3711 1149 3777 oculus,
1189 3712 1283 3767 sed
1313 3712 1433 3782 ipse
1461 3712 1564 3768 sibi
1588 3715 1802 3770 animus
1828 3716 2023 3787 pingit.

437 3792 599 3852 Verbi
640 3800 836 3868 gratia,
889 3808 951 3855 ut
991 3801 1041 3856 si
1075 3802 1200 3872 quis
1242 3803 1497 3857 humanis
1547 3805 1811 3859 membris
1865 3814 2028 3875 caput

436 3891 589 3946 canis
612 3901 708 3945 aut
733 3892 922 3947 arietis
946 3891 1175 3957 formet,
1205 3893 1288 3949 vel
1323 3908 1541 3948 rursum
1568 3894 1623 3948 in
1657 3910 1764 3950 uno
1794 3895 2030 3953 hominis

440 3983 626 4039 habitu
640 3984 776 4039 duas
804 3983 975 4040 facies
999 3984 1190 4057 lingat,
1212 3993 1306 4040 aut
1323 3986 1563 4042 humano
1584 3989 1794 4058 pectori
1814 4000 2030 4060 postre-

436 4087 556 4129 mas
585 4082 770 4144 partes
806 4076 931 4145 equi
967 4084 1024 4129 et
1055 4075 1221 4146 piscis
1254 4074 1533 4147 adjungat.
1576 4077 1703 4134 llaec
1745 4086 1803 4134 et
1838 4079 1924 4135 his
1955 4081 2030 4135 si-

446 4166 588 4221 .nilia
613 4167 704 4237 qui
735 4165 883 4229 facit,
928 4183 1035 4223 non
1060 4167 1492 4235 similitudinem,
1520 4170 1615 4226 sed
1641 4170 1845 4227 idolum
1873 4171 2026 4227 facit.

436 4259 594 4316 Facit
622 4262 766 4318 enim
798 4263 943 4333 quod
984 4278 1094 4318 non
1133 4272 1241 4329 est,
1289 4279 1391 4319 nec
1430 4263 1594 4320 habet
1621 4264 1825 4335 aliquid
1853 4264 2031 4321 simile

437 4355 555 4419 sui;
595 4363 654 4410 et
680 4355 882 4410 idcirco
914 4355 1030 4410 hcce
1065 4356 1247 4411 sciens
1275 4355 1567 4426 Apostolus
1595 4356 1728 4412 dicit
1756 4356 1885 4426 quia
1915 4357 2030 4412 ido-

2109 692 2300 748 vitium
2341 695 2525 764 putet?
2556 693 2870 750 Sediomnia
2892 703 3123 766 propter
3151 710 3251 751 nos
3282 709 3341 751 et
3366 697 3476 767 agit
3510 707 3565 752 et
3604 714 3706 769 pa-

2113 786 2247 841 titur
2275 787 2417 842 Deus
2453 807 2464 835 τ
2502 797 2563 843 et
2589 798 2647 841 nt
2671 788 2945 858 possimus
2971 789 3210 853 edoceri,
3228 790 3384 844 notis
3406 799 3464 845 et
3484 790 3704 847 usitatis

2111 876 2269 932 nobis
2311 875 2596 933 alfectibus
2638 878 2899 948 loquitur.
2934 879 3226 934 Videamus
3268 895 3404 951 ergo
3441 881 3571 951 quid
3616 891 3707 936 est

2108 967 2255 1037 quod
2294 968 2453 1034 dicit,
2497 970 2624 1039 quia
2667 969 2925 1025 Dominus
2962 970 3139 1025 selum
3169 988 3265 1042 ego
3307 988 3446 1025 sum.
3492 970 3598 1028 Sed
3644 981 3711 1027 ut

2114 1059 2471 1129 contemplari
2501 1058 2714 1114 facilius
2752 1061 2960 1130 possint
2984 1061 3168 1115 divina
3205 1062 3576 1127 deliumanis,
3616 1078 3706 1118 se-

2108 1149 2348 1204 cundum
2398 1164 2464 1203 ea
2517 1164 2639 1219 quae
2687 1151 2938 1219 superius
2980 1151 3357 1218 disseruimus,
3413 1153 3713 1208 doceamus

2104 1240 2396 1311 exemplis.
2424 1239 2616 1297 (eximis
2642 1242 2844 1297 mulier
2868 1251 2966 1296 aut
2997 1243 3099 1298 sub
3123 1242 3241 1299 viro
3262 1253 3349 1299 est
3375 1253 3428 1299 et
3461 1243 3704 1313 subjecta

2115 1340 2201 1385 est
2244 1330 2455 1403 legibus
2495 1331 2618 1396 viri,
2672 1340 2767 1387 aut
2798 1334 3090 1398 meretrix,
3136 1342 3192 1389 et
3241 1335 3412 1389 utitur
3459 1335 3712 1391 libertate

2116 1422 2397 1492 peccandi.
2435 1420 2542 1489 Qui
2580 1439 2710 1493 ergo
2741 1423 3044 1495 ingreditur
3072 1425 3138 1479 ad
3171 1426 3518 1481 meretricem
3545 1467 3560 1491 ,
3602 1426 3708 1481 scit

2112 1526 2176 1566 se
2196 1511 2268 1569 ad
2285 1527 2408 1567 eam
2439 1513 2743 1584 ingressum
2773 1530 2894 1570 esse
2916 1515 3196 1572 mulierem
3222 1556 3237 1582 ,
3265 1531 3387 1586 quae
3418 1518 3706 1586 prostituta

2118 1610 2226 1668 est,
2265 1614 2321 1659 et
2356 1604 2571 1660 cunctis
2610 1604 2915 1660 volentibus
2957 1614 3144 1675 patet;
3186 1614 3241 1661 ct
3286 1607 3407 1662 ideo
3436 1607 3707 1678 indignari

2121 1709 2227 1750 non
2261 1702 2471 1765 potest,
2512 1695 2557 1750 si
2588 1711 2715 1751 cum
2745 1711 2808 1751 ea
2841 1697 3003 1751 etiam
3037 1697 3173 1752 alios
3198 1698 3373 1752 videat
3402 1708 3712 1753 amatores.

2043 1770 2092 1828 Β
2120 1785 2221 1852 Qui
2252 1800 2380 1841 vero
2404 1786 2651 1858 legitimo
2681 1787 2851 1842 utitur
2873 1789 3245 1855 matrimonio,
3271 1804 3376 1844 non
3407 1791 3610 1860 patitur
3632 1792 3714 1845 uti

2121 1892 2349 1932 uxorem
2388 1886 2655 1948 potestate
2683 1879 2978 1948 peccandi,
3009 1880 3104 1934 sed
3134 1882 3448 1935 accenditur
3484 1882 3603 1936 zelo
3641 1885 3708 1937 ad

2120 1969 2429 2023 castitatem
2480 1970 2813 2024 matrimonii
2865 1973 3293 2027 conservandam
3319 2012 3334 2037 ,
3381 1988 3490 2043 quo
3543 1990 3713 2045 possit

2121 2073 2188 2113 ex
2209 2074 2272 2113 ea
2296 2059 2412 2114 fieri
2445 2059 2722 2130 legitimus
2743 2070 2917 2131 pater.
2949 2060 3059 2117 Hoc
3079 2077 3209 2133 ergo
3237 2063 3484 2134 exemplo
3512 2064 3712 2119 intellio

2122 2168 2318 2224 gamus
2363 2168 2582 2209 omnem
2624 2155 2893 2221 animam,
2934 2166 3029 2211 aut
3061 2158 3405 2227 prostitutam
3439 2174 3559 2215 esse
3600 2159 3714 2215 da:-

2124 2245 2395 2311 monibus,
2428 2254 2485 2300 et
2516 2246 2717 2302 habere
2745 2240 3008 2317 plurimos
3043 2255 3335 2315 amatores,
3364 2250 3435 2304 ita
3462 2261 3517 2304 ut
3550 2250 3720 2308 intret

2124 2336 2192 2390 ad
2218 2351 2341 2391 eam
2372 2338 2533 2391 modo
2549 2338 2768 2407 quidem
2798 2339 3020 2407 spiritus
3048 2340 3451 2400 fornicationis:
3487 2341 3577 2397 illo
3604 2343 3717 2397 dis-

2124 2424 2379 2491 cedente,
2424 2426 2591 2481 intret
2640 2427 2866 2496 spiritus
2900 2428 3176 2496 avaritia;
3209 2441 3327 2500 post
3360 2431 3507 2485 hunc
3536 2431 3721 2486 veniat

2120 2520 2390 2589 superbia:
2410 2520 2801 2589 spiritus,-inde
2831 2522 2946 2588 ine,
2971 2521 3092 2577 inde
3115 2522 3348 2589 invidia),
3380 2531 3503 2592 post
3528 2523 3722 2588 etiam,

2122 2625 2277 2666 vana-
2316 2611 2532 2683 gloriae;
2577 2611 2776 2681 aliique
2815 2628 2940 2667 cum
2979 2613 3060 2668 eis
3094 2613 3337 2684 plurimi.
3386 2613 3475 2670 Isti
3520 2628 3715 2671 omnes

2123 2704 2198 2759 ita
2223 2719 2348 2760 cum
2377 2704 2577 2761 infideli
2610 2705 2789 2760 anima
2819 2706 3253 2770 mcretricantur,
3288 2718 3347 2761 ut
3384 2707 3519 2762 alter
3553 2708 3717 2763 alteri

2122 2812 2229 2853 non
2253 2797 2528 2853 invideant
2558 2815 2572 2851 :
2601 2812 2703 2853 nec
2725 2799 2985 2870 zelotypia
3017 2808 3340 2854 moveantur
3361 2802 3426 2855 ad
3460 2801 3712 2855 invicem.

2123 2886 2192 2942 Et
2211 2887 2341 2957 quid
2377 2886 2499 2942 dico
2524 2888 2669 2957 quod
2704 2887 2844 2943 alter
2878 2888 3108 2943 alterum
3152 2904 3256 2942 non
3290 2888 3573 2945 excludat?
3602 2890 3721 2946 lmo

2122 2986 2178 3033 et
2216 2978 2450 3032 invitant
2487 2993 2547 3033 se
2587 2978 2820 3032 invicem
2859 2986 2914 3034 et
2952 2987 3144 3048 sponte
3185 2990 3484 3034 couvocant
3520 2997 3535 3035 :
3576 2980 3722 3036 sicut

2126 3066 2289 3136 paulo
2312 3075 2440 3122 ante
2459 3065 2575 3135 jam
2605 3067 2859 3131 diximus,
2895 3068 3040 3139 quod
3064 3069 3118 3122 in
3136 3068 3431 3140 'BvaugeIio
3457 3070 3724 3141 scriptum

2127 3167 2213 3213 est
2244 3157 2309 3212 de
2349 3157 2442 3211 illo
2475 3157 2663 3228 spiritu
2692 3158 2780 3229 qui
2812 3159 2939 3213 exiit
2987 3158 3052 3213 ab
3094 3158 3323 3223 homine,
3364 3168 3412 3212 ct
3454 3175 3725 3230 regressus

2127 3248 2350 3304 adduxit
2408 3266 2583 3304 secum
2630 3257 2825 3320 septem
2878 3249 3019 3305 alios
3077 3251 3349 3321 nequiores
3395 3268 3449 3305 se
3501 3252 3719 3321 spiritus

2129 3342 2281 3416 (Luc.
2311 3343 2414 3417 xu),
2445 3343 2574 3398 utin
2601 3359 2707 3398 una
2731 3345 2908 3399 anima
2922 3344 3083 3399 simul
3104 3344 3439 3400 habitarent.
3465 3344 3556 3400 Sic
3577 3360 3723 3417 ergo

2128 3435 2331 3490 nullam
2363 3434 2683 3506 zelotypiam
2718 3446 3024 3491 amatorum
3051 3451 3271 3492 suorum
3290 3440 3494 3507 patitur
3525 3437 3707 3492 anima

2128 3539 2250 3595 quae
2287 3525 2624 3580 daemonibus
2649 3525 2939 3596 prostituta
2967 3533 3068 3580 est.
3094 3523 3152 3580 Si
3176 3541 3305 3581 vero
3320 3525 3559 3597 legitimo
3583 3540 3719 3579 cou-

2120 3615 2312 3685 juncta
2357 3616 2431 3671 sit
2467 3616 2621 3681 viro,
2670 3615 2752 3671 illi
2791 3616 2910 3670 viro
2938 3614 3093 3685 cujus
3138 3616 3483 3672 matrimonio
3515 3615 3727 3671 Paulus

2129 3709 2340 3764 animas
2370 3706 2651 3779 conjungit
2688 3715 2743 3762 et
2770 3708 2967 3772 sociat,
3006 3708 3147 3763 sicut
3172 3717 3229 3763 et
3260 3708 3376 3778 ipsc
3404 3708 3556 3772 dicit,
3588 3707 3716 3762 Sta-

2129 3801 2208 3855 tui
2237 3800 2377 3854 enim
2396 3816 2489 3854 vos
2510 3799 2605 3853 uni
2636 3799 2769 3863 viro,
2790 3798 3043 3869 virginem
3074 3807 3275 3852 castam
3304 3797 3545 3852 exhibere
3566 3795 3727 3851 Chri-

2127 3900 2211 3945 sto
2234 3889 2287 3960 (I
2311 3889 2436 3944 Cor.
2458 3887 2557 3960 ιι).
2590 3888 2659 3942 Ει
2685 3889 2752 3943 de
2776 3903 2884 3957 quo
2914 3888 2966 3942 in
2994 3882 3303 3959 Evangelils
3323 3886 3584 3956 scriptum
3610 3893 3717 3950 est,

2128 3983 2255 4054 quia
2285 3998 2378 4037 res:
2398 3981 2613 4054 quidam
2643 3981 2764 4051 fecit
2791 3981 3003 4051 nuptias
3026 3980 3140 4050 ﬁlio
3169 3996 3265 4034 suo
3299 3978 3517 4052 (Matth.
3552 3976 3712 4049 xxu).

2129 4075 2188 4130 ln
2227 4073 2389 4145 hujus
2412 4088 2542 4143 ergo
2566 4073 2671 4127 viri
2700 4074 2916 4143 nuptias
2941 4088 3065 4129 cum
3094 4089 3154 4129 se
3183 4074 3366 4128 anima
3390 4071 3633 4136 dederit,
3661 4079 3722 4127 et

2130 4166 2430 4237 legitimum
2484 4179 2609 4219 cum
2667 4178 2734 4219 eo
2797 4164 2989 4220 sortita
3054 4162 3218 4219 fuerit
3282 4162 3723 4225 matrimonium,

2128 4256 2346 4314 etiamsi
2366 4255 2466 4310 fuit
2490 4254 2780 4325 aliquando
2810 4253 3108 4325 peccatrix,
3130 4253 3346 4309 etiamsi
3372 4251 3719 4308 meretricata

2130 4358 2236 4417 est,
2270 4358 2452 4404 tamen
2482 4348 2528 4403 si
2548 4362 2607 4403 se
2633 4346 2761 4402 huic
2779 4346 2899 4402 viro
2918 4345 3162 4412 tradidit,
3183 4345 3325 4400 ultra
3347 4359 3468 4399 eam
3492 4356 3725 4413 peccare

438 4447 547 4499 lam
578 4448 709 4501 nihil
746 4449 913 4502 estin
953 4450 1173 4503 mundo.
1219 4448 1335 4503 Non
1374 4450 1519 4505 enim
1550 4449 1727 4519 aliqua
1768 4465 1833 4504 ex
1866 4451 2024 4506 rebus

2132 4456 2238 4497 non
2264 4441 2470 4510 patitur
2503 4456 2516 4494 :
2546 4452 2654 4494 non
2675 4445 2854 4508 potest
2885 4436 3031 4492 ferre
3060 4444 3119 4490 ut
3146 4451 3362 4491 rursum
3392 4435 3570 4490 anima
3598 4446 3721 4501 qua:

436 4536 779 4591 exstantibus
828 4538 1122 4592 assumitur
1166 4539 1398 4609 species,
1452 4539 1545 4593 sed
1573 4539 1717 4608 quod
1761 4540 1878 4608 ipsa
1923 4541 2026 4595 sibi

437 4627 614 4681 otiosa
657 4642 813 4681 mens
864 4637 921 4682 et
965 4629 1180 4684 curiosa
1239 4629 1462 4699 reperit.
1522 4627 1829 4685 Similitudo
1876 4645 2027 4696 vero,

438 4731 565 4770 cum
590 4716 793 4786 aliquid
823 4732 886 4772 ex
921 4718 1007 4772 his
1035 4733 1157 4788 quae
1178 4726 1307 4773 sunt
1328 4718 1412 4774 vel
1439 4717 1493 4772 in
1525 4718 1664 4774 caelo
1685 4719 1772 4774 vel
1799 4719 1855 4773 in
1882 4727 2028 4775 terra

440 4805 526 4860 vel
563 4807 617 4860 in
654 4809 844 4878 aquis,
884 4808 1150 4865 formatur
1189 4810 1333 4866 sicut
1360 4812 1611 4881 superius
1639 4814 1895 4869 diximus.
1924 4814 2030 4871 Ve-

444 4905 751 4951 rumtamen
798 4914 910 4954 non
959 4900 1101 4954 sicut
1142 4900 1211 4955 de
1240 4901 1328 4957 his
1354 4916 1477 4971 quae
1515 4902 1569 4957 in
1611 4912 1759 4958 terra
1789 4913 1917 4958 sunt
1945 4905 2029 4960 vel

444 4989 498 5042 in
526 4988 662 5041 mari
689 4988 1155 5055 similitudinibus,
1188 4991 1243 5045 in
1272 5001 1524 5062 promptu
1543 5001 1630 5049 est
1652 4995 2025 5066 pronuntiare.

436 5081 522 5136 'lta
550 5082 715 5136 etiam
764 5082 830 5135 de
867 5083 1198 5148 ccclestibus,
1242 5084 1347 5139 nisi
1385 5085 1509 5155 quis
1537 5085 1683 5141 dicat
1715 5085 1783 5141 de
1820 5086 1937 5141 sole
1973 5095 2031 5143 et

445 5170 568 5226 luna
599 5182 657 5226 et
680 5173 852 5226 stellis
892 5174 993 5229 hoc
1029 5189 1188 5243 posse
1227 5174 1442 5239 sentiri,
1478 5183 1533 5229 et
1560 5176 1756 5231 horum
1795 5190 2028 5246 namque

440 5257 649 5315 turmas
685 5261 993 5330 exprimere
1021 5262 1295 5332 gentilitas
1325 5262 1481 5317 solet.
1514 5262 1625 5319 Sed
1651 5263 1781 5333 quia
1813 5263 2029 5336 Moyses

444 5351 688 5408 eruditus
712 5360 834 5407 erat
856 5352 910 5407 in
939 5354 1087 5407 omni
1116 5353 1378 5423 sapientia
1409 5353 1789 5425 Egyptiorum
1809 5396 1823 5418 ,
1861 5357 2027 5411 etiam

470 5460 510 5496 ~a
550 5459 671 5513 qua:
711 5445 854 5515 apud
900 5444 1021 5500 illos
1053 5454 1211 5500 erant
1270 5446 1324 5500 in
1365 5447 1594 5502 occultis
1632 5453 1691 5501 et
1734 5447 2027 5503 reconditis

447 5538 734 5607 prohibere
758 5540 1031 5611 cupiebat.

519 5626 630 5698 Ego
651 5630 787 5684 enim
805 5648 922 5686 sum
946 5631 1202 5686 Dominus
1218 5631 1357 5686 Deus
1382 5643 1528 5696 tuus,
1546 5631 1800 5687 Dominus
1827 5631 2022 5688 celans.

451 5718 581 5775 Vide
616 5721 1003 5794 benignitatem
1036 5724 1129 5779 Dei
1154 5764 1167 5781 .
1199 5724 1469 5795 quomodo
1509 5731 1566 5778 ut
1604 5738 1704 5779 nos
1741 5722 1933 5780 doceat
1972 5730 2029 5779 et

2132 4547 2192 4588 se
2233 4531 2427 4586 sortita
2474 4537 2560 4585 est
2602 4530 2799 4592 virum,
2855 4527 3057 4582 aliudat
3105 4524 3399 4590 adulteris,
3446 4520 3726 4577 excitatur

2131 4637 2295 4691 super
2329 4638 2449 4676 eam
2491 4620 2639 4675 zelus
2674 4618 2812 4688 ejus,
2844 4617 3088 4673 defendit
3116 4614 3350 4685 conjugii
3389 4612 3718 4668 castitatem.

2131 4712 2201 4767 Et
2237 4711 2422 4766 zelans
2454 4710 2655 4765 dicitur
2678 4710 2849 4773 Deus,
2877 4707 3005 4777 quia
3026 4706 3271 4760 animam
3306 4705 3408 4760 sibi
3438 4701 3718 4770 mancipa-

2132 4813 2244 4860 tam
2275 4820 2381 4859 non
2417 4802 2623 4873 patitur
2651 4800 2989 4856 daemonibus
3026 4797 3333 4853 admisceri.
3366 4792 3641 4863 Alioquin,
3670 4791 3722 4847 si

2130 4913 2252 4953 eam
2278 4896 2478 4951 viderit
2506 4900 2863 4948 temerantem
2886 4892 3011 4962 'jura
3038 4889 3298 4961 coniugii,
3325 4896 3381 4943 et
3405 4887 3727 4942 occasiones

2129 5003 2375 5061 quaerere
2400 4986 2468 5041 ad
2491 4996 2797 5055 peccatum,
2832 4991 2992 5047 tunc,
3031 4990 3089 5036 ut
3123 4983 3385 5050 scriptum
3411 4986 3514 5041 est,
3550 4976 3644 5031 dat
3670 4977 3721 5029 ei

2129 5080 2361 5137 libellum
2400 5078 2624 5150 repudii,
2660 5088 2708 5131 et
2747 5076 2964 5130 dimittit
3003 5091 3121 5130 eam
3154 5073 3332 5127 dicens
3365 5087 3383 5126 :
3421 5068 3522 5124 Ubi
3548 5077 3624 5123 est
3655 5066 3720 5120 li-

2130 5173 2296 5230 bellus
2332 5170 2536 5244 repudii
2570 5171 2754 5223 matris
2782 5180 2988 5233 κείνω,
3011 5184 3114 5238 quo
3138 5166 3318 5220 dimisi
3371 5180 3487 5219 eam
3537 5160 3719 5233 (Deut.

2130 5264 2242 5338 xw)
2258 5267 2282 5320 ?
2301 5264 2508 5332 Quibus
2528 5265 2690 5319 etiam
2715 5265 2865 5320 addit
2886 5272 2942 5320 et
2960 5263 3120 5329 dicit:
3141 5261 3278 5315 Ecce
3292 5259 3515 5330 peccatis
3540 5254 3725 5309 vestris

2133 5356 2416 5411 venundati
2445 5357 2590 5421 estis,
2620 5366 2667 5410 et
2704 5366 2917 5426 propter
2952 5353 3255 5424 iniquitates
3284 5360 3512 5414 vestras,
3542 5349 3725 5405 dimisi

2134 5459 2354 5504 matrem
2380 5458 2606 5504 vestram
2632 5449 2848 5521 (larem.
2875 5446 2980 5518 nd.

2217 5540 2451 5595 Visitans
2488 5540 2817 5612 iniquitatem
2858 5547 3067 5608 patrum
3100 5538 3153 5591 in
3180 5536 3306 5606 filiis
3345 5536 3401 5589 in
3426 5534 3640 5587 tertiam
3671 5541 3720 5587 et

2132 5642 2377 5705 quartam
2418 5631 2804 5704 generationem
2850 5644 3030 5683 eorum
3058 5668 3073 5693 ,
3112 5628 3202 5694 qui
3247 5625 3469 5680 oderunt
3513 5637 3627 5686 me;
3671 5628 3721 5677 ιε

2135 5722 2332 5792 faciens
2384 5719 2794 5776 misericordium
2832 5717 2884 5773 iu
2923 5715 3092 5772 millia
3131 5716 3211 5771 his
3255 5715 3344 5787 qui
3382 5710 3605 5783 diligunt
3639 5721 3722 5763 ms
