4052 6184
305 169 371 222 ιη
1327 143 1822 240 contemnunt
1864 169 1930 221 ut
1975 167 2284 223 sxoonu.
2326 198 2393 206 —
2432 169 2558 222 un.
2600 170 2661 224 ιι.
3483 181 3552 238 93

298 290 354 331 et
378 275 676 330 custodiunt
706 281 961 342 p—rwcepta
987 288 1120 336 mea,
1143 280 1243 328 etc.
1275 271 1426 328 Nunc
1447 290 1576 345 ergo
1594 275 1871 329 videamus
1899 285 1950 340 Α
1973 291 2124 346 quem
2146 278 2458 346 preparavit
2487 276 2627 330 Deus
2653 277 2860 332 diabolo
2887 289 2933 333 et
2965 283 3161 350 angelis
3191 287 3306 354 ejus
3333 287 3552 358 (Matth.

303 368 600 422 secundum
630 365 768 417 hanc
800 379 962 432 quam
990 363 1227 418 diximus
1249 367 1582 435 progeniem,
1609 370 1884 435 quomodo

301 457 448 511 Deus
482 464 702 524 peccata
741 465 954 523 patrum
988 456 1178 508 reddat
1216 456 1271 508 in
1315 454 1453 511 ﬁlios
1491 457 1544 511 in
1584 460 1799 512 tertiam
1824 467 1879 512 et

302 557 554 616 quartam
596 546 926 615 progeniem,
956 554 1011 598 et
1045 547 1097 599 in
1127 546 1270 615 ipsos
1311 562 1415 602 non
1449 549 1634 603 reddat
1673 560 1876 619 patres.

304 637 448 690 Nihil
479 637 625 689 enim
674 635 740 688 de
785 635 1031 702 patribus
1077 636 1233 690 dixit.
1286 638 1539 692 Diabolus
1575 654 1706 709 ergo
1752 642 1878 708 quia

297 725 562 799 peccandi
581 724 694 792 jam
721 726 938 777 modum
976 728 1229 789 excessit,
1261 728 1402 781 sicut
1429 731 1690 798 propheta
1727 731 1877 794 dicit,

301 816 758 888 quemadmodum
781 815 1158 870 vestimentum
1183 817 1234 869 in
1257 820 1520 887 sanguine
1544 830 1878 884 concretum,

303 921 412 960 non
444 905 552 959 erit
601 904 888 967 mundum,
924 903 999 956 ita
1027 913 1082 958 et
1129 905 1242 974 ipse
1283 921 1387 960 nou
1413 909 1518 961 erit
1557 909 1786 963 mundus
1823 909 1879 963 in

303 998 407 1050 hoc
461 995 680 1056 seculo,
727 1008 901 1061 neque
946 995 1235 1063 corripitur
1280 1012 1378 1065 pro
1421 1009 1665 1066 peccato,
1705 1015 1882 1067 neque

303 1086 620 1156 ﬂagellatur.
663 1084 855 1138 Omnia
900 1099 1132 1152 namque
1161 1086 1209 1138 ei
1245 1098 1456 1141 servata
1485 1099 1611 1143 sunt
1649 1090 1702 1143 in
1732 1089 1878 1143 futu-

306 1191 446 1228 rum.
483 1174 633 1228 Unde
667 1182 724 1226 et
750 1173 866 1243 ipse
891 1174 1070 1227 sciens
1090 1174 1190 1228 sibi
1223 1176 1350 1229 illud
1378 1187 1638 1232 statutum
1670 1189 1882 1257 tempus

301 1283 425 1320 esse
454 1278 758 1335 pmnarum,
788 1265 999 1318 dicebat
1016 1265 1086 1317 ad
1116 1263 1450 1320 Salvatorem
1487 1287 1499 1320 :
1534 1267 1672 1333 Quid
1697 1272 1878 1324 venisti

300 1367 424 1408 ante
465 1365 667 1424 tempus
703 1364 940 1424 torquere
973 1371 1066 1407 nos
1102 1355 1325 1416 (Matth.
1361 1358 1524 1426 vtu)?
1573 1359 1710 1412 Dum
1747 1377 1878 1430 ergo

303 1456 412 1499 stat
445 1447 534 1498 hic
565 1445 812 1506 mundus,
849 1454 1070 1512 peccata
1105 1460 1204 1498 sua
1251 1461 1356 1500 non
1389 1449 1579 1517 recipit
1611 1450 1874 1514 diabolus,

302 1534 395 1603 qui
422 1544 510 1587 est
531 1533 868 1603 peccantium
888 1540 1061 1602 pater.
1098 1534 1412 1590 lledduutur
1441 1547 1620 1608 autem
1643 1539 1694 1592 in
1719 1540 1876 1604 ﬁlios,

1980 367 2126 436 xxv).
2170 367 2463 422 Possumus
2500 377 2554 420 et
2591 368 2695 421 alio
2735 372 2893 423 modo
2924 373 3063 426 hanc
3105 379 3429 433 sententiam
3470 381 3556 436 in-

1980 458 2246 526 telligere,
2287 459 2412 526 quia
2452 459 2586 513 dicit
2629 459 2794 524 Dens,
2834 463 2976 531 quod
3017 464 3181 518 visitet
3227 468 3552 538 iniquitatem

1977 540 2186 617 patrum
2211 549 2263 602 in
2284 549 2421 617 ﬁlios
2442 551 2496 604 in
2519 552 2726 604 tertiam
2741 563 2787 606 et
2803 564 3050 623 quartam
3070 560 3473 624 generationem,
3493 572 3552 617 ut

1979 637 2032 690 in
2049 640 2134 692 his
2159 640 2250 707 qui
2281 649 2502 708 peccata
2524 649 2740 711 patrum
2761 653 3079 712 sequuntur,
3099 645 3255 713 justte
3274 653 3552 706 sentcntiae

1979 729 2251 783 damnatio
2276 741 2611 799 permaneat.
2645 731 2780 786 Nam
2811 734 2963 801 quasi
2993 736 3252 806 injustitia
3283 740 3554 796 videretur

1979 818 2145 872 alium
2187 836 2435 889 peccare,
2480 830 2535 875 et
2578 823 2740 877 alium
2777 823 2926 880 luere
2951 835 3190 895 peccata.
3241 827 3346 884 Sed
3385 846 3452 886 ex
3489 847 3554 886 eo

1978 912 2121 980 quod
2163 913 2440 980 sequitur,
2473 914 2554 966 his
2594 916 2682 984 qui
2722 931 2803 968 me
2837 917 3077 982 oderunt,
3123 921 3554 976 comminationis

1980 1003 2094 1056 sive
2143 1005 2395 1072 praecepti
2449 1006 2760 1060 scandalum
2807 1010 3053 1062 solvitur.
3103 1009 3217 1065 Non
3261 1012 3380 1066 ideo
3409 1015 3553 1068 enim

1979 1094 2275 1160 puniuntur
2302 1094 2355 1146 in
2383 1097 2539 1148 tertia
2567 1107 2622 1149 et
2649 1107 2839 1166 quarta
2865 1101 3210 1169 generatione
3227 1143 3240 1167 ,
3268 1105 3392 1172 quia
3421 1106 3555 1161 deli-

1979 1193 2213 1250 querunt
2233 1192 2416 1250 patres
2430 1200 2640 1249 eorum,
2665 1201 2785 1241 cum
2809 1199 2990 1257 patres
3016 1193 3193 1259 potius
3215 1195 3305 1262 qui
3330 1193 3552 1253 fuerunt

1978 1280 2292 1340 peccatores
2309 1275 2487 1342 puniri
2511 1275 2838 1342 debuerunt;
2872 1279 2965 1332 sed
2991 1283 3116 1349 quia
3155 1293 3372 1351 patum
3393 1287 3560 1342 exsti-

1982 1373 2162 1417 terunt
2203 1365 2578 1431 :errmlatores,
2610 1379 2666 1422 et
2703 1370 2936 1424 oderunt
2975 1372 3164 1438 Deum,
3211 1376 3555 1436 htereditario

1979 1456 2121 1509 male
2143 1465 2197 1509 et
2221 1457 2496 1525 impietate
2518 1459 2814 1527 perierunt,
2847 1463 2897 1515 in
2928 1479 3106 1518 ramos
3132 1483 3345 1536 quoque
3369 1471 3432 1523 de
3466 1487 3552 1524 ra-

1980 1545 2098 1599 dice
2136 1556 2429 1601 crescente.
2466 1547 2605 1602 Suut
2643 1564 2732 1617 qui
2772 1551 2872 1605 hoc
2903 1555 3045 1621 quod
3091 1572 3235 1610 nunc
3272 1559 3326 1611 in
3371 1559 3555 1615 Exodo

301 1628 358 1681 ἱ]
401 1635 487 1682 εει
533 1628 586 1680 in
621 1639 716 1680 e05
757 1639 893 1693 ιιυοε
948 1625 1132 1695 genu“
1183 1640 1279 1694 Ροι·
1311 1638 1611 1694 Peculium-
1669 1628 1878 1682 Eleuim
1910 1631 1956 1689 Β
1983 1637 2241 1704 scriptum
2284 1647 2397 1703 est,
2440 1639 2680 1694 Reddens
2717 1643 3017 1712 iniquitates
3051 1657 3258 1716 patrum
3299 1667 3456 1720 super
3491 1653 3556 1721 ﬁ-

303 1717 556 1775 homines
607 1717 659 1768 in
708 1730 874 1769 carne
921 1715 1082 1782 positi
1127 1716 1491 1784 corripiuntur
1540 1732 1570 1769 a
1629 1718 1878 1782 Domino,

304 1806 697 1868 verberantur,
741 1804 1094 1875 flagellantur.
1133 1805 1249 1858 Non
1291 1807 1434 1859 enim
1473 1807 1583 1860 vult
1623 1807 1880 1863 Dominus

304 1906 538 1950 tuortem
571 1897 891 1965 peccatoris,
936 1897 1031 1948 sed
1073 1903 1131 1948 ut
1175 1905 1481 1949 revertatur
1515 1905 1571 1951 et
1607 1899 1769 1952 vivat.
1815 1899 1883 1953 Et

301 1994 594 2053 propterea
643 1984 910 2053 benignus
952 1991 1010 2036 et
1053 1982 1361 2038 misericors
1397 1984 1658 2041 Dominus
1705 1987 1879 2042 reddit

302 2083 526 2142 peccata
560 2083 774 2142 patrum
813 2073 864 2125 iu
911 2074 1079 2138 lilios,
1110 2081 1168 2126 ut
1193 2075 1460 2141 quomodo
1483 2085 1684 2144 patres,
1716 2078 1769 2131 id
1797 2086 1883 2133 est

302 2165 554 2219 diabolus
582 2173 636 2219 et
663 2165 836 2234 angeli
877 2163 1014 2232 ejus,
1055 2167 1344 2234 cmterique
1383 2168 1654 2237 principes
1695 2172 1880 2225 mundi

301 2273 365 2310 ac
400 2266 642 2310 rectores
687 2266 1031 2310 tenebrarum
1074 2257 1267 2313 barum
1313 2259 1390 2329 (et
1433 2261 1535 2330 ipsi
1575 2263 1718 2316 enim
1757 2263 1877 2318 efﬁ-

300 2348 521 2399 ciuntur
558 2356 742 2415 patres
769 2347 974 2414 peccati
1005 2347 1145 2402 sicut
1180 2355 1237 2401 et
1266 2348 1554 2416 diabolus),
1583 2353 1877 2420 quomodo,

303 2447 550 2514 inquam,
581 2454 765 2512 patres
790 2444 875 2498 isti
908 2445 1110 2516 indigni
1138 2456 1264 2500 sunt
1293 2447 1385 2515 qui
1418 2448 1471 2501 in
1504 2452 1758 2517 ιιι-περιιιί
1780 2467 1882 2506 sae-

303 2538 426 2590 culo
457 2537 853 2602 corripantur,
885 2535 978 2588 sed
1008 2535 1061 2587 in
1094 2534 1273 2590 futuro
1312 2538 1578 2606 recipiunt
1618 2555 1737 2610 quas
1770 2556 1882 2596 me-

306 2639 513 2688 rentur,
541 2625 633 2678 lilii
652 2639 863 2688 eorum,
889 2624 944 2678 id
961 2635 1066 2687 est,
1089 2639 1224 2693 quos
1244 2641 1470 2695 peccare
1488 2632 1878 2697 persuaserint,

302 2729 359 2773 et
385 2719 479 2788 qui
519 2716 868 2770 nihilominus
908 2730 1004 2783 per
1046 2716 1189 2785 ipsos
1229 2718 1385 2771 asciti
1429 2719 1627 2773 fuerint
1662 2723 1728 2776 ad
1756 2738 1884 2776 con-

304 2809 534 2863 sortium
581 2807 1003 2874 societatemque
1044 2808 1292 2874 peccati,
1347 2809 1401 2862 hi
1452 2810 1716 2878 recipiunt
1761 2826 1882 2880 quae

305 2908 588 2970 gesserunt
613 2917 626 2952 :
652 2908 710 2951 ut
735 2902 1073 2968 purgatiores
1105 2901 1172 2953 ad
1198 2900 1433 2954 futurum
1470 2902 1722 2957 saaculum
1751 2919 1879 2973 per-

1981 1725 2079 1779 lios
2107 1728 2160 1780 in
2197 1732 2400 1782 tertiam
2431 1740 2477 1784 et
2508 1743 2752 1800 quartam
2792 1737 3204 1804 generationem,
3246 1741 3318 1794 ita
3355 1743 3556 1799 edisse-

1982 1826 2126 1881 raut,
2157 1827 2210 1872 ut
2234 1820 2301 1873 ad
2327 1821 2561 1873 animam
2587 1821 2876 1878 humanam
2909 1830 3230 1884 sententiam
3263 1830 3501 1887 referant
3539 1852 3552 1888 :

1981 1919 2189 1978 patrem
2226 1909 2276 1962 in
2328 1912 2500 1975 nobis,
2551 1911 2668 1966 leve
2697 1927 2953 1984 punctum
3003 1934 3256 1974 sensuum
3285 1931 3339 1975 et
3373 1923 3556 1980 incen-

1983 2002 2092 2055 tiva
2118 2002 2372 2054 vitiorum
2410 2016 2529 2056 esse
2565 2003 2826 2069 dicentes,
2869 2007 3038 2061 ﬁlium
3066 2024 3195 2064 vero
3220 2010 3266 2064 si
3304 2012 3558 2081 cogitatio

1981 2103 2260 2164 peccatum
2302 2095 2631 2163 conceperit.
2676 2095 2956 2166 Nepotem,
2989 2100 3034 2154 si
3067 2102 3210 2168 quod
3237 2104 3558 2173 cogitaveris

1981 2192 2142 2252 atque
2189 2186 2541 2252 conceperis,
2591 2199 2754 2252 opere
2800 2193 3147 2256 perpetraris.
3199 2189 3558 2260 Pronepotem

1981 2283 2184 2335 autem,
2214 2272 2316 2326 hoc
2338 2281 2440 2336 est,
2455 2273 2859 2342 generationem
2881 2285 3152 2345 quartam,
3179 2279 3226 2333 si
3255 2295 3360 2334 non
3383 2282 3556 2336 solum

1981 2360 2176 2415 feceris
2207 2361 2350 2430 quod
2395 2362 2594 2415 malum
2636 2372 2722 2417 est
2759 2373 2814 2417 et
2866 2366 3152 2421 scelestum
3183 2407 3199 2432 ,
3231 2369 3326 2423 sed
3365 2370 3420 2423 in
3455 2374 3559 2427 tuis

1981 2451 2278 2506 sceleribus
2314 2450 2583 2522 glorieris,
2614 2453 2911 2510 secundum
2952 2455 3079 2512 illud
3117 2460 3260 2528 quod
3290 2460 3553 2531 scriptum

1981 2549 2066 2594 est
2113 2559 2126 2594 :
2170 2540 2374 2610 Impius
2412 2558 2530 2594 cum
2573 2544 2627 2596 in
2669 2544 2991 2613 profundum
3035 2548 3294 2603 malorum
3345 2556 3560 2623 venerit,

1980 2633 2256 2686 contemnit
2297 2629 2479 2702 (Prov.
2512 2641 2688 2705 xvm).
2723 2636 2873 2701 Quod
2900 2645 3082 2691 autem
3114 2637 3269 2708 juxta
3293 2641 3555 2700 Ezechie-

1981 2722 2084 2776 lem
2115 2722 2374 2776 Dominus
2400 2723 2528 2777 dicit
2554 2742 2566 2775 :
2603 2726 2743 2788 Quid
2773 2736 2846 2778 est
2877 2727 3016 2796 quod
3053 2729 3190 2783 inter
3213 2747 3298 2784 vos
3322 2734 3551 2802 parabo—

1981 2813 2088 2866 lam
2119 2815 2313 2868 vertitis
2335 2815 2389 2866 in
2414 2816 2740 2883 proverbium
2764 2819 2904 2870 istud
2933 2819 2984 2871 in
3015 2829 3155 2874 terra
3179 2821 3349 2877 Israel
3376 2825 3552 2881 dicen-

1986 2913 2081 2967 tes,
2133 2900 2320 2957 Patres
2353 2904 2682 2958 comederunt
2722 2923 2875 2960 uvam
2906 2910 3179 2978 acerbam,
3210 2923 3258 2966 et
3291 2915 3469 2970 dentes
3493 2921 3560 2984 ﬁ-

305 3000 452 3060 gant,
492 2997 549 3043 et
574 2989 712 3042 ultra
738 2989 951 3044 diabolo
977 2991 1107 3044 socii
1149 3006 1254 3044 non
1285 2991 1585 3047 elﬁciantur
1613 2994 1665 3047 in
1699 3010 1880 3064 ptena.
1912 2995 1956 3055 C
1987 2992 2178 3046 liorum
2204 2993 2579 3062 obstupuerunt
2606 3008 2624 3046 :
2656 2993 2783 3049 Vivo
2814 3013 2928 3066 ego,
2961 2999 3084 3052 dicit
3111 3001 3366 3058 Dominus
3392 3006 3558 3074 Deus,

307 3081 444 3147 Quia
470 3095 602 3151 ergo
633 3081 940 3135 misericors
970 3090 1054 3136 est
1089 3081 1378 3148 Dominus,
1417 3096 1470 3139 et
1495 3099 1684 3142 omnes
1712 3089 1888 3143 homi-

311 3185 404 3223 nes
448 3170 564 3222 vult
613 3169 790 3223 salvos
838 3171 978 3234 ﬁeri,
1017 3181 1300 3240 propterea
1343 3174 1515 3229 dicit:
1549 3174 1783 3231 Visitabo
1828 3179 1881 3232 in

305 3263 449 3331 virga
483 3264 724 3332 facinora
752 3279 950 3328 eorum,
993 3274 1041 3318 et
1084 3265 1138 3318 in
1180 3265 1402 3335 ﬂagellis
1431 3279 1643 3336 peccata
1679 3286 1878 3324 eorum.

315 3364 729 3418 Misericordiam
755 3373 928 3416 autem
951 3379 1118 3416 meum
1142 3380 1244 3417 non
1264 3364 1502 3433 auferam
1521 3366 1584 3419 ab
1611 3368 1684 3420 eis
1708 3366 1878 3439 (Psal.

309 3455 595 3524 Lxxxvm).
627 3454 823 3509 Visitat
862 3455 1026 3524 igitur
1064 3455 1321 3510 Dominus
1362 3457 1570 3512 animas
1611 3468 1668 3515 et
1705 3461 1882 3530 requi-

312 3548 400 3610 rit,
425 3559 562 3614 quas
589 3544 704 3613 ipse
729 3546 992 3615 pessimus
1016 3547 1365 3614 persuasione
1391 3551 1595 3618 peccati
1621 3559 1773 3620 pater
1792 3568 1880 3621 ge»

311 3638 503 3701 nuerit,
542 3644 596 3690 et
626 3636 756 3690 dicit
787 3636 854 3689 ad
881 3651 1317 3706 unamquamque
1342 3654 1529 3693 earum
1565 3657 1578 3692 :
1617 3641 1789 3706 Audi,
1821 3643 1883 3711 ﬁ-

303 3728 412 3791 lia,
441 3737 488 3780 et
515 3726 650 3790 vide,
681 3737 730 3780 et
766 3727 958 3780 inclina
987 3746 1163 3782 aurem
1199 3740 1364 3795 tuum,
1392 3743 1438 3785 et
1468 3733 1762 3788 obliviscere
1791 3753 1884 3805 po-

304 3818 486 3886 pulum
514 3826 682 3882 tuum,
702 3827 748 3870 et
774 3818 1185 3887 domumpatm
1210 3821 1286 3872 tui
1320 3818 1489 3890 (Psal.
1523 3823 1652 3891 xu).
1689 3821 1883 3877 Visitat

307 3922 435 3977 ergo
460 3917 671 3975 tempus
691 3918 972 3976 peccatum
993 3916 1047 3963 et
1070 3919 1376 3966 commonet
1402 3920 1454 3964 te
1481 3929 1494 3964 :
1523 3913 1651 3966 etin
1675 3913 1884 3982 ﬂagello

293 4013 362 4052 et
393 4000 445 4052 in
470 4000 618 4068 virga
649 4007 701 4052 te
720 3999 905 4052 visitat
935 4014 1033 4068 pro
1061 4009 1300 4069 peccato,
1333 4004 1476 4071 quod
1509 4003 1604 4057 tibi
1637 4004 1882 4060 diabolus

309 4097 461 4159 pater
486 4088 747 4158 subjecit,
777 4097 829 4142 ut
859 4091 1049 4144 reddat
1073 4089 1202 4144 illud
1235 4092 1329 4146 tibi
1353 4093 1406 4146 in
1433 4093 1666 4163 signum,
1700 4096 1751 4149 id
1774 4105 1879 4162 est,

309 4183 434 4232 dum
475 4179 530 4232 in
559 4191 786 4247 corpore
823 4178 974 4248 degis
1007 4196 1020 4233 :
1052 4190 1107 4234 et
1131 4179 1209 4235 sic
1238 4181 1551 4250 completur,
1587 4185 1736 4239 reddi
1759 4200 1884 4254 pec-

308 4279 425 4322 cata
456 4279 671 4338 patrum
702 4268 755 4321 in
787 4269 938 4324 sinus
967 4269 1201 4324 ﬁliorum
1231 4286 1286 4324 In
1312 4271 1523 4326 tertiam
1553 4288 1606 4327 et
1632 4285 1881 4343 quartam

1981 3083 2029 3137 si
2079 3086 2178 3138 erit
2217 3085 2355 3139 vobis
2406 3085 2544 3139 ultra
2597 3088 2847 3155 parabola
2880 3090 2992 3144 lucc
3036 3092 3090 3144 in
3133 3098 3455 3163 proverbium
3493 3102 3548 3155 in

1983 3175 2173 3230 Israel.
2211 3176 2346 3229 Ecce
2373 3193 2546 3231 omnes
2575 3178 2765 3232 animo:
2795 3196 2922 3234 mete
2951 3194 3071 3237 sunt
3101 3201 3120 3238 :
3155 3195 3210 3239 ut
3249 3189 3425 3244 animo
3453 3209 3552 3263 pa-

1982 3269 2097 3332 tris,
2121 3269 2272 3322 itaet
2295 3270 2472 3323 anima
2500 3270 2602 3339 ﬁlii
2624 3288 2738 3326 mea
2768 3283 2860 3327 est.
2892 3275 3081 3330 Anima
3106 3297 3222 3350 quia
3245 3288 3550 3351 peccaverit.

1982 3359 2094 3429 ipsa
2132 3360 2386 3412 morietur
2413 3359 2632 3431 (Execlt.
2666 3363 2844 3435 xvm).
2873 3364 3180 3424 Manifestat
3204 3375 3345 3442 quod
3370 3375 3556 3444 justus

1977 3452 2142 3520 judex
2184 3453 2474 3522 unicuique
2516 3456 2810 3509 Secundum
2851 3459 3066 3526 propria
3115 3464 3301 3518 reddet
3336 3469 3550 3524 merita.

1985 3544 2138 3600 Sicut
2166 3545 2310 3598 enim
2337 3555 2560 3614 peccata
2592 3546 2824 3600 ﬁliorum
2852 3565 2958 3602 non
2989 3564 3179 3606 nocent
3200 3557 3442 3622 patribus
3463 3561 3558 3628 qui

1983 3654 2087 3692 non
2132 3653 2358 3706 pravum
2410 3639 2714 3707 exemplum
2756 3642 2963 3709 peccati
3014 3643 3137 3702 ﬁliis
3187 3649 3549 3717 praebuerunt,

1983 3727 2056 3779 ita
2106 3735 2326 3794 peccata
2365 3735 2580 3796 patrum
2631 3728 2940 3798 iniquorum
2988 3749 3092 3786 non
3144 3737 3444 3794 redundant
3487 3744 3554 3798 ad

1984 3813 2153 3879 ﬁlios,
2195 3816 2241 3870 si
2269 3832 2457 3871 eorum
2502 3817 2799 3873 imitatores
2841 3821 2893 3873 in
2937 3823 3076 3876 malo
3121 3841 3223 3879 non
3253 3827 3416 3895 ﬁunt;
3461 3835 3555 3888 sed

1982 3909 2158 3962 animo
2190 3925 2306 3980 qum
2337 3912 2644 3978 peccaverit,
2687 3913 2799 3981 ipsa
2827 3917 3095 3969 morietur.
3121 3917 3236 3974 Non
3264 3920 3554 3978 abolitione

1983 4000 2166 4069 utique
2202 4000 2517 4055 substantite
2537 4043 2552 4066 ,
2583 4004 2676 4057 sed
2701 4018 2768 4056 ex
2799 4005 2916 4075 ejus
2957 4011 3214 4063 consortii
3254 4012 3554 4079 privatione

1983 4091 2075 4160 qui
2123 4091 2273 4156 dicit,
2323 4089 2434 4162 Ego
2457 4108 2574 4144 sum
2604 4093 2708 4145 vita
2737 4093 2917 4163 (Joan.
2951 4097 3081 4167 xiv).
3121 4097 3188 4152 Et
3229 4099 3352 4154 alibi
3396 4101 3560 4170 loqui-

1985 4192 2072 4237 tur
2101 4201 2114 4237 :
2144 4183 2327 4237 Omnis
2352 4184 2442 4254 qui
2480 4185 2600 4237 vivit
2625 4195 2674 4237 et
2701 4185 2861 4238 credit
2883 4187 2936 4238 in
2969 4203 3067 4252 me,
3105 4205 3208 4242 non
3231 4192 3480 4243 morietur
3506 4195 3560 4247 in

1986 4287 2256 4330 veternum.
2307 4275 2491 4340 Amen,
2544 4292 2697 4328 amen
2746 4276 2862 4328 dico
2921 4277 3088 4342 vobis,
3135 4279 3223 4348 qui
3268 4295 3560 4336 sermonem

309 4361 637 4430 progeniem.
694 4361 955 4415 Dominus
1001 4362 1144 4416 enim
1190 4363 1372 4418 zelans
1417 4372 1502 4418 est
1543 4375 1597 4419 et
1645 4369 1880 4421 animam
1911 4334 1961 4391 ι)
1988 4381 2159 4418 meum
2207 4366 2502 4429 servaverit,
2553 4373 2770 4416 mortem
2820 4380 2923 4416 non
2969 4365 3157 4419 videbit
3199 4367 3254 4421 in
3311 4379 3560 4425 (uernum

306 4467 465 4522 quam
497 4453 601 4507 sibi
636 4453 922 4522 despondit
953 4453 1004 4506 in
1035 4453 1155 4520 ﬁde,
1199 4471 1304 4509 nou
1343 4456 1452 4511 vult
1495 4457 1638 4511 illam
1673 4474 1888 4528 perma-

309 4559 435 4596 nere
476 4544 530 4595 in
567 4543 1027 4596 contaminatioue
1067 4546 1292 4613 peccati,
1327 4547 1420 4601 sed
1463 4548 1575 4600 vult
1617 4563 1735 4602 eam
1778 4551 1887 4604 cito

308 4634 548 4706 purgari,
599 4643 655 4687 et
701 4633 960 4687 velociter
1005 4632 1237 4700 abjirere
1281 4649 1472 4690 omnes
1522 4637 1889 4694 immunditias

307 4740 474 4788 suas,
534 4726 696 4779 sicuti
757 4724 894 4779 forte
944 4734 1250 4795 surreptam
1306 4735 1408 4781 est.
1471 4726 1528 4780 Si
1587 4743 1714 4782 vero
1768 4745 1890 4799 per-

312 4822 489 4866 manet
533 4813 588 4866 in
631 4814 870 4882 peccatis
906 4824 959 4868 et
996 4815 1150 4878 dicit,
1199 4814 1313 4868 Non
1365 4817 1646 4871 audiemus
1698 4833 1884 4872 vocem

311 4903 541 4966 Domini,
584 4903 678 4957 sed
721 4902 982 4959 facientes
1017 4904 1273 4959 faciemus
1312 4907 1614 4962 voluntates
1653 4917 1882 4974 nostras,

308 5006 360 5049 et
386 4996 740 5051 inecndemus
774 4998 930 5050 thura
957 5013 1154 5067 reg-me
1181 4999 1324 5064 caeli,
1353 5001 1492 5056 sicut
1527 5003 1887 5071 exprobratur

307 5105 402 5159 per
436 5089 786 5159 prophetam,
819 5098 946 5144 tunc
975 5101 1263 5144 servantur
1287 5093 1448 5146 etiam
1496 5095 1592 5164 ipsi
1637 5096 1704 5149 ad
1740 5095 1884 5149 illam

309 5185 601 5252 Sapientia
641 5184 962 5238 sententiam
993 5199 1112 5253 qua:
1150 5184 1282 5238 dicit
1321 5203 1332 5238 :
1369 5185 1630 5250 Quoniam
1673 5187 1878 5258 quidem

309 5279 554 5331 vocabam
591 5290 636 5330 et
669 5295 772 5331 non
810 5280 1118 5342 audiebatis,
1163 5281 1252 5333 sed
1288 5281 1583 5334 irridebatis
1621 5299 1880 5337 sermones

309 5383 472 5429 meos,
521 5367 698 5437 itaque
746 5376 792 5419 et
851 5384 942 5438 ego
993 5379 1215 5422 vestrum
1260 5370 1603 5437 perditionem
1652 5371 1880 5425 rrridebo

307 5453 526 5526 (Jerem.
551 5456 716 5526 Iuv).
739 5457 832 5511 Vel
859 5457 944 5511 illa
963 5474 1080 5526 qua;
1104 5460 1274 5528 posita
1292 5469 1372 5515 est
1386 5460 1881 5533 illisinEvangelio,

308 5545 521 5604 dicente
549 5549 779 5603 Domino
820 5567 832 5601 :
873 5548 1136 5604 Discedite
1169 5568 1200 5604 a
1225 5569 1306 5606 me
1333 5553 1386 5606 in
1420 5553 1590 5622 ignem
1611 5565 1885 5622 cternum,

1991 4455 2172 4526 (Joan.
2205 4460 2277 4521 ν).
2326 4451 2436 4506 Vita
2461 4454 2598 4506 enim
2629 4462 2808 4506 nostra
2841 4454 3144 4510 abscondita
3164 4471 3238 4510 est
3265 4476 3379 4512 cum
3405 4457 3559 4515 Clu-i-

1992 4554 2068 4597 sto
2093 4543 2147 4597 in
2172 4544 2279 4598 Deo
2305 4541 2529 4613 (Coloss.
2573 4543 2678 4613 ιιι),
2712 4542 2838 4612 quia
2874 4544 3065 4598 victuri
3095 4560 3312 4613 sumus,
3345 4551 3561 4617 quando

1991 4636 2240 4692 Christus
2271 4636 2583 4706 apparuerit
2605 4636 2713 4690 vita
2753 4646 2937 4692 nostra
2971 4637 3024 4691 in
3052 4638 3242 4708 gloria.
3282 4642 3346 4694 Et
3377 4643 3563 4715 imple-

1989 4727 2136 4782 bitur
2164 4728 2292 4782 illud
2318 4728 2462 4797 quod
2491 4727 2751 4796 scriptum
2776 4738 2860 4782 est
2888 4745 2900 4780 :
2933 4729 3115 4794 Amen,
3147 4747 3298 4784 amen
3331 4733 3448 4786 dico
3476 4752 3563 4787 vo-

1988 4821 2082 4886 bis,
2114 4822 2202 4890 qui
2227 4836 2514 4874 sermonem
2555 4836 2727 4873 meum
2775 4819 2947 4886 audit,
2985 4830 3035 4874 et
3076 4821 3239 4876 credit
3279 4824 3331 4877 ei
3364 4825 3454 4896 qui
3481 4841 3562 4882 me

1987 4912 2146 4975 misit,
2178 4911 2330 4964 habet
2359 4912 2514 4964 vitam
2544 4920 2812 4974 aternam,
2840 4919 2888 4963 et
2923 4911 2978 4964 in
2999 4909 3258 4980 judicium
3281 4931 3384 4968 non
3405 4916 3560 4982 venit,

1987 5002 2076 5056 sed
2097 5001 2384 5055 transibita
2407 5010 2570 5054 morte
2591 5001 2646 5053 in
2671 5001 2774 5053 vita
2793 5000 2974 5070 (Joan.
3004 5001 3142 5071 νιιι).
3169 5001 3279 5075 [Ex
3305 5003 3560 5078 Isidem]

1987 5094 2227 5148 Primum
2261 5093 2498 5162 decalogi
2525 5092 2836 5146 mandatum
2859 5091 2925 5146 ad
2955 5093 3123 5148 Deum
3151 5094 3366 5150 Patrem
3397 5099 3562 5167 perti-

1989 5200 2080 5243 net
2103 5190 2228 5244 dum
2257 5189 2386 5244 dicit
2409 5207 2422 5242 :

2060 5281 2315 5336 Dominus
2349 5282 2489 5336 Deus
2534 5292 2685 5346 tuus,
2734 5281 2877 5336 Deus
2917 5298 3051 5337 unus
3087 5293 3181 5337 est.
3221 5281 3418 5350 Utique
3446 5280 3562 5334 haec

1991 5374 2234 5438 audiens,
2278 5389 2444 5428 unum
2488 5372 2654 5426 Deum
2703 5381 2912 5442 patrem
2959 5373 3127 5437 colas,
3175 5380 3230 5426 et
3276 5373 3330 5424 in
3361 5368 3556 5426 multos

1994 5466 2149 5521 ﬁctos
2200 5465 2330 5520 deos
2369 5465 2778 5519 fornicationem
2821 5473 2966 5520 tuam
3017 5481 3123 5518 non
3168 5462 3427 5518 ell'undas.
3459 5460 3561 5518 Sc-

1993 5555 2226 5610 cundum
2256 5564 2582 5622 praeceptum
2613 5557 2676 5609 ad
2709 5555 2874 5609 ﬁlium
2899 5555 3127 5623 pertinet
3165 5552 3293 5604 dum
3319 5552 3444 5606 dicit
3470 5563 3486 5599 :
