3992 6182
437 211 508 264 99
1075 183 1132 237 Β.
1175 180 1431 251 RABANI
1470 179 1686 235 MAURI
1729 175 2024 233 ARCHIEP

2132 173 2394 255 OGUNI.
2437 171 2720 230 OPERUM
2757 167 2934 224 PARS
2971 167 3010 219 l.

3595 158 3696 213 Illo

510 303 632 358 Non
669 314 902 355 assumes
953 313 1137 351 nomen
1197 295 1291 348 Dei
1336 295 1412 348 tui
1447 294 1500 346 in
1539 309 1752 346 vanum.
1805 291 1861 346 Id
1909 297 2013 352 est,
2047 291 2091 350 Α
2195 285 2318 339 Non
2347 284 2548 350 furtum
2589 280 2772 350 facies.
2813 278 2968 344 Quod
3009 285 3092 331 est
3139 276 3328 330 vitium
3360 273 3698 345 rapacitatis.

433 408 502 450 ne
551 392 788 447 aestimes
829 397 1137 443 creaturam
1185 401 1306 438 esse
1361 385 1551 438 Filium
1597 382 1715 447 Dei,
1761 381 2016 450 quoniam

436 483 616 540 omnis
665 487 914 536 creatura
967 476 1195 531 vanitati
1243 477 1480 545 subjecta
1523 483 1643 537 est;
1697 475 1788 528 sed
1826 472 2020 526 credas

433 593 561 632 eum
589 574 853 646 aequalem
889 586 1010 626 esse
1055 570 1226 634 Patri,
1274 569 1443 623 Deum
1491 568 1738 630 deorum,
1780 565 2016 619 Verbum

435 667 576 738 apud
607 667 799 728 Deum,
832 679 930 734 per
962 677 1124 732 quem
1162 661 1345 715 omnia
1390 659 1529 714 facta
1572 666 1698 712 sunt
1735 657 1915 728 (Joan.
1955 657 2013 725 ι).

437 755 677 810 Tertium
730 753 1042 808 mandatum
1083 752 1151 807 de
1189 749 1517 806 sabbatO'ad
1544 747 1809 818 Spiritum
1845 747 2016 817 perti—

436 855 531 900 net
561 853 830 907 sanctum,
864 841 1022 911 cujus
1047 842 1188 896 dono
1231 839 1448 908 requies
1485 837 1641 892 nobis
1692 838 2016 906 sempiterna

435 936 798 1006 promittitur.
857 932 994 987 Nam
1053 931 1178 1001 quia
1234 929 1468 998 Spiritus
1519 935 1742 982 sanctus
1797 927 2014 990 dicitur,

437 1036 726 1098 propterea
755 1033 811 1079 et
854 1023 1141 1092 septimum
1183 1021 1325 1074 diem
1374 1017 1736 1074 sanctificavit
1768 1016 1926 1070 Deus.
1961 1014 2019 1068 lu

439 1117 562 1170 aliis
587 1115 730 1168 enim
759 1113 946 1166 diebus
973 1123 1218 1180 operum,
1251 1122 1358 1162 non
1387 1115 1472 1162 est
1505 1105 1783 1160 nominata
1814 1103 2018 1158 sancti-

436 1205 646 1267 ﬁcatio,
694 1203 800 1258 nis:
839 1202 890 1254 in
930 1199 1178 1263 sabbato,
1211 1198 1300 1253 ubi
1331 1197 1570 1252 dicitur:
1603 1194 1850 1264 requievit
1882 1191 2019 1244 Deus

436 1294 601 1364 (Gen.
630 1293 694 1365 ι).
741 1291 976 1346 Proinde
1024 1290 1186 1360 igitur
1223 1287 1328 1343 hoc
1353 1285 1664 1341 mandatum
1695 1284 1928 1356 pertinet
1953 1282 2022 1337 ad

445 1385 706 1456 Spiritum
731 1391 1001 1446 sanctum,
1033 1390 1142 1435 tam
1170 1389 1390 1448 propter
1413 1390 1608 1432 nomen
1631 1373 2020 1430 sanctiﬁcatio-

443 1480 566 1542 nis,
619 1490 783 1546 quam
839 1475 1003 1528 etiam
1057 1481 1276 1544 propter
1332 1479 1590 1525 aeternam
1660 1465 1898 1535 requiem
1952 1461 2022 1517 ad

441 1570 640 1624 donum
657 1565 830 1621 sancti
851 1563 1085 1634 Spiritus
1105 1562 1486 1632 pertinentem.
1507 1557 1712 1612 Dicitur
1731 1556 1875 1610 enim
1905 1553 1976 1607 ibi
2002 1569 2016 1606 :

515 1677 777 1732 Memento
812 1689 868 1729 ut
896 1675 1033 1729 diem
1075 1673 1277 1728 sabbati
1333 1671 1646 1740 sancti/ioca.
1695 1669 1802 1724 Sea:
1834 1666 2014 1720 diebus

443 1769 764 1839 operaberis,
799 1777 850 1822 et
883 1767 1045 1836 [acies
1085 1782 1241 1836 opera
1269 1775 1382 1818 tua.
1419 1763 1681 1834 Septimus
1708 1771 1880 1815 autem
1907 1760 2018 1814 dies

444 1861 720 1915 sabbatum
745 1869 815 1915 est
847 1859 1058 1914 Domini
1090 1857 1189 1912 Dei
1218 1858 1296 1911 tui
1321 1871 1340 1909 :
1375 1873 1479 1910 non
1508 1855 1668 1924 facies
1689 1869 1840 1908 omne
1867 1867 2015 1922 opus.

448 1955 502 2007 In
537 1970 628 2008 sex
657 1954 864 2009 diermn
895 1967 1059 2022 opere
1094 1965 1188 2006 sex
1232 1957 1450 2004 aetatum
1500 1945 1744 2016 operatio
1776 1945 2021 1999 contine-

447 2052 552 2096 tur.
579 2042 635 2096 ln
663 2041 894 2112 septimo
923 2055 1051 2096 vero
1077 2039 1310 2108 requies,
1349 2037 1492 2092 beati
1521 2036 1666 2091 illius
1705 2035 1853 2106 regni
1887 2043 2019 2088 tem-

447 2149 548 2202 pus
589 2133 910 2197 ostenditur,
961 2131 1103 2202 quod
1147 2129 1442 2188 carnaliter
1475 2126 1644 2183 Judaei
1685 2125 2022 2181 celebrantes

441 2232 669 2295 peccant
695 2241 707 2277 :
737 2230 791 2276 et
835 2224 936 2277 hoc
973 2231 1033 2276 ut
1069 2237 1175 2276 non
1210 2236 1310 2275 nos
1339 2218 1405 2274 ad
1436 2217 1594 2272 fidem
1632 2216 1896 2270 mendacii
1926 2215 2021 2269 fal-

446 2313 618 2368 lentes
649 2320 896 2382 aptemus
921 2311 1118 2366 clamat
1152 2325 1250 2380 per
1273 2309 1590 2378 prophetam
1620 2305 1843 2360 dicens:
1875 2303 2020 2358 Neo-

445 2403 645 2455 manias
672 2410 718 2454 et
749 2401 963 2454 sabbata
991 2409 1162 2452 vestra
1202 2397 1362 2450 adivit
1405 2395 1582 2448 anima
1626 2409 1739 2446 mea
1783 2391 1918 2464 (lsa.
1956 2391 2018 2462 ι).

446 2490 731 2559 Quomodo
775 2504 904 2558 ergo
949 2485 1280 2542 sanctiﬁcata
1318 2493 1476 2540 erant
1521 2483 1742 2538 sabbata
1783 2482 1872 2536 illa
1903 2496 2023 2551 qua:

446 2581 615 2636 odivit
643 2579 824 2634 Deus?
853 2577 983 2631 lllud
1013 2591 1141 2646 ergo
1171 2577 1456 2630 sabbatum
1491 2582 1577 2628 est
1602 2571 2022 2635 sanctificatum,

451 2669 540 2724 ubi
571 2675 694 2738 post
715 2666 854 2720 bona
883 2665 1040 2736 hujus
1062 2666 1186 2719 vita:
1208 2679 1370 2734 opera
1402 2663 1616 2731 requies
1641 2661 1798 2716 nobis
1821 2669 2023 2715 :eterna

446 2759 802 2831 promittitur.
859 2759 1087 2827 Ideoque
1123 2756 1382 2828 quidquid
1437 2756 1664 2824 agimus,
1710 2754 1756 2809 si
1802 2759 2025 2824 propter

446 2849 614 2906 futuri
664 2849 844 2905 sceculi
897 2850 1136 2918 requiem
1175 2847 1713 2912 facinms,-veraciter
1739 2846 2022 2902 sabbatum

445 2942 816 2998 observamus.
853 2941 984 2996 Post
1025 2941 1140 2996 hmc
1176 2950 1442 3010 praacepta
1473 2939 1812 3009 septenarius
1839 2952 2025 2994 suoue-

447 3033 526 3088 dit
563 3047 820 3086 numerus
861 3033 1236 3086 mandatorum
1271 3031 1337 3084 ad
1367 3029 1708 3083 dilectionem
1744 3028 2024 3098 pertinens

449 3122 706 3192 proximi,
737 3129 794 3176 ct
816 3121 1004 3190 incipit
1029 3122 1096 3175 ab
1119 3119 1322 3174 honore
1345 3127 1651 3188 parentum,
1676 3118 1821 3187 quod
1842 3126 2025 3172 tamen

451 3215 504 3268 in
537 3214 725 3268 ordine
753 3223 1009 3282 quartum
1037 3221 1154 3267 est:

521 3322 740 3378 Honora
781 3330 983 3392 patrem
1025 3331 1174 3376 tuum
1199 3331 1247 3374 et
1275 3331 1492 3374 matrem
1523 3331 1690 3375 tuam.
1721 3321 1761 3375 Α
1791 3321 2003 3392 parenti

453 3414 552 3468 bus
589 3413 732 3466 enim
773 3411 884 3466 suis
930 3411 1090 3465 homo
1115 3408 1514 3490 aperit'oculos,
1565 3419 1620 3463 et
1649 3409 1764 3464 hinc
1806 3409 1915 3464 vita
1961 3408 2030 3463 ab

449 3520 638 3560 corum
671 3504 956 3559 dilectione
994 3503 1159 3558 sumit
1196 3501 1496 3571 exordium.
1525 3502 1652 3556 Inde
1680 3503 1782 3556 hoc
1810 3501 2030 3556 manda-

451 3606 566 3650 tum
633 3597 863 3665 primum
920 3602 1003 3649 est
1049 3594 1104 3648 iu
1159 3602 1400 3664 septem,
1453 3593 1592 3648 sicut
1649 3592 1906 3648 Dominus
1955 3592 2032 3646 ait

450 3685 504 3739 in
533 3683 820 3756 Evangelio
845 3699 860 3738 :
889 3683 1108 3738 Honora
1134 3694 1334 3755 patrem
1362 3695 1508 3738 tuum
1539 3694 1588 3738 et
1617 3693 1832 3738 matrem
1859 3693 2027 3748 tuam,

453 3777 592 3848 quod
619 3786 694 3830 est
723 3775 1030 3830 mandatum
1066 3776 1292 3846 primum
1336 3774 1550 3846 (Matth.
1599 3773 1712 3844 xv).
1755 3774 1864 3830 Sed
1897 3789 2032 3843 quo-

455 3867 614 3920 modo
657 3866 890 3936 primum
921 3865 1048 3934 quia
1079 3872 1352 3935 quartum,
1409 3863 1509 3918 nisi
1549 3863 1674 3931 quia
1718 3864 2031 3933 pnedictum

455 3965 559 4022 est,
599 3957 652 4010 iu
687 3957 994 4028 septenario
1026 3972 1272 4020 numero,
1313 3957 1402 4025 qui
1435 3955 1668 4025 pertinet
1697 3955 1766 4009 ad
1793 3955 2034 4009 dilectio-

455 4063 578 4104 nem
623 4048 878 4118 proximi,
927 4047 1162 4119 primum
1201 4055 1286 4103 est
1324 4047 1380 4102 in
1427 4047 1596 4102 altera
1650 4047 1872 4102 tabula?
1899 4047 2034 4101 Nam

457 4140 578 4198 ideo
615 4140 734 4194 duce
767 4139 958 4194 tabula:
1002 4139 1138 4210 legis
1181 4139 1318 4194 data:
1360 4146 1502 4193 sunt.
1549 4137 1775 4193 anetur
1817 4153 1946 4209 ergo
1979 4138 2034 4192 in

457 4231 562 4286 hoc
600 4237 867 4302 praecepto
895 4229 1036 4284 ﬁlios
1069 4230 1336 4284 honorare
1377 4239 1651 4300 parentes,
1693 4244 1866 4298 neque
1905 4245 2037 4284 con-

457 4321 772 4375 tumeliosos
801 4319 908 4374 illis
938 4320 1190 4384 existere,
1223 4319 1317 4374 sed
1345 4318 1521 4374 ofﬁcio
1545 4320 1762 4390 pietatis
1797 4320 2034 4375 debitam
2063 4324 2116 4386 D

461 4411 822 4464 reverentiam
850 4418 1130 4479 praestare.
1161 4409 1297 4464 Nam
1323 4409 1415 4479 qui
1441 4411 1756 4480 parentibus
1776 4411 2035 4466 honorem

458 4497 671 4552 deferre
712 4513 820 4551 non
865 4499 1037 4563 novit,
1078 4499 1274 4568 quibus
1307 4515 1531 4570 pat'Cere
1568 4509 1747 4570 potest
1781 4503 1872 4573 qui
1913 4518 2040 4558 suos

458 4587 606 4642 odit?
633 4589 922 4655 Quintum:

535 4701 661 4756 Non
691 4702 1047 4767 maechaberis,
1080 4702 1256 4767 idest,
1281 4719 1348 4756 ne
1375 4703 1661 4773 quisquam
1698 4714 1891 4774 pneter
1928 4722 2041 4760 ma-

465 4789 703 4844 trimonii
749 4791 998 4854 hedera,
1035 4791 1158 4846 aliis
1205 4791 1421 4846 fetuinis
1471 4792 1791 4858 misceatur,
1831 4795 1898 4849 ad
1937 4794 2040 4848 im-

461 4879 710 4948 plendun
749 4895 903 4934 suam
945 4881 1242 4936 libidinem.
1296 4882 1428 4936 Nam
1479 4883 1791 4951 specialiter
1839 4883 2045 4939 adulte-

465 4969 606 5025 rium
657 4967 806 5034 facit,
859 4970 950 5038 qui
989 4979 1184 5040 prmtcr
1229 4987 1405 5036 suam,
1451 4972 1518 5026 ad
1565 4971 1788 5027 alteram
1838 4975 2046 5030 accedit

465 5073 710 5120 uxorem.
745 5058 969 5113 Sextum
995 5079 1009 5113 :

540 5170 665 5226 Non
693 5171 916 5226 occides.
951 5171 1162 5226 Etenim
1197 5190 1301 5228 non
1331 5175 1503 5230 solum
1533 5191 1698 5246 opere
1728 5188 2046 5246 perpetrans

470 5261 824 5322 bouticidium
850 5261 1004 5327 facit,
1035 5265 1130 5318 sed
1168 5265 1330 5320 etiam
1368 5275 1423 5320 et
1449 5266 1542 5336 qui
1574 5267 1802 5321 incurrit
1831 5268 1884 5322 in
1920 5284 2045 5324 eum

467 5359 800 5410 esurientem
838 5351 924 5406 vel
970 5353 1194 5417 nudum,
1246 5354 1336 5422 qui
1386 5355 1524 5410 mori
1563 5356 1734 5424 possit
1762 5357 1864 5410 nisi
1893 5357 2048 5412 indu-

475 5456 718 5502 mentum
767 5444 1056 5514 eibumque
1106 5447 1430 5517 porrigeudo
1473 5447 1776 5512 subveniat,
1811 5456 1868 5504 et
1905 5448 2046 5504 idem

473 5533 742 5612 bomicida
771 5538 1060 5596 tenebitur.
1093 5536 1390 5606 Septimum
1415 5555 1430 5595 :

2117 374 2380 431 Octavum
2403 391 2416 426 :

2189 464 2314 518 Non
2351 463 2548 532 falsum
2591 459 2944 516 testimonium
2991 457 3152 512 dices.
3195 455 3456 523 Quodest
3486 455 3728 512 crimeu'

2119 555 2387 611 mendacii
2410 564 2466 608 et
2491 552 2760 608 falsitatis.
2792 551 3004 606 Nonum
3028 569 3042 604 :

2191 647 2315 700 Non
2345 645 2674 714 concupisces
2709 658 2926 696 uxorem
2952 641 3179 712 proximi
3209 642 3305 694 tui.
3337 639 3394 695 lu
3426 641 3530 696 hoc
3554 656 3673 710 pra:

2117 745 2275 806 cepto
2297 743 2444 790 vetat
2463 734 2818 790 intentionem
2839 732 3155 787 adulterinae
3175 731 3540 801 cogitationis.
3557 731 3700 788 Nam

2116 825 2262 880 aliud
2289 834 2374 880 est
2405 824 2583 879 facere
2621 822 2828 892 aliquid
2873 821 2980 876 tale
3013 829 3211 890 praeter
3256 836 3501 886 uxorem,
3547 821 3701 876 aliud

2117 925 2371 986 appetere
2415 914 2645 968 alienam
2689 927 2934 967 uxorem.
2965 911 3090 966 Ideo
3119 913 3226 965 duo
3247 920 3516 981 praecepta
3539 921 3698 976 sunt.

2121 1004 2172 1059 Ν
2177 1021 2244 1058 οη
2263 1003 2620 1068 mcltabcris,
2641 1010 2715 1066 et,
2739 1001 2866 1056 Non
2885 1000 3216 1071 concupisces
3237 1015 3451 1056 uxorem
3469 1003 3702 1072 proximi

2117 1097 2215 1150 tui.
2246 1095 2522 1150 Decimum
2541 1113 2554 1148 :

2153 1245 2173 1266 ο
2194 1185 2316 1238 Non
2365 1184 2696 1254 concupisces
2738 1200 2846 1238 rem
2892 1183 3117 1254 proximi
3163 1184 3260 1238 tui.
3303 1184 3362 1238 In
3409 1200 3517 1255 quo
3557 1202 3704 1256 pra:-

2115 1284 2274 1345 cepto
2295 1276 2516 1330 damnat
2542 1275 2890 1328 ambitionem
2919 1273 3123 1338 saeculi,
3152 1282 3210 1328 et
3239 1273 3478 1330 refrenat
3497 1293 3702 1332 concu-

2119 1365 2438 1436 piscentiam
2467 1379 2668 1419 rerum.
2701 1363 2890 1434 Itaque
2931 1365 3123 1418 borum
3166 1363 3399 1434 primum
3442 1367 3702 1437 prohilet

2120 1455 2526 1524 subreptionem
2546 1495 2562 1519 ,
2599 1455 2895 1510 secundum
2925 1469 3169 1510 errorem
3187 1495 3202 1519 ,
3239 1457 3455 1510 tertium
3486 1458 3700 1513 interti-

2120 1547 2197 1603 cit
2241 1548 2422 1603 saeculi
2465 1563 2731 1614 amorem,
2761 1557 3014 1617 quartum
3055 1549 3407 1620 impietatem,
3447 1555 3702 1622 quintum

2045 1631 2290 1694 Ballidit
2337 1639 2769 1704 fornicationem,
2817 1650 3030 1696 sentum
3077 1643 3480 1711 crudelitatem,
3525 1651 3695 1718 sopri-

2121 1745 2266 1784 muln
2295 1731 2672 1801 rapacitatem,
2713 1741 2964 1786 octavum
3003 1733 3225 1802 prrimit
3262 1734 3574 1805 falsitatem,
3601 1755 3702 1796 no-

2119 1839 2248 1878 num
2279 1823 2528 1879 adulterii
2555 1824 2959 1896 cogitationem,
2982 1827 3249 1882 decimum
3280 1831 3463 1886 mundi
3491 1834 3704 1903 cupidi-

2122 1920 2310 1968 tatem.
2343 1912 2452 1984 (Ea:
2473 1913 2812 1984 Augustino.)
2856 1915 2924 1970 Et
2964 1917 3256 1972 notandum
3282 1920 3408 1989 quia
3430 1921 3572 1979 sicut
3599 1925 3701 1980 dc»-

2121 2018 2239 2060 cem
2253 2004 2426 2074 plagis
2444 2005 2823 2074 percutiuntur
2835 2005 3098 2077 Egyptii,
3117 2009 3196 2064 sic
3208 2008 3395 2065 decem
3415 2017 3704 2083 praeceptis

2121 2093 2542 2148 conscribuntur
2583 2094 2800 2158 tabulae,
2847 2096 3042 2166 quibus
3091 2108 3348 2169 regantur
3375 2102 3554 2172 populi
3580 2103 3700 2170 Dei,

2122 2193 2180 2237 et
2201 2183 2473 2239 daemones
2519 2183 2855 2240 occidantur.
2887 2185 2995 2242 Sed
3035 2188 3104 2242 ad
3131 2189 3317 2260 plagas
3362 2193 3546 2248 decem
3594 2211 3704 2252 non

2122 2275 2375 2344 pertinet,
2419 2277 2565 2345 quod
2603 2277 2836 2347 primum
2867 2275 3066 2332 factum
3093 2279 3229 2350 signi
3258 2296 3438 2346 causa,
3468 2293 3528 2338 ut
3551 2286 3704 2357 virga

2124 2365 2178 2420 in
2215 2375 2522 2436 serpentem
2561 2375 2990 2422 converteretur.
3035 2369 3224 2426 Aditus
3267 2373 3413 2426 enim
3445 2373 3558 2444 ipse
3585 2391 3708 2434 erat

2125 2455 2192 2510 ad
2217 2455 2576 2519 Pharaonem,
2603 2471 2712 2525 quo
2739 2458 3221 2514 commendabatur
3242 2461 3452 2532 Moyses
3475 2465 3704 2522 eductu-

2125 2561 2220 2601 rus
2245 2559 2314 2600 ex
2339 2544 2574 2616 Egypto
2595 2546 2854 2616 populum
2895 2547 3014 2603 Dei.
3055 2547 3304 2605 Nondum
3332 2553 3478 2608 enim
3506 2565 3706 2612 contu-

2125 2651 2308 2691 maces
2326 2635 2678 2700 feriebantur,
2705 2637 2800 2692 sed
2823 2637 3008 2694 divino
3027 2640 3185 2711 signo
3197 2639 3311 2709 jam
3335 2645 3704 2703 terrebantur.

2128 2722 2290 2794 Virga
2337 2723 2678 2792 signiﬁcabat
2725 2740 2950 2796 regnum
3005 2727 3122 2793 Dei,
3179 2729 3432 2801 idemque
3477 2750 3706 2805 regnum

2127 2814 2222 2870 Dei
2245 2829 2387 2880 esse,
2418 2815 2606 2884 utique
2629 2822 2883 2886 populum
2913 2817 3028 2873 Dei.
3068 2817 3306 2890 Serpens
3341 2833 3545 2890 autem,
3575 2835 3714 2882 tem-

2125 2919 2228 2974 pus
2269 2905 2618 2962 mortalitatis
2663 2906 2823 2974 bujus
2851 2924 2865 2960 :
2892 2922 3042 2962 mors
3073 2908 3217 2964 enim
3247 2925 3278 2964 a
3306 2924 3554 2982 serpente
3582 2931 3713 2986 pro-

2051 2983 2096 3046 C
2125 2995 2307 3062 pinata
2330 3002 2432 3052 est.
2462 2995 2741 3064 Tanquam
2763 3011 2892 3066 ergo
2920 2997 3178 3054 cadentes
3204 3001 3270 3056 de
3295 3017 3458 3057 manu
3495 2983 3711 3064 Domini

2129 3085 2184 3140 in
2217 3094 2441 3151 terram,
2486 3087 2744 3142 mortales
2770 3085 2896 3143 facti
2921 3096 3082 3144 sunt:
3111 3092 3255 3146 unde
3291 3093 3530 3162 proiecta
3557 3097 3710 3168 virga

2128 3190 2198 3234 ex
2221 3191 2382 3231 manu
2415 3191 2641 3246 serpens
2671 3177 2862 3233 ell'ecta
2887 3187 2990 3234 est.
3021 3179 3291 3236 Fecerunt
3315 3192 3368 3238 et
3400 3187 3539 3256 magi
3569 3185 3716 3242 Plia-

2133 3267 2314 3323 raonis
2357 3258 2627 3323 similiter.
2672 3269 2852 3339 Virgis
2891 3285 3082 3325 eorum
3119 3271 3400 3341 proiectis,
3429 3284 3715 3346 serpentes

2131 3355 2260 3410 facti
2303 3367 2428 3412 sunt
2454 3373 2468 3412 :
2493 3355 2587 3411 sed
2631 3358 2783 3426 prius
2829 3373 3056 3428 serpens
3093 3359 3286 3432 Moysi,
3319 3362 3372 3416 id
3413 3372 3516 3428 est,
3559 3365 3715 3436 virga

2133 3447 2323 3519 Moysi,
2359 3448 2638 3504 devoravit
2671 3464 2863 3506 omnes
2899 3459 3178 3522 serpentes
3215 3468 3515 3524 magorum.
3558 3455 3718 3512 'l'unc

2133 3537 2348 3592 demum
2389 3537 2560 3592 cauda
2607 3539 3021 3608 comprehensa,
3071 3541 3364 3598 identidem
3391 3545 3538 3616 virga
3569 3545 3718 3603 facta

2131 3636 2255 3684 est:
2299 3637 2356 3682 et
2405 3643 2631 3698 regnum
2677 3631 2938 3685 remeavit
2984 3631 3054 3686 ad
3100 3647 3342 3688 manum.
3390 3633 3529 3690 Sunt
3580 3651 3716 3708 ergo

2135 3721 2298 3792 virga:
2335 3737 2634 3792 magorum,
2666 3721 2848 3792 populi
2890 3722 3349 3792 impiorum,victi
3379 3725 3578 3783 Clu-isti
3611 3744 3716 3784 no-

2137 3812 2283 3866 mine
2310 3831 2323 3866 :
2350 3827 2472 3868 cum
2503 3812 2556 3866 in
2587 3811 2704 3881 ejus
2741 3828 2940 3883 corpus
2985 3814 3404 3882 transferuntur,
3454 3827 3715 3888 tanquam

2135 3917 2166 3958 a
2193 3912 2444 3973 serpente
2484 3903 2651 3974 Moysi
2695 3903 3044 3971 devorautur,
3075 3905 3248 3962 donec
3275 3910 3460 3964 redeat
3490 3925 3716 3981 regnum

2137 3991 2234 4048 Dei
2245 3993 2312 4046 ad
2329 4008 2548 4046 manum
2571 3993 2688 4048 Dei.
2705 3992 2811 4050 Sed
2826 3995 2880 4050 in
2895 3994 3001 4050 line
3013 3997 3260 4053 mortalis
3271 3999 3472 4064 seculi,
3487 4002 3631 4071 quod
3645 4001 3720 4056 si-

2137 4081 2358 4154 gniﬁcat
2370 4083 2539 4138 cauda
2551 4083 2840 4152 serpentis,
2854 4100 3106 4156 magnum
3124 4086 3337 4158 signum
3354 4088 3465 4144 fiet.
3477 4090 3722 4148 Audistis

2139 4191 2260 4246 quae
2277 4175 2522 4231 debeatis
2542 4176 2884 4242 desiderare;
2908 4178 3088 4233 audite
3107 4179 3237 4249 quid
3258 4181 3500 4238 debeatis
3522 4183 3718 4238 vitare.

2721 4289 2949 4346 CAPUT
2989 4291 3120 4346 XIII.

2236 4359 2574 4430 Comparatio
2609 4359 2845 4431 decalogi
2871 4362 2942 4414 ad
2967 4363 3147 4416 decem
3169 4363 3352 4434 plagas
3381 4364 3622 4436 zEgypti.

2211 4450 2450 4506 Primum
2492 4459 2820 4521 praeceptum
2859 4452 2912 4506 in
2940 4453 3057 4521 lege
3086 4453 3154 4510 de
3182 4454 3408 4513 colendo
3434 4474 3542 4513 uno
3569 4459 3679 4513 Deo
3703 4478 3720 4513 :

2146 4540 2270 4595 Non
2319 4552 2470 4596 erunt
2519 4542 2634 4606 tibi,
2675 4543 2872 4612 inquit,
2910 4544 2988 4597 dii
3011 4544 3105 4598 alii
3153 4557 3345 4616 pra'tcr
3387 4565 3488 4602 me.
3537 4549 3727 4606 Prima

2144 4633 2296 4704 plaga
2325 4633 2702 4704 Egyptiorum
2728 4652 2867 4706 aqua
2885 4652 3154 4694 conversa
3182 4647 3266 4695 est
3297 4641 3350 4694 in
3379 4643 3722 4712 sanguinem.

2143 4725 2406 4795 Compara
2437 4728 2670 4796 primum
2709 4739 3034 4799 praeceptum
3081 4733 3270 4802 prima:
3313 4733 3522 4804 plagam
3553 4735 3728 4790 Deum

2147 4831 2310 4870 unum
2334 4832 2399 4870 ex
2437 4832 2544 4885 quo
2586 4829 2713 4872 sunt
2758 4820 2939 4873 omnia
2981 4819 3036 4875 in
3083 4822 3440 4895 similitudine
3484 4825 3729 4895 intelligo

2147 4839 2310 4870 unum
2334 4839 2399 4870 ex
2437 4839 2544 4885 quo
2586 4839 2713 4872 sunt
2758 4839 2939 4873 omnia
2981 4839 3036 4875 tn
3083 4839 3128 4877 St
3153 4839 3440 4880 nullumne
3484 4839 3729 4895 Intellth

2145 4922 2316 4976 aquae,
2343 4923 2411 4962 ex
2438 4923 2545 4976 quo
2573 4917 2902 4978 generantur
2920 4912 3123 4967 omnia.
3137 4839 3266 4980 δυο
3287 4925 3470 4969 autem
3491 4915 3729 4984 pertinet

2146 4999 2384 5068 sanguis,
2435 4999 2538 5053 nisi
2583 4999 2652 5054 ad
2691 5015 2910 5056 carnem
2959 5005 3274 5060 mortalem?
3323 5005 3461 5073 Quid
3486 5017 3570 5061 est
3595 5023 3729 5075 ergo

2147 5089 2434 5143 conversio
2472 5104 2625 5158 aqua:
2647 5090 2701 5143 in
2731 5092 3072 5161 sanguinem,
3108 5095 3212 5150 nisi
3236 5097 3358 5164 quia
3387 5096 3726 5150 obscuratur»

2147 5188 2224 5230 cst
2268 5178 2520 5246 insipiens
2562 5193 2654 5230 cor
2693 5181 2917 5234 eorum?
2952 5181 3194 5238 Dicentcs
3227 5186 3365 5238 enim
3398 5203 3454 5240 se
3489 5202 3599 5240 esse
3635 5203 3730 5239 sa-

2147 5268 2365 5336 pientes,
2407 5265 2555 5318 stulti
2589 5266 2715 5336 [acti
2753 5279 2876 5322 sunt
2903 5286 2921 5322 :
2958 5280 3006 5323 et
3029 5283 3476 5328 commutaverunt
3501 5272 3730 5344 gloriam

2149 5357 2555 5426 incorruptibilis
2591 5357 2688 5412 Dei
2724 5360 2779 5412 in
2821 5361 3221 5418 similitudinem
3255 5365 3500 5434 imaginis
3546 5380 3723 5418 corru-

2151 5446 2346 5517 ptibilis
2363 5447 2589 5504 hominis
2629 5449 2808 5520 (Rom.
2853 5451 2915 5524 ι).
2949 5453 3135 5510 Gloria
3178 5455 3603 5526 incorruptibilis
3637 5455 3732 5510 Dei

2155 5539 2297 5594 sicut
2333 5553 2472 5610 aqua
2499 5557 2512 5595 :
2538 5540 2834 5598 similitudo
2877 5543 3128 5613 imaginis
3166 5547 3532 5616 corruptibilis
3557 5545 3739 5602 homi-
