4052 6184
366 182 402 232 i
416 180 478 233 2‘4

1342 179 1843 236 COMMENTARIA
1883 180 1950 236 IN
1993 180 2301 238 EXODUM.
2342 212 2411 222 -—-
2449 181 2579 237 LIB.
2622 182 2683 237 ll.

3540 190 3643 246 μη

374 299 653 363 ντῑκςὶριη
674 296 893 367 sanguis
920 314 931 344 τ
960 308 1012 350 et
1033 298 1136 351 hoc
1157 298 1375 366 quidem
1403 297 1461 353 lit
1487 300 1540 352 in
1569 300 1733 354 corde
1768 300 2033 368 impio-‘A
2062 306 2116 351 et
2161 312 2319 351 ranas
2363 313 2444 351 vis
2470 311 2503 351 e
2529 298 2806 353 contrario
2848 299 3187 372 intelligere,
3229 303 3377 360 illum
3425 323 3643 368 versum

376 407 535 454 rum,
561 403 685 443 nam
714 388 854 441 Dens
880 389 1337 442 incommutabilis
1367 400 1568 443 manet.
1611 390 1793 459 Neque
1815 390 1958 444 enim

371 482 503 548 quia
537 488 593 532 et
624 478 913 546 Apostolus
934 477 1091 539 dixit,
1133 476 1613 540 Commutarerunt,
1648 478 1767 532 ideo
1796 487 1963 532 muta-

377 586 467 625 tus
495 579 581 625 est
621 570 783 623 Deus.
827 569 1135 623 Secundum
1173 578 1538 638 praeceptum:
1572 568 1693 622 Non
1740 569 1961 635 accipies

376 680 569 715 nomen
600 661 811 714 Domini
843 659 937 712 Dei
974 660 1048 712 tui
1094 660 1148 712 in
1188 675 1396 712 vanum.
1444 658 1545 725 Qui
1595 659 1738 713 enim
1766 660 1962 728 accipit

373 772 579 809 nomen
612 753 819 808 Domini
849 752 939 805 Dei
978 752 1059 805 sui
1097 752 1147 805 iu
1179 767 1393 815 vanum,
1441 768 1546 806 non
1594 753 1956 807 mandabitur.

373 846 588 898 NJtttCtt
633 843 840 896 Domini
873 842 1043 895 nostri
1072 840 1196 896 Jesu
1226 842 1427 896 Christi
1469 843 1666 896 veritas
1703 852 1803 895 est.
1844 841 1960 910 lpse

375 938 528 990 enim
573 937 748 991 dixit:
788 934 896 1003 Ego
937 949 1053 986 sum
1093 935 1287 986 veritas
1337 933 1520 1003 (Joan.
1568 933 1698 999 xnv).
1745 933 1958 987 Veritas

375 1042 513 1096 ergo
552 1026 789 1085 mandat,
828 1023 1040 1075 vanitas
1080 1022 1348 1091 inquinat.
1393 1022 1457 1076 Et
1481 1023 1732 1090 quoui..m
1759 1023 1853 1090 qui
1885 1022 1960 1076 lo-

376 1116 570 1184 quitur
599 1115 902 1173 veritatem,
936 1114 1002 1167 de
1038 1113 1149 1166 Deo
1178 1112 1414 1181 loquitur
1441 1130 1453 1164 :
1483 1113 1571 1180 qui
1604 1113 1747 1167 enim
1789 1113 1959 1181 loqui-

370 1216 473 1259 tur
501 1205 857 1267 mendacium,
902 1204 967 1256 de
1008 1219 1105 1256 suo
1151 1202 1407 1271 loquitur.
1450 1203 1742 1257 Veritatem
1789 1202 1956 1270 loqui,

377 1308 461 1350 est
493 1294 883 1350 rationabiliter
920 1294 1085 1363 loqui.
1127 1293 1434 1348 Vanitatcm
1481 1293 1644 1362 loqui,
1697 1302 1778 1347 est
1821 1301 1957 1347 stre-

381 1402 514 1456 pere
544 1386 722 1457 potius
749 1399 910 1453 quam
947 1383 1115 1453 loqui.
1144 1384 1210 1437 Et
1240 1384 1475 1438 merito:
1500 1384 1629 1453 quia
1661 1383 1956 1438 secundum

381 1484 713 1547 przeceptum
758 1483 842 1529 est
879 1474 1094 1528 dilectio
1147 1474 1411 1539 veritatis,
1459 1475 1545 1529 cui
1571 1475 1842 1529 contraria
1873 1484 1957 1528 est

377 1565 603 1618 dilectio
628 1564 899 1618 vanitatis.
920 1563 1186 1633 Loquitur
1209 1556 1388 1617 autem
1418 1563 1638 1627 veritas,
1665 1567 1955 1635 perstrepit

2066 387 2257 455 psalmi
2291 388 2465 441 recole
2493 405 2505 439 :
2551 385 2694 440 Vana
2715 387 2875 441 locuti
2899 402 3017 443 sunt
3043 395 3396 463 unusquisque
3423 398 3494 449 ad
3521 416 3645 469 pro-

2062 476 2262 529 ximum
2293 493 2448 530 suum
2477 474 2651 547 (l’sul.
2700 477 2800 549 χι).
2841 478 3080 533 Tertium
3128 494 3457 551 praeceptum
3487 505 3501 540 :
3534 487 3646 543 Me-

2062 576 2236 619 mento
2266 568 2403 619 diem
2451 567 2654 620 sabbati
2695 569 3048 636 sancti/icore.
3084 570 3144 625 In
3178 574 3341 627 tertio
3373 575 3476 631 ἱεεο
3505 594 3644 647 pra:-

2063 666 2221 728 cepto
2259 656 2566 710 insinuatur
2599 658 2847 725 qumdam
2895 660 3196 715 vocationis
3245 662 3467 728 inditio,
3523 682 3643 736 qum

2063 754 2149 798 est
2170 745 2350 798 cordis
2393 746 2755 814 tranquillitas
2782 763 2845 802 ac
2871 749 3094 813 mentis,
3140 766 3303 819 quam
3345 752 3478 810 facit
3511 771 3643 810 con-

2062 836 2310 891 scientia.
2339 836 2414 890 lbi
2447 836 2831 904 sam-tiﬁcatio,
2872 840 2998 909 quia
3027 841 3099 894 ibi
3126 840 3359 910 Spiritus
3390 845 3505 899 Dei.
3539 847 3641 901 De-

2064 929 2225 996 nique
2268 928 2315 980 \i
2342 944 2447 981 .ere
2491 931 2824 982 vocationem
2848 970 2863 994 ,
2919 930 3021 984 hoc
3054 940 3137 985 est
3170 933 3429 1002 quietem.
3471 936 3643 1007 Super

2058 1036 2232 1089 quem,
2264 1018 2457 1086 inquit,
2494 1020 2772 1088 requiescet
2799 1021 3015 1089 spiritus
3043 1039 3205 1084 meus,
3238 1026 3338 1079 nisi
3369 1042 3524 1095 super
3548 1028 3617 1079 Im

2058 1112 2231 1164 milem
2259 1122 2305 1165 et
2331 1112 2559 1181 quietum
2582 1122 2627 1164 et
2655 1122 2955 1165 trementem
2986 1114 3137 1167 verba
3161 1131 3274 1167 mea
3299 1113 3433 1185 Usa.
3452 1116 3637 1189 vat)?

2059 1201 2286 1270 lnquieti
2313 1216 2443 1269 ergo
2467 1200 2711 1254 resiliunt
2744 1215 2775 1253 a
2807 1200 3011 1269 Spiritu
3043 1212 3231 1255 sancto
3256 1212 3641 1271 provocatores

2061 1292 2318 1355 rixarum,
2337 1299 2608 1345 amatores
2624 1283 3037 1356 calumniarum,
3055 1293 3522 1348 seminatorescon
3532 1303 3643 1348 ten-

2061 1382 2238 1447 tionis,
2278 1396 2509 1449 quorum
2550 1382 2851 1449 pratcordia
2894 1383 3149 1437 vanitatis
3191 1394 3319 1438 sunt
3355 1385 3633 1455 cupidiora

2059 1488 2222 1541 quam
2271 1472 2534 1526 veritatis.
2585 1473 2709 1527 Ideo
2755 1474 3127 1543 inquietudine
3177 1491 3273 1529 sua
3323 1492 3428 1530 non
3471 1478 3538 1530 ad
3581 1492 3640 1531 se

2067 1563 2287 1615 mittunt
2337 1561 2573 1630 quietem
2616 1562 2829 1617 sabbati
2862 1564 3141 1632 spiritalis.
3174 1564 3373 1620 Contra
3414 1567 3635 1621 istorun‘

379 1656 617 1709 vanitas.
663 1654 798 1708 Huic
841 1661 1108 1723 prmcepto
1135 1652 1392 1717 secundo,
1423 1652 1754 1709 contrariam
1783 1654 1959 1709 videte
1994 1642 2032 1698 Β
2063 1653 2486 1722 inquietudinem
2525 1653 2745 1718 dicitur,
2803 1664 3057 1725 tanquam
3101 1666 3157 1711 ut
3214 1658 3499 1713 sabbatum
3544 1659 3640 1712 ha-
3697 1680 3703 1689 -

381 1746 676 1801 secundam
700 1744 935 1815 plagam.
963 1742 1093 1809 Qum
1120 1752 1204 1797 est
1234 1742 1323 1797 illa
1353 1743 1589 1797 secunda
1637 1742 1829 1812 plaga?
1858 1743 1961 1797 Ra-

370 1850 579 1888 Διιειι-ιιιιι
620 1831 967 1887 abundantia.
1028 1831 1205 1886 [labes
1243 1846 1555 1901 expressam
1600 1832 1958 1902 signiﬁcatam

381 1926 704 1990 vanitatem,
732 1926 777 1979 si
820 1925 1069 1979 attendas
1096 1909 1351 1978 ranarum
1388 1924 1790 1993 loquacitatem.
1825 1924 1960 1980 Vide

382 2025 658 2069 amatores
688 2013 937 2067 veritatis
966 2029 1072 2068 non
1097 2013 1427 2082 accipientes
1453 2013 1505 2066 in
1534 2027 1731 2066 vanum
1761 2028 1956 2067 nomen

384 2106 600 2161 Domini
632 2106 725 2160 Dei
779 2107 883 2170 sui,
933 2106 1076 2176 loqui
1122 2106 1438 2175 sapientiam
1483 2104 1633 2159 inter
1665 2104 1952 2174 perfectos.

381 2198 564 2252 Etiam
593 2205 649 2251 et
676 2198 814 2250 inter
836 2197 1104 2267 perfectos
1130 2196 1276 2265 loqui
1303 2195 1445 2265 quod
1486 2196 1585 2264 ipsi
1626 2210 1817 2265 sapere
1852 2210 1955 2249 non

380 2294 647 2357 possunt;
690 2303 794 2340 non
824 2296 906 2341 est
933 2286 1183 2342 recedere
1208 2302 1236 2340 a
1263 2286 1511 2350 veritate,
1550 2294 1604 2340 et
1643 2300 1865 2355 pergere
1903 2285 1955 2339 in

378 2382 700 2436 vanitatem.
744 2380 1003 2447 Quamvis
1049 2381 1192 2435 enim
1237 2379 1534 2449 imperfecti
1587 2395 1691 2433 non
1738 2379 1956 2449 capiant

379 2472 430 2525 si
460 2471 591 2541 quid
629 2471 791 2540 paulo
830 2471 1095 2526 excelsius
1134 2469 1294 2525 fuerit
1340 2470 1666 2540 disputatum
1697 2471 1762 2523 de
1790 2471 1955 2524 verbo

378 2563 480 2618 Dei
507 2564 648 2633 apud
679 2563 848 2617 Deum
876 2578 971 2632 per
996 2562 1138 2630 quod
1167 2561 1307 2615 facta
1337 2570 1460 2616 sunt
1487 2561 1692 2624 omnia,
1721 2561 1955 2631 possint-

376 2666 487 2721 que
516 2666 711 2721 capere
739 2650 878 2720 quod
905 2652 1045 2706 inter
1068 2665 1163 2705 eos
1188 2650 1421 2719 loquitur
1447 2650 1663 2713 Paulus,
1698 2660 1953 2721 tanquam

379 2744 520 2795 inter
541 2745 788 2812 parrulos
808 2738 1023 2806 Christi,
1042 2741 1221 2795 Jesum
1246 2739 1529 2805 Christum,
1550 2750 1598 2794 et
1621 2742 1757 2795 hunc
1786 2741 1956 2794 cruci-

369 2831 544 2900 ﬁxum
580 2830 633 2903 (I
661 2830 784 2886 Cor.
814 2836 898 2901 ιι),
928 2846 1033 2886 non
1063 2840 1239 2886 tamen
1277 2831 1365 2885 illa
1405 2839 1486 2885 est
1517 2831 1738 2895 veritas,
1768 2839 1821 2884 et
1851 2830 1952 2885 ista

380 2924 612 2978 vanitas.
660 2922 882 2978 Vauitas
918 2932 1100 2977 autem
1141 2929 1308 2986 esset,
1346 2922 1389 2975 si
1420 2920 1694 2975 Christum
1724 2928 1949 2974 mortem

378 3030 487 3068 non
518 3013 844 3083 implevisse,
892 3012 985 3067 sed
1020 3012 1238 3067 ﬁnxisse
1271 3013 1608 3078 diceremus;
1654 3011 1696 3065 si
1728 3010 1948 3064 vulnera

379 3104 469 3156 illa
497 3104 551 3157 in
572 3103 949 3172 phantasmate
978 3101 1162 3166 fuisse,
1194 3102 1238 3156 si
1270 3102 1583 3172 sanguinem
1617 3117 1720 3155 non
1744 3116 1951 3166 verum,

378 3194 475 3247 sed
501 3193 814 3247 simulatum
861 3195 927 3249 de
974 3194 1287 3248 vulneribus
1335 3209 1650 3259 emanasse;
1704 3194 1749 3248 si
1789 3192 1953 3248 falsas

374 3298 504 3335 cum
544 3282 826 3337 cicatrices
863 3294 1118 3351 tanquam
1167 3290 1285 3351 post
1317 3280 1447 3335 falsa
1475 3281 1695 3334 vulnera
1725 3282 1951 3335 demou-

377 3381 603 3426 strassc.
650 3370 783 3425 Cum
833 3386 962 3426 vero
1003 3372 1100 3425 ista
1136 3371 1315 3424 omnia
1358 3384 1483 3425 vera
1525 3370 1750 3424 dicimus
1790 3370 1951 3435 facta,

379 3461 621 3514 dit-cuius
643 3468 814 3525 certa,
846 3473 1127 3529 expressa,
1174 3457 1389 3526 impleta
1432 3458 1703 3511 credimus
1737 3466 1790 3511 et
1818 3473 1954 3526 pra:-

380 3550 643 3604 dicantus.
678 3549 935 3617 Quamvis
963 3549 1029 3603 de
1055 3549 1268 3602 sullimi
1302 3548 1442 3602 illius
1466 3548 1561 3602 Dei
1599 3548 1955 3601 incommuta-

380 3641 474 3694 ltili
502 3641 727 3695 veritate
775 3657 880 3695 non
920 3640 1225 3708 loquamur,
1261 3656 1364 3692 non
1397 3649 1573 3692 tamen
1606 3639 1745 3691 imus
1781 3638 1834 3690 in
1861 3654 1952 3691 va-

379 3731 625 3785 nitatem.
655 3731 755 3798 Qui
783 3740 960 3785 autem
1004 3730 1092 3784 illa
1129 3730 1306 3785 omnia
1358 3730 1411 3781 in
1459 3728 1675 3782 Christo
1717 3726 1850 3781 falsa
1898 3735 1952 3781 et

378 3821 630 3875 simulata
677 3822 883 3885 dicunt,
938 3836 1084 3874 rana:
1128 3828 1253 3874 sunt
1303 3818 1602 3871 clamantes
1635 3816 1689 3870 in
1721 3816 1948 3886 palude;

379 3913 664 3981 strepitum
684 3913 835 3967 vocis
860 3913 1057 3966 habere
1087 3910 1649 3980 p035"lll,.d()t:ll‘illttttl
1674 3908 1952 3977 sapientia:

380 4003 655 4057 insinuare
685 4019 788 4058 non
816 4010 1059 4073 possunt.
1095 4001 1333 4070 Denique
1371 4000 1426 4053 iu
1462 3998 1696 4053 Ecclesia
1725 3998 1953 4067 loquun-

381 4094 802 4147 turinhtereutes
829 4092 1061 4155 veritati,
1076 4091 1357 4158 veritatem
1376 4105 1646 4159 perquam
1671 4088 1805 4141 facta
1828 4096 1949 4142 sunt

378 4183 559 4237 omnia
587 4200 600 4236 :
630 4182 912 4236 veritatem
954 4172 1177 4235 verbum
1221 4196 1437 4235 carnem
1490 4177 1687 4232 factum
1717 4188 1774 4231 et
1802 4177 1952 4232 habi-

381 4283 497 4326 tare
538 4274 592 4326 iu
628 4273 781 4331 nobis
811 4287 826 4324 :
857 4271 1141 4325 veritatem
1176 4269 1448 4323 Christum
1481 4279 1667 4320 natum
1697 4268 1761 4321 de
1792 4266 1900 4320 Deo
1931 4285 1943 4320 :

381 4380 545 4416 unum
587 4364 651 4417 de
673 4379 800 4427 uno,
841 4362 1170 4432 unigenitum
1203 4370 1256 4414 et
1283 4371 1632 4420 coacturum),
1665 4360 1946 4412 veritatem

383 4465 600 4524 accepta
627 4453 800 4508 ferina
823 4453 983 4515 servi,
1035 4462 1217 4505 natum
1263 4467 1326 4503 ex
1371 4451 1577 4519 virgine
1608 4449 1797 4512 Maria,
1829 4464 1951 4517 pas-

380 4560 520 4608 sum,
562 4544 904 4608 cruciﬁxum,
951 4550 1342 4612 resurgentem,
1388 4540 1790 4602 ascendentem,
1833 4539 1950 4592 ubi-

379 4648 484 4703 que
525 4634 826 4687 veritatem.
869 4632 932 4685 Et
968 4646 1130 4701 quam
1172 4629 1428 4699 parvulus
1467 4634 1659 4696 capere
1709 4642 1813 4679 non
1852 4642 1948 4695 po-

384 4734 506 4789 test,
540 4725 821 4779 veritatem
842 4732 891 4777 et
917 4723 967 4776 in
989 4736 1127 4791 pane
1157 4729 1212 4775 et
1236 4720 1289 4773 in
1310 4720 1466 4773 lacte.
1491 4717 1547 4771 lu
1570 4732 1707 4785 pane
1734 4731 1951 4785 magno-

380 4833 522 4883 rum,
572 4817 628 4871 in
671 4817 827 4899 lacte/
838 4816 1203 4887 parvulorum.
1256 4812 1398 4866 Idem
1452 4810 1648 4880 quippe
1700 4808 1855 4877 panis
1891 4818 1951 4861 ut

380 4910 463 4964 lac
494 4907 607 4973 ﬁat,
635 4923 736 4978 per
760 4898 978 4961 carnem
1011 4905 1294 4974 trajicitur.
1321 4902 1419 4968 Qui
1454 4912 1630 4954 autem
1659 4900 1782 4952 huic
1810 4898 1927 4951 veri

380 5000 475 5054 tati
502 4998 900 5060 contradicunt,
941 5006 995 5050 et
1033 5012 1129 5048 sua
1152 4986 1390 5047 vanitate
1415 4991 1619 5059 decepti
1649 4989 1948 5057 decipiunt,

380 5105 526 5145 ranae
564 5099 691 5143 sunt
734 5087 951 5143 taedium
1000 5088 1293 5141 inferentes
1345 5083 1584 5145 auribus,
1626 5095 1730 5133 non
1769 5077 1950 5133 cibum

380 5179 670 5234 mentibus.
712 5177 849 5232 Audi
894 5177 1125 5244 denique
1170 5173 1417 5228 homines
1446 5170 1844 5225 rationabiliter
1871 5168 1950 5221 lo-

382 5279 626 5338 quentes.
667 5267 791 5320 Non
822 5276 939 5319 sunt
964 5264 1179 5335 loquela:
1214 5279 1375 5332 neque
1414 5278 1694 5323 sermones,
1723 5275 1949 5330 quorum

380 5377 481 5412 non
508 5359 799 5411 audiantur
823 5373 967 5411 voces
998 5371 1175 5410 eorum
1221 5353 1394 5425 (Pent.
1429 5353 1602 5421 svtzt).
1648 5352 1753 5403 Sed
1789 5365 1951 5404 voces

382 5466 486 5502 non
516 5448 704 5501 inanes
731 5464 744 5499 :
772 5447 895 5516 quia
925 5448 980 5499 in
1010 5463 1212 5499 omnem
1254 5456 1449 5498 terram
1493 5442 1617 5495 exiit
1663 5457 1822 5494 sanus
1859 5457 1949 5492 eo-

381 5556 492 5593 rum
520 5546 608 5592 :‘ct
647 5539 700 5593 in
740 5538 870 5607 ﬁnes
908 5539 1046 5591 orbis
1091 5549 1243 5591 terrm
1271 5535 1419 5591 verba
1451 5548 1651 5587 eorum.
1683 5532 1739 5587 Si
1768 5540 1949 5586 autem

1980 2979 2025 3040 C

1974 4318 2026 4378 D

2061 1746 2224 1800 beant
2251 1746 2304 1799 in
2332 1747 2511 1809 corde,
2550 1746 3033 1802 sanctiﬁcatioiiem
3077 1751 3299 1820 Spiritus
3343 1753 3436 1807 Dei
3465 1771 3478 1806 :
3509 1754 3637 1807 Esto

2062 1845 2380 1892 mansuetus
2434 1838 2503 1891 ad
2549 1839 2873 1893 audiendum
2923 1840 3181 1904 verbum,
3240 1850 3297 1895 ut
3346 1843 3635 1914 intelligas.

2059 1925 2195 1991 Quid
2242 1927 2612 1983 intellecturus
2641 1930 2806 1983 sum?
2834 1929 3005 1984 Deum
3039 1932 3343 1987 dicentem:
3369 1933 3532 1988 Cessa
3565 1936 3633 1990 ab

2064 2015 2438 2084 inquietudine
2460 2026 2582 2084 tua;
2614 2034 2720 2072 non
2752 2020 2821 2073 sit
2855 2019 3118 2075 tumultus
3145 2022 3362 2091 quidam
3392 2024 3444 2077 in
3473 2025 3635 2078 corde

2063 2112 2158 2159 tuo
2191 2120 2287 2175 per
2323 2107 2747 2177 corruptionem,
2790 2108 3135 2164 volitantibus
3174 2113 3641 2180 pbantasmatihus

2055 2205 2111 2251 et
2158 2200 2647 2269 compungentibus
2686 2209 2758 2253 te.
2793 2198 2909 2253 Non
2940 2199 3010 2253 sit
3040 2201 3134 2254 ita.
3178 2201 3344 2255 Deum
3373 2203 3515 2256 enim
3549 2203 3634 2256 in-

2060 2288 2372 2343 tellecturus
2408 2303 2468 2342 es
2506 2288 2773 2342 dicentem
2821 2289 2914 2342 tibi
2947 2305 2959 2341 :
2999 2286 3188 2343 Vacate
3222 2291 3487 2357 etvidete,
3517 2308 3631 2360 quo-

2059 2376 2201 2429 niam
2228 2392 2319 2446 ego
2347 2392 2461 2429 sum
2496 2376 2745 2429 Dominus
2781 2376 2952 2447 (Psal.
3002 2378 3147 2448 xu‘).
3190 2377 3270 2433 Tu
3306 2379 3637 2448 inquietudi-

2055 2482 2177 2522 nem
2218 2482 2410 2522 vacare
2451 2483 2555 2521 non
2618 2467 2700 2522 vis
2748 2468 3151 2522 contentionum
3192 2478 3405 2523 tuarum
3452 2486 3637 2525 corru-

2055 2557 2237 2626 ptione
2275 2565 2527 2621 caecatos,
2576 2557 2748 2627 exigis
2792 2557 2971 2611 videre
2999 2558 3141 2627 quod
3166 2575 3274 2613 non
3322 2568 3496 2629 potes.
3538 2560 3634 2615 At-

2056 2647 2215 2702 tende
2264 2647 2433 2711 euim,
2486 2656 2541 2701 et
2587 2649 2917 2702 contrariam
2971 2649 3184 2703 tertiam
3238 2651 3453 2720 plagam
3504 2651 3631 2704 huic

2057 2749 2327 2808 praecepto
2391 2739 2571 2793 tertio.
2640 2737 2929 2808 Sciniphcs
2997 2747 3139 2793 nata:
3184 2749 3314 2793 sunt
3377 2741 3432 2794 in
3491 2747 3637 2795 terra

2054 2827 2274 2899 Egypti
2317 2830 2382 2883 de
2422 2829 2569 2884 limo.
2601 2829 2795 2883 Musca:
2828 2831 3072 2900 quaedam
3107 2843 3234 2886 sunt
3260 2833 3635 2888 minutissima:

2059 2925 2113 2972 et
2158 2918 2586 2986 inquietissituar,
2644 2920 2949 2974 inordinate
2990 2921 3302 2986 volitantes,
3348 2923 3400 2976 in
3452 2923 3637 2977 oculos

2058 3009 2360 3072 irruentes,
2419 3024 2527 3062 non
2581 3009 2957 3079 permittentes
3005 3010 3278 3064 hominem
3328 3011 3630 3080 quiescere.

2056 3099 2193 3153 Dum
2242 3100 2533 3168 abiguntur
2578 3108 2632 3153 et
2675 3100 2916 3163 irruunt,
2974 3101 3101 3154 dum
3147 3099 3392 3168 abiectae,
3442 3117 3631 3157 rursus

2057 3190 2322 3256 redeunt;
2365 3191 2445 3245 sic
2491 3199 2544 3244 et
2586 3192 2807 3245 omnino
2849 3206 2987 3245 vana
3030 3193 3407 3260 phantasmata
3457 3195 3639 3249 cordis

2055 3280 2522 3333 cnnteutiosorum
2547 3291 2691 3335 sunt.
2722 3280 2923 3335 Tenete
2943 3290 3292 3350 pnuceptum,
3313 3293 3499 3338 Cavete
3519 3283 3637 3354 pla~

2056 3388 2197 3442 gain.
2227 3371 2484 3437 Quartum
2510 3381 2833 3441 prteceptum
2865 3381 2948 3426 est
2976 3389 2990 3424 :
3023 3371 3241 3425 Honora
3262 3383 3460 3442 patrem
3484 3382 3631 3426 tumn

2055 3475 2100 3517 et
2124 3474 2339 3516 matrem
2371 3475 2536 3517 tuam.
2572 3462 2706 3517 Huic
2736 3463 3006 3517 contraria
3039 3473 3228 3532 quarta
3255 3462 3633 3534 Egyptiorum

2055 3554 2231 3624 plaga.
2261 3552 2517 3624 Cyuomia
2548 3554 2689 3607 enim
2722 3555 2850 3623 quid
2883 3555 3001 3607 est?
3028 3553 3288 3624 Cyuomia
3323 3564 3407 3609 est
3431 3554 3630 3608 canina

2057 3660 2238 3697 musca
2270 3661 2283 3695 :
2312 3644 2555 3697 Grzecum
2599 3644 2915 3697 vocabulum
2956 3654 3057 3697 est.
3100 3644 3368 3699 Caninum
3408 3654 3492 3699 est
3538 3660 3633 3716 pa-

2055 3742 2234 3787 rentes
2259 3748 2363 3788 nou
2394 3750 2708 3804 agnoscere.
2743 3734 2884 3788 Nihil
2909 3744 3016 3787 tam
3043 3736 3292 3788 caninum
3315 3751 3477 3804 quam
3507 3752 3631 3790 cum

2053 3823 2127 3878 illi
2163 3825 2255 3894 qui
2281 3835 2598 3895 genuerunt,
2635 3842 2740 3879 non
2770 3834 3159 3898 agnoscuntur.
3195 3826 3384 3880 Merito
3412 3842 3541 3897 ergo
3570 3836 3632 3881 ut

2052 3913 2214 3967 catuli
2257 3928 2473 3978 canum,
2507 3914 2634 3969 (ιωςὶ
2676 3925 2992 3968 nascuntur.
3020 3912 3278 3979 Quintum
3305 3926 3630 3984 praeceptqu

2051 4012 2175 4059 est:
2211 4002 2335 4059 Non
2379 4005 2734 4059 maechaberis.
2788 4005 2986 4071 Quinta
3034 4005 3210 4076 plaga,
3261 4015 3347 4061 est
3390 4022 3537 4060 mors
3575 4007 3630 4059 in

2050 4093 2337 4163 pecoribus
2363 4093 2761 4165 IEgyptiorum.
2785 4097 3174 4165 Comparemus
3199 4098 3330 4150 haec.
3357 4097 3433 4150 Da
3460 4097 3632 4150 homi-

2053 4199 2175 4237 nem
2218 4185 2475 4238 mtechari
2510 4186 2880 4248 meditantem,
2908 4184 3158 4254 eonjugio
3180 4200 3284 4238 non
3314 4192 3626 4238 contentum

2052 4290 2169 4337 suo,
2207 4275 2501 4343 appetitum
2542 4274 2828 4341 quemdam
2869 4274 3047 4325 carnis
3090 4273 3141 4325 in
3175 4287 3234 4325 se
3264 4273 3480 4325 domare
3514 4286 3622 4326 non

2058 4364 2190 4423 vult,
2221 4365 2311 4432 qui
2344 4373 2425 4418 est
2456 4364 2609 4417 nobis
2636 4363 3027 4432 pecoribusque
3054 4362 3376 4417 communis.
3412 4362 3622 4417 Etenim

2058 4454 2419 4507 concumbere
2449 4462 2503 4505 et
2539 4465 2796 4522 generare
2821 4451 2983 4505 etiam
3020 4453 3281 4520 pecudum
3310 4460 3393 4506 est
3419 4469 3433 4505 :
3466 4453 3632 4506 ratio-

2056 4542 2226 4596 cinari
2268 4549 2322 4595 ct
2364 4541 2688 4611 intelligere,
2732 4539 3153 4595 humanumest.
3200 4541 3324 4595 ldco
3352 4541 3489 4594 ratio
3509 4557 3629 4611 qua?

2056 4635 2213 4705 pnesi
2239 4638 2309 4688 'et
2335 4635 2385 4686 in
2410 4642 2609 4696 mente,
2641 4642 2818 4687 motus
2842 4631 3125 4688 inferiores
3148 4632 3348 4697 carnis,
3372 4640 3626 4701 tanquam

2059 4738 2289 4792 regnans
2323 4732 2375 4775 et
2405 4724 2712 4787 dominans,
2755 4721 2972 4777 frenare
2998 4722 3192 4786 debet,
3226 4738 3333 4775 non
3366 4723 3625 4775 immode-

2056 4821 2169 4866 rate
2192 4820 2245 4866 et
2274 4811 2458 4866 illicite
2491 4812 2693 4881 passim
2727 4825 2973 4881 vagaque
3007 4811 3213 4865 laxare.
3239 4810 3470 4879 Ideoque
3496 4810 3626 4879 ipsis

2055 4905 2340 4973 pecorilms
2378 4914 2571 4957 natura
2607 4904 2791 4958 datum
2841 4912 2944 4969 est,
2984 4904 3298 4959 instituente
3344 4903 3623 4965 Creatore,

2055 5002 2116 5047 ut
2142 5009 2247 5048 non
2280 5003 2598 5047 moveantur
2629 4994 2693 5047 ad
2727 4993 2956 5047 feminas
2984 5001 3038 5047 et
3062 4994 3130 5047 ad
3157 4992 3498 5047 concubitum
3522 4992 3620 5045 nisi

2056 5085 2223 5138 certis
2273 5084 2622 5153 temporibus.
2664 5083 2849 5153 Neque
2892 5084 3037 5137 enim
3078 5084 3287 5136 ratione
3321 5098 3379 5137 se
3412 5083 3619 5134 cohibet

2055 5172 2163 5226 alio
2199 5181 2438 5241 tempore
2480 5187 2662 5241 pecus,
2707 5174 2801 5227 sed
2838 5172 3079 5236 omnino,
3117 5171 3234 5240 ipso
3271 5180 3417 5226 motu
3461 5169 3623 5237 frige-

2056 5271 2259 5326 sceute,
2295 5266 2569 5332 torpescit.
2608 5264 2778 5318 Homo
2804 5276 2983 5319 autem
3013 5264 3133 5319 ideo
3169 5277 3383 5333 semper
3415 5260 3619 5315 moveri

2053 5361 2252 5423 potest,
2293 5355 2417 5424 quia
2457 5364 2512 5410 et
2552 5355 2826 5410 refrenare
2852 5364 3052 5409 motum
3078 5362 3273 5424 potest.
3304 5352 3420 5406 Tibi
3447 5351 3620 5404 domi-

2055 5446 2329 5498 nationem
2362 5446 2588 5500 rationis
2615 5455 2827 5500 creator
2854 5444 3021 5508 dedit,
3066 5444 3159 5497 tibi
3188 5448 3456 5511 prmcepta
3486 5455 3620 5495 cou-

2057 5535 2317 5605 tiuentim,
2362 5545 2617 5611 tanquam
2660 5539 2713 5593 in
2763 5539 2962 5593 bestias
3012 5534 3312 5589 inferiores.
3357 5533 3467 5586 lora
3496 5550 3623 5589 con-
