4052 6184
513 221 614 276 105

1145 224 1204 278 Β.
1248 225 1504 279 ΒΑΒΛΝἸ
1547 224 1765 279 ιιΑιῖιιι
1805 219 2062 276 ARCIIIE

2175 217 2486 277 MOGUNT.
2531 222 2816 280 OPERUM
2855 223 3037 280 PARS
3074 226 3112 279 l.

3677 227 3781 280 ιτιι

501 337 685 393 cessit.
739 337 915 394 Tenes
961 348 1016 393 tu
1061 340 1204 409 quod
1251 355 1416 409 pecus
1466 356 1572 394 non
1614 345 1812 408 potest.
1848 338 2089 392 Laboras
2117 336 2164 393 Α
2193 333 2355 398 diues,
2389 350 2494 389 non
2530 345 2657 390 ante
2681 337 2926 392 homines
2951 339 3104 391 dives
3125 337 3176 408 (l
3207 335 3348 390 Pctr.
3377 333 3481 406 ιιι).
3510 331 3614 392 Ubi
3638 335 3784 395 Deus

500 428 840 500 aliquantum
885 429 938 484 in
985 433 1331 498 continendo,
1375 448 1482 486 non
1516 433 1723 486 laborat
1753 447 1938 500 pecus.
1978 429 2086 483 Sed

500 513 758 592 gaudebis
789 537 1001 591 semper
1029 524 1080 577 in
1107 525 1431 587 aeternitate,
1463 525 1530 578 ad
1562 540 1723 594 quam
1754 539 1858 576 non
1887 537 2084 592 perve-

499 614 578 665 nit
599 627 786 682 pecus.
814 613 869 666 Si
893 627 1030 682 opus
1055 612 1260 685 fatigat.
1291 630 1499 670 merces
1527 615 1855 668 consoletur.
1882 615 1948 667 Et
1970 614 2085 682 ipsa

498 703 642 755 enim
689 703 946 772 patientia
981 714 1066 759 est
1102 705 1418 759 interiorem
1473 716 1678 759 motum
1736 704 1972 768 frenare,
2029 711 2084 757 et

497 795 638 863 quod
671 796 838 849 habes
861 811 1145 852 commune
1166 813 1287 852 cum
1319 813 1535 867 pecore,
1564 813 1671 852 non
1697 806 1955 866 tanquam
1982 811 2079 865 pe-

497 902 592 941 cus
637 887 688 940 in
732 890 878 942 omni
909 905 965 944 re
991 890 1154 944 debes
1182 890 1384 945 laxare.
1425 891 1576 957 Quod
1609 891 1654 945 si
1685 890 2078 960 contempseris

497 985 571 1040 te,
601 986 656 1030 et
681 977 969 1048 imaginem
1009 979 1102 1033 Dei
1146 980 1198 1034 iu
1230 996 1334 1049 qua
1376 980 1504 1035 fecit
1550 991 1602 1035 te
1645 981 1968 1051 neglexeris,
1999 981 2081 1034 vi-

495 1076 614 1121 ctus
635 1068 927 1138 cupiditate
950 1070 1329 1140 insignitirum
1361 1087 1562 1135 rerum,
1588 1081 1848 1141 tanquam
1877 1071 2078 1125 amisso

497 1160 709 1213 homine
745 1161 853 1214 eris
887 1177 1072 1230 pecus,
1104 1178 1209 1216 non
1240 1163 1396 1231 quasi
1424 1177 1720 1218 conversus
1743 1163 1795 1215 in
1823 1171 2078 1215 naturam

495 1251 723 1318 pecoris,
757 1253 850 1306 sed
885 1255 935 1306 in
968 1255 1202 1308 hominis
1229 1253 1402 1308 forma
1432 1255 1640 1308 hahcns
1666 1252 2076 1306 similitudinem

490 1342 735 1409 pecoris;
778 1343 869 1411 qui
913 1360 1017 1397 non
1056 1345 1209 1398 auglis
1238 1346 1546 1399 dicentem:
1581 1342 1760 1396 Nolite
1791 1359 1899 1395 esse
1940 1343 2076 1396 sicut

489 1447 650 1501 equus
671 1443 716 1484 ct
743 1431 934 1496 mulus,
964 1451 1064 1487 non
1087 1435 1332 1488 habentes
1356 1433 1678 1488 intellectum
1704 1433 1876 1504 (Psal.
1897 1433 2070 1500 xxxi).

490 1524 595 1577 Sed
644 1523 781 1578 forte
821 1526 976 1595 eligis
1028 1527 1124 1580 tibi
1167 1542 1288 1581 esse
1334 1541 1520 1598 pecus,
1571 1535 1627 1581 et
1671 1527 1837 1580 libera
1886 1524 2072 1595 vagari

488 1613 731 1679 libidine,
770 1615 913 1668 nulla
950 1617 1065 1686 lege
1107 1619 1402 1687 appetitum
1452 1617 1634 1672 carnis
1679 1617 1745 1671 ad
1790 1617 2072 1672 continen-

2194 425 2358 488 videt,
2393 427 2466 480 ibi
2497 428 2666 482 dives.
2700 430 2840 494 Quid
2884 445 3015 500 ergo
3055 431 3148 484 tibi
3194 430 3446 499 prodest?
3483 428 3575 483 ubi
3617 428 3783 485 homo

2192 536 2298 573 non
2327 521 2493 585 videt,
2532 520 2736 577 iuraris
2759 542 2770 576 :
2793 533 2854 577 et
2883 523 2976 577 ubi
3026 524 3168 578 Deus
3205 523 3372 584 videt,
3408 522 3776 592 grandiuaris.

2189 611 2451 666 Octavum
2498 624 2870 683 pncccptum:
2908 613 3130 669 Falsum
3169 615 3524 668 testimonium
3557 631 3658 668 non
3687 615 3780 668 di-

2189 720 2297 756 ces.
2341 704 2544 758 Octava
2591 706 2770 776 plaga,
2812 707 3039 767 locusta,
3085 706 3288 760 animal
3332 706 3492 760 dente
3531 707 3774 761 noxium.

2188 793 2327 860 Quid
2377 803 2559 849 autem
2607 797 2724 850 vult
2775 798 2943 852 falsus
2997 799 3182 860 testis,
3238 797 3340 850 nisi
3387 812 3584 852 nocere
3631 813 3780 851 mor-

2188 886 2388 950 denda,
2415 896 2469 940 et
2493 902 2813 942 consumere
2840 889 3187 943 mentiendo?
3218 889 3458 958 Denique
3479 889 3780 942 admonens

2192 976 2440 1031 homines
2473 977 2565 1031 Dei
2598 977 2888 1048 Apostolus
2919 994 2984 1032 ne
3021 993 3078 1032 se
3119 978 3267 1033 falsis
3303 978 3779 1032 criminationibus

2187 1076 2466 1134 appetant,
2500 1066 2558 1122 Si
2592 1069 2864 1128 mordetis.
2903 1070 3096 1139 inquit,
3135 1079 3186 1122 et
3220 1070 3489 1124 comeditis
3529 1069 3774 1130 invicem,

2185 1157 2350 1210 ridete
2392 1173 2456 1211 ne
2484 1157 2550 1210 ab
2591 1159 2812 1212 invicem
2857 1161 3239 1214 consumamini
3279 1158 3422 1231 (Gal.
3451 1161 3528 1228 v).
3558 1158 3774 1214 Nonum

2182 1255 2511 1316 praeceptum
2546 1267 2558 1302 :
2592 1248 2714 1302 Non
2753 1251 3086 1320 concupisces
3135 1267 3352 1305 uxorem
3394 1251 3624 1321 proximi
3670 1252 3772 1305 tui.

2183 1337 2332 1392 Nona
2391 1340 2570 1411 plaga,
2617 1341 2798 1396 densa
2846 1343 3104 1397 tenebrae.
3155 1342 3370 1397 Etenim
3409 1350 3490 1396 est
3519 1342 3772 1411 quaedam

2181 1431 2413 1485 mmcbia
2443 1442 2634 1487 contra
2673 1448 2838 1502 quam
2876 1449 3039 1502 supra
3081 1442 3410 1504 prmeeptum
3437 1433 3625 1488 datum
3660 1443 3771 1498 est,

2178 1524 2341 1578 etiam
2381 1540 2488 1580 non
2531 1526 2830 1595 appetenda
2879 1526 3129 1580 castitate
3173 1525 3363 1580 uxoris
3395 1524 3604 1580 aliene.
3636 1524 3774 1578 Ma:-

2179 1616 2312 1670 chus
2353 1625 2438 1671 est
2478 1618 2644 1684 enim,
2687 1626 2743 1673 et
2767 1618 2858 1688 qui
2887 1625 3134 1672 movetur
3162 1617 3229 1672 ad
3257 1632 3485 1672 uxorem
3507 1616 3768 1677 alienam,

488 1704 619 1758 tiam
673 1704 1078 1762 rcfrenamlum.
1121 1708 1352 1762 Attende
1398 1709 1612 1778 plagam
1643 1725 1655 1760 :
1684 1707 1739 1761 Si
1791 1722 1954 1776 pecus
1993 1722 2070 1768 es.
2106 1689 2150 1748 Β
2181 1716 2390 1762 tantum
2436 1710 2563 1779 quia
2613 1725 2718 1764 non
2763 1718 3049 1765 contentus
3077 1717 3164 1764 est
3198 1725 3315 1765 sua.
3347 1707 3467 1763 lam
3497 1723 3628 1764 vero
3655 1725 3768 1764 non

486 1810 593 1848 non
632 1795 822 1860 times,
874 1799 966 1851 sed
1011 1799 1204 1852 saltent
1250 1800 1386 1853 mori
1431 1800 1609 1853 times.
1668 1799 1890 1853 Sextum
1939 1813 2073 1868 prae-

483 1895 725 1955 ceptum,
769 1888 892 1941 Non
920 1889 1144 1942 occides.
1188 1888 1353 1944 Sexta
1393 1889 1570 1960 plaga,
1611 1889 1838 1958 pustula:
1866 1889 1919 1942 in
1947 1904 2073 1943 cor-

484 1992 636 2044 pore,
663 1986 716 2032 et
738 1979 932 2033 vesica:
961 1979 1246 2036 bullientes
1286 1989 1341 2034 et
1380 1991 1669 2043 scatentes,
1717 1989 1774 2035 et
1824 1979 2071 2034 incendia

485 2065 786 2133 vulnerum,
815 2080 870 2122 et
900 2068 1096 2124 favilla:
1128 2069 1382 2124 fornacis.
1418 2069 1576 2123 Tales
1600 2077 1726 2123 sunt
1750 2069 1946 2123 anima:
1971 2069 2070 2123 ho-

481 2158 782 2213 micidales.
815 2162 1022 2218 Ardent
1065 2163 1168 2229 ira,
1207 2165 1332 2235 quia
1361 2181 1456 2235 per
1484 2165 1620 2219 iram
1649 2163 1930 2218 homicidii
1957 2160 2070 2216 fra-

483 2250 711 2305 ternitas
739 2251 967 2322 deperit.
1007 2255 1214 2310 Ardent
1241 2256 1487 2309 homines
1511 2255 1611 2313 ira.
1645 2254 1842 2308 ardent
1867 2261 1923 2307 et
1947 2267 2072 2324 gra-

483 2346 578 2398 tia.
607 2345 713 2398 Sed
742 2345 880 2401 alius
904 2355 988 2400 est
1020 2348 1202 2403 fervor
1240 2350 1513 2412 sanitatis,
1553 2348 1692 2402 alius
1722 2347 1904 2401 fervor
1925 2346 2072 2400 ulce-

484 2438 578 2493 ris.
625 2439 893 2493 Ardentes
938 2440 1148 2508 papula:
1193 2456 1289 2510 per
1334 2449 1502 2495 totum
1542 2447 1800 2509 concepta
1842 2438 2070 2494 homici—

483 2527 570 2582 dia
617 2537 849 2596 scatent,
893 2538 948 2582 et
989 2545 1181 2583 sanum
1213 2546 1320 2583 non
1355 2539 1468 2595 est;
1513 2530 1704 2596 fervet,
1744 2529 1838 2584 sed
1867 2543 1975 2582 non
2005 2528 2070 2582 de

480 2621 673 2690 spiritu
706 2620 822 2675 Dei.
856 2619 988 2674 Nam
1027 2629 1081 2675 et
1110 2621 1201 2692 qui
1236 2621 1350 2674 vult
1380 2622 1687 2686 subvenire,
1733 2620 1946 2676 fervet:
1980 2619 2069 2675 ille

479 2719 769 2782 ptmcepto,
810 2711 935 2777 iste,
964 2713 1185 2777 morbo;
1219 2713 1307 2767 ille
1347 2713 1503 2768 bonis
1536 2714 1812 2783 operibus,
1844 2712 1950 2768 iste
1977 2728 2065 2767 sa-

479 2804 588 2859 niei
612 2804 902 2860 ulceribus.
929 2803 983 2858 Si
1008 2819 1292 2874 possemus
1319 2805 1504 2859 videre
1528 2805 1739 2859 animas
1767 2804 2066 2860 homicida-

479 2909 620 2954 rum.
663 2893 783 2964 plus
824 2894 1199 2965 plangcrcmus
1241 2911 1402 2965 quam
1442 2895 1805 2966 putrescentia
1835 2909 2063 2965 corpora

479 2990 863 3046 ulceratorum.
901 2988 1197 3060 Sequitur:

551 3081 672 3135 Non
723 3079 1004 3150 [tn'abcris.
1058 3079 1390 3149 PrmCCptum
1436 3079 1752 3150 septimum,
1800 3089 1854 3134 et
1900 3080 2058 3150 plaga

475 3174 726 3242 septima,
770 3173 975 3242 grando
1002 3173 1054 3226 in
1088 3171 1387 3236 fructibus;
1438 3173 1583 3240 quod
1627 3181 1818 3226 contra
1859 3187 2063 3242 praece-

474 3272 626 3333 ptum
650 3262 929 3326 subducis,
948 3262 1014 3316 de
1041 3261 1179 3316 cmlo
1202 3261 1402 3330 perdis.
1425 3261 1597 3316 Nemo
1617 3261 1760 3316 enim
1792 3263 1955 3338 habet
1980 3263 2063 3316 in-

471 3353 673 3422 justum
701 3353 908 3407 lucrum
946 3353 1063 3408 sine
1091 3354 1237 3422 justo
1262 3354 1478 3408 damno.
1511 3353 1678 3408 Verbi
1707 3353 1881 3424 gratia
1916 3372 1928 3408 :
1966 3355 2060 3424 qui

474 3445 689 3498 furatur
751 3444 981 3514 acquirit
1044 3452 1292 3505 vestem,
1347 3443 1440 3498 sed
1498 3443 1774 3498 caelestem
1853 3444 2060 3514 judicio

473 3537 674 3593 amittit
730 3536 910 3592 fidem.
978 3534 1081 3592 Ubi
1152 3536 1417 3605 lucrum,
1474 3537 1547 3591 ibi
1612 3537 1888 3592 damnum.
1964 3539 2058 3592 Vi-

472 3628 704 3683 sibiliter
765 3627 1013 3693 lucrum,
1072 3627 1420 3682 invisibiliter
1475 3629 1752 3683 damnum.
1820 3629 2056 3685 Lucrum

471 3721 539 3774 de
585 3734 682 3773 sua
727 3719 993 3784 c'ecitate,
1047 3718 1302 3775 damnum
1334 3718 1400 3773 de
1428 3719 1640 3773 Domini
1677 3720 1838 3773 nube.
1873 3719 2058 3789 Neque

470 3811 616 3864 enim
643 3811 846 3880 aliquid
877 3811 994 3863 sine
1021 3810 1385 3879 providentia,
1427 3810 1734 3864 charissimi
1762 3830 1773 3862 ;
1800 3819 1895 3863 aut
1929 3827 2058 3865 vere

471 3904 734 3971 reputatis
767 3918 828 3956 ea
855 3918 976 3972 qua:
1006 3903 1285 3971 patiuntur
1313 3902 1581 3965 homines,
1609 3902 1914 3956 dormiente
1948 3903 2056 3956 Deo

469 3994 616 4065 pati?
649 3993 858 4047 Passim
889 3993 1140 4046 videntur
1167 3993 1281 4046 fieri
1320 3993 1455 4054 haec,
1508 3993 1680 4047 nubes
1716 3991 1919 4063 colligi,
1957 3993 2057 4046 im-

468 4086 596 4140 bres
636 4083 868 4148 infundi,
903 4083 1222 4154 grandinem
1245 4081 1376 4151 jaci,
1412 4083 1664 4137 tonitruis
1696 4092 1895 4136 terram
1925 4097 2056 4136 con-

468 4179 598 4243 cuti,
635 4179 1013 4234 coruscatione
1045 4177 1258 4240 terreri,
1297 4175 1494 4245 passim
1537 4183 1794 4244 putantur
1822 4173 1961 4239 fieri,
2001 4183 2056 4226 et

467 4269 622 4340 quasi
650 4271 716 4324 ad
744 4270 978 4325 divinam
1025 4268 1419 4338 providentiam
1464 4283 1568 4321 non
1599 4268 1894 4336 pertinere,
1926 4282 2056 4326 con-

470 4370 552 4414 tra
595 4360 729 4415 tales
770 4360 1125 4429 cogitationes
1153 4359 1338 4429 vigilat
1369 4358 1456 4412 ille
1502 4358 1739 4427 psalmus
1772 4377 1784 4411 :
1815 4356 2053 4412 Laudato

471 4451 751 4505 Dominum
772 4453 836 4504 de
857 4461 1017 4505 terra.
1042 4451 1177 4504 Cum
1205 4452 1392 4506 laudes
1413 4452 1572 4506 dicta:
1597 4460 1782 4507 essent
1805 4453 1871 4507 de
1892 4452 2049 4519 caelo,

467 4540 719 4594 dracones
748 4551 796 4594 et
823 4559 1000 4596 omnes
1027 4541 1222 4610 abyssi,
1248 4542 1402 4610 ignis,
1430 4545 1657 4613 grando,
1691 4546 1802 4608 nix,
1833 4545 2049 4615 glacies,

467 4632 681 4701 spiritus
712 4631 1050 4701 tempestatis,
1086 4648 1203 4701 qua:
1239 4633 1442 4700 faciunt
1479 4635 1687 4688 uerbum
1723 4635 1838 4704 ejus
1873 4634 2046 4707 (Psal.

465 4721 714 4791 cxnvm).
766 4721 905 4791 Ergo
949 4723 1040 4790 qui
1095 4737 1195 4776 suo
1243 4723 1383 4777 malo
1430 4723 1700 4778 desiderio
1751 4725 2052 4799 forinsecus

469 4809 734 4875 furantur,
759 4809 852 4866 Dei
873 4809 1079 4878 judicio
1105 4812 1435 4870 intrinsecus
1457 4814 1870 4884 grandinantur.
1900 4815 1972 4870 0!
2005 4818 2048 4871 si

466 4909 687 4971 possent
727 4902 993 4971 inspicere
1039 4917 1227 4971 agrum
1274 4902 1454 4957 cordis
1495 4904 1599 4966 sui,
1632 4904 1876 4974 profecto
1907 4906 2053 4977 luge-

467 5003 610 5055 rmt,
645 4991 879 5052 dumibi
930 5008 1039 5053 non
1075 4992 1402 5060 invenirent,
1453 4996 1594 5063 quod
1639 4996 1692 5051 in
1739 5012 1802 5051 os
1855 4999 2052 5053 mentis

465 5081 744 5136 mitterent
771 5101 784 5136 :
811 5090 868 5138 et
911 5084 955 5139 si
997 5085 1053 5139 in
1093 5083 1241 5140 fur-to
1288 5101 1404 5150 suo,
1455 5086 1762 5142 invenirent
1810 5091 1954 5158 quod
1995 5091 2046 5145 in

464 5175 776 5231 aviditatem
811 5179 1024 5238 ventris
1055 5181 1351 5246 mitterent,
1381 5181 1556 5250 major
1583 5182 1761 5238 fames
1778 5193 1924 5238 esset
1954 5184 2049 5239 ho-

463 5266 627 5322 minis
660 5267 934 5322 interioris
959 5286 973 5322 :
1005 5271 1178 5339 major
1204 5269 1376 5326 fames
1401 5283 1455 5327 et
1482 5273 1840 5343 periculosior
1862 5274 2039 5346 plaga,

459 5367 519 5413 et
541 5359 759 5430 gravior
794 5373 962 5415 mors.
1006 5358 1155 5415 Multi
1193 5364 1390 5417 mortui
1431 5365 1732 5429 ambulant,
1780 5375 1836 5421 et
1888 5367 2042 5422 multi

461 5448 754 5505 facinorosi
792 5449 860 5505 de
893 5451 1046 5506 vanis
1079 5451 1284 5506 divitiis
1313 5453 1605 5508 exsultant.
1655 5452 1900 5524 Denique
1929 5472 2045 5512 ser-

464 5553 589 5592 vum
619 5540 714 5596 Dei
744 5540 1026 5612 Scriptura
1065 5542 1213 5598 intus
1251 5544 1384 5598 dicit
1424 5545 1765 5617 locupletem.
1812 5548 2044 5617 Abscon-

463 5631 629 5694 s'itus,
667 5632 858 5701 inquit,
893 5634 1066 5688 cordis
1098 5635 1255 5689 vestri
1283 5635 1460 5703 homo,
1492 5639 1582 5706 qui
1608 5648 1680 5690 cst
1719 5650 1838 5692 ante
1871 5639 2035 5692 Deum

2178 1800 2350 1854 solum
2393 1811 2514 1872 post
2542 1817 2696 1858 suam
2736 1819 2981 1874 peccare,
3013 1801 3107 1857 sed
3133 1802 3298 1857 etiam
3325 1801 3560 1858 alienam
3588 1809 3771 1856 atten-

2178 1899 2316 1957 tare,
2349 1908 2475 1948 vere
2503 1895 2685 1949 densae
2709 1902 2831 1948 sunt
2866 1895 3118 1949 tenebrae.
3162 1893 3312 1947 Nihil
3336 1893 3481 1948 enim
3509 1893 3587 1948 sic
3619 1892 3773 1948 dolet

2176 1982 2229 2036 in
2261 1984 2425 2038 corde
2451 1984 2723 2054 patientis,
2765 1993 2820 2040 et
2862 1985 2956 2055 qui
2997 1984 3097 2038 hoc
3131 1982 3261 2039 facit
3296 1982 3479 2048 alteri,
3503 1983 3642 2038 nihil
3680 1984 3768 2038 sic

2174 2073 2288 2126 vult
2319 2075 2460 2143 pati;
2506 2075 2574 2129 ad
2614 2075 2788 2130 aliena
2836 2075 3079 2145 paratior
3105 2083 3190 2130 est
3216 2075 3396 2130 cumis
3427 2074 3610 2129 homo.
3647 2073 3767 2130 Hoc

2172 2174 2354 2220 autem
2409 2166 2594 2221 nescio
2644 2173 2898 2221 utrumne
2944 2174 3048 2231 est,
3086 2167 3177 2236 qui
3221 2160 3580 2220 tolerabiliter
3620 2163 3768 2219 ferat

2172 2257 2363 2313 odiens
2407 2259 2505 2313 has
2545 2260 2804 2315 tenebras
2834 2260 2939 2315 ista
2972 2259 3306 2324 facientium,
3348 2259 3474 2314 talia
3499 2259 3764 2329 concupi-

2174 2351 2462 2414 sccntium,
2515 2366 2642 2406 vere
2671 2361 3013 2406 excmcantur
3055 2350 3236 2406 furore
3270 2351 3538 2406 horribili.
3581 2351 3766 2407 Furor

2170 2441 2313 2495 enim
2356 2442 2650 2496 indomitus
2681 2451 2765 2496 est
2813 2442 3134 2497 conculcare
3167 2442 3267 2496 viri
3309 2457 3554 2497 uxorem.
3599 2441 3762 2496 Deci-

2173 2547 2318 2585 mum
2366 2541 2693 2602 prteccptum
2725 2541 2848 2587 est:
2881 2532 3003 2587 Non
3053 2534 3385 2602 concupisces
3432 2533 3595 2587 ullam
3643 2551 3759 2588 rem

2169 2619 2395 2688 proaimi
2415 2620 2533 2672 tui:
2562 2636 2666 2674 non
2694 2635 2878 2690 pecus,
2905 2637 3012 2675 non
3038 2623 3456 2691 possessionem,
3492 2637 3599 2677 non
3631 2624 3760 2678 sub-

2162 2710 2392 2780 jugium,
2421 2725 2528 2764 non
2551 2711 2752 2780 aliquid
2775 2712 2998 2766 omnino
3021 2713 3250 2782 proximi
3277 2713 3353 2767 tui
3375 2714 3755 2784 concupiscas.

2169 2803 2304 2856 lluic
2334 2802 2472 2858 mala
2512 2803 2669 2873 plaga
2698 2805 2970 2860 contraria
3002 2815 3085 2859 est
3114 2805 3345 2870 decima,
3374 2821 3522 2860 mors
3546 2806 3758 2875 primo-

2166 2894 2492 2965 genitorum.
2524 2894 2582 2948 ln
2605 2911 2709 2965 qua
2736 2894 2890 2965 plaga
2923 2911 3044 2950 cum
3069 2896 3530 2965 comparationem
3560 2911 3757 2966 quam-
3814 2933 3815 2936 η

2165 2986 2289 3041 dam
2333 3003 2540 3056 quzero,
2579 2988 2712 3042 nihil
2751 2990 2880 3043 mihi
2912 2990 3128 3044 interim
3168 2991 3425 3046 occurrit.
3478 2991 3760 3046 Fortassis

2166 3085 2421 3130 occurrat
2468 3077 2662 3133 melius
2707 3079 3123 3150 diligentiusque
3169 3080 3600 3150 inquirentibus,
3647 3082 3756 3137 nisi

2163 3166 2290 3236 quia
2322 3182 2510 3221 onmes
2559 3183 2648 3223 res
2690 3185 2826 3238 quas
2872 3171 3054 3235 habet,
3087 3172 3392 3227 hacredibus
3421 3189 3642 3228 servare
3666 3189 3760 3228 re-

2161 3257 2538 3326 prehenditur.
2565 3258 2663 3314 Hic
2692 3267 2870 3315 autem
2897 3261 3114 3325 clamat,
3137 3263 3227 3332 qui
3270 3279 3382 3318 rem
3409 3264 3643 3333 proximi
3667 3265 3754 3318 sui

2164 3349 2518 3417 concupiscit,
2560 3358 2616 3404 et
2657 3351 2748 3420 qui
2786 3350 2932 3406 furto
2968 3351 3164 3416 aufert,
3197 3362 3251 3407 et
3280 3354 3372 3423 qui
3410 3353 3622 3408 furatur
3651 3354 3757 3407 ali-

2163 3440 2291 3508 quid
2318 3442 2583 3510 proximo,
2617 3458 2723 3497 non
2753 3453 2933 3514 potest
2977 3447 3078 3500 nisi
3127 3461 3238 3501 rem
3277 3449 3510 3517 proximi
3555 3447 3752 3504 furari.

2164 3529 2270 3582 Sed
2323 3531 2390 3585 de
2439 3531 2584 3587 furto
2631 3534 2743 3603 jam
2790 3537 3038 3605 superius
3085 3547 3416 3608 prmceptum
3472 3548 3593 3603 est,
3654 3541 3750 3595 ubi

2163 3619 2430 3691 intelligas
2462 3631 2518 3676 et
2547 3623 2813 3691 rapinam.
2853 3623 2970 3679 Non
3014 3627 3160 3680 enim
3197 3627 3262 3680 de
3294 3627 3436 3681 furto
3480 3629 3752 3698 praecipe-

2161 3719 2262 3776 ret,
2308 3719 2363 3765 et
2403 3712 2469 3765 de
2501 3713 2685 3783 rapina
2733 3722 2940 3768 taceret
2986 3715 3288 3786 Scriptura,
3339 3718 3440 3772 nisi
3472 3728 3524 3773 te
3553 3717 3751 3774 intelli-

2161 3817 2287 3871 gere
2333 3803 2610 3869 voluisset,
2648 3805 2774 3874 quia
2810 3805 2854 3859 si
2882 3807 3096 3876 pmnale
3120 3817 3204 3861 est
3232 3807 3478 3863 clanculo
3507 3806 3745 3874 auferre,

2161 3893 2331 3948 multo
2362 3895 2582 3965 majoris
2621 3912 2796 3966 poenae
2830 3907 2913 3953 est
2944 3899 3209 3955 violenter
3241 3901 3473 3972 eripere.
3513 3901 3746 3958 Auferre

2159 4000 2290 4056 ergo
2330 3987 2537 4051 volens,
2571 3989 2686 4044 sive
2716 3989 2952 4056 occulte,
2995 3991 3113 4046 sive
3160 3992 3359 4062 palam,
3411 3993 3572 4048 habet
3608 4007 3748 4064 prae-

2160 4087 2376 4148 ceptum
2402 4095 2590 4146 suum;
2619 4083 3006 4152 concupiscere
3040 4099 3154 4139 rem
3183 4085 3438 4155 proximi,
3466 4087 3610 4156 quod
3645 4101 3746 4140 no-

2162 4179 2239 4224 tat
2270 4170 2412 4226 Deus
2450 4173 2504 4227 in
2548 4175 2733 4240 corde,
2763 4176 2979 4231 etiamsi
3001 4175 3204 4245 justam
3236 4178 3308 4232 ibi
3338 4179 3742 4234 successionem

2159 4278 2392 4331 quaaras,
2409 4281 2513 4320 non
2539 4266 2685 4320 licet.
2706 4267 2948 4338 Denjque
2971 4270 3063 4339 qui
3085 4271 3275 4325 volunt
3295 4286 3382 4325 res
3402 4271 3605 4326 alienas
3630 4280 3747 4324 tan-

2161 4372 2321 4427 quam
2340 4358 2485 4428 juste
2505 4359 2801 4427 possidere,
2828 4361 3072 4418 bteredes
3094 4378 3153 4418 se
3173 4373 3423 4432 qumrunt
3445 4363 3559 4418 fieri
3582 4380 3609 4418 a
3633 4377 3745 4417 mo-

2159 4445 2445 4501 rientibus.
2474 4447 2614 4514 Quid
2640 4449 2784 4503 enim
2814 4459 2922 4504 tam
2945 4451 3152 4522 justum
3183 4453 3399 4508 videtur
3430 4468 3592 4524 quam
3624 4471 3738 4510 rem

2155 4536 2256 4594 sibi
2281 4538 2593 4594 derelictam
2618 4541 2914 4610 possidere,
2952 4551 3007 4596 et
3041 4543 3241 4598 habere
3275 4543 3402 4612 jure
3428 4546 3740 4600 communi?

2155 4627 2294 4692 Quid
2319 4628 2461 4698 apud
2490 4639 2540 4684 te
2572 4627 2703 4684 facit
2725 4633 2921 4686 homo?
2947 4633 3228 4688 dimissum
3261 4643 3344 4690 est
3382 4635 3534 4700 mihi,
3566 4637 3742 4692 haere-

2155 4716 2379 4771 ditatem
2425 4731 2752 4778 consecutus
2795 4737 2937 4788 sum,
2974 4731 3360 4778 testamentum
3404 4724 3555 4796 lego;
3605 4727 3740 4783 nihil

2156 4808 2372 4862 videtur
2395 4808 2594 4877 justius
2640 4813 2742 4867 ista
2786 4828 2919 4868 voce
2947 4816 3211 4870 avaritim.
3263 4815 3340 4869 Tu
3369 4815 3553 4872 laudas
3581 4819 3734 4888 quasi

2145 4898 2268 4968 jure
2290 4903 2680 4972 possidentem,
2706 4905 2848 4960 Deus
2874 4907 3096 4960 damnat
3126 4906 3328 4976 injuste
3355 4909 3739 4978 concupiscen-

2153 4999 2282 5046 tem.
2313 4993 2446 5048 Vide
2471 4994 2645 5064 qualis
2672 5010 2732 5049 es
2750 4997 2842 5065 qui
2866 4983 3037 5067 ioptas
3072 5008 3125 5052 te
3153 4999 3222 5052 ab
3248 4999 3431 5068 aliquo
3465 5001 3733 5055 lucredem

2151 5083 2290 5138 fieri.
2333 5083 2449 5139 Non
2485 5085 2566 5140 vis
2594 5095 2653 5139 ut
2680 5087 2880 5142 habeat
2922 5089 3184 5145 haaredes.
3217 5089 3274 5144 In
3305 5091 3612 5146 haeredibus
3641 5107 3736 5144 au-

2150 5186 2258 5233 tem
2299 5179 2430 5233 nihil
2482 5179 2704 5234 charius
2751 5181 3154 5252 primOgenito;
3198 5181 3424 5252 proinde
3451 5182 3504 5236 in
3533 5183 3735 5252 primo-

2149 5272 2347 5342 genitis
2379 5272 2488 5326 tuis
2515 5273 2744 5341 puniris,
2783 5274 2874 5343 qui
2919 5275 3353 5345 concupiscendo
3386 5290 3476 5329 res
3505 5274 3732 5335 alienas,

2150 5363 2202 5418 id
2231 5361 2372 5433 quod
2397 5362 2492 5416 tibi
2511 5363 2634 5433 jure
2662 5379 2768 5418 non
2803 5364 3121 5430 debebatur,
3168 5363 3324 5434 quasi
3361 5362 3505 5434 juris
3541 5363 3733 5417 umbra

2147 5455 2438 5526 perquiris.
2466 5455 2534 5510 Et
2561 5455 2725 5511 lacile
2765 5464 2850 5511 est
2890 5456 3109 5527 quidem
3151 5449 3353 5512 fratres
3376 5454 3725 5526 corporaliter

2147 5547 2398 5601 amittere
2440 5545 2853 5616 primogenitos.
2900 5545 3202 5600 Moriuntur
3246 5546 3391 5601 enim
3445 5545 3728 5606 homines,

2145 5638 2258 5691 sive
2287 5645 2410 5691 ante
2436 5645 2691 5705 parentes
2709 5650 2856 5701 suos,
2883 5635 2995 5689 sive
3019 5645 3142 5704 post
3165 5645 3417 5705 parentes
3438 5649 3565 5690 suos
3591 5647 3728 5688 mor-
