4052 6184
344 216 445 273 105

1285 172 1776 266 (ΣΟΜῊΕΝΤΑΒΙΛ
1816 203 1882 258 IN
1923 199 2230 256 EXODUSI.
2273 229 2338 237 -—
2380 197 2506 252 LIB.
2544 195 2626 250 III.

3476 189 3575 246 I06

334 330 434 387 ιηῑ,
489 322 812 378 moriuntur.
860 318 990 372 Illud
1038 317 1323 374 molestum
1364 328 1476 376 est.
1523 333 1588 371 ne
1627 331 1723 384 per
1763 316 1903 368 hanc
1935 317 1979 372 Α
2005 318 2197 378 quatur
2229 305 2370 360 nobis
2411 305 2569 367 Deus,
2617 321 2678 357 ne
2723 301 2853 370 forte
2894 301 3199 354 moriamur.
3259 300 3478 357 Multum
3518 310 3572 358 ct

331 417 604 470 occultam
643 423 698 466 et
736 411 990 480 injustam
1031 410 1516 479 concupiscentiam
1552 405 1904 477 primogenita

332 507 519 561 cordis
554 505 630 558 tui
657 503 873 572 perdas.
909 501 1307 571 Primogenitus
1332 501 1475 554 enim
1507 500 1559 553 in
1589 499 1746 552 nobis
1774 498 1906 550 ima-

333 594 518 664 ginem
559 593 722 647 habet
764 592 950 662 gratim
975 591 1090 645 Dei.
1127 591 1308 644 Novus
1341 601 1520 653 natus,
1549 589 1692 658 prior
1722 595 1904 648 natus,

334 685 484 736 inter
523 695 712 736 omnes
741 689 992 747 tanquam
1028 689 1186 735 natos
1214 678 1393 732 cordis
1423 676 1614 739 nostri,
1648 675 1910 744 primoge-

332 775 448 826 nita
483 772 612 826 ﬁdes
648 778 750 824 est.
791 769 958 824 Nemo
993 768 1138 823 enim
1165 768 1304 822 bona
1338 775 1590 836 operatur
1631 765 1732 818 nisi
1775 763 1908 817 ﬁdes

333 863 695 931 pnecesserit.
751 858 944 914 Omnia
997 873 1160 928 opera
1210 867 1300 912 tua
1347 857 1506 919 bona,
1547 855 1638 908 ﬁlii
1680 855 1754 908 tui
1783 860 1908 907 sunt

332 950 664 1020 spirituales.
694 948 801 1003 Sed
834 949 974 1002 inter
1003 948 1102 1000 hos
1128 946 1224 1001 tibi
1253 945 1608 1015 primogenita
1639 950 1724 996 est
1750 941 1903 996 ﬁdes.

338 1039 599 1108 Quisquis
631 1053 744 1092 rem
782 1037 1014 1091 alienam
1041 1035 1250 1092 occulte
1281 1033 1637 1103 concupiscis,
1681 1031 1908 1086 interius

337 1132 505 1185 tidem
540 1129 740 1199 perdis.
770 1128 891 1182 Eris
920 1127 1064 1182 enim
1093 1126 1267 1195 primo
1294 1125 1410 1179 sine
1435 1124 1597 1178 dubio
1625 1121 1909 1176 simulator

339 1222 669 1290 obsequens,
720 1234 827 1273 non
873 1219 1138 1273 charitate
1170 1217 1264 1272 sed
1293 1216 1502 1280 fraude,
1532 1214 1692 1272 veluti
1722 1229 1909 1267 amans

335 1327 469 1365 eum
518 1327 548 1364 a
579 1325 684 1379 quo
716 1317 768 1363 te
801 1310 952 1379 cupis
991 1308 1108 1363 ﬁeri
1157 1307 1444 1362 hasredem.
1495 1306 1742 1359 Amando
1784 1319 1907 1357 eum

334 1401 479 1454 mori
510 1400 726 1469 quaeris,
764 1407 820 1454 et
842 1408 902 1453 ut
925 1400 977 1452 in
1000 1413 1058 1453 re
1082 1399 1200 1468 ejus
1229 1405 1281 1451 te
1315 1397 1498 1451 videas
1524 1409 1906 1464 possessorem,

333 1491 416 1544 illi
447 1491 652 1545 invides
676 1503 1064 1545 successorem.

920 1578 1145 1635 CAPUT
1185 1578 1323 1632 XIV.

338 1673 421 1725 De
445 1689 506 1726 eo
531 1672 669 1742 quod
697 1671 1002 1742 perterritus
1027 1679 1101 1724 est
1129 1667 1347 1742 papulus
1372 1709 1386 1731 ,
1415 1665 1624 1721 visionis
1651 1663 1910 1731 magnitu-

858 1741 1032 1793 dinem
1063 1756 1165 1792 non
1201 1738 1388 1806 ferens.

411 1831 638 1885 Cunctas
671 1841 840 1885 autem
867 1833 1086 1901 populus
1110 1829 1308 1883 videbat
1330 1846 1472 1884 voces
1501 1838 1546 1882 et
1575 1826 1840 1897 lampades
1865 1834 1910 1877 et

332 1925 566 1979 sonitum
599 1923 827 1976 buccina:
852 1961 866 1986 ,
899 1929 1221 1990 montemque
1252 1917 1538 1986 fumantem
1568 1916 1761 1989 (Exod.
1796 1917 1908 1987 xx).

335 2014 493 2070 Solet
524 2013 688 2083 quzeri
722 2011 988 2081 quomodo
1025 2010 1250 2080 populus
1282 2009 1498 2064 videbat
1534 2026 1748 2075 vocem,
1790 2021 1911 2065 cum

335 2120 446 2157 vox
469 2119 572 2157 non
588 2101 656 2156 ad
679 2101 868 2165 visum,
888 2100 981 2154 sed
997 2100 1172 2168 potius
1192 2099 1259 2154 ad
1280 2100 1520 2154 auditum
1537 2104 1804 2170 pertinere
1830 2103 1911 2155 vi-

331 2197 552 2249 deatur.
612 2193 715 2248 Sed
753 2193 910 2246 modo
949 2191 1128 2261 aliquo
1156 2232 1170 2257 ,
1207 2191 1372 2246 veluti
1408 2192 1584 2247 dicam
1617 2211 1628 2245 :
1660 2193 1915 2257 Videntur

334 2285 410 2339 de
437 2284 685 2339 omnibus
709 2299 826 2352 qua:
866 2298 896 2336 a
932 2298 1016 2336 me
1052 2282 1194 2337 dicta
1233 2289 1373 2336 sunt.
1420 2280 1510 2336 Sic
1553 2282 1734 2336 videre
1779 2282 1913 2336 solet

332 2393 441 2447 pro
467 2375 700 2447 generali
733 2391 889 2429 sensu
919 2374 1066 2443 poni,
1097 2389 1202 2428 non
1236 2373 1406 2428 solum
1433 2374 1694 2444 corporis,
1727 2390 1913 2428 verum

333 2467 506 2520 etiam
532 2465 715 2519 animi.
740 2464 892 2520 Unde
916 2473 994 2518 est
1024 2464 1152 2518 illud
1182 2482 1194 2517 :
1224 2462 1355 2518 Cum
1376 2463 1578 2518 vidisset
1600 2463 1763 2518 Jacob
1791 2466 1914 2535 quia

333 2567 462 2610 sunt
489 2572 619 2608 esca:
642 2555 696 2608 in
735 2553 965 2625 Egypto
998 2551 1148 2624 (Gen.
1173 2555 1314 2625 xu);
1339 2553 1477 2608 unde
1511 2553 1694 2624 utique
1725 2555 1918 2610 absens

339 2655 485 2702 erat.
518 2645 834 2714 Quanquam
879 2643 1138 2710 nonnulli,
1163 2643 1344 2698 videre
1369 2658 1574 2709 vocem,
1611 2644 1745 2697 nihil
1772 2643 1916 2698 aliud

338 2753 468 2793 esse
517 2737 762 2792 arbitrati
817 2742 974 2801 sunt,
1024 2751 1183 2804 quam
1239 2735 1537 2804 intelligere
1576 2751 1588 2787 :
1632 2735 1724 2802 qui
1769 2735 1918 2788 visus

339 2837 432 2883 est
472 2827 682 2882 mentis.
715 2827 849 2881 Cum
877 2841 1004 2880 vero
1039 2826 1126 2880 hic
1175 2826 1410 2880 breviter
1456 2824 1740 2878 dicendum
1775 2832 1919 2878 esset

339 2919 491 2990 quod
515 2918 741 2990 populus
773 2917 987 2972 videbat
1020 2931 1202 2972 vocem
1227 2924 1283 2970 et
1308 2915 1600 2984 lampades,
1641 2922 1698 2969 et
1731 2929 1918 2970 vocem

2005 398 2173 452 solide
2209 397 2546 464 signiﬁcatur
2580 398 2648 448 ad
2688 393 2850 446 Vetus
2888 392 3288 447 Testamentum
3329 395 3576 448 timorem

2005 488 2183 559 potius
2210 486 2496 555 pertinere,
2523 485 2664 538 sicut
2689 484 2752 537 ad
2783 483 2986 536 Novum
3008 482 3344 537 dilectionem
3376 502 3388 536 :
3412 499 3581 552 quan-

2005 583 2244 644 quamet
2280 575 2334 628 in
2381 575 2557 628 Veteri
2593 573 2791 626 Novum
2822 573 3001 636 lateat,
3033 581 3087 625 et
3130 572 3183 625 in
3233 571 3380 626 Novo
3410 573 3578 628 Vetus

2005 673 2204 734 pateat.
2243 665 2519 730 Quomodo
2549 674 2725 716 autem
2760 663 2847 716 tali
2879 663 3074 731 popqu
3104 662 3370 716 tribuatur
3397 662 3581 717 videte

2008 769 2190 809 vocem
2227 755 2340 813 Dei.
2378 755 2422 808 si
2458 755 2559 808 hoc
2593 754 2958 822 accipiendum
2987 763 3071 807 est
3102 753 3416 822 intelligere,
3457 765 3579 804 eum

2008 845 2108 899 sibi
2149 844 2289 912 loqui
2328 845 2492 897 Deum
2531 845 2752 896 timeant
2797 859 2862 896 ne
2913 844 3246 904 moriantur.
3297 857 3399 896 non
3447 841 3582 896 satis

2011 937 2190 990 elucet

2598 1023 2822 1078 CAPUT
2872 1023 2982 1078 XV.

2303 1114 2583 1185 Responsio
2617 1115 2783 1183 Moysi
2813 1115 2880 1167 ad
2911 1112 3046 1180 ﬁlios
3075 1111 3260 1178 Israel.

2083 1206 2147 1258 Et
2177 1208 2246 1259 ait
2279 1206 2480 1275 Moyses
2510 1206 2578 1257 ad
2607 1203 2848 1273 populum
2873 1219 2890 1254 :
2919 1201 3093 1255 Nolite
3116 1202 3314 1255 timere.
3349 1199 3414 1253 Ut
3443 1202 3579 1254 enim

2009 1296 2246 1365 probaret
2285 1314 2401 1360 vos,
2440 1296 2569 1349 venit
2605 1295 2776 1357 Deus;
2807 1303 2854 1347 et
2883 1304 2936 1346 ut
2966 1303 3134 1346 terror
3170 1293 3312 1346 illius
3349 1301 3475 1345 esset
3527 1292 3582 1344 in

2011 1388 2166 1448 vobis,
2215 1397 2262 1439 et
2304 1405 2405 1440 non
2443 1387 2742 1456 peccaretis.
2786 1386 3037 1454 Stetitque
3070 1383 3288 1454 populus
3315 1384 3378 1436 de
3411 1382 3578 1452 longe.

2014 1478 2218 1548 Moyses
2244 1488 2415 1531 autent
2449 1479 2661 1531 accessit
2693 1478 2760 1541 ad
2793 1476 3062 1545 caliginem
3091 1477 3144 1530 in
3170 1494 3272 1546 qua
3299 1485 3406 1529 erat
3443 1474 3582 1527 Deus

2013 1566 2206 1634 (Exod.
2249 1567 2361 1633 xx).
2407 1565 2498 1619 Sic
2548 1565 2622 1619 illi
2670 1566 2950 1620 cohibendi
2991 1566 3204 1618 fuerant
3247 1579 3277 1618 a
3326 1564 3580 1634 peccatis,

2012 1656 2196 1724 utique
2220 1656 2455 1710 timendo
2486 1671 2552 1710 ne
2579 1670 2767 1725 poenas
2795 1654 3076 1710 sensibiles
3104 1663 3435 1724 paterentur,
3460 1654 3582 1723 quia

2015 1747 2250 1800 nondum
2299 1754 2546 1815 poterant
2588 1761 2771 1800 amare
2805 1746 3100 1816 justitiam;
3146 1754 3201 1800 et
3237 1746 3290 1799 in
3321 1745 3422 1800 hoc
3467 1755 3586 1800 erat

2015 1833 2118 1888 illis
2144 1835 2369 1888 tentatio
2395 1849 2424 1886 a
2453 1833 2696 1897 Domino,
2728 1849 2832 1902 qua
2867 1834 3189 1902 probantur;
3215 1842 3274 1886 ut
3302 1843 3587 1903 appareret

2013 1923 2310 1991 cujusmodi
2351 1932 2696 1977 essentznon
2743 1933 2801 1976 ut
2854 1923 2962 1977 Deo
3003 1924 3112 1978 noti
3157 1924 3380 1988 ﬁerent,
3425 1938 3582 1992 quem

2015 2029 2120 2067 non
2148 2013 2346 2067 latebat
2371 2011 2768 2082 qualescunque
2803 2023 3008 2079 essent;
3041 2014 3134 2068 sed
3167 2025 3224 2068 ut
3259 2015 3398 2068 inter
3427 2028 3484 2066 se
3521 2027 3586 2065 ac

2013 2103 2247 2156 sibimet.
2291 2101 2513 2156 Multum
2555 2111 2731 2157 tamen
2770 2103 2888 2158 istis
2925 2104 3220 2158 terroribus
3257 2104 3582 2158 Testamenti

2014 2192 2241 2256 Veteris,
2266 2192 2564 2247 diﬁerentia
2589 2196 3013 2258 commendatur,
3040 2195 3179 2262 quod
3203 2195 3365 2247 etiam
3387 2195 3440 2247 in
3468 2194 3587 2263 Epi-

2014 2283 2150 2337 stola
2185 2285 2251 2337 ad
2289 2282 2540 2338 Hebraeos
2572 2283 2847 2353 aptissime
2877 2285 3076 2339 dictum
3105 2293 3206 2339 est.
3249 2284 3456 2354 Moyses
3491 2299 3588 2337 au-

2015 2379 2121 2426 tem
2159 2373 2377 2426 intravit
2404 2373 2458 2427 in
2483 2373 2732 2428 nebulam
2775 2374 2863 2428 ubi
2900 2384 3016 2429 erat
3055 2375 3224 2438 Deus,
3264 2376 3314 2430 id
3354 2385 3458 2441 est,
3497 2376 3587 2430 ubi

2019 2463 2356 2532 expressiora
2391 2464 2592 2518 ﬁebant
2638 2464 2786 2535 signa
2826 2465 3019 2534 quibus
3054 2467 3392 2536 cognoscitur
3427 2466 3588 2522 Deus.

2017 2553 2149 2608 Nam
2183 2554 2450 2624 quomodo
2493 2553 2686 2608 nebula
2716 2562 2834 2608 erat
2879 2555 2964 2609 cui
3010 2555 3133 2610 coeli
3176 2555 3432 2610 ctelorum
3483 2571 3588 2609 non

2015 2647 2322 2713 suﬁiciunt,
2375 2648 2479 2702 nisi
2526 2647 2974 2718 quemadmodum
3018 2665 3282 2718 nusquam
3333 2663 3437 2702 non
3489 2659 3589 2708 cst,

2015 2739 2105 2808 qui
2135 2739 2186 2792 in
2213 2739 2328 2793 loco
2365 2739 2512 2793 nullo
2549 2739 2673 2793 est?
2705 2738 2761 2792 In
2789 2754 2944 2794 sacro
2979 2739 3190 2809 eloquio
3230 2739 3589 2809 intelligentiae

2016 2844 2209 2899 magna
2237 2829 2488 2882 discretio
2513 2836 2614 2882 est.
2654 2827 2803 2898 Sarpe
2837 2829 2979 2882 enim
3011 2829 3064 2882 in
3102 2829 3422 2898 quibusdam
3457 2829 3589 2883 locis

2018 2919 2160 2974 illius
2187 2928 2243 2973 et
2281 2919 2504 2972 historia
2541 2919 2802 2973 servanda
2839 2927 2921 2973 est
2955 2927 3010 2973 et
3043 2920 3296 2988 allegoria
3323 2937 3336 2971 :
3361 2927 3416 2972 et
3454 2935 3595 2987 saepe

343 3009 496 3063 tuba:
517 3017 570 3062 et
594 3016 829 3063 montem
863 3006 1187 3072 fumantem,
1220 3006 1443 3076 quaestio
1485 3003 1654 3073 major
1685 3004 1920 3060 oriretur
1946 3037 1992 3100 Ο
2024 3009 2079 3062 in
2131 3007 2447 3077 quibusdam
2497 3007 2610 3062 sola
2657 3009 2983 3077 exquirenda
3028 3018 3111 3064 est
3151 3009 3396 3076 allegoria
3430 3024 3444 3069 ;
3495 3007 3595 3061 ali-

342 3099 620 3170 qnomodo
661 3097 911 3153 audiebat
949 3096 1220 3167 lampades
1250 3105 1304 3150 et
1337 3103 1569 3151 montem
1601 3093 1920 3161 fumantem,

342 3192 494 3262 quod
518 3191 745 3260 pertinet
769 3189 837 3244 ad
865 3203 1081 3244 sensum
1103 3186 1338 3252 videndi,
1371 3186 1472 3240 nisi
1499 3186 1621 3256 quis
1644 3185 1792 3241 dicat
1823 3197 1926 3240 nec

345 3293 463 3336 tam
506 3280 740 3335 breviter
782 3277 943 3333 fuisse
976 3277 1278 3342 dicendum,
1319 3283 1380 3330 ut
1416 3283 1582 3330 totum
1612 3275 1923 3330 diceretur:

348 3371 608 3426 audiebat
628 3384 807 3423 vocem
839 3376 894 3422 et
926 3367 1138 3423 videbat
1161 3366 1452 3436 lampades,
1480 3374 1536 3420 ct
1563 3366 1812 3421 audiebat
1835 3381 1928 3420 vo-

349 3478 475 3518 cem
504 3462 658 3525 tubaz,
686 3469 739 3515 et
758 3459 971 3514 videbat
990 3465 1222 3513 montem
1245 3456 1573 3511 fumantem?
1599 3455 1715 3511 Duo
1734 3455 1930 3528 quippe

351 3567 554 3625 genera
574 3551 718 3604 vocis
737 3557 891 3605 erant
917 3549 982 3604 de
1003 3547 1250 3611 nubibus,
1278 3547 1416 3601 sicut
1437 3547 1670 3600 tonitrua
1691 3554 1747 3602 et
1770 3547 1928 3601 tuba:

353 3645 406 3699 si
432 3653 607 3698 tamen
639 3643 806 3712 ipsam
841 3640 975 3694 dixit
999 3654 1207 3704 vocem,
1237 3653 1356 3706 quae
1391 3638 1455 3692 de
1481 3637 1712 3691 nubibus
1738 3637 1932 3692 edeba-

353 3745 472 3799 tur,
496 3749 558 3789 ac
583 3749 678 3804 per
703 3733 805 3787 hoc
829 3731 1020 3786 melius
1039 3731 1092 3784 in
1114 3730 1198 3784 bis
1217 3745 1337 3799 quae
1358 3729 1424 3782 ad
1446 3743 1661 3783 sensum
1683 3729 1931 3784 audiendi

352 3824 724 3896 pertinebant,
755 3821 1016 3893 generalis
1039 3835 1228 3875 sensus
1249 3830 1331 3874 est
1363 3819 1588 3888 positus,
1619 3820 1719 3874 hoc
1741 3826 1825 3874 est
1861 3818 1936 3872 vi-

355 3913 550 3977 dendi;
591 3927 712 3967 cum
750 3910 985 3966 breviter
1011 3917 1182 3964 totum
1211 3907 1370 3962 vellet
1395 3907 1671 3977 Scriptura
1702 3907 1934 3978 comple-

356 4004 458 4067 cti,
488 4017 647 4072 quam
670 4009 728 4054 ut
748 4000 800 4054 iu
824 3997 908 4054 his
927 4013 1045 4067 qua:
1066 3997 1334 4068 pertinent
1358 3997 1425 4051 ad
1452 3996 1666 4050 videndi
1693 4012 1934 4061 sensum,

359 4091 857 4160 subintelligeretur
896 4087 1145 4141 auditus:
1172 4100 1276 4155 quo
1312 4101 1462 4140 more
1488 4085 1630 4154 loqui
1661 4101 1765 4142 non
1795 4085 1935 4140 sole-

361 4197 506 4238 mus.
561 4181 694 4235 Nam
734 4181 854 4234 vide
900 4179 1027 4248 quid
1079 4186 1251 4242 sonet,
1309 4177 1542 4233 solemus
1577 4177 1935 4233 dicere:audi

366 4274 498 4342 quid
535 4272 728 4334 luceat,
759 4285 865 4324 non
902 4269 1156 4324 solemus.

2026 3099 2239 3170 quando
2271 3114 2400 3155 vero
2441 3098 2553 3155 sola
2595 3115 2814 3154 necesse
2854 3109 2938 3154 est
2975 3109 3032 3154 ut
3072 3108 3316 3154 teneatur
3353 3099 3594 3154 historia.

2026 3191 2162 3248 Nam
2189 3193 2240 3247 in
2264 3191 2580 3262 quibusdam
2615 3190 2776 3256 locis,
2807 3192 2947 3246 sicut
2987 3191 3247 3254 diximus,
3279 3190 3502 3244 historia
3529 3189 3600 3244 si-

2027 3281 2139 3337 mul
2165 3281 2390 3337 tenenda
2420 3287 2578 3335 estet
2599 3279 2850 3350 allegoria
2873 3297 2886 3333 :
2910 3287 2964 3334 et
2999 3287 3057 3334 ut
3090 3279 3350 3333 tardiores
3380 3293 3599 3348 pascan-

2027 3383 2118 3429 tur
2162 3389 2261 3444 per
2303 3372 2603 3436 historiam,
2629 3379 2684 3426 et
2718 3371 3011 3426 velociores
3051 3370 3262 3439 ingenio
3293 3385 3391 3438 per
3411 3369 3601 3440 allego-

2029 3465 2185 3520 riam.
2235 3462 2387 3519 Unde
2411 3477 2531 3517 cum
2571 3462 2819 3531 loquente
2852 3461 2958 3516 Deo
2997 3460 3222 3531 pepulus
3250 3459 3521 3529 lampades
3549 3468 3602 3514 et

2031 3555 2264 3611 sonitum
2311 3553 2552 3609 buccinae
2591 3562 2646 3608 et
2683 3565 2917 3608 montem
2951 3552 3300 3624 fumigantem
3332 3560 3598 3613 cerneret.

2031 3643 2348 3715 perterritus
2382 3642 2536 3711 petiit
2560 3650 2618 3695 ut
2643 3642 2722 3697 eis
2759 3657 2855 3710 per
2885 3642 3099 3710 Moysen
3130 3641 3386 3696 Dominus
3420 3641 3603 3710 loque-

2031 3737 2198 3783 retur.
2227 3727 2496 3800 Scriptum
2523 3737 2634 3784 est:
2667 3728 2819 3784 Stetit
2839 3729 3057 3800 populus
3083 3729 3147 3783 de
3175 3729 3322 3800 longe
3349 3743 3366 3781 :
3400 3728 3605 3798 Moyses

2033 3819 2244 3872 accessit
2277 3817 2344 3871 ad
2377 3817 2651 3888 caliginem
2674 3818 2727 3871 in
2749 3835 2850 3888 qua
2874 3827 2984 3872 erat
3011 3818 3169 3872 Deus.
3211 3816 3389 3874 Turba
3411 3818 3606 3888 quippe

2032 3907 2234 3977 populi,
2271 3907 2649 3979 allegoriarum
2684 3907 2965 3978 caliginem
2995 3925 3100 3964 non
3130 3909 3268 3968 valet
3295 3918 3604 3980 penetrare,

2035 3997 2160 4065 quia
2185 3996 2334 4051 valde
2355 4012 2648 4066 paucorum
2679 4007 2781 4063 est,
2805 3999 3139 4068 spiritualem
3172 3999 3499 4056 intellectum
3535 3999 3608 4055 ri—

2036 4089 2190 4142 mari.
2248 4089 2382 4156 Quia
2414 4090 2556 4144 enim
2586 4099 2792 4146 mentes
2817 4091 3109 4146 carnalium
3138 4093 3249 4148 sola
3279 4109 3418 4162 saepe
3440 4093 3608 4148 histo-

2037 4180 2116 4232 ria
2144 4187 2456 4249 pascuntur,
2490 4180 2740 4250 loquente
2771 4181 2900 4245 Deo,
2931 4183 3070 4236 stetit
3099 4181 3320 4250 populus
3341 4183 3404 4235 de
3434 4182 3605 4250 longe.

2040 4268 2173 4333 Quia
2201 4283 2329 4322 vero
2353 4268 2657 4337 spirituales
2677 4269 2874 4336 quique
2902 4267 3273 4338 allegoriarum
3297 4268 3490 4321 nubem
3520 4281 3608 4337 pc-

441 4365 507 4418 Et
529 4363 787 4435 perterriti
809 4379 869 4415 ac
887 4377 1076 4433 pavore
1097 4361 1352 4424 concussi,
1374 4369 1620 4414 steterunt
1641 4360 1841 4431 procul,
1858 4361 1938 4413 di-
1963 4375 2016 4434 D
2042 4367 2278 4424 netrant,
2307 4367 2365 4413 ut
2388 4359 2740 4428 spiritualiter
2773 4358 2866 4413 Dei
2897 4358 3060 4413 verba
3087 4366 3442 4428 cognoscant,
3474 4358 3609 4429 Moy«

366 4463 537 4508 centes
570 4451 741 4522 Moysi
762 4465 780 4502 :
803 4451 1032 4522 Loquere
1057 4460 1112 4504 tu
1139 4450 1302 4516 nobis,
1329 4459 1378 4504 et
1403 4451 1674 4504 audiemus
1700 4467 1712 4502 :
1738 4467 1840 4504 non
1865 4449 1942 4503 lo-

2047 4465 2135 4505 ses
2170 4451 2396 4504 accessit
2422 4450 2490 4505 ad
2522 4449 2824 4521 caliginem,
2864 4450 2920 4505 in
2958 4463 3064 4519 qua
3096 4457 3213 4505 erat
3240 4451 3402 4506 Deus.

1603 4655 1902 4736 LIBER
1974 4655 2448 4732 TERTIUS.

965 4847 1350 4904 PREFA'I‘IO.

443 4947 502 5001 In
541 4943 728 5014 priore
772 4941 986 5010 quidem
1034 4939 1195 5004 libro,
1234 4953 1394 5007 quem
1421 4938 1488 4992 ab
1538 4937 1685 4992 exitu
1714 4936 1942 4991 ﬁliorum

374 5034 540 5090 Israel
568 5035 634 5088 de
673 5030 906 5099 [Egypto
945 5029 1276 5092 inchoamus,
1308 5026 1450 5081 circa
1482 5025 1644 5081 ﬁnem
1671 5026 1738 5081 de
1785 5026 1948 5079 tradi-

378 5126 526 5178 tione
554 5122 688 5191 legis
719 5120 770 5173 in
798 5125 976 5172 monte
1009 5115 1157 5170 Sinai
1188 5124 1664 5169 commemoratum
1705 5123 1807 5168 est.
1841 5113 1950 5168 Sed

2047 4855 2205 4918 cepta
2254 4851 2554 4920 praeceptis,
2608 4851 2682 4906 ita
2711 4851 3063 4921 expositionis
3098 4853 3406 4910 earumdem
3444 4856 3618 4910 conti-

2048 4945 2282 4992 nuentur
2303 4938 2446 4994 libri.

2564 5032 2787 5089 CAPUT
2825 5033 3112 5091 PRIMUM.

2057 5123 2326 5195 Praecpta
2368 5124 2531 5195 juris,
2583 5141 2698 5195 qua:
2739 5125 3006 5180 constituit
3050 5125 3305 5180 Dominus
3346 5127 3399 5180 in
3451 5137 3620 5180 monte

2443 5192 2617 5259 Sinai,
2647 5193 2861 5264 loquens
2891 5196 2960 5248 ad
2997 5196 3234 5264 Moysen.

378 5215 506 5284 quia
531 5219 753 5282 propter
783 5209 1054 5263 fastidium
1092 5207 1311 5262 lectoris
1336 5206 1702 5271 devitandum,
1752 5205 1948 5260 ibidem

381 5301 674 5361 terminum
705 5301 941 5371 przcdicti
979 5299 1100 5353 libri
1132 5297 1248 5352 ﬁeri
1276 5297 1602 5360 censuimus,
1632 5305 1948 5365 pneseutem

381 5394 581 5449 librum
611 5393 676 5445 de
712 5391 796 5444 his
821 5404 938 5457 qua:
973 5394 1198 5450 restant,
1237 5401 1300 5440 ex
1337 5384 1603 5438 mandatis
1632 5383 1840 5438 Domini
1875 5391 1955 5437 at-

383 5499 488 5556 que
509 5482 736 5551 judiciis
776 5480 913 5534 datis
950 5493 1045 5547 per
1076 5476 1288 5547 Moysen
1322 5473 1515 5544 populo
1548 5473 1728 5536 Israel,
1765 5480 1952 5527 texen-
2062 5473 2220 5526 vobis.
2253 5471 2376 5525 Non
2415 5473 2619 5541 facietis
2656 5475 2795 5530 vobis
2831 5477 2954 5530 deos
2991 5486 3261 5546 argenteos
3285 5512 3298 5536 ,
3357 5487 3447 5524 nec
3497 5471 3622 5523 deos

385 5575 510 5630 dum
553 5587 677 5628 esse
703 5569 1070 5630 decrevimus,
1125 5575 1184 5619 ut
1221 5566 1356 5620 sicut
1397 5563 1791 5634 conjunguntur
1825 5580 1960 5633 prae—
2065 5579 2251 5618 aureos
2295 5562 2497 5630 facietis
2530 5562 2689 5617 vobis.
2730 5565 2907 5619 Altare
2938 5566 3001 5619 de
3053 5573 3192 5617 terra
3233 5559 3434 5628 facietis
3472 5559 3624 5625 mihi,

671 5665 943 5722 PATROL.
992 5659 1203 5722 CVIlI.
3147 5651 3184 5708 ιι

2129 5293 2274 5348 Dixit
2303 5306 2556 5372 praeterea
2595 5295 2851 5351 Dominus
2899 5299 2967 5352 ad
3008 5298 3224 5368 Moysen
3262 5314 3280 5352 :
3313 5296 3442 5352 Hinc
3479 5295 3620 5347 dices

2059 5383 2182 5453 ﬁliis
2215 5383 2428 5437 Israel:
2467 5381 2569 5438 Vos
2607 5385 2803 5440 vidistis
2839 5389 2980 5458 quod
3010 5388 3076 5442 de
3109 5387 3233 5442 caelo
3268 5386 3469 5440 locutus
3507 5398 3619 5436 sum
