3992 6182
427 312 531 379 ιοτ

1000 314 1001 317 “
1060 314 1120 370 Β.
1161 312 1415 369 RABANI
1457 308 1671 379 MAUltl
1710 310 2027 367 ARCHIEP.
2071 306 2379 365 MOGUNT.
2423 305 2709 363 OPERUM
2747 301 2925 359 PARS
2958 301 3001 357 Ι.

3579 304 3678 361 1118

420 448 469 491 et
520 434 748 506 o/feretis
791 446 946 503 super
985 447 1045 485 eo
1093 430 1397 484 holocausta
1446 438 1493 482 et
1535 425 1758 498 pacifica
1803 434 1994 489 vestra,
2026 407 2330 494 A'septimo
2372 422 2480 488 die,
2524 430 2732 475 ceterno
2781 420 3006 474 sabbato
3048 417 3379 473 liberamur:
3413 418 3457 473 si
3499 427 3682 474 tamen

419 545 537 584 oves
564 536 759 582 vestras
798 534 845 579 et
888 524 1055 579 boves.
1093 522 1159 577 In
1190 522 1331 577 omni
1369 519 1483 573 loco
1518 521 1573 571 in
1609 534 1711 588 quo
1744 517 1995 570 memoria

418 618 577 688 fuerit
608 615 831 671 nominis
872 614 1005 680 mei,
1047 612 1251 668 veniam
1289 610 1359 665 ad
1388 619 1437 664 te
1468 619 1515 663 et
1552 608 1849 663 benedicam
1879 606 1994 672 tibi,

419 718 475 764 et
510 716 726 764 caetera.
765 706 964 778 (Exod.
1015 703 1175 776 xm.)
1203 702 1354 770 Quod
1408 710 1586 756 autem
1633 701 1834 755 dictum
1886 706 1992 765 est,

420 800 543 856 Non
574 801 779 870 facietis
802 799 941 854 vobis
975 798 1101 852 deos
1126 801 1399 866 argenteos
1433 800 1480 846 et
1509 792 1631 846 deos
1672 808 1881 856 aureos,
1911 807 1995 845 re-

415 892 618 964 petitur
665 892 807 961 quod
852 890 905 943 in
934 888 1110 959 primo
1138 893 1406 956 praecepto
1436 883 1758 939 inculcatum
1782 890 1883 936 est.
1930 881 1997 935 Et

415 1000 483 1037 ex
512 983 615 1037 diis
645 981 914 1052 argenteis
946 990 1002 1035 et
1045 979 1243 1042 aureis,
1277 978 1460 1045 utique
1485 975 1665 1029 omnia
1704 972 1993 1028 simulacra

416 1074 825 1144 intelliguntur,
869 1080 930 1125 ut
978 1078 1061 1123 est
1108 1067 1236 1123 illud
1282 1067 1336 1121 in
1382 1065 1598 1119 Psalmo
1635 1082 1646 1117 :
1694 1063 1995 1117 Simulaera

416 1166 687 1236 gentium,
732 1173 1004 1233 argentum
1044 1170 1091 1215 et
1135 1175 1324 1213 aurum
1356 1156 1375 1228 (
1400 1155 1547 1210 Psal.
1602 1155 1786 1225 exui).
1840 1153 1994 1220 Quod

416 1263 595 1310 autem
626 1254 859 1319 additur,
903 1251 1082 1305 Altare
1114 1250 1179 1303 de
1202 1259 1344 1303 terra
1386 1247 1595 1316 facietis
1630 1246 1774 1308 milii,
1815 1253 1995 1299 osten-

414 1343 494 1399 dit
524 1344 594 1398 ob
616 1343 721 1398 hoc
752 1340 1123 1396 tantummodo
1164 1336 1465 1393 interdictis
1491 1335 1795 1391 simulacris
1826 1336 1995 1388 altare

416 1450 537 1490 esse
567 1447 883 1489 concessum
914 1430 1030 1485 ﬂeri
1058 1430 1124 1485 de
1147 1440 1359 1484 terrena
1394 1427 1642 1490 materia,
1677 1436 1735 1479 ut
1763 1426 1850 1479 u:.i
1886 1425 1996 1480 Deo

416 1526 606 1582 bestia:
642 1533 696 1580 et
744 1523 1005 1579 sacrificia
1056 1521 1109 1576 in
1153 1535 1219 1575 eo
1251 1518 1593 1575 offerrentur.
1634 1518 1858 1588 Mystice
1901 1533 1995 1570 au-

417 1626 548 1681 tem,
576 1616 745 1670 altare
781 1616 846 1669 de
883 1622 1027 1668 term
1066 1614 1177 1667 Deo
1206 1611 1404 1675 facere,
1453 1618 1535 1664 est
1568 1610 1996 1664 incarnationem

416 1705 723 1761 Mediatoris
773 1718 1011 1774 sperare.
1067 1701 1219 1756 Tunc
1267 1700 1463 1770 quippe
1510 1714 1538 1753 a
1582 1698 1692 1753 Deo
1746 1706 1994 1753 nostrum

2102 516 2432 570 voluerimus
2467 529 2589 571 esse
2614 514 2794 578 liberi,
2822 514 2948 568 dum
2980 513 3158 567 adhuc
3183 513 3239 567 in
3276 514 3475 567 smculo
3501 514 3686 568 servi-

2098 621 2218 661 mus
2241 616 2494 676 peccato;
2524 605 2571 660 si
2600 612 2782 659 autem
2809 603 3170 667 uoluerimus,
3196 602 3559 673 periorabitnr
3584 621 3685 659 no-

2095 697 2181 752 bis
2222 696 2463 751 auricula
2508 696 2563 750 in
2600 694 2970 749 testimonium
3014 693 3413 760 inobedientiie,
3455 705 3513 750 et
3556 711 3687 752 cum

2096 801 2267 841 uxore
2296 794 2351 841 et
2382 786 2509 840 [iliis
2554 785 2757 840 nostris
2786 794 2923 853 quos
2965 783 3301 853 pertulimus
3334 783 3591 850 libertati,
3624 786 3685 839 id

2096 883 2203 935 est.
2228 889 2351 929 cum
2371 889 2536 928 carne
2557 881 2611 928 et
2636 872 2889 943 operibus
2913 871 3046 939 ejus,
3070 871 3273 943 jugiter
3292 874 3499 942 peccati
3531 875 3681 929 servi

2096 965 2302 1019 erimus
2331 964 2386 1018 in
2424 972 2709 1018 aeternum.
2755 962 2862 1017 Sed
2903 971 2957 1017 et
2992 962 3151 1016 aliter
3180 962 3285 1016 hoc
3326 962 3551 1033 intelligi
3586 977 3688 1033 po.

2099 1061 2223 1107 test.
2251 1051 2453 1121 Nempe
2481 1051 2760 1107 sciendum
2797 1060 2901 1117 est,
2927 1052 3053 1121 quia
3081 1066 3204 1106 etim
3235 1052 3413 1106 activa
3440 1054 3525 1108 vel
3554 1070 3687 1108 con-

2099 1141 2409 1211 templativa
2434 1141 2546 1195 vita
2578 1157 2644 1196 ex
2672 1141 2764 1195 Dei
2794 1151 2921 1196 sunt
2955 1142 3149 1213 gratia,
3183 1146 3284 1196 una
3312 1143 3471 1197 nobis
3502 1145 3555 1197 in
3591 1160 3689 1198 ne-

2099 1231 2379 1295 cessitate,
2411 1230 2580 1285 altera
2610 1232 2665 1285 in
2692 1231 2988 1286 voluntate.
3019 1230 3152 1297 Quis
3172 1232 3314 1285 enim
3350 1246 3688 1302 cognoscens

2147 1337 2291 1386 eum,
2337 1323 2404 1376 ad
2441 1320 2562 1390 ejus
2602 1338 2826 1393 regnum
2857 1322 3178 1394 ingreditur,
3210 1323 3312 1377 nisi
3358 1323 3510 1392 prius
3546 1324 3690 1380 bene

2098 1415 2386 1482 operetur?
2408 1413 2536 1467 Sine
2577 1414 2994 1484 contemplativa
3024 1428 3156 1485 ergo
3183 1414 3293 1468 vita
3322 1414 3527 1469 latrare
3570 1428 3685 1471 non

2099 1516 2321 1574 possunt
2361 1506 2428 1560 ad
2477 1507 2757 1561 caelestem
2808 1506 3059 1576 patriam,
3096 1507 3192 1576 qui
3238 1507 3377 1561 bona
3406 1522 3526 1576 qua:
3556 1524 3691 1579 pos-

2104 1606 2231 1652 sunt
2260 1599 2497 1669 operari,
2538 1600 2832 1669 negligant.
2878 1594 3007 1653 Sine
3045 1599 3221 1654 activa
3265 1610 3453 1659 autem
3479 1600 3689 1656 intrare

2098 1702 2207 1741 non
2237 1696 2479 1757 possunt,
2511 1689 2555 1743 si
2582 1688 2855 1760 negligant
2884 1689 3023 1744 bona
3052 1688 3263 1759 operari
3292 1704 3412 1760 qum
3429 1700 3684 1759 possunt.

416 1811 611 1850 munus
639 1796 917 1865 accipitur,
948 1792 1161 1864 quando
1186 1792 1238 1845 in
1281 1792 1385 1845 hoc
1412 1789 1569 1843 altari
1598 1797 1782 1843 nostra
1813 1789 1989 1841 bumi-
2022 1776 2067 1834 Β
2095 1778 2185 1831 m3
2209 1794 2337 1848 ονεθ
2370 1781 2420 1833 ill
2467 1783 2810 1844 ιὶοίόθεῑιτὶιθν
2844 1782 2957 1835 hinc
3003 1781 3055 1835 ἱιι
3082 1781 3363 1836 νοῖῑιηῑῐιιθ
3396 1790 3497 1836 θεῖα
3529 1781 3689 1837 Unde

414 1886 559 1951 litus,
606 1887 658 1939 id
696 1892 800 1948 est,
843 1899 1006 1953 super
1057 1880 1349 1935 Dominiete
1400 1878 1788 1933 incarnationis
1833 1877 1989 1931 (idem

412 1976 672 2046 posuerit,
722 1973 981 2043 quidquid
1011 1973 1149 2027 bene
1177 1977 1450 2038 ageretur.
1494 1967 1550 2021 In
1582 1967 1739 2020 altari
1769 1980 1900 2037 ergo
1925 1965 1992 2020 de

416 2074 557 2119 terra
583 2065 915 2119 oblationum
954 2077 1151 2117 munus
1174 2061 1487 2132 accipimus,
1516 2061 1561 2115 si
1585 2068 1739 2114 actus
1776 2066 1992 2113 nostros

413 2154 704 2209 Dominicaa
744 2152 1129 2208 incarnationis
1174 2151 1278 2205 ﬁde
1310 2150 1623 2205 solidamus.
1668 2147 1869 2201 Deinde
1899 2146 1991 2199 ad-

404 2248 578 2317 jecit:
619 2245 772 2312 Quod
822 2247 869 2300 si
907 2245 1076 2299 altare
1127 2245 1389 2315 lapideum
1431 2244 1615 2313 feceris
1667 2244 1793 2296 milii
1818 2283 1831 2307 ,
1887 2258 1992 2295 non

412 2336 699 2405 aediﬁcabis
729 2335 862 2389 illud
889 2335 952 2388 de
978 2335 1131 2389 sectis
1162 2333 1443 2403 lapidibus.
1478 2332 1539 2386 Si
1572 2332 1708 2385 enim
1747 2330 1992 2384 Ierareris

409 2442 567 2497 super
594 2425 713 2480 illos
753 2425 1003 2490 cultrum,
1038 2424 1322 2494 polluetur.
1349 2423 1495 2477 Secti
1531 2421 1734 2491 lapides
1780 2421 1832 2474 hi
1868 2429 1994 2475 sunt

413 2518 505 2588 qui
528 2516 788 2572 unitatem
815 2516 1065 2572 scindunt
1111 2532 1176 2570 ac
1200 2515 1447 2569 dividunt
1488 2515 1808 2583 semetipsos
1838 2528 1866 2567 a
1899 2529 1991 2568 ξομ

412 2606 610 2661 eietate
636 2605 899 2670 fraterna,
938 2620 1038 2676 per
1081 2605 1264 2659 odium
1290 2604 1372 2658 vel
1399 2605 1710 2658 schismata.
1743 2602 1901 2657 Tales
1936 2603 1987 2656 in

412 2709 638 2764 corpore
664 2709 762 2749 suo
798 2711 904 2750 non
946 2695 1134 2764 recipit
1180 2693 1451 2758 Christus,
1476 2692 1627 2761 cujus
1657 2693 1900 2761 corporis
1930 2692 1991 2745 ii-

412 2802 597 2858 guram
630 2785 817 2840 altaris
854 2784 996 2839 illius
1030 2784 1360 2839 constructio
1389 2782 1695 2838 obitmbrat.
1723 2781 1814 2836 isti
1864 2797 1991 2836 vero

410 2887 516 2933 non
544 2879 675 2933 secti
706 2876 913 2946 lapides
936 2891 1001 2929 ex
1029 2877 1226 2947 quibus
1267 2876 1438 2931 altare
1473 2875 1716 2930 construi
1743 2874 1989 2942 jubetur,

409 2972 466 3026 bi
491 2979 616 3026 sunt
641 2970 730 3039 qui
775 2968 897 3022 ﬁdei
940 2983 1264 3037 morumque
1303 2968 1508 3022 unitate
1545 2966 1863 3022 solidantur.
1916 2966 1990 3020 De

410 3062 662 3133 qualibus
713 3061 845 3115 dicit
895 3059 1229 3128 Apostolus:
1272 3057 1374 3112 Vos
1423 3058 1547 3113 estis
1601 3058 1801 3127 lapides
1851 3058 1983 3119 rivi,

408 3126 719 3222 c-oardificati
746 3126 1321 3220 domus—spiritualisu
1349 3149 1493 3203 Petr.
1531 3148 1613 3220 ll).
1646 3126 1741 3203 His
1768 3165 1875 3202 non
1907 3158 1992 3203 est
2016 3126 2062 3186 Ο

407 3240 664 3309 injectum
712 3238 937 3302 ferrum,
998 3240 1121 3307 quia
1177 3240 1475 3309 incorrupti
1524 3248 1672 3304 sunt,
1720 3248 1775 3294 et
1808 3238 1987 3307 iacula

407 3331 631 3402 maligni
661 3329 826 3400 ignita
863 3344 967 3382 non
1012 3337 1352 3399 receperunt,
1391 3330 1591 3398 quique
1615 3345 1723 3383 unu
1749 3347 1779 3382 n
1819 3329 1990 3385 altare

405 3415 614 3473 faciunt
652 3416 858 3471 unitate
910 3417 1056 3482 lidei,
1087 3416 1172 3471 vel
1196 3418 1484 3471 concordia
1509 3418 1812 3473 charitatis.
1861 3419 1981 3473 Non

409 3509 658 3565 ascendes
694 3524 786 3578 per
830 3507 1027 3578 gradus
1077 3508 1146 3561 ad
1185 3507 1354 3562 altare
1403 3521 1590 3570 meum,
1649 3510 1702 3564 id
1739 3517 1845 3573 est,
1881 3524 1986 3563 non

408 3598 677 3670 gradatim
727 3612 893 3652 unum
941 3597 1046 3651 alio
1071 3597 1365 3665 prmierens
1418 3593 1490 3653 ad
1533 3615 1620 3653 me
1668 3603 1985 3669 pervenies;

409 3704 585 3760 neque
634 3690 870 3758 priorem
914 3696 1077 3758 atque
1108 3691 1459 3759 posteriorem
1511 3699 1751 3761 tempore
1788 3693 1988 3748 discer-

406 3797 503 3836 nes
541 3800 555 3835 :
585 3782 709 3852 quia
746 3782 975 3836 divisum
1012 3791 1068 3835 et
1104 3794 1501 3852 sequestratom
1545 3788 1835 3856 propitium
1881 3804 1986 3842 non

410 3872 653 3925 habebis.
695 3870 806 3926 [loc
849 3872 993 3926 enim
1030 3872 1214 3926 Ariani
1251 3870 1471 3937 faciunt,
1520 3877 1608 3945 qui
1641 3878 1986 3932 insecabilem

406 3961 585 4015 Patris
617 3969 671 4014 et
720 3960 841 4014 Filii
888 3971 944 4015 et
990 3959 1223 4030 Spiritus
1251 3963 1418 4016 sancti
1449 3964 1804 4019 substantiam
1848 3967 1989 4021 divi-

407 4051 561 4105 dunt.
615 4050 746 4104 H-rec
796 4059 915 4104 sunt
947 4050 1153 4119 judicia
1201 4068 1319 4122 qttte
1364 4069 1638 4123 propones.
1686 4054 1747 4109 Si
1801 4058 1987 4111 emeris

402 4159 604 4197 servum
641 4141 942 4207 Hebraeum,
970 4158 1060 4196 sea:
1098 4144 1251 4197 annis
1282 4146 1463 4198 seruiet
1496 4146 1612 4210 tibi,
1667 4149 1720 4201 in
1767 4148 1984 4218 septimo

403 4234 699 4303 egredietur
750 4231 880 4286 liber
918 4233 1103 4303 gratis.
1146 4231 1277 4287 Cum
1323 4234 1466 4306 quali
1510 4246 1646 4290 veste
1692 4237 1981 4304 intraverit,

403 4340 522 4377 cum
543 4323 637 4377 tali
657 4333 827 4377 exeat.
865 4321 926 4378 Si
956 4323 1149 4377 habens
1173 4340 1406 4390 uxorem,
1445 4336 1492 4378 et
1520 4343 1652 4381 uxor
1681 4330 1987 4399 egrediatur

401 4414 580 4478 simul,
613 4421 666 4468 et
691 4422 905 4467 uetera.
927 4412 1121 4484 (Exod.
1155 4410 1292 4487 xxi.)
1322 4415 1451 4482 Qua:
1476 4418 1540 4472 de
1568 4432 1725 4473 servo
1758 4419 1983 4474 Hebrum

404 4504 810 4573 praecipiuntur,
840 4513 899 4559 ut
935 4520 1030 4559 sex
1060 4507 1217 4561 annis
1247 4508 1466 4572 serviat,
1496 4517 1549 4562 et
1588 4511 1893 4565 dimittatur
1913 4512 1977 4565 li-

402 4594 502 4647 ber
534 4594 721 4663 gratis,
752 4608 822 4648 ne
845 4595 988 4648 servi
1046 4594 1340 4650 Christiani
1370 4598 1470 4652 nec
1498 4598 1803 4668 ﬂagitarent
1831 4616 1860 4653 a
1887 4601 1983 4655 do-

405 4685 569 4741 minis
601 4684 731 4749 suis,
771 4685 1065 4752 apostolica
1095 4688 1390 4743 auctoritas
1416 4687 1569 4757 jubet
1609 4706 1780 4744 servos
1810 4692 1980 4745 domi—

403 4776 484 4828 nis
535 4774 645 4827 suis
691 4790 800 4827 esse
838 4774 1104 4837 subditos,
1147 4791 1210 4828 ne
1261 4792 1448 4829 nomen
1489 4775 1581 4829 Dei
1636 4787 1683 4829 et
1738 4778 1979 4833 doctrina

401 4864 785 4934 blasphemetur
813 4862 873 4936 (Ι
929 4862 1063 4917 Tini.
1101 4864 1358 4934 v1).lllud
1394 4867 1538 4920 enim
1584 4882 1648 4921 ex
1694 4869 1796 4923 hoc
1842 4871 1978 4925 satis

399 4962 613 5010 constat
632 4953 686 5006 in
728 4953 986 5024 mysterio
1010 4961 1357 5022 praeceptum,
1386 4955 1513 5023 quia
1536 4967 1592 5010 et.
1612 4959 1862 5026 pertundi
1886 4975 1977 5012 su-

402 5041 527 5100 bula
554 5042 671 5113 ejus
717 5051 897 5096 autem
935 5043 1001 5098 ad
1036 5050 1245 5111 postem
1279 5045 1536 5113 praecepit
1576 5045 1740 5112 Deus,
1773 5034 1863 5116 qui
1913 5047 1977 5101 li-

401 5132 667 5190 bertatem
712 5133 857 5190 illam
894 5142 1195 5191 recusaret.
1235 5133 1552 5205 Praecipitur
1585 5137 1727 5191 enim
1768 5146 1827 5192 ut
1874 5137 1970 5192 He-

401 5228 579 5293 braeus
600 5240 738 5296 puer
765 5225 811 5280 si
827 5223 982 5280 τοι-ιε
1017 5226 1070 5279 in
1093 5226 1409 5280 servitutem
1438 5227 1734 5292 devenerit,
1755 5243 1851 5283 sex
1878 5244 1974 5282 an-

402 5317 487 5374 nis
509 5314 728 5384 serviat,
769 5316 1001 5385 septimo
1031 5331 1160 5371 vero
1203 5328 1351 5371 anno.
1374 5317 1694 5372 dimittatur.
1740 5318 1893 5386 Quod
1926 5320 1971 5374 si

400 5411 584 5482 egredi
609 5426 642 5467 a
668 5409 929 5467 servitute
966 5409 1200 5466 noluerit
1229 5418 1449 5481 propter
1470 5426 1694 5466 uxorem
1721 5421 1777 5467 et
1810 5410 1969 5479 ﬁlios,

402 5499 759 5567 periorabitur
796 5497 1039 5553 auricula
1076 5496 1222 5565 ejus,
1258 5506 1315 5553 et
1352 5498 1458 5553 erit
1496 5513 1684 5555 servus
1712 5500 1766 5556 in
1802 5516 1974 5557 saecu-

403 5586 529 5642 lum.
556 5588 669 5645 Hoc
690 5589 758 5645 de
783 5587 1036 5659 presenti
1069 5586 1265 5643 saeculo
1289 5602 1397 5643 non
1436 5588 1652 5654 dicitur,
1679 5590 1775 5646 sed
1796 5590 1864 5646 de
1888 5592 1972 5646 lu-

405 5684 547 5743 turo,
574 5679 701 5748 quia
739 5680 795 5734 in
824 5694 923 5737 se:
943 5677 1192 5737 tetatibus
1227 5678 1388 5749 hujus
1430 5680 1609 5736 satculi
1649 5683 1969 5749 servientes,

2096 1870 2163 1922 ad
2218 1868 2434 1939 Moysen
2488 1871 2685 1925 dicitur
2718 1890 2729 1924 :
2763 1869 2820 1925 Si
2869 1874 3055 1924 emeris
3100 1886 3303 1925 servum
3358 1870 3683 1936 Ilebrtrum,

2093 1977 2184 2014 sea:
2206 1963 2359 2015 annis
2381 1962 2563 2015 sentiet
2591 1961 2703 2015 tibi.
2732 1960 2798 2015 In
2828 1963 3045 2031 septimo
3074 1961 3369 2032 egredietur
3398 1961 3531 2015 liber
3553 1980 3686 2032 gra-

2092 2053 2159 2106 tis
2197 2052 2403 2123 (Ea'od.
2437 2053 2571 2125 XXI).
2618 2053 2875 2109 Hebraeus
2918 2054 3060 2108 enim
3096 2055 3365 2110 transiens
3410 2055 3680 2127 interpre-

2094 2150 2258 2195 tatur.
2287 2143 2354 2196 Et
2378 2157 2570 2198 servus
2595 2142 2848 2197 Hebraeus
2881 2145 3100 2210 emitur,
3134 2147 3351 2213 quando
3385 2148 3685 2216 unusquis—

2094 2250 2198 2303 que
2237 2236 2325 2304 qui
2352 2235 2465 2305 jam
2495 2233 2563 2288 ab
2610 2235 2713 2289 lioc
2745 2235 2945 2289 saeculo
2981 2247 3161 2291 mente
3192 2239 3406 2302 transit,
3455 2239 3685 2293 servitio

2093 2326 2479 2395 omnipotentis
2526 2326 2618 2380 Dei
2671 2326 2941 2381 subditur.
2994 2326 3086 2381 ille
3141 2330 3341 2383 etenim
3397 2330 3506 2385 Deo
3549 2347 3684 2385 vere

2093 2416 2298 2476 servire
2331 2416 2553 2485 appetit,
2603 2418 2693 2486 qui
2740 2418 2809 2472 ab
2851 2417 2952 2472 hoc
2991 2419 3190 2473 szeculo
3238 2430 3417 2475 mente
3446 2423 3685 2478 transire

2092 2505 2363 2560 didicerit.
2396 2507 2486 2561 Sic
2516 2505 2725 2577 Moyses
2756 2508 3003 2562 transivit
3027 2517 3084 2563 ut
3112 2510 3320 2565 videret
3343 2512 3538 2567 visum.
3585 2513 3684 2568 Sic

2093 2594 2283 2659 David,
2312 2611 2434 2650 cum
2458 2597 2665 2651 videret
2684 2597 2900 2668 impium
2922 2597 3211 2653 exaltatum
3230 2610 3278 2653 et
3297 2600 3549 2657 eleuatum
3576 2605 3685 2657 sic-

2093 2694 2147 2736 ut
2176 2684 2356 2739 redros
2379 2686 2587 2752 Libani,
2620 2689 2859 2742 transivit
2886 2698 2934 2742 et
2968 2706 3071 2743 non
3102 2701 3216 2744 erat
3241 2689 3414 2763 (Psal.
3446 2693 3639 2765 xxxvn)
3664 2712 3678 2749 :

2091 2775 2217 2844 quia
2276 2776 2582 2845 iniquorum
2624 2780 2942 2847 potentiam,
2987 2795 3107 2836 esse
3165 2799 3419 2854 magnum
3472 2785 3681 2856 aliquid

2092 2868 2322 2923 fortasse
2377 2869 2646 2925 credimus
2678 2913 2691 2936 ,
2765 2872 2867 2926 nisi
2927 2873 2993 2926 ad
3044 2887 3368 2941 permanens
3418 2876 3680 2932 sarculum

2092 2968 2271 3015 mente
2323 2968 2680 3015 transeamus.
2729 2961 2933 3017 Servus
2975 2979 3105 3017 vero
3158 2962 3414 3021 fleltneus
3462 2975 3683 3038 emptus

2093 3065 2189 3104 sex
2219 3051 2376 3106 armis
2405 3051 2611 3106 servire
2639 3054 2967 3122 pt'utcipitur,
3004 3054 3077 3107 ita
3112 3064 3172 3108 ut
3202 3056 3255 3109 in
3284 3057 3510 3126 septimo
3540 3058 3685 3114 liber

2094 3152 2254 3197 exeat
2305 3143 2494 3213 gratis.
2549 3143 2686 3210 Quid
2743 3146 2888 3198 enim
2931 3160 3027 3216 per
3048 3149 3322 3201 senarium
3368 3164 3682 3216 numerum,

2093 3233 2198 3287 nisi
2254 3234 2444 3288 activae
2495 3234 2618 3289 vita;
2670 3234 2935 3305 perfectio
2991 3236 3337 3308 designatur?
3395 3238 3532 3306 Quid
3580 3256 3685 3311 per

2092 3325 2481 3396 septenarium,
2532 3325 2637 3379 nisi
2686 3328 3097 3397 contemplativa
3153 3330 3511 3399 exprimitur?
3564 3330 3679 3385 Sex

2091 3415 2249 3471 annis
2295 3416 2459 3470 servit
2507 3426 2564 3472 et
2601 3418 2831 3487 septimo
2880 3421 3189 3491 egredietur
3236 3421 3393 3487 liber,
3434 3422 3525 3493 qui
3578 3438 3685 3493 per

2090 3507 2322 3560 activam
2344 3523 2503 3577 quam
2523 3508 2765 3579 perfecte
2789 3511 3119 3578 exhibuerit,
3148 3512 3216 3566 ad
3242 3513 3684 3584 contemplativa:

2092 3598 2213 3652 vita:
2250 3597 2554 3654 libertatem
2605 3602 2819 3657 transit.
2872 3602 2940 3656 Et
2977 3605 3272 3659 notandum
3320 3605 3460 3675 quod
3508 3605 3685 3674 gratis

2091 3690 2228 3745 liber
2249 3691 2544 3760 egreditur,
2562 3692 2685 3761 quia
2711 3691 2765 3747 lii
2791 3693 2881 3764 qui
2906 3703 3192 3765 postquam
3214 3696 3394 3750 omnia
3425 3695 3679 3762 fecerint,

2091 3781 2276 3835 dicunt
2308 3795 2365 3836 se
2401 3782 2616 3837 inutiles
2639 3797 2845 3850 servos,
2868 3782 2949 3839 eis
2976 3784 3162 3855 procul
3199 3785 3361 3840 dubio
3394 3787 3535 3841 sicut
3562 3788 3683 3857 ipsa

2090 3869 2264 3922 activa
2296 3868 2396 3923 luit
2424 3885 2489 3924 ex
2530 3886 2773 3937 munere,
2803 3872 2876 3925 ita
2915 3873 3022 3927 erit
3046 3890 3109 3929 ex
3142 3874 3314 3947 gratia
3350 3876 3511 3931 etiam
3540 3893 3681 3932 con-

2089 3960 2415 4029 templativa.
2468 3962 2599 4016 Cum
2649 3964 2791 4031 quali
2846 3972 2997 4018 veste
3046 3965 3351 4032 intraverit,
3404 3984 3525 4022 cum
3577 3969 3676 4025 tali

2089 4050 2448 4118 exeatzquia
2496 4054 2715 4107 omnino
2766 4069 2992 4110 necesse
3037 4064 3121 4110 est
3179 4065 3236 4110 ut
3297 4059 3679 4129 unusquisque

2088 4150 2330 4195 nostrum
2354 4142 2406 4195 in
2439 4143 2541 4197 hoc
2568 4144 2709 4213 quod
2748 4145 2966 4215 incipit,
3004 4159 3353 4216 perseveret,
3383 4159 3543 4220 atque
3582 4166 3677 4205 us-

2088 4246 2193 4300 que
2214 4232 2278 4285 ad
2316 4233 2473 4286 tinem
2503 4236 2683 4304 operis
2711 4235 2763 4289 in
2788 4251 2850 4290 ea
2884 4255 2987 4307 qua
3031 4237 3308 4294 inchoavit
3343 4241 3671 4308 intentione,

2089 4324 2362 4392 perduret.
2388 4325 2479 4380 ille
2507 4328 2701 4396 quippe
2726 4327 2864 4383 bene
2893 4330 2961 4383 ad
2989 4331 3456 4401 contemplativam
3489 4342 3676 4389 trans-

2091 4415 2151 4479 it,
2200 4414 2292 4485 qui
2332 4415 2383 4470 in
2424 4417 2599 4471 activa
2645 4419 2755 4472 vita
2788 4418 3103 4475 intentionis
3157 4434 3270 4476 suae
3308 4432 3512 4477 vestem
3560 4439 3681 4479 non

2088 4510 2398 4565 mutaverit.
2447 4510 2512 4564 Et
2543 4521 2669 4565 sunt
2711 4512 2975 4577 nonnulli,
3014 4514 3107 4584 qui
3143 4515 3457 4585 priusquam
3493 4516 3676 4570 omni-

2082 4602 2318 4666 potentis
2340 4602 2432 4657 Dei
2461 4603 2682 4658 servitio
2712 4604 3004 4669 socientur,
3042 4606 3154 4676 jam
3187 4608 3326 4663 bona
3353 4608 3566 4677 operari
3590 4608 3677 4662 di-

2082 4688 2273 4759 ligunt.
2310 4692 2594 4750 Suntvero
2626 4694 2719 4748 alii
2757 4694 2850 4764 qui
2890 4695 3029 4749 bona
3069 4710 3235 4765 opera
3273 4703 3560 4765 postquam
3598 4696 3679 4750 ad

2082 4780 2362 4835 servitium
2392 4784 2775 4853 omnipotentis
2810 4783 2906 4838 Dei
2938 4794 3236 4851 venerunt,
3278 4786 3515 4840 discunt.
3564 4785 3675 4852 Qui

2080 4883 2209 4937 ergo
2235 4871 2601 4940 Operationem
2642 4873 2859 4937 bonam,
2901 4881 2955 4927 et
2996 4873 3309 4944 priusquam
3336 4875 3404 4929 ad
3429 4875 3522 4929 Dei
3551 4890 3669 4930 ser-

2081 4959 2133 5012 vi
2162 4960 2268 5012 inm
2292 4961 2520 5024 veniret,
2547 4961 2746 5016 habere
2769 4964 2993 5029 studuit,
3036 4964 3291 5021 Hebraeus
3327 4976 3519 5021 servus
3540 4981 3669 5021 cum

2082 5066 2251 5105 uxore
2273 5060 2484 5121 emptus
2522 5061 2626 5106 est.
2665 5054 2732 5107 Et
2752 5054 3073 5126 plerumque
3101 5058 3148 5111 is
3174 5057 3265 5126 qui
3295 5056 3418 5112 talis
3438 5065 3542 5123 est,
3568 5072 3670 5128 po-

2080 5146 2187 5194 test
2228 5141 2296 5195 ad
2341 5142 2812 5212 contemplativam
2860 5147 3026 5199 vitam
3065 5148 3333 5211 transire,
3379 5156 3436 5201 et
3483 5150 3665 5202 tamen

2080 5230 2311 5284 activam
2346 5245 2453 5285 non
2503 5232 2773 5289 deserere.
2818 5235 2971 5290 Unde
3011 5246 3066 5291 et
3114 5236 3221 5291 illic
3274 5237 3524 5291 subditur
3551 5237 3667 5291 :‘Si

2077 5318 2271 5373 habens
2311 5336 2549 5387 uxorem,
2596 5333 2645 5376 et
2692 5339 2828 5378 uxor
2868 5324 3171 5395 egrediatur
3196 5326 3372 5379 simul.
3413 5326 3549 5381 Cum
3594 5341 3668 5382 eo

2074 5411 2221 5467 enim
2255 5414 2323 5468 ad
2344 5413 2655 5470 libertatem
2686 5425 2743 5471 et
2768 5432 2905 5471 uxor
2932 5418 3230 5489 egreditur,
3252 5419 3468 5489 quando
3493 5418 3538 5472 is
3566 5420 3671 5488 qni

2073 5502 2140 5557 ad
2165 5506 2672 5574 contemplationem
2712 5509 2976 5576 pervenit,
3018 5510 3181 5563 etiam
3217 5510 3351 5565 foris
3388 5510 3669 5565 actionem

2073 5596 2199 5652 boni
2227 5597 2409 5665 operis
2434 5612 2539 5667 qua
2567 5598 2826 5668 prodesse
2860 5601 3030 5669 possit
3066 5601 3206 5667 aliis,
3239 5616 3346 5656 non
3379 5600 3665 5671 relinquit.

2076 5686 2138 5742 Si
2172 5696 2345 5740 autem
2380 5689 2625 5741 dominus
2652 5688 2855 5742 dederit
2884 5688 2964 5741 illi
2990 5706 3207 5743 aurorem
3229 5700 3275 5743 et
3304 5689 3559 5759 pepererit
3587 5687 3663 5757 ῥ-
