3992 6182
361 390 466 450 Ill

364 540 560 585 manus
590 519 725 590 ejus.
753 511 1073 583 lntelligitur
1098 519 1227 575 ergo
1254 492 1626 555 tantummodo
1667 489 1836 542 Deum
1866 482 1969 543 fex

366 632 531 682 cisse,
578 625 699 667 cum
727 607 955 677 quisque
992 596 1258 654 occiditur
1298 605 1329 643 a
1358 586 1595 647 nolente,
1645 587 1700 634 et
1724 589 1824 646 pro
1846 574 1950 628 hoc

372 665 763 765 tantummodo.
794 665 937 752 Deus
975 692 1026 747 id
1055 686 1217 749 fecit,
1253 682 1455 737 dictum
1500 682 1628 730 est:
1661 667 1767 725 Sed
1812 665 1950 718 Deus

366 796 590 853 tradidit
620 793 676 847 in
708 800 923 842 manum
951 781 1085 852 ejus.
1114 775 1248 831 Cum
1272 784 1403 826 vero
1430 764 1617 821 volens
1649 756 1870 819 occidit,
1899 760 1953 807 et

372 888 488 957 ipse
523 878 740 943 occidit,
786 881 841 929 et
875 841 1018 926 Deus
1060 860 1285 920 tradidit
1318 858 1373 913 in
1411 864 1631 909 manum
1657 847 1794 917 ejus.
1841 841 1956 895 Hoc

373 937 507 1051 errgo
554 937 803 1034 interest,
846 962 988 1035 quod
1015 959 1127 1013 illic
1164 965 1342 1010 tamen
1371 949 1517 1003 Deus
1544 941 1673 997 fecit
1702 954 1716 992 :
1749 937 1840 992 hic
1865 948 1956 987 au-

1385 1040 1400 1051 ·
1485 1043 1495 1051 -
1542 1044 1641 1051 μα-
1687 1023 1931 1051 ’.ΑΛ-..τη

348 1023 486 1125 'teih
517 1076 573 1121 et
600 1065 745 1118 Deus
774 1066 830 1114 et
864 1023 1031 1109 homo
1056 1054 1278 1120 propter
1318 1040 1649 1095 voluntatem
1686 1023 1953 1085 facientis,

378 1159 475 1213 sed
503 1170 610 1210 non
638 1152 778 1206 sicut
804 1146 948 1200 Deus
977 1142 1163 1195 homo.
1186 1136 1328 1190 Deus
1354 1127 1497 1184 enim
1526 1138 1631 1178 non
1662 1117 1765 1174 nisi
1790 1116 1957 1186 iuste,

377 1250 538 1304 homo
580 1250 760 1298 autem
798 1246 958 1307 poma
1003 1229 1235 1300 dignus:
1268 1236 1374 1276 non
1419 1215 1545 1286 quia
1574 1210 1722 1265 illum
1765 1204 1962 1261 occidit

381 1352 540 1407 quem
584 1334 726 1387 Deus
753 1299 919 1382 nollet
947 1299 1142 1381 occidi,
1186 1313 1280 1370 sed
1306 1310 1431 1381 quia
1461 1321 1558 1377 per
1597 1299 1958 1369 iniquitatem.

381 1430 499 1485 Non
522 1425 664 1481 enim
696 1414 1057 1475 ministerium
1086 1409 1195 1463 Deo
1212 1400 1420 1477 iubenti
1460 1394 1707 1468 praebuit,
1730 1389 1825 1444 sed
1852 1401 1965 1439 suae

385 1523 635 1592 malignae
659 1510 941 1584 cupiditati
978 1503 1217 1562 servivit.
1244 1500 1300 1553 ln
1335 1511 1443 1550 uno
1483 1490 1645 1561 igitur
1668 1486 1965 1551 eodemque

387 1575 550 1674 facto:
573 1617 627 1663 et
660 1575 803 1661 Deus
827 1601 893 1656 de
917 1596 1128 1654 occulta
1154 1589 1408 1659 :equitate
1433 1581 1703 1643 laudatur,
1726 1587 1780 1629 et
1806 1575 1968 1629 homo

387 1709 454 1763 de
479 1702 696 1775 prepria
725 1694 1011 1766 iniquitate
1052 1686 1296 1757 punitur.
1333 1678 1451 1733 Non
1481 1674 1626 1730 enim
1670 1668 1794 1739 quia
1825 1665 1970 1719 Deus

391 1755 453 1763 “"
480 1755 530 1775 r'
555 1755 601 1773 ‘l’
824 1755 838 1766 ι
1057 1755 1070 1757 _

387 1795 605 1870 proprio
655 1790 794 1845 Filio
820 1801 926 1841 non
957 1778 1230 1852 pepercit,
1276 1771 1370 1828 sed
1399 1782 1498 1839 pro
1536 1761 1788 1820 omnibus
1815 1755 1970 1811 nobis

992 1869 1006 1870 ί
1072 1869 1075 1870 ⁷
1376 1869 1379 1870 ν
1541 1861 1553 1870 ι
1618 1849 1697 1870 καὶ
1727 1846 1966 1870 Α---αδιιιηηίι

392 1861 613 1940 tradidit
640 1878 809 1940 illum,
837 1875 957 1929 ideo
981 1869 1146 1923 ludas
1167 1869 1455 1919 excusatus
1478 1861 1580 1920 est,
1609 1867 1679 1921 qu

392 1977 458 2031 ad
496 1980 723 2028 mortem
749 1963 975 2020 tradidit
1003 1959 1298 2015 Christum.

466 2065 570 2132 Qui
590 2070 761 2117 autem
790 2074 892 2111 non
927 2064 999 2108 est
1029 2049 1336 2106 insidiatus,
1374 2040 1579 2110 inquit,
1621 2034 1710 2091 sed
1741 2031 1882 2085 Deus
1913 2027 1975 2080 il-

394 2161 503 2213 lum
534 2154 749 2210 tradidit
796 2151 849 2203 in
881 2163 1038 2201 manu
1067 2144 1213 2213 ejus,
1260 2135 1575 2192 constituam
1600 2128 1691 2182 tibi
1723 2125 1894 2177 locum
1920 2120 1975 2173 in

393 2268 544 2325 quem
572 2250 749 2319 fugere
785 2244 987 2297 debeat.
1036 2235 1148 2290 Hoc
1174 2227 1444 2302 quomodo
1474 2224 1677 2278 factum
1720 2217 1814 2281 sit,
1843 2213 1978 2267 liber

393 2341 486 2410 qui
515 2338 715 2392 dicitur
735 2332 862 2388 Jesu
901 2328 1047 2382 Nave
1077 2325 1303 2397 .(Josue,
1334 2315 1445 2387 xx)
1474 2355 1489 2380 ,
1522 2308 1830 2367 manifestat
1853 2317 1977 2358 cum

397 2432 786 2487 commemorat
823 2421 1006 2483 Josue,
1044 2415 1273 2471 Domino
1310 2409 1553 2480 iubente,
1606 2417 1702 2455 sex
1734 2395 1979 2451 civitates

401 2517 592 2589 refugii
639 2515 931 2570 decernere
972 2501 1298 2561 homicidis,
1338 2495 1428 2565 qui
1473 2485 1823 2546 homicidium
1871 2495 1978 2535 non

401 2572 592 2681 Sponute
643 2604 906 2660 fecerint:
932 2598 1037 2652 hoc
1079 2601 1163 2650 est
1208 2590 1381 2646 Cades
1426 2587 1481 2640 in
1513 2581 1732 2638 Galilaea
1782 2572 1983 2629 montis

401 2665 699 2771 Nlcplalim;
733 2702 785 2750 et
815 2691 1031 2747 Sichem
1066 2687 1120 2740 in
1147 2690 1328 2739 monte
1367 2674 1620 2748 Ephraim
1642 2689 1656 2738 ;
1682 2678 1737 2725 et
1762 2665 1984 2723 Cariath

403 2755 545 2848 Arbe
571 2808 583 2843 :
609 2755 725 2858 ipsa
756 2792 840 2840 est
868 2780 1087 2836 Hebron
1115 2776 1169 2830 in
1199 2780 1382 2828 monte
1414 2767 1584 2829 Juda;
1611 2771 1667 2818 et
1690 2770 1839 2816 trans
1866 2755 1988 2811 Jor-

406 2885 600 2937 danem
629 2848 819 2935 contra
854 2866 1246 2928 occidentalem
1287 2861 1501 2932 plagam
1540 2853 1758 2909 Jeriebo
1797 2848 1986 2904 urbem

404 2973 595 3037 Dusor,
640 2983 760 3040 qute
787 2966 886 3021 sita
914 2968 998 3019 est
1024 2961 1077 3015 in
1107 2951 1397 3026 campestri
1431 2946 1721 3005 solitudine
1748 2943 1814 2998 de
1841 2940 1984 2995 tribu

407 3030 628 3127 Ruben;
656 3030 711 3115 et
741 3055 973 3112 Ramoth
999 3048 1205 3107 Galaad
1242 3046 1308 3100 de
1340 3042 1483 3098 tri2,u
1510 3037 1663 3102 Gad;
1698 3041 1754 3089 et
1776 3030 1988 3086 Gaulon

410 3155 465 3208 in
493 3122 664 3206 Basan
694 3150 761 3204 de
785 3145 929 3200 tribu
956 3141 1237 3195 Manassae.
1281 3135 1373 3189 [Ite
1403 3130 1652 3186 civitates
1686 3122 1993 3179 constitutae

410 3249 537 3296 sunt
561 3237 770 3293 cunctis
798 3233 923 3287 ﬁliis
950 3227 1138 3291 Israel,
1184 3231 1240 3278 et
1270 3220 1493 3276 advenis
1518 3216 1609 3287 qui
1632 3214 1880 3270 habitant
1911 3210 1993 3263 in-

412 3337 499 3385 ter
519 3342 635 3392 eos,
675 3333 735 3379 ut
777 3320 988 3391 fugeret
1011 3315 1080 3370 ad
1119 3329 1210 3368 eas
1248 3309 1341 3380 qui
1371 3308 1606 3362 animam
1632 3300 1850 3357 nescius
1876 3313 1997 3368 per-

413 3421 694 3483 cussisset,
725 3423 781 3471 et
807 3428 915 3468 non
956 3413 1258 3464 moreretur
1304 3403 1356 3456 in
1402 3413 1564 3454 manu
1592 3392 1825 3466 proximi
1866 3388 1998 3444 etfu-

416 3529 537 3569 smn
583 3505 902 3579 sanguinem
937 3499 1215 3556 vindicare
1266 3489 1565 3562 cupientis,
1616 3485 1789 3540 donec
1831 3488 2003 3536 staret

420 3611 548 3657 ante
602 3596 860 3670 populum
907 3586 1251 3660 expositurus
1297 3593 1515 3637 causam
1563 3590 1736 3631 suam.
1780 3569 2002 3643 Mystice

342 3756 343 3759 η
421 3703 623 3754 autem,
676 3689 722 3744 si
762 3685 885 3756 quis
931 3694 1029 3752 per
1079 3675 1335 3732 invidiam
1386 3677 1478 3724 aut
1514 3666 1696 3723 odium
1747 3672 2004 3717 mucrone

423 3782 645 3839 malitia:
673 3778 905 3847 aliquem
931 3766 1279 3842 percusserit,
1307 3771 1362 3818 et
1395 3761 1450 3815 in
1480 3765 1710 3814 mortem
1732 3753 1924 3809 animze
1947 3766 2006 3806 se

422 3871 659 3933 duxerit,
690 3877 905 3923 (aeternae
930 3857 1090 3916 morti
1117 3857 1233 3926 ipse
1259 3851 1524 3908 obnoxius
1544 3847 1671 3902 erit.
1713 3842 1867 3898 Unde
1889 3842 2005 3909 ipsa

428 3930 777 4017 Veritasait:
811 3952 867 4009 Si
892 3952 1007 4023 quis
1039 3940 1474 4003 scandalizarerit
1517 3952 1683 3990 unum
1714 3934 1779 3987 de
1803 3930 2007 4002 pusillis

428 4055 543 4109 istis
564 4051 652 4123 qui
695 4050 751 4102 in
774 4061 853 4100 me
888 4040 1127 4104 credunt,
1157 4032 1361 4104 expedit
1392 4030 1459 4094 ei,
1498 4036 1552 4081 ut
1584 4023 1726 4079 mola
1775 4021 2010 4075 asinaria

433 4108 666 4199 adda'tur
718 4134 852 4191 collo
900 4131 1056 4201 ejus,
1104 4135 1150 4181 et
1202 4123 1533 4189 demergatur
1581 4115 1637 4169 in
1691 4108 2011 4183 profundum

432 4232 651 4309 (Matth.
699 4225 884 4297 xvnt).
929 4223 996 4278 Et
1039 4218 1278 4275 Joannes
1332 4211 1453 4266 ait:
1487 4206 1590 4273 Qui
1633 4203 1741 4258 odit
1794 4201 2011 4272 fratrem

433 4289 610 4389 suum,
649 4289 910 4375 homicida
955 4321 1051 4367 est.
1086 4308 1151 4363 Et
1181 4305 1324 4361 scitis
1356 4302 1481 4373 quia
1507 4296 1676 4353 omnis
1724 4289 2009 4356 homicida,

437 4430 544 4470 non
571 4409 720 4464 habet
757 4406 913 4462 vitam
942 4411 1193 4457 arternam
1237 4395 1292 4449 in
1328 4408 1381 4447 se
1417 4394 1711 4443 manentem
1759 4380 1821 4455 (I
1848 4379 2011 4434 Joan.

437 4502 557 4574 ιιι).
601 4501 701 4555 llic
740 4497 863 4552 talis
891 4495 958 4548 ab
986 4490 1145 4547 altari
1171 4484 1384 4543 Domini
1431 4480 1585 4537 evelli
1621 4476 1863 4546 jubetur,
1889 4472 2016 4543 quia

441 4592 696 4662 indignus
748 4581 1040 4641 Dominicis
1090 4572 1472 4634 sacramentis,
1524 4584 1554 4623 a
1608 4563 2020 4637 participatione

444 4678 586 4738 sacri
616 4674 803 4733 altaris
830 4671 1025 4728 merito
1046 4672 1369 4722 removetur.
1397 4659 1499 4726 Qui
1542 4664 1723 4711 autem
1753 4669 1860 4708 non
1895 4658 2022 4705 voto

448 4768 691 4832 malitize,
730 4764 825 4819 sed
852 4775 949 4832 per
976 4756 1239 4813 incuriam
1281 4759 1376 4806 aut
1402 4745 1760 4820 ignorantiam
1791 4743 2024 4811 aliquem

1018 370 1078 423 Β.
1122 357 1374 421 RABANI
1414 351 1632 411 MAURI
1668 339 1989 401 ARClllEP.
2032 332 2343 392 MOGUNT.
2386 320 2672 387 OPERUM
2710 316 2893 376 PARS
2931 316 2971 371 l.

1971 462 2022 521 Α
2047 469 2166 524 quae
2202 450 2355 518 jubet
2393 453 2647 518 parentes
2684 442 2989 497 honorare,
3043 439 3099 484 et
3136 428 3208 485 ob
3254 428 3356 480 hoc
3406 421 3631 478 maledi-

3523 301 3636 362 “'2

2050 515 2217 599 elum-
2255 548 2312 594 et
2363 515 2581 606 dignum
2623 544 2744 585 esse
2787 523 3010 581 morte?
3074 515 3409 588 Spiritaliter
3454 520 3641 566 autem

2051 633 2142 704 qui
2184 603 2528 686 maledixerit
2566 623 2730 694 patri,
2760 620 2812 674 id
2833 626 2936 681 est,
2964 609 3357 683 blaSphemiazn
3385 606 3438 660 in
3466 603 3642 657 Deum

2054 725 2145 796 qui
2181 721 2422 777 omnium
2465 723 2619 787 pater
2658 721 2742 767 est
2779 707 3089 780 protulerit,
3118 701 3202 756 vel
3234 706 3424 754 contra
3456 693 3646 750 Eccle-

2055 817 2193 871 siam
2239 819 2469 867 matrem
2509 804 2735 861 unitatis
2775 801 3072 856 schismata
3106 790 3649 863 ingesserit,:eterna

2055 921 2216 978 penna
2259 900 2570 958 multandus
2609 895 2733 951 erit.
2789 891 2893 957 Qui
2936 889 3145 959 furatus
3186 882 3346 952 fuerit
3383 877 3648 932 hominem

2057 1010 2104 1056 et
2144 994 2432 1053 vendiderit
2472 1006 2609 1052 eam,
2653 985 2917 1040 convictus
2961 993 3131 1041 nocte,
3169 982 3335 1028 morte
3364 968 3648 1023 moriatur.

2061 1089 2356 1147 lltereticos
2399 1085 2502 1139 hac
2545 1077 2816 1135 sententia
2862 1071 3137 1143 percutit,
3186 1066 3279 1136 qui
3323 1078 3422 1133 per
3461 1059 3651 1116 dolum

2060 1180 2334 1238 hominem
2374 1172 2754 1230 Christianum
2807 1181 2836 1220 a
2895 1162 3128 1217 veritate
3182 1152 3467 1211 catholicae
3523 1149 3651 1205 ﬁdei

2063 1274 2367 1333 seducunt,
2410 1277 2466 1319 et
2506 1262 2757 1329 malignis
2798 1255 3081 1328 spiritibus
3123 1264 3221 1320 per
3260 1258 3503 1301 errorem
3549 1239 3647 1295 ob-

2064 1368 2285 1424 noxium
2322 1361 2562 1423 tradunt,
2600 1364 2804 1411 teterna
2840 1362 3001 1420 poma
3042 1359 3136 1400 eos
3170 1336 3504 1397 damnandos
3533 1347 3658 1387 esse

2067 1458 2324 1515 ostendit.
2372 1452 2433 1509 Si
2480 1449 2639 1505 rixati
2679 1445 2873 1516 fuerint
2918 1440 3048 1503 viri,
3092 1446 3140 1491 et
3178 1430 3491 1505 percusserit
3524 1426 3665 1481 alter

2066 1550 2363 1623 proximum
2405 1558 2559 1597 suum
2603 1538 2777 1608 lapide
2820 1535 2898 1587 vel
2937 1545 3147 1602 pugno,
3198 1534 3247 1579 ct
3289 1522 3380 1576 ille
3419 1527 3659 1573 mortuus

2070 1659 2171 1697 non
2210 1638 2366 1708 fuerit
2419 1643 2468 1689 et
2514 1629 2743 1702 jacuerit
2784 1629 2840 1680 in
2880 1620 3104 1686 lectulo,
3169 1618 3213 1672 si
3275 1611 3561 1669 surrexerit
3612 1618 3663 1662 et

2071 1728 2411 1786 ambulaverit
2466 1724 2618 1794 fortis
2673 1735 2829 1789 super
2870 1713 3113 1770 baculum
3156 1724 3350 1769 suum,
3411 1707 3665 1762 innocens

1687 1793 1788 1814 uua
1818 1793 1970 1811 ..ωηο
2468 1793 2473 1794 ,

1686 1846 1968 1903 ieumdem
2000 1831 2044 1888 Β
2072 1822 2167 1877 erit
2211 1819 2300 1890 qui
2339 1814 2634 1888 percussit:
2678 1811 2753 1863 ita
2792 1819 2987 1868 tamen,
3027 1812 3085 1856 ut
3128 1815 3313 1871 operas
3343 1797 3457 1866 ejus
3484 1803 3535 1847 et
3561 1793 3669 1846 im-

2074 1927 2261 1984 pensas
2294 1909 2350 1962 in
2386 1904 2614 1959 medicos
2658 1899 2923 1960 restituat,
2961 1903 3019 1949 et
3051 1900 3268 1947 cretera.
3317 1884 3620 1955 Allegoriee
3646 1898 3665 1936 :

2076 2004 2135 2059 Si
2162 2002 2282 2072 quis
2305 2014 2428 2055 cum
2457 1994 2702 2065 proximo
2745 2004 2844 2044 suo
2883 2003 2983 2058 per
3024 1984 3264 2039 furorem
3298 1975 3667 2042 contenderit,

2075 2103 2131 2152 et
2169 2068 2252 2147 vel
2292 2088 2469 2159 lapide
2510 2084 2595 2140 vel
2638 2096 2818 2154 pugno
2867 2078 3018 2132 illum
3061 2070 3416 2146 percusserit,
3450 2068 3555 2121 hoc
3581 2073 3673 2121 est

2076 2183 2274 2240 duritia
2314 2156 2511 2234 mentis
2547 2175 2628 2229 vel
2666 2170 2933 2243 parcitate
2969 2165 3173 2229 cordis,
3213 2158 3519 2232 spernendo
3553 2156 3674 2211 sive

2077 2272 2502 2334 misericorditer
2532 2284 2639 2322 non
2675 2259 3006 2320 consulendo
3039 2251 3465 2326 exasperaverit,
3493 2257 3548 2303 et
3579 2248 3594 2301 i
3622 2247 3675 2300 le

2078 2369 2384 2425 inﬁrmatus
2430 2364 2481 2416 in
2544 2356 2769 2414 tristitia
2828 2370 2859 2407 a
2914 2351 3126 2405 fervore
3187 2342 3492 2400 dilectionis
3549 2339 3671 2391 lan-

2080 2457 2306 2531 gucscit,
2332 2464 2554 2508 necesse
2577 2455 2661 2502 est
2684 2455 2743 2498 ut
2766 2458 2890 2497 reus
2925 2455 3024 2510 per
3049 2433 3448 2491 confessionem
3477 2440 3677 2496 operas

2080 2545 2415 2622 pmnitentia:
2454 2551 2511 2597 et
2550 2541 2826 2609 impensas
2868 2532 3148 2605 promissa:
3187 2521 3586 2583 emendationis
3618 2520 3675 2572 in

2083 2640 2343 2703 medicos,
2390 2636 2495 2690 hoc
2536 2640 2622 2686 est
2662 2630 2716 2684 in
2756 2627 3006 2681 doctores
3042 2620 3340 2692 impendat,
3380 2616 3475 2685 qui
3501 2626 3677 2683 aegro—
3772 2614 3781 2623 ‘

2088 2738 2295 2785 tantem
2332 2701 2543 2780 baculo
2589 2715 2978 2776 consolationis
3026 2727 3140 2768 sua:
3189 2710 3440 2780 erigant,
3487 2713 3542 2759 et
3586 2701 3677 2756 fo-

2088 2819 2289 2877 mentis
2341 2812 2786 2889 praedicationum
2831 2806 3163 2862 medicantes
3192 2843 3207 2868 ,
3269 2800 3324 2855 in
3385 2796 3680 2869 pristinum

2090 2922 2293 2969 statum
2337 2904 2646 2964 dilectionis
2688 2900 3005 2957 reforment.
3070 2895 3151 2949 Ita
3204 2892 3352 2947 enim
3402 2889 3471 2944 ad
3514 2889 3681 2943 iuno-

2091 3006 2326 3063 centiam
2361 3016 2547 3056 veram
2588 2994 2874 3068 pervenire
2910 3002 3218 3067 possumus,
3257 2984 3303 3041 si
3345 2984 3486 3039 male
3524 2991 3685 3053 gesta

2094 3097 2271 3169 dignis
2299 3091 2631 3166 paenitentia:
2667 3086 2933 3142 fructibus
2969 3080 3174 3139 diluere
3207 3089 3533 3151 satagamus.
3576 3076 3687 3144 Qui

2023 3176 2069 3240 C
2098 3182 2406 3258 percusserit
2433 3194 2634 3234 servum
2660 3192 2814 3230 suum
2838 3172 2913 3228 vel
2938 3172 3187 3226 ancillam
3223 3188 3249 3224 υ
3274 3186 3389 3239 rga,
3413 3178 3460 3222 et
3487 3166 3689 3221 mortui

2097 3274 2291 3346 fuerint
2325 3272 2380 3324 in
2403 3267 2643 3323 manibus
2665 3266 2800 3335 ejus,
2830 3261 3064 3318 criminis
3089 3276 3207 3313 rcus
3232 3258 3351 3322 erit,
3378 3264 3433 3311 et
3456 3264 3680 3310 cmtera.

2098 3367 2254 3423 Sicut
2292 3361 2571 3432 disciplina
2611 3373 2747 3429 opus
2772 3365 2855 3411 est
2882 3355 2935 3409 in
2962 3353 3268 3407 eruditione
3292 3347 3688 3417 subiectorum,

2099 3458 2174 3513 ita
2216 3464 2274 3512 et
2310 3452 2636 3509 discretione
2671 3448 2904 3502 maxime
2940 3458 3076 3514 opus
3109 3449 3215 3505 est,
3261 3441 3314 3494 in
3351 3438 3692 3494 exhibitione

2101 3544 2522 3614 correptionum.
2582 3537 2685 3605 Qui
2732 3536 2876 3590 enim
2924 3532 3027 3587 sibi
3066 3529 3417 3585 commissum
3466 3540 3692 3596 gregem

2102 3637 2246 3692 ultra
2285 3632 2501 3688 modum
2546 3626 2843 3698 disciplina:
2879 3620 3224 3691 constringit,
3264 3618 3354 3672 ubi
3392 3616 3557 3671 vitam
3596 3615 3696 3669 de-

2103 3732 2221 3788 buit
2267 3740 2565 3801 prapagare
2593 3765 2608 3788 ,
2667 3720 2974 3777 invenietur
3019 3717 3092 3773 ibi
3140 3722 3371 3769 mortem
3418 3711 3691 3780 ingerere.

2106 3825 2261 3882 Unde
2299 3831 2354 3877 et
2392 3836 2491 3891 per
2535 3814 2869 3886 Sapientiam
2919 3810 3163 3864 dicitur:
3208 3804 3311 3871 Qui
3340 3802 3548 3873 fortiter
3574 3815 3699 3869 pre-

2106 3919 2201 3973 mit
2244 3916 2401 3970 ubera
2432 3954 2446 3977 ,
2515 3909 2719 3965 exhibet
2778 3906 3064 3975 butyrum;
3125 3908 3172 3952 et
3225 3897 3313 3968 qui
3371 3894 3700 3949 vehementer

2109 4006 2375 4075 emungit,
2432 4002 2569 4056 elicit
2625 3996 2933 4068 sanguinem
2979 3990 3161 4062 (Prov.
3209 3983 3361 4055 xxx).
3427 3982 3524 4037 Est
3566 3993 3700 4050 ergo

2111 4111 2324 4166 semper
2360 4106 2615 4149 mensura
2650 4089 2703 4143 in
2739 4084 3024 4155 disciplina
3060 4078 3318 4141 tenenda,
3352 4082 3413 4130 ut
3452 4074 3601 4143 rigor
3627 4071 3703 4126 sit

2113 4191 2168 4244 in
2209 4184 2512 4254 refrigerio,
2540 4190 2595 4236 et
2634 4176 2975 4248 refrigerium
3018 4172 3073 4226 in
3114 4170 3316 4240 rigore,
3349 4173 3410 4220 ut
3446 4164 3502 4218 in
3531 4161 3706 4217 disci-

2113 4280 2319 4351 plinato
2363 4274 2497 4329 ﬁdes
2538 4279 2594 4326 et
2631 4269 2855 4324 dilectio
2895 4266 3114 4336 vigeat,
3159 4275 3258 4315 nec
3301 4272 3398 4328 per
3437 4256 3702 4324 despera-

2118 4343 2318 4427 tionem
2357 4365 2441 4421 vel
2486 4363 2690 4427 odium,
2732 4358 2976 4412 funditus
3010 4355 3257 4408 intereat.
3307 4347 3368 4404 Si
3398 4345 3557 4400 rimati
3590 4343 3709 4413 fue—

2119 4461 2225 4515 rint
2262 4456 2383 4521 viri,
2427 4463 2475 4509 et
2510 4448 2818 4525 percusserit
2856 4445 2969 4517 quis
3004 4441 3273 4497 mulierem
3310 4442 3705 4507 pra'gnantem,

2120 4560 2170 4605 et
2213 4520 2521 4602 abortivum
2548 4539 2767 4613 fecerit,
2828 4536 2918 4590 sed
2970 4535 3085 4603 ipsa
3126 4527 3347 4591 vixerit,
3413 4520 3707 4593 subjacebit

2124 4642 2336 4703 damno,
2382 4645 2635 4710 quantum
2679 4628 2948 4702 expetierit
2993 4625 3214 4680 maritus
3252 4618 3505 4680 mulieris,
3538 4625 3586 4668 et
3617 4630 3713 4667 ar-

2128 4732 2247 4785 bitri
2282 4704 2662 4799 judicaveriut,
2701 4728 2755 4775 et
2791 4727 3007 4774 caetera.
3052 4713 3172 4777 Hic,
3205 4719 3266 4764 ut
3302 4708 3433 4762 mihi
3468 4704 3709 4769 videtur,

2129 4821 2255 4877 talis
2288 4826 2372 4873 est
2402 4830 2631 4871 sensus:
2660 4809 2810 4877 Quod
2848 4808 2893 4862 si
2928 4806 3049 4876 quis
3072 4802 3354 4858 mulierem
3376 4795 3715 4867 percusserit

2133 4921 2257 4983 post
2294 4915 2612 4975 conceptum
2653 4915 2860 4962 semen,
2889 4905 2944 4951 et
2973 4909 3072 4967 pro
3113 4895 3215 4947 hoc
3251 4889 3554 4944 abortivum
3592 4884 3719 4954 qni-

2138 5008 2261 5062 dem
2305 4999 2532 5062 fecerit,
2593 4996 2708 5065 ipsa
2764 5000 2943 5046 tamen
2985 4989 3237 5050 vivente,
3297 4992 3427 5038 tunc
3482 4978 3718 5050 pecunia

2138 5106 2426 5169 percussor
2455 5088 2732 5143 laesionem
2766 5092 3180 5149 recompensare
3200 5074 3392 5145 possit,
3418 5069 3719 5127 secundum

2139 5159 2194 5241 id
2235 5180 2378 5252 quod
2430 5175 2700 5246 expetitus
2741 5171 2941 5235 fuerit,
2995 5177 3052 5224 et
3096 5165 3307 5234 iudices
3350 5159 3718 5217 decreverint.

2142 5277 2201 5333 Si
2243 5282 2426 5329 autem
2470 5284 2616 5325 mors
2661 5266 2803 5322 illius
2845 5262 3009 5320 fuerit
3050 5263 3376 5322 subsecuta,
3430 5264 3562 5310 tunc
3603 5252 3724 5323 jam

2141 5363 2418 5422 homicidii
2473 5374 2639 5423 reus,
2701 5355 3006 5427 puniendus
3065 5351 3173 5406 erit
3231 5350 3348 5419 ipse
3405 5358 3724 5416 percussor.

2144 5456 2369 5529 Mystice
2400 5462 2602 5518 autem,
2638 5450 2684 5504 si
2722 5448 2844 5518 quis
2883 5443 3110 5512 alicujus
3153 5439 3390 5493 animam
3436 5442 3557 5505 post
3593 5448 3731 5486 con-

2145 5557 2361 5618 ceptum
2410 5558 2593 5601 semen
2642 5539 2831 5602 verbi,
2890 5551 2987 5606 per
3031 5531 3299 5588 incuriam
3345 5526 3429 5581 vel
3476 5523 3728 5578 fraudem

2146 5639 2383 5704 lmserit,
2445 5637 2519 5690 ita
2560 5641 2619 5687 ut
2664 5628 2829 5684 vitale
2873 5640 3092 5697 germen
3137 5621 3265 5676 boni
3305 5616 3486 5688 operis
3529 5625 3734 5666 sanum

2148 5727 2393 5804 proferre
2435 5739 2543 5779 non
2586 5718 2792 5792 possit,
2842 5696 3004 5767 etiam
3050 5710 3094 5765 si
3144 5708 3256 5778 ipsa
3305 5704 3482 5760 adhuc
3525 5701 3579 5754 in
3622 5696 3734 5752 ﬁde

448 4860 668 4924 laeserit,
686 4856 851 4912 habet
863 4853 1026 4908 urbes
1043 4846 1231 4917 refugii
1241 4886 1255 4911 ,
1272 4840 1567 4898 Eeclesiam
1580 4835 1827 4891 videlicet
1840 4833 2029 4887 catho-

450 4952 613 5006 licam
644 4967 656 5002 :
685 4947 776 5001 ubi
821 4957 879 4999 se
923 4937 1170 5011 angustia
1216 4929 1552 5004 pmnitentite
1595 4933 1905 4986 coarctans,
1934 4937 2032 4992 per

454 5057 616 5097 omne
661 5040 872 5108 tempus
914 5028 1197 5104 praesentis
1236 5025 1383 5090 vitae,
1424 5020 1581 5077 bonis
1623 5016 1877 5088 operibus
1921 5020 2034 5067 stu-

458 5134 607 5189 dium
659 5125 976 5197 impendens
1036 5122 1296 5181 maneat;
1356 5119 1412 5168 et
1470 5109 1517 5164 si
1574 5121 1723 5178 spem
1780 5117 1933 5159 suam
1977 5100 2033 5154 in

458 5230 639 5278 morte
681 5189 953 5288 pontiﬁcis
991 5207 1218 5273 summi,
1261 5197 1638 5271 Redemptoris
1662 5192 1916 5250 videlicet
1952 5189 2034 5247 sui

457 5311 704 5385 posuerit
726 5349 741 5375 ,
800 5306 890 5362 hic
946 5303 1062 5358 sine
1102 5297 1267 5355 dubio
1308 5295 1363 5349 in
1410 5299 1669 5347 aeternum
1706 5283 2031 5341 ‘salvabitur.

465 5404 570 5470 Qui
612 5398 919 5474 percusserit
964 5402 1164 5464 patrem
1202 5382 1442 5442 suum'et
1470 5388 1708 5440 matrem,
1737 5382 1900 5428 morte
1926 5387 2038 5425 mo—

464 5465 654 5552 riatur.
722 5492 789 5546 Et
829 5487 991 5560 paulo
1030 5491 1189 5554 post:
1248 5476 1351 5543 Qui
1401 5469 1727 5528 maledixerit
1756 5508 1770 5531 ,
1821 5465 2032 5538 inquit,

463 5589 602 5658 patri
643 5601 738 5640 suo
782 5558 847 5638 et
869 5578 1057 5642 matri,
1110 5581 1274 5628 morte
1314 5565 1593 5620 moriatur.
1639 5558 1777 5626 Quid
1804 5564 1886 5611 est
1915 5568 2039 5623 per—

468 5645 653 5731 cutere
693 5658 900 5745 patrem
946 5678 1001 5725 et
1048 5673 1305 5723 matrem,
1345 5665 1401 5712 et
1429 5652 1749 5709 maledicere
1792 5647 1929 5719 patri
1958 5645 2043 5699 vel

470 5766 660 5831 matri,
702 5767 803 5819 nisi
847 5762 1070 5835 impium
1118 5750 1395 5811 exstitisse
1438 5755 1495 5802 et
1534 5742 1864 5801 contrarium
1903 5737 2040 5807 legi,
