3992 6182
341 308 441 366 IIS

1294 321 1791 382 CUMMENTARIA
1834 329 1900 384 IN
1940 330 2249 389 EXODUM.
2292 367 2361 377 —-
2398 338 2524 394 LIB.
2565 342 2649 396 lli.

3500 363 3600 421 ιιι

337 430 523 483 vivens
578 430 925 498 perstiterit,
989 447 1281 502 percussor
1325 446 1504 494 tamen
1555 450 1615 495 ut
1663 442 1916 496 damnum
1945 443 1997 503 Α
2024 444 2304 511 patientia,
2347 449 2487 504 sicut
2518 451 2809 522 Apostolus
2841 458 3005 513 dicit:
3042 459 3173 517 Cum
3204 475 3601 528 mansuetudine

333 520 536 575 illatum
576 535 676 590 per
708 521 1087 590 pmnitentiam
1125 527 1377 582 restituat
1412 532 1706 587 secundum
1744 534 1920 589 Evan-

331 609 454 680 gelii
499 611 874 680 magisterium
918 629 1137 669 necesse
1179 617 1418 673 habebit.
1474 621 1532 675 Si
1575 634 1756 679 autem
1801 626 1917 697 ipsa

329 698 512 753 anima
555 714 653 769 per
687 714 937 755 errorem
979 712 1173 758 necata
1200 745 1215 770 ,
1278 718 1402 777 post
1446 710 1715 778 prolatum
1760 716 1919 769 abor-

328 788 522 852 timm,
548 790 651 843 hoc
691 797 777 844 est
816 806 955 860 opus
977 792 1340 861 mortiferum,
1364 798 1418 851 in
1457 799 1774 857 inﬁdelitate
1797 820 1917 873 per-

326 883 679 947 severaverit,
727 883 847 936 sine
886 882 1051 939 dubio
1093 887 1347 944 seductor
1384 891 1549 957 illius,
1575 895 1726 963 quasi
1755 911 1916 952 verus

324 969 630 1037 homicida,
676 981 881 1028 :eterna
926 984 1103 1031 morte
1143 994 1271 1034 reus
1313 982 1435 1036 erit.
1486 984 1756 1056 (August.)
1803 988 1912 1043 No-

322 1061 543 1116 tandum
584 1072 766 1118 autem
806 1066 951 1134 quod
990 1067 1094 1122 alia
1133 1069 1300 1125 editio
1341 1074 1419 1127 sic
1459 1075 1655 1131 habet:
1706 1078 1767 1133 Si
1809 1080 1913 1135 liti-

319 1154 515 1224 gabunt
559 1155 667 1209 duo
710 1158 839 1222 viri,
885 1167 934 1211 et
977 1163 1290 1227 percusserit
1340 1165 1610 1220 mulierem
1662 1170 1718 1223 in
1764 1180 1911 1225 utero

317 1246 633 1311 habentem,
680 1256 732 1303 et
775 1249 964 1303 exierit
1007 1250 1185 1320 infans
1235 1254 1351 1323 ejus
1396 1274 1500 1311 non
1541 1259 1867 1329 deformatus
1893 1305 1908 1327 ,

315 1337 689 1391 detrimentum
711 1339 963 1407 patietur,
987 1352 1241 1410 quantum
1266 1344 1515 1400 indixerit
1542 1350 1610 1401 vit
1638 1351 1873 1405 mulieris
1893 1368 1911 1404 :

314 1437 364 1480 et
407 1428 560 1482 dabit
598 1446 719 1483 cum
759 1430 1130 1499 postulatione.
1198 1435 1297 1491 Hic
1344 1439 1411 1493 de
1458 1441 1637 1495 anima
1683 1446 1909 1512 quaestio

313 1520 457 1574 solet
498 1520 732 1591 agitari,
779 1532 961 1577 utrum
1002 1527 1147 1593 quod
1198 1526 1491 1584 formatum
1537 1548 1641 1587 non
1688 1545 1792 1599 est,
1826 1539 1907 1591 'ne

312 1611 496 1664 anima
530 1611 750 1679 quidem
783 1613 956 1681 possit
992 1614 1255 1686 intelligi:
1302 1626 1358 1672 et
1395 1620 1514 1674 ideo
1551 1638 1657 1675 non
1696 1624 1767 1678 sit
1808 1626 1906 1679 bo—

312 1701 632 1763 micidium,
692 1702 818 1772 quia
864 1719 963 1759 nec
1006 1707 1375 1762 exanimatum
1429 1711 1536 1766 dici
1586 1721 1808 1782 potest,
1856 1717 1900 1771 si

2021 537 2355 605 corripientes
2385 556 2474 594 eos
2510 543 2601 612 qui
2640 546 2885 601 resistunt
2917 549 2999 619 (ll
3032 552 3164 607 Tim.
3196 556 3281 627 ll),
3324 576 3431 615 non
3474 580 3601 618 cum

2019 622 2144 687 lite,
2189 627 2329 681 sicut
2370 632 2619 698 superius
2660 650 2782 687 cum
2824 639 3136 694 scandalum
3182 622 3380 701 intulit.
3442 651 3594 718 Quod

2017 714 2063 767 si
2110 712 2373 773 formatus
2406 720 2521 790 jam
2569 722 2734 779 fuerit
2784 726 2985 793 infans,
3028 731 3179 787 dabit
3223 712 3595 811 animantvpru

2016 808 2217 863 anima.
2266 811 2553 869 Formatus
2580 815 2757 872 infans
2782 828 2960 889 potest
2985 824 3155 880 videri
3196 843 3376 885 sermo
3414 808 3515 888 Dei
3540 836 3592 890 in

2016 901 2177 955 corde
2213 902 2330 972 ejus
2367 905 2562 960 animae
2596 924 2717 978 quae
2750 913 2980 980 gratiam
3016 914 3268 987 baptismi
3306 936 3595 982 consecuta

2014 1001 2116 1058 est,
2138 995 2223 1049 vel
2259 996 2560 1053 evidentius
2598 1010 2655 1056 et
2680 1003 2904 1070 clarius,
2927 1008 3150 1064 verbum
3176 1011 3299 1067 ﬁdei
3324 1019 3590 1088 concepit.

2015 1083 2139 1140 llaec
2158 1102 2289 1156 ergo
2318 1090 2363 1142 si
2390 1091 2590 1156 anima,
2619 1097 2968 1152 contentione
3006 1100 3286 1159 doctorum
3313 1121 3590 1175 percussa,

2013 1176 2061 1228 a!
2078 1175 2271 1245 jecerit
2296 1180 2516 1234 vet-hum
2562 1191 2617 1236 et
2659 1184 2874 1241 inventa
2908 1186 3071 1243 fuerit
3109 1206 3231 1247 esse
3271 1194 3338 1249 de
3377 1197 3482 1253 illis
3526 1201 3591 1256 de

2012 1265 2206 1333 quibus
2250 1268 2461 1323 dicebat
2502 1271 2789 1342 Apostolus
2816 1294 2829 1329 :
2864 1277 2989 1331 Jam
3020 1281 3158 1334 enim
3187 1284 3429 1353 qutedam
3460 1301 3587 1342 con-

2010 1374 2169 1412 versa:
2206 1370 2327 1414 sunt
2365 1376 2502 1416 retro
2541 1375 2656 1434 post
2695 1367 2951 1422 Satanam
2984 1370 3035 1440 (1
3071 1371 3204 1426 Tim.
3237 1374 3316 1447 v),
3351 1377 3589 1435 animam

2008 1461 2108 1516 pro
2148 1449 2331 1507 anima
2372 1452 2564 1520 dabit,
2612 1456 2695 1510 vel
2747 1457 2799 1511 in
2850 1460 2935 1514 die
2978 1459 3168 1528 judicii
3214 1466 3584 1535 accipiendum

2008 1545 2109 1602 est,
2136 1541 2275 1608 apud
2314 1556 2436 1595 eum
2468 1541 2728 1612 judicnu,
2766 1548 2857 1618 qui
2893 1558 3070 1617 potest
3101 1553 3336 1609 animam
3376 1566 3433 1612 et
3467 1574 3587 1615 cor-

2006 1640 2108 1694 pus
2132 1630 2357 1697 pertiere
2392 1632 2445 1684 in
2481 1634 2813 1702 gehennam;
2859 1636 2943 1691 vel
2966 1649 3114 1695 certe
3138 1651 3317 1712 potest
3343 1645 3587 1706 fortassis

2007 1716 2171 1770 etiam
2211 1719 2341 1775 illud
2384 1725 2574 1790 aptari,
2609 1734 2668 1779 ut
2707 1727 2798 1795 qui
2838 1728 2939 1782 sibi
2973 1733 3223 1788 conscius
3261 1737 3394 1791 tanti
3429 1753 3587 1795 scau-

310 1794 492 1847 adhuc
536 1793 776 1847 animam
811 1809 918 1849 non
956 1795 1206 1851 habebat.
1256 1798 1515 1869 Sequitur
1546 1804 1693 1858 enim
1732 1813 1787 1859 et
1822 1807 1903 1861 di-
1931 1789 1979 1847 Β
2008 1804 2111 1859 dali
2150 1804 2333 1872 fuerit,
2379 1789 2544 1879 ponat
2585 1789 2820 1870 anim-am
2864 1833 3018 1873 suam
3064 1837 3163 1890 pro
3202 1789 3394 1880 animai
3418 1828 3584 1895 illius.

308 1885 423 1938 cit:
470 1882 536 1938 Si
577 1894 754 1938 autem
799 1884 1084 1954 formatum
1127 1887 1310 1956 fuerit,
1356 1891 1501 1945 dabit
1539 1895 1769 1949 animam
1808 1913 1902 1966 pro

308 1974 512 2028 animo.
555 1972 661 2029 Ubi
696 1973 824 2043 quid
858 1974 1005 2028 aliud
1043 1976 1380 2048 intelligiur,
1410 1981 1515 2034 nisi
1552 1989 1611 2036 ut
1644 1983 1758 2053 ipse
1788 2002 1904 2041 mo~

309 2064 531 2119 riatur?
580 2064 720 2119 Nam
763 2066 868 2121 hoc
913 2076 967 2122 et
1012 2067 1065 2121 in
1107 2070 1320 2125 eteteris
1364 2086 1430 2125 ex
1474 2072 1577 2128 hac
1614 2076 1902 2133 occasione

305 2158 418 2228 jam
446 2159 709 2230 prmeepit
735 2176 751 2215 :
790 2159 1017 2217 Oculum
1048 2179 1143 2232 pro
1172 2164 1347 2231 oculo,
1377 2164 1704 2239 dentemvpro
1726 2170 1897 2237 dente,

308 2266 525 2303 manum
561 2266 660 2319 pro
697 2267 882 2317 manu,
929 2252 1108 2322 pedem
1153 2271 1249 2324 pro
1291 2255 1443 2325 pede,
1494 2257 1899 2314 combustionem

305 2356 400 2408 pro
428 2340 809 2405 combustione,
839 2341 1031 2397 vulnus
1058 2360 1153 2413 pro
1188 2343 1423 2409 vulnere,
1463 2345 1675 2400 livorem
1703 2365 1797 2418 pro
1826 2349 1897 2403 li-

304 2443 464 2483 vore:
512 2430 732 2485 talionis
779 2432 1014 2486 videlicet
1062 2434 1308 2504 trquitate
1338 2434 1535 2506 (Exod.
1569 2440 1705 2504 XXI).
1768 2439 1899 2506 Quae

308 2520 390 2575 lex
432 2521 558 2576 ideo
594 2523 911 2590 constituit,
960 2532 1018 2578 ut
1064 2526 1465 2583 demonstraret
1502 2544 1622 2599 quae
1659 2530 1897 2587 vindicta

305 2611 588 2667 debeatur.
638 2613 754 2669 Nisi
794 2617 939 2670 enim
986 2631 1083 2686 per
1128 2617 1300 2689 legem
1343 2619 1576 2674 sciretur
1612 2622 1742 2690 quid
1779 2623 1896 2677 vin-

303 2700 459 2757 dicta:
496 2701 815 2770 deberetur,
860 2704 1001 2760 unde
1048 2706 1284 2761 sciretur
1322 2709 1452 2778 quid
1490 2711 1645 2764 venia
1685 2712 1895 2767 relaxa-

303 2800 403 2855 ret,
450 2800 512 2847 ut
551 2794 661 2848 dici
701 2804 925 2864 posset:
970 2796 1186 2852 Dimitte
1216 2798 1361 2853 nobis
1390 2800 1566 2855 debita
1594 2811 1795 2875 nostra,
1823 2804 1894 2858 si-

302 2892 385 2935 cut
413 2894 462 2937 et
491 2900 590 2938 nos
624 2885 941 2941 dimittimus
971 2886 1288 2945 debitoribus
1318 2892 1508 2945 nostris
1532 2889 1747 2964 (Matth.
1772 2893 1848 2966 vr)
1869 2895 1905 2947 ?'

303 2976 590 3034 Dehitores
636 2980 801 3050 igitur
838 2981 956 3051 lege
987 2991 1376 3049 monstrantes,
1407 2992 1468 3039 ut
1497 2986 1712 3055 quando
1740 2987 1893 3057 igno-

301 3070 491 3135 scitur,
514 3079 782 3141 appareat
804 3072 933 3141 quid
958 3071 1279 3127 dimittatur.
1326 3074 1511 3144 Neque
1539 3076 1681 3130 enim
1708 3077 1888 3133 debita

301 3158 727 3225 dimitteremus,
772 3161 878 3215 nisi
921 3160 1049 3231 quid
1093 3163 1249 3218 nobis
1292 3165 1601 3232 deberetur,
1645 3167 1762 3239 lege
1806 3169 1890 3223 in-

300 3249 417 3304 dice
447 3249 808 3307 disceremus.
838 3251 961 3306 ldco
997 3267 1127 3324 ergo
1160 3253 1394 3308 informe
1426 3258 1773 3326 puerperium
1801 3258 1887 3314 lex

299 3341 471 3396 noluit
514 3344 583 3396 ad
623 3342 977 3396 homicidium
1013 3344 1308 3414 pertinere,
1342 3347 1469 3415 quia
1507 3348 1745 3403 nondum
1781 3350 1887 3406 dici

298 3439 478 3499 potest
513 3431 697 3485 anima
729 3431 850 3486 viva
895 3432 950 3487 in
986 3448 1052 3489 eo
1087 3450 1318 3504 corpore
1354 3438 1498 3506 quod
1526 3453 1686 3494 sensu
1711 3450 1885 3509 caret,

300 3523 343 3575 si
378 3522 499 3577 talis
531 3532 619 3577 est
648 3523 704 3577 in
740 3538 906 3578 carne
942 3525 1182 3581 nondum
1217 3525 1467 3594 formata,
1506 3537 1561 3585 et
1597 3529 1720 3586 ideo
1758 3546 1892 3586 non-

301 3614 420 3667 dum
463 3615 720 3670 sensibus
762 3617 1006 3685 praedita.
1056 3617 1253 3692 (0rig.)
1290 3620 1405 3676 Duo
1445 3631 1626 3678 autem
1666 3624 1756 3680 isti
1783 3626 1887 3681 viri

301 3705 389 3771 qui
431 3703 685 3775 litigant,
738 3706 846 3760 duo
888 3705 1226 3777 disputantes
1269 3718 1395 3765 sunt
1438 3712 1504 3767 de
1543 3711 1888 3784 dogmatibus

301 3793 381 3846 vel
413 3793 811 3862 qumstionibus
846 3795 998 3864 legis.
1045 3796 1183 3865 Quia
1223 3814 1354 3870 ergo
1388 3801 1479 3856 isti
1515 3803 1609 3872 qui
1646 3804 1700 3858 in
1739 3821 1885 3874 qua:-

297 3888 561 3943 stionibus
601 3888 855 3958 litigant,
903 3898 1091 3945 contra
1132 3891 1374 3961 Apostoli
1425 3895 1751 3950 sententiam
1798 3896 1882 3952 fa-

298 3979 445 4033 ciunt
482 3994 593 4050 qua
634 3980 769 4035 dicit
801 3997 815 4033 :
864 3980 991 4035 Noli
1037 3982 1201 4036 verbis
1251 3984 1605 4050 contendere;
1643 3987 1714 4039 ad
1751 3988 1883 4042 nihil

297 4070 430 4123 enim
466 4069 600 4123 utile
635 4078 743 4134 est,
784 4069 886 4124 nisi
921 4070 990 4124 ad
1027 4071 1408 4126 subversionem
1437 4073 1763 4129 audientium
1794 4076 1881 4147 (II

300 4156 432 4212 Tim.
461 4160 548 4227 ιι),
596 4158 802 4214 idcirco
824 4160 1135 4229 percutiunt
1167 4161 1450 4216 mulierem
1485 4173 1877 4234 praegnantem,

300 4260 349 4304 et
388 4251 617 4318 ejiciunt
660 4251 924 4307 infantem
969 4251 1107 4321 ejus,
1155 4253 1240 4309 vel
1281 4253 1571 4310 formatum
1604 4254 1749 4324 jam,
1793 4257 1879 4313 vel

298 4345 533 4397 nondum
564 4343 878 4398 formatum.
932 4343 1121 4398 Mulier
1143 4360 1431 4417 praegnans
1453 4345 1652 4400 dicitur
1673 4348 1875 4411 anima,

298 4452 415 4505 qua:
456 4452 631 4506 nuper
664 4436 914 4506 concepit
945 4437 1168 4491 verbum
1193 4453 1206 4489 :
1229 4446 1288 4490 ut
1325 4445 1449 4506 pote
1475 4438 1870 4495 catechumeni.
1904 4471 1957 4531 Β

296 4527 385 4594 qui
423 4526 580 4580 rudis
617 4534 703 4580 est
742 4526 917 4579 adhuc
948 4525 1001 4579 in
1037 4525 1158 4580 ﬁde.
1209 4525 1333 4581 Haec
1372 4540 1502 4594 ergo
1541 4526 1719 4580 anima
1753 4543 1877 4582 cum

296 4630 390 4684 per
422 4615 831 4669 contentionem
871 4615 1175 4685 aliquorum
1207 4615 1683 4680 scandalizabitur,
1716 4617 1790 4672 ita
1820 4627 1879 4672 ut

296 4707 522 4759 verbum
568 4704 695 4759 ﬁdei
738 4706 881 4775 quod
926 4705 1160 4760 tenuiter
1197 4713 1543 4775 conceperat,
1578 4707 1795 4777 abjiciat
1825 4716 1879 4764 et

296 4796 486 4864 perdat
521 4796 765 4850 nondum
804 4794 1120 4860 formatum,
1165 4796 1212 4850 is
1249 4796 1340 4864 qui
1385 4795 1697 4850 scandalum
1725 4796 1871 4860 fecit,

297 4887 494 4940 dicitur
530 4884 787 4939 damnum
826 4885 959 4955 pati.
1008 4885 1165 4939 Dabit
1203 4895 1405 4950 autem,
1450 4885 1641 4955 inquit,
1684 4900 1877 4939 secun-

297 4978 423 5032 dum
466 4978 607 5048 quod
651 4979 907 5033 indixerit
945 4978 1028 5032 vel
1074 4977 1389 5047 imposuerit
1427 4977 1512 5030 vir
1549 4977 1684 5047 ejus.
1735 4978 1876 5048 Ergo

298 5071 381 5123 vir
411 5071 639 5135 iste,vel
671 5069 943 5133 Christus,
967 5069 1058 5137 qui
1094 5068 1335 5122 omnium
1372 5066 1633 5136 magister
1661 5074 1764 5131 est,
1792 5067 1875 5121 vel

295 5160 387 5228 qui
415 5175 513 5229 pro
532 5160 753 5215 Christo
784 5159 1043 5214 Ecclesia:
1067 5164 1291 5229 praeest,
1327 5156 1521 5212 doctor
1546 5158 1869 5211 animarum.

294 5247 387 5304 Ille
433 5250 525 5318 qui
574 5250 641 5305 ad
690 5248 1099 5305 subversionem
1142 5247 1472 5303 audientium
1516 5248 1697 5302 verbis
1738 5262 1870 5302 con-

297 5338 488 5405 tendit,
525 5340 761 5409 patiatur
795 5340 1050 5393 damnum
1094 5351 1193 5407 pro
1234 5336 1411 5391 anima
1452 5336 1541 5390 illa
1581 5351 1701 5405 quae
1742 5352 1876 5391 non-

295 5432 419 5486 dum
459 5434 752 5487 lormatum
789 5431 977 5502 alijicit
1015 5429 1297 5495 infantem,
1338 5431 1444 5485 hoc
1481 5438 1566 5485 est
1604 5430 1876 5499 poeniten-

296 5522 424 5576 tiam
465 5529 622 5594 agat;
668 5533 726 5577 et
765 5536 985 5576 rursum
1030 5528 1256 5575 conetur
1294 5520 1409 5588 ipse
1449 5520 1542 5590 qui
1587 5519 1762 5585 laesit,
1814 5529 1874 5574 ut

298 5613 542 5681 instruat,
579 5621 818 5686 reparet,
855 5612 1105 5668 restituat
1140 5613 1332 5667 anima:
1364 5626 1427 5666 ea
1462 5628 1582 5683 quae
1614 5613 1869 5682 perdidit.

298 5704 362 5762 Et
392 5708 505 5762 hmo
530 5707 642 5778 jam
675 5707 842 5762 faciat
882 5719 1005 5759 cum
1039 5704 1260 5772 honore,
1285 5693 1406 5759 eum
1437 5705 1719 5770 modestia,
1748 5720 1869 5760 cum

2007 1909 2168 1964 quem
2211 1899 2703 1969 scandalizaverit;
2770 1915 2823 1961 et
2879 1924 3051 1977 usque
3096 1911 3166 1967 ad
3218 1923 3447 1971 mortem
3494 1918 3586 1975 det
3685 1913 3689 1916 ’

2003 2002 2223 2057 Operam
2259 1993 2529 2059 quomodo
2566 1995 2770 2062 redeat,
2810 2002 3079 2067 quomodo
3121 2015 3421 2074 reparetur,
3451 2024 3585 2080 quo-

2004 2078 2163 2133 modo
2189 2081 2507 2137 restituatur
2544 2086 2609 2139 ad
2638 2085 2817 2141 (idem.
2860 2089 3032 2146 Ponat
3054 2096 3219 2149 etiam
3243 2078 3582 2170 oculum—pro

2001 2170 2180 2224 oculo.
2228 2170 2286 2227 Si
2326 2174 2540 2229 oculum
2584 2176 2719 2232 ltesit
2762 2180 2977 2247 animae,
3017 2183 3071 2236 id
3116 2193 3221 2251 est,
3250 2188 3579 2247 intellectum

2000 2255 2117 2324 ejus
2159 2261 2434 2324 turbavit,
2488 2263 2769 2320 auferatur
2806 2268 2995 2324 oculus
3046 2271 3215 2342 ipsius
3270 2278 3338 2331 ab
3380 2293 3446 2332 eo
3487 2281 3579 2349 qui

2001 2347 2255 2404 Ecclesia:
2276 2360 2504 2419 praeest;
2536 2363 2590 2408 et
2616 2354 2921 2413 intellectus
2954 2360 3094 2429 ejus,
3119 2362 3209 2417 ille
3240 2347 3580 2426 turbulentus

1999 2447 2054 2492 et
2100 2437 2285 2505 ferox,
2328 2441 2419 2510 qui
2458 2444 2771 2499 scandalum
2810 2457 3072 2515 generat,
3120 2452 3422 2510 desecetur.
3470 2458 3577 2515 Sed

1998 2538 2054 2585 et
2094 2532 2139 2585 si
2183 2532 2399 2587 dentem
2432 2534 2571 2589 laesit
2607 2538 2890 2604 auditoris,
2923 2554 3032 2609 quo
3065 2546 3365 2617 suscipiens
3398 2550 3576 2605 cibum

1996 2622 2147 2676 verbi
2190 2624 2320 2689 Dei,
2361 2625 2445 2680 vel
2489 2630 2887 2697 comminuere,
2934 2636 3019 2691 vel
3064 2639 3359 2698 molaribus
3399 2650 3579 2702 terere

1997 2712 2186 2768 solitus
2217 2723 2354 2779 erat,
2392 2724 2449 2771 et
2485 2718 2737 2775 subtilem
2778 2736 2842 2776 ex
2879 2722 2964 2779 his
3004 2728 3071 2781 ad
3103 2738 3347 2787 ventrem
3383 2735 3577 2793 animae

1996 2801 2366 2858 transmittere
2408 2820 2649 2870 sensum,
2695 2810 2741 2863 si
2788 2810 2932 2868 hunc
2973 2815 3189 2872 dentem
3233 2818 3323 2876 ille
3362 2827 3577 2880 vexavit

1997 2897 2053 2942 et
2092 2890 2310 2957 evellit,
2371 2903 2430 2947 ut
2472 2911 2572 2964 pro
2618 2902 2970 2957 contentione
3023 2905 3193 2974 ipsius
3245 2889 3354 2965 non
3404 2917 3576 2981 possit

1994 2979 2175 3034 anima
2218 2983 2493 3038 subtiliter
2539 2994 2595 3040 et
2636 2988 2989 3057 spiritualiter
3028 2996 3307 3067 suscipere
3344 2979 3570 3059 verbum

1995 3069 2127 3135 Dei,
2174 3072 2455 3129 auferatur
2497 3077 2630 3133 dens
2670 3079 2820 3149 ejus,
2866 3085 2955 3151 qui
2998 3101 3106 3140 nou
3151 3089 3289 3146 bene
3329 3092 3573 3165 Scriptu-

1994 3175 2178 3217 rarum
2219 3166 2539 3221 comminuit
2579 3177 2635 3223 et
2674 3172 2866 3227 dividit
2903 3176 3070 3232 cibos.
3125 3178 3395 3241 Fortassis
3427 3187 3569 3242 eniti!

1989 3260 2210 3321 propter
2249 3254 2352 3309 hoc
2401 3264 2456 3309 et
2508 3256 2636 3313 alibi
2687 3260 2886 3315 dicitur
2928 3277 2943 3317 :
2998 3263 3191 3321 Dentes
3236 3280 3569 3340 peccatorum

1990 3344 2281 3398 contrivisti
2305 3343 2479 3417 (Psal.
2504 3348 2609 3421 ιιι).
2651 3351 2718 3405 Et
2739 3352 2867 3407 alibi
2891 3354 3245 3416 nihilominus
3274 3362 3529 3420 scribitur
3552 3380 3568 3420 :

1993 3431 2098 3498 Qui
2139 3435 2425 3490 manducat
2466 3456 2621 3493 uvam
2661 3442 2901 3498 acerbam
2925 3484 2940 3509 ,
2990 3445 3349 3520 obstupescent
3389 3450 3570 3510 dentes

1988 3524 2104 3594 ejus
2125 3523 2335 3615 (Ecclt:
2342 3528 2492 3600 xxx).
2537 3530 2606 3584 Et
2645 3531 2811 3587 alibi:
2839 3533 3013 3590 Malas
3040 3536 3248 3592 leonum
3277 3542 3568 3615 confringet

1990 3612 2247 3669 Dominus
2276 3612 2448 3686 (Psal.
2476 3617 2628 3689 Lvn).
2680 3619 2740 3674 Si
2784 3636 2914 3692 ergo
2951 3639 3050 3693 per
3087 3627 3334 3682 membra
3368 3612 3570 3685 dicitur

1986 3704 2108 3758 laedi
2148 3705 2329 3761 anima
2369 3715 2424 3762 et
2459 3710 2702 3777 percuti,
2750 3727 2942 3768 manus
2983 3730 3196 3785 quoque
3237 3732 3337 3787 pro
3377 3735 3564 3785 manu,

1985 3802 2043 3849 et
2078 3810 2175 3865 pes
2209 3810 2309 3867 pro
2344 3798 2480 3867 pede
2519 3799 2849 3869 deposcitur.
2901 3803 3091 3859 Manus
3120 3813 3206 3861 est
3238 3808 3435 3865 animae
3459 3812 3566 3866 vir-

1985 3893 2110 3948 tus,
2173 3902 2295 3957 quae
2340 3895 2524 3943 tenere
2564 3888 2779 3959 aliquid
2821 3899 2878 3946 et
2926 3894 3298 3965 constringere
3340 3906 3561 3967 potest:

1983 3975 2131 4030 velut
2173 3978 2218 4032 si
2259 3976 2505 4033 dicamus
2551 3988 2706 4035 actus
2749 3981 2868 4052 ejus
2911 3989 2968 4038 et
3010 3981 3304 4051 fortitudo,
3361 3996 3419 4043 et
3470 4004 3566 4058 pes

1981 4082 2091 4135 quo
2125 4065 2326 4122 incedit
2349 4068 2416 4122 ad
2439 4068 2579 4123 bona
2602 4069 2686 4124 vel
2710 4070 2777 4125 ad
2804 4071 2966 4126 mala.
3018 4071 3153 4140 Quia
3178 4089 3309 4146 ergo
3331 4077 3377 4130 si
3409 4093 3565 4133 scan-

1981 4157 2161 4212 dalum
2198 4158 2437 4226 patiatur
2471 4159 2688 4224 anima,
2735 4177 2842 4215 non
2882 4162 3054 4217 solum
3092 4164 3146 4218 in
3182 4165 3320 4230 ﬁde,
3366 4169 3461 4223 sed
3506 4170 3560 4224 in

1980 4246 2320 4315 actibus,qui
2349 4262 2448 4316 per
2478 4261 2671 4302 manus
2698 4248 3075 4318 signiﬁcantur
3100 4260 3156 4306 et
3186 4254 3372 4322 pedes,
3402 4255 3559 4312 aufe-

1979 4346 2177 4392 runtur
2206 4339 2348 4393 illius
2377 4339 2467 4408 qui
2503 4336 2879 4411 offendiculum
2910 4340 3143 4409 prtebuit
3180 4357 3402 4410 manus,
3433 4347 3557 4415 qui-

1981 4429 2085 4483 bus
2122 4444 2229 4482 non
2266 4428 2402 4483 bene
2438 4436 2713 4497 operatur,
2751 4436 2808 4483 et
2843 4430 3007 4499 pedes
3043 4430 3239 4500 quibus
3277 4449 3383 4489 non
3420 4437 3559 4494 bene

1984 4518 2205 4572 incedit.
2237 4517 2482 4588 Recipiet
2498 4519 2660 4573 etiam
2684 4520 3089 4575 combusturam
3111 4538 3219 4592 qua
3243 4525 3556 4581 combussit.

1982 4617 2037 4665 et
2069 4609 2329 4680 gehennte
2361 4610 2596 4663 animam
2628 4609 2885 4665 tradidit:
2927 4625 3025 4679 per
3051 4626 3171 4681 qua
3208 4613 3417 4685 singula
3455 4616 3559 4673 hoc

1980 4698 2306 4762 ostenditur,
2354 4707 2414 4752 ut
2457 4699 2561 4754 iste
2604 4715 2897 4769 percussor
2930 4690 3559 4762 omnibus'detruncatis

1982 4789 2260 4853 membris,
2301 4804 2331 4842 a
2369 4803 2595 4857 corpore
2631 4787 2916 4845 excidatur
2942 4789 3236 4846 Ecclesiae:
3276 4802 3333 4845 ut
3360 4796 3554 4860 ueteri,

1983 4879 2176 4948 inquit,
2203 4878 2450 4943 videntes,
2481 4877 2717 4932 timorem
2745 4878 2990 4945 habeant,
3032 4887 3087 4936 et
3111 4896 3219 4935 non
3247 4881 3453 4938 faciatt
3480 4886 3556 4940 si-

1981 4970 2181 5027 militer
2217 4968 2268 5042 (1
2306 4967 2429 5022 Cor.
2458 4968 2535 5040 v).
2592 4967 2652 5024 Si
2687 4971 3002 5039 percusserit
3042 4971 3303 5042 quispiam
3347 4973 3553 5028 oculum

1978 5062 2119 5115 servi
2149 5061 2231 5115 sui
2268 5068 2361 5114 aut
2398 5058 2627 5124 ancillte,
2665 5069 2714 5112 et
2751 5059 2922 5114 luscos
2959 5077 3046 5115 eos
3086 5061 3292 5131 fecerit,
3330 5063 3553 5119 dimittet

1978 5153 2169 5209 liberos
2206 5170 2298 5223 pro
2335 5151 2485 5207 oculo
2524 5168 2675 5222 quem
2713 5152 2868 5205 eruit.
2908 5150 3125 5205 Dentem
3155 5168 3358 5223 quoque
3383 5153 3429 5207 si
3462 5168 3554 5206 ea:-

1978 5243 2195 5297 cusserit
2231 5257 2377 5294 servo
2412 5238 2488 5292 vel
2521 5237 2730 5292 ancilltr
2763 5254 2896 5303 suta,
2932 5238 3173 5294 similiter
3207 5240 3429 5293 dimittet
3463 5255 3551 5292 eos

1976 5334 2185 5388 liberos.
2228 5332 2286 5388 Si
2313 5332 2435 5401 quis
2460 5346 2591 5385 vero
2630 5330 2934 5385 auditorem
2982 5346 3140 5385 suum
3186 5331 3253 5385 ad
3295 5328 3547 5383 intuitum

1977 5424 2111 5478 recti
2137 5422 2441 5477 intellectus
2468 5420 2699 5475 debilem
2729 5419 2948 5485 fecerit,
2979 5427 3072 5473 aut
3100 5420 3311 5474 dentem
3342 5416 3548 5472 discre-
3615 5427 3619 5430 '

1977 5517 2137 5570 tionis
2172 5530 2269 5585 per
2302 5528 2465 5583 quem
2503 5511 2775 5566 subtiliter
2806 5510 3106 5566 sententias
3147 5506 3547 5575 Scripturarum

1975 5608 2347 5665 comminuens
2373 5644 2388 5669 ,
2437 5602 2503 5657 ad
2536 5612 2755 5672 pactum
2792 5601 2989 5655 animte
3023 5597 3265 5667 redigere
3293 5603 3548 5667 poterat,

1973 5717 2071 5770 per
2091 5696 2417 5769 proterviam
2446 5709 2598 5749 suam
2625 5690 2943 5754 excusserit,
2969 5688 3165 5741 bonum
3194 5695 3278 5743 est
3306 5688 3355 5745 ei
3386 5699 3445 5744 ut
3474 5687 3548 5745 illi
