3992 6182
379 296 481 352 115

1021 288 1080 343 Β.
1123 287 1378 343 RABANI
1419 287 1634 342 MAUill
1678 284 1991 339 ARCUIEP.
2039 283 2344 340 MOGUNT.
2388 283 2672 339 OPERUM
2711 280 2891 336 PARS
2927 281 2966 335 l.

3536 281 3638 336 illi

376 411 682 465 libertatem
719 404 917 459 tribuat
955 402 1176 456 alterius
1221 401 1601 468 discipulatnm
1649 399 1907 453 subeundi
1938 417 1949 450 :
1983 399 2028 456 Α
2058 397 2432 451 emendatione
2467 397 2760 451 secundum
2802 395 2934 465 legis
2972 394 3224 448 mandata
3251 435 3264 454 ,
3310 411 3406 464 per
3436 396 3636 461 fidem,

379 515 447 556 uc
478 499 614 552 forte
643 513 740 566 pro
767 495 883 564 ejus
912 494 1106 546 anima:
1136 493 1376 555 interitu,
1409 508 1529 546 cum
1561 493 1662 546 sibi
1701 492 1952 561 injustam

377 587 742 643 obedientiam
773 584 1082 654 impendere
1111 583 1321 652 exigat,
1367 583 1479 651 ipse
1510 598 1606 650 pro
1639 583 1740 636 hoc
1769 598 1956 651 pmnas

379 683 636 749 gehennae
667 677 813 730 luere
851 685 1093 743 cogatur.
1137 674 1197 728 Si
1235 675 1322 727 bos
1356 691 1517 726 cornu
1549 677 1752 744 petierit
1788 677 1954 728 cirum

380 781 470 824 aut
497 769 790 832 mulierem,
828 779 873 822 et
907 768 1096 820 mortui
1126 767 1340 835 fuerint,
1381 767 1640 837 lapidibus
1669 768 1954 820 obruetur:

380 872 426 915 et
455 877 553 914 non
581 857 914 912 comedentur
946 873 1126 909 carnes
1163 857 1308 925 ejus;
1341 856 1582 908 dominus
1612 867 1784 908 autem
1818 857 1956 910 boris

380 952 623 1003 innocens
651 949 767 1000 erit.
804 945 956 1012 Quod
994 946 1039 998 si
1077 945 1164 998 bos
1203 955 1484 1014 cornupeta
1515 945 1615 1013 fuit
1655 945 1718 998 ab
1758 946 1869 998 lteri
1909 955 1956 999 et

382 1040 779 1101 nudiustertius,
825 1048 870 1090 et
919 1036 1191 1088 contestati
1236 1044 1356 1087 sunt.
1384 1036 1652 1087 dominum
1683 1036 1817 1104 ejus,
1869 1052 1958 1087 nec

384 1129 591 1181 reclusit
631 1145 777 1188 eum,
834 1125 1180 1194 occideritque
1228 1125 1397 1176 virum
1441 1133 1529 1176 aut
1573 1124 1866 1185 mulierem,
1911 1133 1958 1176 et

383 1222 473 1274 bos
511 1219 768 1290 lapidibus
809 1219 1078 1279 obruetur,
1119 1227 1162 1269 et
1201 1217 1470 1268 dominum
1510 1215 1652 1267 illius
1692 1215 1956 1276 occident,

383 1321 436 1364 ct
467 1319 680 1364 ea'ttera.
717 1306 984 1377 (August)
1007 1306 1086 1358 Ad
1109 1304 1373 1372 justitiam
1401 1304 1654 1374 pertinet,
1684 1312 1740 1356 ut
1763 1304 1960 1357 animal

385 1398 691 1455 hominibus
723 1397 940 1450 noxium
967 1395 1296 1464 perimatur;
1331 1402 1384 1447 et
1411 1393 1554 1462 quod
1583 1393 1649 1445 de
1683 1403 1835 1444 tauro
1868 1407 1962 1461 po-

383 1490 545 1543 sitqu
574 1496 672 1551 est,
697 1504 724 1540 a
753 1495 903 1556 parte
930 1494 1096 1539 totum
1125 1484 1528 1553 intelligendum
1553 1491 1670 1538 est:
1702 1482 1959 1551 quidquid

385 1582 439 1635 in
472 1581 757 1650 pecoribus
786 1580 902 1633 usui
948 1579 1182 1632 humano
1215 1576 1486 1630 subditum
1517 1617 1530 1640 ,
1581 1574 1832 1629 infestum
1879 1581 1962 1628 est

385 1671 713 1725 hominibus.
757 1668 859 1722 Sed
894 1669 936 1722 si
969 1681 1187 1722 necesse
1214 1675 1297 1720 est
1326 1666 1520 1730 occidi,
1552 1666 1791 1734 tmnquid
1823 1663 1958 1732 lapi-

2059 503 2208 556 spem
2235 495 2288 541 ct
2314 488 2633 540 cbaritatem
2662 487 2950 539 emendare
2977 483 3162 549 debet;
3197 500 3295 539 nec
3325 502 3426 540 non
3458 496 3510 540 ct
3535 503 3635 541 au-

2058 589 2262 633 ctorem
2293 578 2534 641 sceleris,
2567 577 2718 631 duris
2746 578 3048 647 disciplinis
3076 581 3371 648 corripere,
3393 583 3483 650 qui
3507 597 3637 636 cou—

2060 681 2140 726 tra
2189 671 2240 723 id
2289 669 2432 738 quod
2481 671 2740 738 Scriptum
2792 679 2909 723 est:
2966 671 3240 724 Neminem
3287 674 3637 737 concutiatis,

2061 763 2314 814 neminem
2349 763 2596 823 noccatis,
2646 763 2949 830 procaciter
2976 763 3084 833 egit
3112 762 3290 833 (Joan.
3319 766 3387 831 t);
3439 774 3494 819 et
3532 767 3639 820 itc-

2062 866 2214 905 rum:
2243 851 2395 916 Quod
2426 851 2517 904 tibi
2547 868 2648 902 non
2677 852 2748 904 ris
2778 852 2916 919 ﬁeri,
2948 853 3100 906 alteri
3126 871 3187 907 ne
3213 854 3415 923 feceris.
3454 856 3640 912 Potest

2061 952 2114 996 ct
2160 943 2317 996 aliter
2360 944 2461 996 ista
2513 944 2777 997 sententia
2829 944 3093 1012 intelligi:
3143 956 3201 998 ut
3247 946 3643 1015 significatione

2062 1035 2215 1088 boris
2254 1041 2561 1102 cornupetic
2609 1035 2899 1103 superbum
2944 1035 3107 1088 animi
3155 1045 3354 1088 motum
3403 1038 3637 1106 accipia-

2064 1140 2223 1179 mus:
2265 1140 2423 1192 quem
2463 1125 2506 1178 si
2545 1125 2794 1178 dominus
2835 1140 2993 1187 suus,
3032 1126 3131 1179 hoc
3171 1135 3254 1179 est
3291 1127 3509 1195 spiritus
3547 1131 3639 1195 qui

2065 1226 2208 1272 recte
2238 1217 2418 1271 debuit
2460 1218 2512 1270 in
2552 1218 2770 1272 homine
2805 1219 3098 1288 principari
3139 1235 3242 1273 non
3277 1222 3639 1289 constringit,

2061 1317 2116 1362 et
2152 1318 2374 1378 propior
2416 1310 2558 1362 viam
2603 1325 2752 1363 suam
2799 1309 3154 1378 spiritualiter
3190 1311 3472 1366 animabus
3510 1311 3644 1366 facit

2065 1398 2364 1460 interitum,
2395 1397 2476 1450 vel
2505 1398 2820 1466 corporibus
2847 1398 3040 1468 ingerit
3069 1398 3489 1465 incommodum,
3521 1417 3646 1455 rea-

2066 1498 2150 1543 [TIS
2177 1490 2395 1544 sceleris
2423 1490 2687 1543 redundat
2713 1490 2765 1543 in
2797 1498 3072 1544 auctorem
3101 1491 3259 1546 simul
3283 1501 3335 1545 et
3361 1494 3641 1547 custodem

2067 1578 2226 1644 illius,
2259 1579 2347 1648 qui
2377 1595 2498 1632 eum
2529 1579 2816 1648 prohibere
2845 1580 3049 1645 debuit,
3081 1591 3136 1636 et
3164 1597 3267 1636 non
3299 1581 3443 1638 fecit.
3487 1583 3645 1638 Unde

2068 1669 2348 1738 Scriptura
2398 1669 2575 1722 dicit:
2632 1667 2790 1722 Omni
2838 1671 3078 1724 custodia
3125 1688 3270 1724 serva
3323 1689 3412 1725 cor
3453 1684 3644 1734 tuum,

385 1760 546 1815 dari?
592 1761 730 1828 Quid
760 1761 986 1813 interest
1013 1759 1156 1812 enim
1201 1757 1399 1811 animal
1435 1758 1577 1826 quod
1615 1755 1965 1810 auferendum
1995 1761 2041 1819 Β
2067 1763 2190 1831 quia
2228 1776 2293 1812 ex
2331 1760 2441 1830 ipso
2480 1761 2582 1812 vita
2619 1777 2710 1812 seu
2757 1777 2896 1813 mors
2930 1762 3156 1830 procedit
3205 1759 3387 1828 (Prov.
3428 1764 3522 1832 Iv).
3581 1764 3649 1818 Et

385 1864 505 1916 est,
559 1868 661 1922 qua
715 1860 886 1905 morte
920 1850 1238 1904 auferatur?
1291 1849 1495 1904 Deinde
1535 1849 1678 1919 quod
1717 1847 1960 1913 addidit,

388 1945 644 1998 carnibus
674 1942 788 2011 ejus
820 1959 924 1996 non
953 1957 1072 1996 esse
1101 1941 1422 1995 vescendum
1450 1955 1557 2009 quo
1582 1940 1835 2010 pertinet,
1861 1941 1963 1994 nisi

387 2035 568 2089 omnia
599 2035 701 2088 ista
729 2033 1029 2104 significent
1056 2033 1224 2097 aliud,
1253 2033 1395 2102 quod
1424 2032 1705 2102 Scriptura
1734 2033 1966 2087 maxime

389 2127 527 2180 solet
555 2126 792 2180 intueri?
823 2125 981 2178 Bovis
1009 2140 1138 2194 ergo
1169 2125 1385 2178 nomine
1411 2131 1702 2178 contumax
1731 2123 1965 2192 discipu-

389 2216 472 2269 lus
499 2214 740 2269 denotari
769 2222 945 2284 potest
968 2229 981 2267 :
1017 2214 1108 2283 qui
1135 2229 1230 2283 per
1259 2213 1457 2267 fastum
1484 2212 1748 2282 superbiae
1774 2212 1965 2276 laniat,

389 2316 442 2360 ct
463 2307 668 2376 reliqua
691 2321 882 2376 pecora
905 2307 1084 2374 gregis
1106 2305 1367 2358 Dominici
1398 2303 1634 2360 infestat.
1669 2303 1814 2358 Talis
1838 2318 1968 2373 ergo

391 2399 434 2451 si
468 2399 638 2452 inscio
667 2399 926 2468 magistro
959 2397 1189 2465 aliquem
1222 2397 1398 2450 virum
1432 2405 1524 2450 aut
1552 2396 1833 2459 feminam,
1867 2398 1968 2452 hoc

392 2495 474 2542 cst
505 2487 797 2556 quemlibet
827 2487 1019 2541 fortem
1049 2495 1141 2541 aut
1169 2486 1462 2551 infirmum,
1493 2503 1658 2540 cornu
1687 2487 1970 2555 proterviae

394 2591 505 2632 suae
534 2576 850 2646 perfoderit,
877 2584 927 2631 et
957 2577 1036 2630 eis
1065 2585 1291 2630 mortem
1323 2577 1516 2630 animae
1547 2576 1808 2640 intulerit,
1840 2576 1972 2646 lapi-

395 2668 554 2722 dibus
582 2668 728 2721 duraa
755 2667 1035 2721 sententia:
1060 2667 1350 2732 obruatur;
1389 2674 1443 2720 et
1481 2683 1587 2720 non
1625 2667 1973 2722 comedentur

394 2773 590 2812 carnes
617 2755 756 2825 ejus,
798 2758 900 2811 hoc
930 2766 1014 2811 est
1048 2772 1151 2812 non
1187 2758 1467 2812 imitentur
1495 2766 1648 2811 actus
1677 2755 1812 2825 ejus.
1865 2759 1970 2812 Do-

398 2847 576 2900 minus
607 2855 787 2900 autem
834 2847 986 2901 bovis
1033 2847 1177 2901 illius
1212 2848 1282 2901 ita
1314 2848 1572 2902 innocens
1612 2863 1730 2902 esse
1772 2847 1969 2916 proba-

398 2937 560 2999 bitur,
614 2938 658 2991 si
703 2952 877 3006 ueque
924 2953 1212 3003 consensu,
1264 2954 1438 3006 neque
1485 2939 1712 2993 consilio
1757 2938 1974 2992 fovet-at

397 3038 575 3083 actum
599 3029 770 3082 illius:
789 3031 911 3098 quia
927 3028 1137 3083 dicente
1159 3028 1385 3083 Domino
1411 3029 1628 3081 :Anima
1651 3044 1768 3098 qua?
1791 3043 1970 3096 pecca-

395 3119 546 3181 uerit,
575 3120 686 3188 ipsa
713 3119 1005 3172 morietur:
1037 3128 1084 3172 et
1107 3119 1318 3186 justitia
1341 3119 1476 3186 justi
1505 3135 1661 3185 super
1685 3133 1803 3169 eum
1829 3118 1968 3170 erit:
1998 3106 2042 3167 C

399 3217 446 3260 et
485 3207 719 3274 impietas
759 3207 903 3274 impii
939 3207 1035 3260 erit
1075 3223 1229 3276 super
1286 3223 1401 3259 eum
1431 3206 1646 3276 (Ezeclt.
1683 3206 1854 3273 xvtu).
1912 3204 1969 3259 Si

400 3303 582 3351 autem
609 3295 870 3364 magister
895 3305 948 3350 et
979 3297 1167 3349 doctor
1195 3296 1328 3350 tales
1359 3298 1605 3366 discipuli
1636 3313 1813 3352 mores
1842 3298 1973 3350 scie-

401 3386 526 3450 bat,
564 3394 619 3440 et
646 3401 675 3439 a
711 3385 1011 3457 Scripturis
1041 3388 1209 3442 sacris
1237 3405 1378 3458 saepe
1415 3398 1751 3445 contestatus
1786 3405 1972 3443 curam

403 3477 586 3532 infesti
629 3479 841 3548 pecoris
880 3481 1079 3534 habere
1111 3481 1410 3555 negligebat
1434 3522 1447 3545 ,
1491 3481 1605 3552 jam
1644 3491 1797 3536 actus
1834 3483 1975 3538 illius

403 3571 674 3640 particeps
697 3570 889 3635 factus,
915 3589 1088 3641 pinna:
1114 3573 1256 3628 illius
1282 3575 1463 3643 utique
1491 3575 1682 3628 merito
1705 3576 1975 3644 particeps

404 3663 724 3732 erit:quia,
773 3669 1067 3719 secundum
1096 3663 1409 3734 Apostolum
1437 3705 1450 3730 ,
1506 3681 1610 3722 non
1661 3665 1832 3720 solum
1883 3665 1973 3734 qui

405 3753 545 3809 male
576 3753 798 3820 faciunt,
835 3755 927 3809 sed
954 3757 1116 3812 etiam
1145 3755 1233 3824 qui
1263 3757 1607 3811 consentiunt
1635 3755 1973 3819 facientibus,

403 3845 548 3914 digni
579 3854 706 3899 sunt
735 3854 925 3900 morte.
969 3846 1120 3910 Quod
1150 3849 1194 3914 si
1220 3848 1442 3916 pretium
1478 3849 1524 3901 ei
1563 3849 1721 3915 fuerit
1759 3848 1976 3914 imposi-

408 3946 538 3997 tum,
567 3935 706 3988 dabit
747 3952 839 4004 pro
865 3937 1041 3992 animo
1070 3953 1163 3989 sua
1189 3937 1442 4006 quidquid
1473 3936 1628 4004 fuerit
1662 3937 1975 4006 postulatus.

407 4025 776 4094 ltlleenzosynis
804 4026 985 4096 utique
1014 4037 1068 4080 et
1095 4027 1264 4096 dignis
1293 4028 1619 4095 pienitentiie
1645 4029 1924 4089 fructibus,
1949 4047 1978 4084 a

409 4125 665 4184 perpetua
697 4124 868 4170 morte
903 4131 960 4172 se
997 4117 1214 4170 fesainet
1252 4117 1499 4171 liberare.
1553 4117 1752 4171 Filium
1779 4136 1980 4189 quoque

405 4222 451 4262 et
480 4210 648 4278 [ilium
676 4210 720 4263 si
750 4225 913 4263 cornu
938 4211 1270 4280 percusserit,
1310 4210 1469 4264 simili
1500 4211 1766 4264 sententia:
1794 4213 1979 4280 subju-

409 4304 557 4355 rubil.
609 4302 663 4356 ln
701 4301 796 4356 filii
831 4302 913 4356 vel
949 4302 1070 4356 lilia:
1106 4302 1356 4367 nomine,
1398 4316 1556 4371 quem
1593 4303 1981 4374 congruentius

408 4409 690 4461 possumus
729 4392 1004 4463 accipere,
1049 4409 1208 4462 quam
1239 4393 1436 4448 bonum
1467 4394 1803 4457 auditorem,
1853 4395 1976 4461 quia

2069 1855 2197 1909 item
2228 1874 2238 1908 :
2280 1855 2383 1909 Cor
2411 1856 2634 1908 hominis
2673 1855 2898 1924 disponit
2937 1857 3071 1908 riam
3110 1873 3259 1909 suam
3293 1855 3472 1927 (Prov.
3508 1859 3643 1926 va).

2065 1946 2134 2000 Et
2164 1947 2290 2000 item
2314 1964 2325 1998 :
2355 1945 2458 1998 Cor
2478 1946 2725 2014 sapientis
2750 1945 2948 1998 erudiet
2980 1963 3035 1998 os
3063 1946 3177 2015 ejus
3201 1961 3217 1998 :
3246 1957 3292 2000 et
3320 1947 3471 2007 labiis
3500 1948 3650 2001 illius

2066 2037 2223 2090 addet
2252 2036 2474 2106 gratiam
2504 2035 2715 2106 (Ibid).
2774 2035 2839 2090 Et
2877 2035 3043 2089 alibi:
3096 2036 3170 2090 De
3212 2038 3404 2106 fructu,
3449 2039 3647 2108 inquit,

2067 2127 2172 2180 oris
2201 2127 2296 2180 viri
2354 2125 2634 2196 replebitur
2658 2136 2833 2180 venter
2861 2126 2992 2195 ejus,
3024 2137 3072 2180 et
3098 2128 3358 2197 genimina
3386 2129 3649 2183 labiorum

2067 2215 2180 2284 ejus
2231 2217 2543 2269 saturabunt
2573 2233 2710 2270 eum.
2753 2215 2811 2269 Si
2837 2218 2951 2286 quis
2981 2219 3241 2286 aperuerit
3274 2219 3572 2281 cisternam,
3602 2232 3652 2274 et

2071 2307 2281 2372 foderit,
2304 2318 2352 2361 et
2377 2325 2479 2360 non
2501 2309 2758 2378 operuerit
2790 2325 2924 2373 eam,
2955 2308 3295 2379 cecideritque
3317 2310 3408 2363 bos
3439 2310 3514 2364 vel
3542 2313 3653 2364 asi-

2069 2414 2168 2450 nus
2198 2398 2251 2449 in
2281 2414 2415 2459 earn,
2448 2397 2690 2451 dominus
2719 2399 2959 2451 cisternte
2985 2399 3168 2451 reddet
3196 2400 3416 2468 pretium
3435 2400 3654 2469 jumen-

2070 2498 2283 2550 torum,
2333 2494 2388 2541 et
2434 2496 2630 2550 cetera
2670 2487 2853 2557 (Prov.
2885 2487 3058 2558 xvlu).
3122 2488 3258 2554 Quid
3306 2500 3388 2544 est
3435 2493 3654 2559 aperire

2072 2578 2399 2638 cisternam,
2451 2577 2552 2630 nisi
2600 2577 2869 2630 intellectu
2911 2577 3089 2632 valido
3136 2577 3430 2648 Scriptum
3479 2597 3654 2636 sacra:

2075 2682 2269 2720 arcana
2293 2666 2613 2734 penetrare?
2641 2665 2776 2731 Quid
2804 2675 2979 2718 autem
3002 2681 3098 2735 per
3120 2667 3308 2721 bovem
3337 2677 3387 2721 et
3413 2669 3650 2730 asinum,

2076 2756 2131 2810 id
2162 2765 2243 2810 est
2265 2796 2278 2820 ,
2311 2756 2595 2816 mundum,
2635 2764 2691 2810 et
2724 2756 3055 2809 immundum
3085 2757 3312 2821 animal,
3347 2758 3446 2810 nisi
3476 2758 3655 2813 tilelis

2075 2847 2303 2917 quisque
2330 2846 2412 2900 vel
2446 2847 2674 2900 infidelis
2709 2847 3015 2916 accipitur?
3066 2847 3165 2913 Qui
3199 2864 3329 2917 ergo
3357 2849 3652 2916 cisternam

2078 2939 2208 2994 fodit
2249 2949 2300 2992 et
2337 2939 2645 3008 cooperuit,
2690 2955 2755 2992 ne
2795 2939 2918 2992 illuc
2947 2939 3043 2992 bos
3073 2939 3155 2990 vel
3187 2940 3369 2992 asinus
3400 2949 3546 3000 rum,
3600 2941 3654 2994 il

2077 3037 2181 3093 est,
2204 3030 2293 3097 qui
2327 3029 2380 3081 in
2410 3045 2564 3083 sacro
2593 3028 2805 3096 eloquio
2827 3026 2939 3094 jam
2970 3028 3076 3082 alta
3107 3028 3375 3097 intelligit,
3399 3031 3660 3084 subliet:cs

2075 3137 2264 3175 sensus
2288 3135 2470 3172 coram
2497 3136 2603 3174 non
2629 3119 3016 3187 accipientibus
3045 3135 3142 3188 per
3169 3119 3438 3173 silentium
3469 3128 3610 3188 tegat
3639 3141 3654 3172 :

2076 3229 2143 3266 ne
2180 3228 2275 3281 per
2305 3211 2615 3266 scandalum
2649 3211 2843 3263 mentis
2873 3218 2965 3262 aut
2994 3209 3204 3264 fidelem
3242 3209 3520 3278 parvulum
3559 3221 3654 3264 aut

2076 3302 2371 3366 infidelem,
2394 3301 2482 3370 qui
2507 3301 2724 3354 credere
2747 3299 3029 3370 potuisset,
3054 3299 3348 3352 interimat.
3375 3300 3453 3354 Ex
3479 3309 3658 3353 nun-te

2076 3392 2219 3445 enim
2241 3391 2607 3460 jumentorum
2639 3391 2798 3444 debet
2825 3389 3057 3459 pretium
3086 3406 3098 3441 :
3138 3389 3262 3457 quia
3293 3388 3418 3442 illud
3444 3389 3660 3442 scilicet

2079 3480 2362 3535 admisisse
2391 3481 2748 3541 convincitur,
2791 3479 2929 3533 unde
2968 3478 3036 3530 ad
3077 3477 3338 3547 agendam
3380 3479 3654 3546 pteniten-

2075 3576 2232 3638 tiam,
2259 3591 2380 3628 rens
2405 3583 2634 3628 tenetur.
2651 3573 2908 3640 Quisquis
2928 3587 3160 3642 namque
3185 3571 3254 3625 ad
3279 3571 3382 3625 alta
3409 3571 3656 3624 scientia:

2077 3665 2274 3720 fluenta
2303 3665 2639 3734 perveniens,
2669 3679 2790 3717 cum
2825 3663 2939 3717 bmc
2968 3665 3106 3732 apud
3137 3662 3290 3715 lu'uta
3318 3662 3654 3714 audientiam

2079 3760 2237 3812 corda
2278 3774 2383 3812 non
2421 3756 2695 3826 contegit,
2747 3770 2920 3822 poma:
2966 3769 3090 3808 reus
3135 3753 3423 3815 addicimr,
3466 3752 3508 3804 si
3555 3768 3659 3820 per

2079 3847 2241 3900 verba
2267 3846 2383 3914 ejus
2413 3844 2722 3899 scandalum
2757 3844 2869 3898 sive
2901 3843 3094 3896 munda
3128 3857 3347 3896 sunmus
3379 3842 3655 3895 immunda

2079 3941 2340 4008 capiatur.
2374 3936 2674 4007 Operieuda
2707 3945 2790 3990 est
2821 3936 3001 4004 itaque
3027 3934 3284 3996 cisterna,
3315 3934 3436 4002 quia
3468 3948 3654 3986 coram

2080 4030 2314 4099 parvulis
2340 4029 2634 4091 mentibus,
2659 4027 2884 4097 tegenda
2909 4035 2988 4080 est
3019 4026 3123 4078 alta
3151 4026 3394 4088 scientia,
3419 4042 3486 4079 ne
3513 4026 3659 4077 unde

2081 4137 2174 4174 cor
2205 4118 2509 4173 docentium
2542 4119 2608 4171 ad
2636 4135 2843 4171 summa
2883 4117 3165 4177 attollitur,
3210 4117 3329 4168 inde
3369 4116 3656 4168 infirmitas

2080 4211 2384 4265 auditorum
2433 4210 2499 4262 ad
2549 4209 2654 4263 ima
2700 4209 2983 4262 dilabatur.
3041 4207 3096 4262 Si
3128 4209 3216 4261 bos
3246 4207 3445 4260 alienus
3475 4207 3656 4260 bovem

2083 4302 2297 4356 alterius
2330 4301 2705 4363 rulueraverit,
2746 4312 2791 4352 et
2833 4301 2920 4353 ille
2949 4311 3182 4352 mortuus
3213 4299 3400 4369 fuerit,
3439 4298 3657 4350 rendent

2083 4396 2258 4448 bouem
2306 4395 2507 4455 rivum,
2557 4400 2603 4444 et
2649 4390 2879 4444 divident
2927 4391 3186 4460 pretium:
3227 4389 3448 4442 cadaver
3480 4396 3657 4440 autem

409 4456 468 4534 ea
505 4497 624 4549 qua:
667 4490 791 4536 sunt
835 4456 929 4536 ί)θὶ
973 4456 1261 4550 diligenter
1294 4483 1502 4537 discere
1539 4490 1697 4551 atque
1727 4456 1980 4550 operibus
2009 4456 2056 4513 υ
2085 4495 2344 4539 mortuum
2374 4484 2506 4536 inter
2535 4499 2587 4536 se
2615 4456 2936 4550 dispertient,
2962 4489 3066 4534 etc.
3107 4478 3376 4549 (A-ugust.)
3404 4476 3655 4544 Nunquid

411 4587 664 4625 exercere
694 4573 901 4638 studet,
941 4581 995 4626 et
1025 4574 1125 4627 hoc
1153 4588 1250 4641 pro
1279 4573 1400 4626 vitae
1426 4582 1640 4626 teterme
1671 4573 1982 4627 desiderio?

415 4663 567 4718 llane
591 4680 803 4732 quoque
829 4666 918 4732 qui
945 4665 1290 4733 percusserit,
1317 4665 1599 4719 homicida:
1620 4665 1821 4732 judicio
1849 4666 1984 4718 mul-

414 4756 608 4808 tandus
633 4756 753 4808 erit.
800 4755 951 4822 Quod
982 4764 1160 4810 autem
1192 4755 1455 4824 sequitur,
1490 4755 1546 4808 Si
1577 4772 1780 4810 servum
1813 4757 1982 4808 ancil-

410 4845 617 4914 lutnque
638 4847 897 4907 invaserit,
921 4847 1132 4915 triginta
1156 4845 1309 4898 siclos
1337 4847 1538 4915 argenti
1565 4845 1706 4899 dabit
1733 4846 1943 4899 domino
1967 4861 1982 4894 :

413 4938 502 4990 bos
550 4953 662 4990 vero
705 4937 965 5006 lapidibus
1006 4938 1268 4991 obruetur.
1325 4938 1458 5004 Quis
1501 4953 1631 4991 vero
1678 4953 1868 4992 servus
1905 4939 1985 4992 vel

416 5029 608 5084 ancilla
635 5029 824 5084 melius
847 5030 1068 5100 intelligi
1095 5039 1290 5098 potest,
1313 5047 1474 5099 quam
1500 5031 1585 5084 ille
1612 5031 1723 5099 qui,
1752 5031 1803 5083 iu
1829 5031 1987 5086 domo

419 5119 674 5176 Ecclesia:
701 5121 960 5184 existens,
1002 5123 1286 5190 praesentia
1327 5131 1532 5176 tantum
1563 5122 1772 5191 diligit,
1825 5132 1882 5176 et
1918 5124 1987 5177 ob

417 5227 601 5268 etn'um
631 5221 889 5280 quaestum
924 5212 1161 5268 laborem
1195 5222 1362 5267 totum
1395 5214 1686 5283 impendit;
1728 5215 1815 5282 qui
1848 5231 1985 5268 non-

415 5303 543 5357 dum
570 5303 622 5357 i'n
652 5301 880 5356 filiorum
909 5319 1133 5358 numero
1152 5305 1349 5358 nieruit
1370 5305 1592 5368 ascribi,
1613 5306 1736 5373 quia
1762 5305 1988 5359 haeredi-

419 5403 581 5448 tatetu
604 5392 838 5449 caelestis
859 5393 1045 5463 patriae
1067 5411 1310 5464 qtnerere
1331 5396 1594 5466 neglexit?
1621 5396 1752 5451 lluic
1775 5413 1987 5468 quoque

418 5486 464 5538 si
513 5486 600 5540 ille
642 5486 904 5554 superbus
935 5494 1224 5552 eornupeta
1254 5526 1268 5548 ,
1321 5487 1372 5538 in
1427 5487 1584 5540 rebus
1631 5503 1766 5555 quas
1812 5489 1986 5560 diligit

421 5577 622 5645 aliquid
653 5577 971 5633 incommodi
1011 5577 1282 5641 intulerit,
1323 5585 1378 5630 et
1415 5594 1534 5632 eum
1567 5579 1617 5632 in
1651 5581 1751 5634 hoc
1780 5583 1984 5636 contri-

424 5667 681 5731 staverit,
727 5670 970 5738 pretisor
1003 5669 1208 5738 ipsius,
1259 5669 1512 5723 damnum
1557 5669 1795 5728 illatum.
1843 5674 1985 5742 justa

2086 4576 2136 4627 in
2167 4574 2280 4627 solo
2309 4583 2462 4628 tauro
2487 4574 2601 4627 inec
2621 4570 2936 4638 justiticatio
2963 4569 3222 4623 servanda
3249 4577 3350 4633 est,
3377 4574 3430 4621 et
3455 4581 3561 4619 non
3588 4565 3659 4620 de

2084 4667 2322 4720 omnium
2352 4681 2604 4734 pecorum
2637 4664 2728 4717 tali
2758 4663 2930 4717 casu?
2983 4661 3210 4716 Proinde
3239 4675 3268 4712 a
3297 4667 3446 4730 parte
3486 4664 3658 4710 totum

2089 4760 2185 4810 hoe
2227 4757 2626 4825 intelligendum
2657 4765 2759 4810 est.
2811 4755 2917 4808 Sed
2956 4754 3057 4808 hoc
3095 4754 3158 4806 de
3196 4753 3450 4806 carnibus
3486 4748 3660 4802 occisi

2088 4849 2296 4914 pecoris
2328 4848 2441 4902 ﬁeri
2473 4863 2578 4899 non
2608 4855 2804 4914 potest,
2834 4861 2954 4914 qua:
2983 4860 3091 4897 non
3119 4851 3426 4898 vescuntur.
3461 4839 3663 4908 Typice

2093 4949 2270 4992 autent
2291 4980 2304 5002 ,
2339 4939 2383 4992 si
2413 4939 2534 5006 quis
2565 4939 2664 4990 sub
2686 4938 2814 5006 jugo
2845 4936 3141 5004 disciplina:
3165 4934 3489 4988 constitutus
3509 4972 3522 4995 ,
3569 4945 3664 4983 so-

2091 5035 2233 5087 cium
2262 5047 2416 5087 suum
2450 5031 2501 5083 in
2533 5031 2648 5097 agri
2683 5029 2894 5082 cultura
2926 5029 3199 5082 Dominica
3229 5027 3478 5080 similiter
3507 5026 3664 5080 labo-

2094 5135 2317 5182 rantem,
2347 5124 2525 5192 aliquo
2549 5122 2754 5190 peccati
2777 5121 2995 5174 vulnere
3023 5120 3293 5174 letbaliter
3315 5119 3664 5184 sauciaverit,

2093 5217 2234 5272 unde
2263 5225 2318 5269 et
2345 5215 2456 5283 ipse
2488 5214 2538 5267 in
2570 5213 2748 5266 anima
2779 5213 3063 5274 moriatur,
3089 5220 3269 5266 custos
3301 5210 3441 5264 illius
3466 5211 3667 5264 vendat

2093 5309 2283 5362 bovem
2331 5306 2546 5367 vivum,
2601 5304 2702 5360 hoc
2752 5312 2833 5357 est
2887 5302 3091 5369 redigat
3141 5302 3243 5355 sub
3291 5302 3667 5369 paenitentiam

2091 5399 2454 5455 facinorosum
2483 5415 2493 5448 :
2531 5397 2818 5450 secundum
2861 5393 2988 5447 illud
3017 5393 3254 5462 Apostoli
3275 5434 3288 5457 ,
3330 5393 3535 5446 tradere
3564 5393 3670 5445 hu-

2083 5489 2319 5561 jusmodi
2369 5487 2626 5541 hominem
2681 5484 2893 5540 Salano:
2942 5485 2997 5535 in
3049 5485 3312 5536 interitum
3358 5482 3562 5542 carnis,
3608 5493 3668 5534 ut

2091 5579 2303 5649 spiritus
2345 5577 2457 5645 ejus
2491 5576 2661 5629 salvus
2701 5574 2767 5625 sit
2803 5574 2856 5625 in
2899 5572 2983 5625 die
3020 5571 3249 5625 Domini.
3314 5571 3381 5624 Et
3424 5569 3670 5624 divident

2091 5670 2323 5740 pretium
2363 5665 2612 5721 custodes
2649 5664 2925 5733 utriusque
2961 5665 3204 5733 pecoris,
3259 5663 3356 5717 hoc
3404 5673 3485 5718 est.
3531 5667 3674 5722 satis
