  <div class='ocr_page' id='page_1' title='image "/cluster/home/n/w/nwhite01/storage/ocr_20150623/108/hvd.32044054759733/064.png"; bbox 0 0 3992 6182; ppageno 0'>
   <div class='ocr_carea' id='block_1_1' title="bbox 338 253 433 308">
    <p class='ocr_par' dir='ltr' id='par_1_1' title="bbox 338 253 433 308">
     <span class='ocr_line' id='line_1_1' title="bbox 338 253 433 308; baseline -0.032 0"><span class='ocrx_word' id='word_1_1' title='bbox 338 253 433 308; x_wconf 77' lang='lat' dir='ltr'><strong>H7</strong></span> 
     </span>
    </p>
   </div>
   <div class='ocr_carea' id='block_1_2' title="bbox 1289 251 2624 313">
    <p class='ocr_par' dir='ltr' id='par_1_2' title="bbox 1289 251 2624 313">
     <span class='ocr_line' id='line_1_2' title="bbox 1289 251 2624 313; baseline 0.004 -5"><span class='ocrx_word' id='word_1_2' title='bbox 1289 251 1781 308; x_wconf 73' lang='lat' dir='ltr'><strong>COMMENTARIA</strong></span> <span class='ocrx_word' id='word_1_3' title='bbox 1816 251 1885 305; x_wconf 85' lang='lat' dir='ltr'><strong>IN</strong></span> <span class='ocrx_word' id='word_1_4' title='bbox 1922 251 2229 308; x_wconf 77' lang='lat' dir='ltr'><strong>EXODUM.</strong></span> <span class='ocrx_word' id='word_1_5' title='bbox 2267 286 2336 294; x_wconf 96' lang='lat'><strong>—</strong></span> <span class='ocrx_word' id='word_1_6' title='bbox 2368 254 2497 311; x_wconf 83' lang='lat' dir='ltr'><strong>LIB.</strong></span> <span class='ocrx_word' id='word_1_7' title='bbox 2539 258 2624 313; x_wconf 81' lang='lat' dir='ltr'><strong>Ill.</strong></span> 
     </span>
    </p>
   </div>
   <div class='ocr_carea' id='block_1_3' title="bbox 3473 269 3571 323">
    <p class='ocr_par' dir='ltr' id='par_1_3' title="bbox 3473 269 3571 323">
     <span class='ocr_line' id='line_1_3' title="bbox 3473 269 3571 323; baseline 0 -1"><span class='ocrx_word' id='word_1_8' title='bbox 3473 269 3571 323; x_wconf 65' lang='lat'><strong>138</strong></span> 
     </span>
    </p>
   </div>
   <div class='ocr_carea' id='block_1_4' title="bbox 331 361 3569 447">
    <p class='ocr_par' dir='ltr' id='par_1_4' title="bbox 331 361 3569 447">
     <span class='ocr_line' id='line_1_4' title="bbox 331 361 3569 447; baseline 0.001 -27"><span class='ocrx_word' id='word_1_9' title='bbox 331 369 428 420; x_wconf 72' lang='lat' dir='ltr'><strong>sil-i</strong></span> <span class='ocrx_word' id='word_1_10' title='bbox 458 365 657 420; x_wconf 72' lang='lat' dir='ltr'><strong>faciant</strong></span> <span class='ocrx_word' id='word_1_11' title='bbox 685 366 738 418; x_wconf 90' lang='lat' dir='ltr'><strong>in</strong></span> <span class='ocrx_word' id='word_1_12' title='bbox 770 364 1082 434; x_wconf 74' lang='lat' dir='ltr'><strong>pmuiteitia</strong></span> <span class='ocrx_word' id='word_1_13' title='bbox 1110 363 1487 433; x_wconf 74' lang='lat' dir='ltr'><strong>delinquentis.</strong></span> <span class='ocrx_word' id='word_1_14' title='bbox 1532 363 1777 419; x_wconf 77' lang='lat' dir='ltr'><strong>Cadaver</strong></span> <span class='ocrx_word' id='word_1_15' title='bbox 1802 380 1897 417; x_wconf 83' lang='lat' dir='ltr'><strong>au-</strong></span> <span class='ocrx_word' id='word_1_16' title='bbox 1923 365 1973 423; x_wconf 85' lang='grc' dir='ltr'><strong>Λ</strong></span> <span class='ocrx_word' id='word_1_17' title='bbox 1999 361 2088 431; x_wconf 87' lang='lat' dir='ltr'><strong>fur</strong></span> <span class='ocrx_word' id='word_1_18' title='bbox 2109 363 2318 418; x_wconf 86' lang='lat' dir='ltr'><strong>domum</strong></span> <span class='ocrx_word' id='word_1_19' title='bbox 2342 365 2443 419; x_wconf 81' lang='lat' dir='ltr'><strong>sive</strong></span> <span class='ocrx_word' id='word_1_20' title='bbox 2469 367 2670 435; x_wconf 82' lang='lat' dir='ltr'><strong>fodiens</strong></span> <span class='ocrx_word' id='word_1_21' title='bbox 2699 368 2854 437; x_wconf 79' lang='lat' dir='ltr'><strong>fuerit</strong></span> <span class='ocrx_word' id='word_1_22' title='bbox 2878 371 3134 438; x_wconf 81' lang='lat' dir='ltr'><strong>inventus,</strong></span> <span class='ocrx_word' id='word_1_23' title='bbox 3149 384 3195 428; x_wconf 87' lang='lat' dir='ltr'><strong>et</strong></span> <span class='ocrx_word' id='word_1_24' title='bbox 3224 389 3428 447; x_wconf 84' lang='lat' dir='ltr'><strong>accepto</strong></span> <span class='ocrx_word' id='word_1_25' title='bbox 3460 384 3569 433; x_wconf 70' lang='lat' dir='ltr'><strong>out.</strong></span> 
     </span>
    </p>
   </div>
   <div class='ocr_carea' id='block_1_5' title="bbox 332 454 1896 524">
    <p class='ocr_par' dir='ltr' id='par_1_5' title="bbox 332 454 1896 524">
     <span class='ocr_line' id='line_1_5' title="bbox 332 454 1896 524; baseline -0.001 -14"><span class='ocrx_word' id='word_1_26' title='bbox 332 468 440 510; x_wconf 78' lang='lat' dir='ltr'><strong>tem</strong></span> <span class='ocrx_word' id='word_1_27' title='bbox 475 464 781 518; x_wconf 86' lang='lat' dir='ltr'><strong>mortuum,</strong></span> <span class='ocrx_word' id='word_1_28' title='bbox 828 454 973 508; x_wconf 89' lang='lat' dir='ltr'><strong>inter</strong></span> <span class='ocrx_word' id='word_1_29' title='bbox 1004 468 1063 508; x_wconf 92' lang='lat' dir='ltr'><strong>se</strong></span> <span class='ocrx_word' id='word_1_30' title='bbox 1099 454 1349 509; x_wconf 67' lang='lat' dir='ltr'><strong>similiter</strong></span> <span class='ocrx_word' id='word_1_31' title='bbox 1374 454 1726 524; x_wconf 78' lang='lat' dir='ltr'><strong>dispertiunt,</strong></span> <span class='ocrx_word' id='word_1_32' title='bbox 1773 470 1896 509; x_wconf 89' lang='lat' dir='ltr'><strong>cum</strong></span> 
     </span>
    </p>
   </div>
   <div class='ocr_carea' id='block_1_6' title="bbox 326 545 1895 617">
    <p class='ocr_par' dir='ltr' id='par_1_6' title="bbox 326 545 1895 617">
     <span class='ocr_line' id='line_1_6' title="bbox 326 545 1895 617; baseline 0 -16"><span class='ocrx_word' id='word_1_33' title='bbox 326 564 428 617; x_wconf 80' lang='lat' dir='ltr'><strong>pro</strong></span> <span class='ocrx_word' id='word_1_34' title='bbox 450 547 656 601; x_wconf 78' lang='lat' dir='ltr'><strong>scelere</strong></span> <span class='ocrx_word' id='word_1_35' title='bbox 682 547 848 609; x_wconf 79' lang='lat' dir='ltr'><strong>farto,</strong></span> <span class='ocrx_word' id='word_1_36' title='bbox 868 555 1091 615; x_wconf 83' lang='lat' dir='ltr'><strong>uterque</strong></span> <span class='ocrx_word' id='word_1_37' title='bbox 1112 548 1395 615; x_wconf 73' lang='lat' dir='ltr'><strong>pmnitenti</strong></span> <span class='ocrx_word' id='word_1_38' title='bbox 1425 547 1726 612; x_wconf 85' lang='lat' dir='ltr'><strong>eondoleat,</strong></span> <span class='ocrx_word' id='word_1_39' title='bbox 1744 545 1895 615; x_wconf 76' lang='lat' dir='ltr'><strong>juxta</strong></span> 
     </span>
    </p>
   </div>
   <div class='ocr_carea' id='block_1_7' title="bbox 330 637 1897 707">
    <p class='ocr_par' dir='ltr' id='par_1_7' title="bbox 330 637 1897 707">
     <span class='ocr_line' id='line_1_7' title="bbox 330 637 1897 707; baseline -0.001 -14"><span class='ocrx_word' id='word_1_40' title='bbox 330 639 477 693; x_wconf 80' lang='lat' dir='ltr'><strong>Pauli</strong></span> <span class='ocrx_word' id='word_1_41' title='bbox 520 655 747 693; x_wconf 86' lang='lat' dir='ltr'><strong>vocem:</strong></span> <span class='ocrx_word' id='word_1_42' title='bbox 791 637 922 703; x_wconf 83' lang='lat' dir='ltr'><strong>Quis</strong></span> <span class='ocrx_word' id='word_1_43' title='bbox 959 637 1282 706; x_wconf 78' lang='lat' dir='ltr'><strong>inﬁrmatur,</strong></span> <span class='ocrx_word' id='word_1_44' title='bbox 1324 638 1528 706; x_wconf 90' lang='lat' dir='ltr'><strong>inquit,</strong></span> <span class='ocrx_word' id='word_1_45' title='bbox 1572 645 1621 690; x_wconf 90' lang='lat' dir='ltr'><strong>et</strong></span> <span class='ocrx_word' id='word_1_46' title='bbox 1656 653 1752 707; x_wconf 80' lang='lat' dir='ltr'><strong>ego</strong></span> <span class='ocrx_word' id='word_1_47' title='bbox 1794 654 1897 691; x_wconf 87' lang='lat' dir='ltr'><strong>non</strong></span> 
     </span>
    </p>
   </div>
   <div class='ocr_carea' id='block_1_8' title="bbox 327 726 1893 800">
    <p class='ocr_par' dir='ltr' id='par_1_8' title="bbox 327 726 1893 800">
     <span class='ocr_line' id='line_1_8' title="bbox 327 726 1893 800; baseline 0 -17"><span class='ocrx_word' id='word_1_48' title='bbox 327 730 566 800; x_wconf 75' lang='lat' dir='ltr'><strong>inﬁrmor</strong></span> <span class='ocrx_word' id='word_1_49' title='bbox 586 734 611 785; x_wconf 74' lang='grc' dir='ltr'><strong>Σ)</strong></span> <span class='ocrx_word' id='word_1_50' title='bbox 639 732 771 797; x_wconf 82' lang='lat' dir='ltr'><strong>Quis</strong></span> <span class='ocrx_word' id='word_1_51' title='bbox 798 733 1208 795; x_wconf 77' lang='lat' dir='ltr'><strong>seamtalizatur,</strong></span> <span class='ocrx_word' id='word_1_52' title='bbox 1237 742 1285 785; x_wconf 88' lang='lat' dir='ltr'><strong>et</strong></span> <span class='ocrx_word' id='word_1_53' title='bbox 1311 748 1403 800; x_wconf 87' lang='lat' dir='ltr'><strong>ego</strong></span> <span class='ocrx_word' id='word_1_54' title='bbox 1430 748 1532 785; x_wconf 85' lang='lat' dir='ltr'><strong>non</strong></span> <span class='ocrx_word' id='word_1_55' title='bbox 1556 745 1680 784; x_wconf 87' lang='lat' dir='ltr'><strong>uror</strong></span> <span class='ocrx_word' id='word_1_56' title='bbox 1699 726 1752 800; x_wconf 87' lang='grc'><strong>(1</strong></span> <span class='ocrx_word' id='word_1_57' title='bbox 1769 730 1893 784; x_wconf 81' lang='lat' dir='ltr'><strong>Cor.</strong></span> 
     </span>
    </p>
   </div>
   <div class='ocr_carea' id='block_1_9' title="bbox 327 820 1897 893">
    <p class='ocr_par' dir='ltr' id='par_1_9' title="bbox 327 820 1897 893">
     <span class='ocr_line' id='line_1_9' title="bbox 327 820 1897 893; baseline -0.001 -16"><span class='ocrx_word' id='word_1_58' title='bbox 327 825 448 891; x_wconf 68' lang='lat' dir='ltr'><strong>x1)?</strong></span> <span class='ocrx_word' id='word_1_59' title='bbox 494 823 596 890; x_wconf 83' lang='lat' dir='ltr'><strong>Qui</strong></span> <span class='ocrx_word' id='word_1_60' title='bbox 634 832 811 878; x_wconf 85' lang='lat' dir='ltr'><strong>autem</strong></span> <span class='ocrx_word' id='word_1_61' title='bbox 852 824 1166 893; x_wconf 81' lang='lat' dir='ltr'><strong>injuriosum</strong></span> <span class='ocrx_word' id='word_1_62' title='bbox 1197 822 1511 892; x_wconf 85' lang='lat' dir='ltr'><strong>discipulum</strong></span> <span class='ocrx_word' id='word_1_63' title='bbox 1551 820 1793 885; x_wconf 79' lang='lat' dir='ltr'><strong>sciebat,</strong></span> <span class='ocrx_word' id='word_1_64' title='bbox 1841 830 1897 876; x_wconf 87' lang='lat' dir='ltr'><strong>et</strong></span> 
     </span>
    </p>
   </div>
   <div class='ocr_carea' id='block_1_10' title="bbox 326 896 1893 986">
    <p class='ocr_par' dir='ltr' id='par_1_10' title="bbox 326 896 1893 986">
     <span class='ocr_line' id='line_1_10' title="bbox 326 896 1893 986; baseline -0.003 -17"><span class='ocrx_word' id='word_1_65' title='bbox 326 932 449 970; x_wconf 81' lang='lat' dir='ltr'><strong>eum</strong></span> <span class='ocrx_word' id='word_1_66' title='bbox 476 924 740 985; x_wconf 88' lang='lat' dir='ltr'><strong>quantum</strong></span> <span class='ocrx_word' id='word_1_67' title='bbox 766 896 944 986; x_wconf 84' lang='lat' dir='ltr'><strong>potuit</strong></span> <span class='ocrx_word' id='word_1_68' title='bbox 970 930 1312 986; x_wconf 83' lang='lat' dir='ltr'><strong>compescere</strong></span> <span class='ocrx_word' id='word_1_69' title='bbox 1341 931 1444 969; x_wconf 86' lang='lat' dir='ltr'><strong>non</strong></span> <span class='ocrx_word' id='word_1_70' title='bbox 1474 914 1712 977; x_wconf 88' lang='lat' dir='ltr'><strong>curavit,</strong></span> <span class='ocrx_word' id='word_1_71' title='bbox 1742 930 1893 970; x_wconf 89' lang='lat' dir='ltr'><strong>eom-</strong></span> 
     </span>
    </p>
   </div>
   <div class='ocr_carea' id='block_1_11' title="bbox 324 1002 1893 1074">
    <p class='ocr_par' dir='ltr' id='par_1_11' title="bbox 324 1002 1893 1074">
     <span class='ocr_line' id='line_1_11' title="bbox 324 1002 1893 1074; baseline -0.001 -16"><span class='ocrx_word' id='word_1_72' title='bbox 324 1005 547 1059; x_wconf 84' lang='lat' dir='ltr'><strong>missum</strong></span> <span class='ocrx_word' id='word_1_73' title='bbox 591 1004 769 1059; x_wconf 51' lang='lat' dir='ltr'><strong>scelus</strong></span> <span class='ocrx_word' id='word_1_74' title='bbox 814 1006 868 1059; x_wconf 91' lang='lat' dir='ltr'><strong>in</strong></span> <span class='ocrx_word' id='word_1_75' title='bbox 917 1014 1123 1058; x_wconf 83' lang='lat' dir='ltr'><strong>reatum</strong></span> <span class='ocrx_word' id='word_1_76' title='bbox 1171 1006 1450 1074; x_wconf 84' lang='lat' dir='ltr'><strong>proprium</strong></span> <span class='ocrx_word' id='word_1_77' title='bbox 1492 1004 1778 1059; x_wconf 75' lang='lat' dir='ltr'><strong>convertit.</strong></span> <span class='ocrx_word' id='word_1_78' title='bbox 1834 1002 1893 1057; x_wconf 90' lang='lat' dir='ltr'><strong>Si</strong></span> 
     </span>
    </p>
   </div>
   <div class='ocr_carea' id='block_1_12' title="bbox 320 1092 1893 1166">
    <p class='ocr_par' dir='ltr' id='par_1_12' title="bbox 320 1092 1893 1166">
     <span class='ocr_line' id='line_1_12' title="bbox 320 1092 1893 1166; baseline -0.001 -18"><span class='ocrx_word' id='word_1_79' title='bbox 320 1096 438 1166; x_wconf 76' lang='lat' dir='ltr'><strong>quis</strong></span> <span class='ocrx_word' id='word_1_80' title='bbox 468 1094 678 1163; x_wconf 80' lang='lat' dir='ltr'><strong>furatus</strong></span> <span class='ocrx_word' id='word_1_81' title='bbox 708 1095 866 1165; x_wconf 80' lang='lat' dir='ltr'><strong>fuerit</strong></span> <span class='ocrx_word' id='word_1_82' title='bbox 904 1111 1049 1148; x_wconf 86' lang='lat' dir='ltr'><strong>ovem</strong></span> <span class='ocrx_word' id='word_1_83' title='bbox 1082 1104 1172 1148; x_wconf 87' lang='lat' dir='ltr'><strong>aut</strong></span> <span class='ocrx_word' id='word_1_84' title='bbox 1201 1096 1375 1148; x_wconf 84' lang='lat' dir='ltr'><strong><em>bovem</em></strong></span> <span class='ocrx_word' id='word_1_85' title='bbox 1396 1134 1412 1159; x_wconf 94' lang='lat'><strong>,</strong></span> <span class='ocrx_word' id='word_1_86' title='bbox 1455 1103 1504 1148; x_wconf 87' lang='lat' dir='ltr'><strong>et</strong></span> <span class='ocrx_word' id='word_1_87' title='bbox 1537 1092 1780 1147; x_wconf 85' lang='lat' dir='ltr'><strong>occiderit</strong></span> <span class='ocrx_word' id='word_1_88' title='bbox 1814 1093 1893 1147; x_wconf 81' lang='lat' dir='ltr'><strong>vel</strong></span> 
     </span>
    </p>
   </div>
   <div class='ocr_carea' id='block_1_13' title="bbox 326 1185 1891 1256">
    <p class='ocr_par' dir='ltr' id='par_1_13' title="bbox 326 1185 1891 1256">
     <span class='ocr_line' id='line_1_13' title="bbox 326 1185 1891 1256; baseline -0.003 -17"><span class='ocrx_word' id='word_1_89' title='bbox 326 1186 635 1247; x_wconf 67' lang='lat' dir='ltr'><strong>uendiderit,</strong></span> <span class='ocrx_word' id='word_1_90' title='bbox 676 1187 903 1256; x_wconf 83' lang='lat' dir='ltr'><strong>quinque</strong></span> <span class='ocrx_word' id='word_1_91' title='bbox 937 1185 1083 1239; x_wconf 83' lang='lat' dir='ltr'><strong>boves</strong></span> <span class='ocrx_word' id='word_1_92' title='bbox 1116 1201 1209 1255; x_wconf 85' lang='lat' dir='ltr'><strong>pro</strong></span> <span class='ocrx_word' id='word_1_93' title='bbox 1244 1200 1348 1238; x_wconf 84' lang='lat' dir='ltr'><strong>uno</strong></span> <span class='ocrx_word' id='word_1_94' title='bbox 1384 1185 1506 1239; x_wconf 82' lang='lat' dir='ltr'><strong>bove</strong></span> <span class='ocrx_word' id='word_1_95' title='bbox 1535 1185 1797 1247; x_wconf 84' lang='lat' dir='ltr'><strong>restituet,</strong></span> <span class='ocrx_word' id='word_1_96' title='bbox 1843 1190 1891 1236; x_wconf 84' lang='lat' dir='ltr'><strong>et</strong></span> 
     </span>
    </p>
   </div>
   <div class='ocr_carea' id='block_1_14' title="bbox 318 1268 1889 1345">
    <p class='ocr_par' dir='ltr' id='par_1_14' title="bbox 318 1268 1889 1345">
     <span class='ocr_line' id='line_1_14' title="bbox 318 1268 1889 1345; baseline -0.003 -17"><span class='ocrx_word' id='word_1_97' title='bbox 318 1285 550 1344; x_wconf 80' lang='lat' dir='ltr'><strong>quatuor</strong></span> <span class='ocrx_word' id='word_1_98' title='bbox 571 1292 689 1331; x_wconf 81' lang='lat' dir='ltr'><strong>oves</strong></span> <span class='ocrx_word' id='word_1_99' title='bbox 712 1292 806 1345; x_wconf 88' lang='lat' dir='ltr'><strong>pro</strong></span> <span class='ocrx_word' id='word_1_100' title='bbox 832 1291 938 1328; x_wconf 86' lang='lat' dir='ltr'><strong>una</strong></span> <span class='ocrx_word' id='word_1_101' title='bbox 964 1291 1075 1339; x_wconf 83' lang='lat' dir='ltr'><strong>ove,</strong></span> <span class='ocrx_word' id='word_1_102' title='bbox 1099 1272 1419 1344; x_wconf 79' lang='lat' dir='ltr'><strong>etc.(E:cod.</strong></span> <span class='ocrx_word' id='word_1_103' title='bbox 1439 1272 1591 1342; x_wconf 77' lang='lat' dir='ltr'><strong>xxii).</strong></span> <span class='ocrx_word' id='word_1_104' title='bbox 1623 1268 1889 1342; x_wconf 82' lang='lat' dir='ltr'><strong>(August.)</strong></span> 
     </span>
    </p>
   </div>
   <div class='ocr_carea' id='block_1_15' title="bbox 320 1362 1893 1435">
    <p class='ocr_par' dir='ltr' id='par_1_15' title="bbox 320 1362 1893 1435">
     <span class='ocr_line' id='line_1_15' title="bbox 320 1362 1893 1435; baseline -0.002 -16"><span class='ocrx_word' id='word_1_105' title='bbox 320 1369 452 1431; x_wconf 63' lang='lat' dir='ltr'><strong>Qum</strong></span> <span class='ocrx_word' id='word_1_106' title='bbox 473 1364 792 1431; x_wconf 76' lang='lat' dir='ltr'><strong>justiﬁeatio</strong></span> <span class='ocrx_word' id='word_1_107' title='bbox 821 1374 936 1430; x_wconf 86' lang='lat' dir='ltr'><strong>est,</strong></span> <span class='ocrx_word' id='word_1_108' title='bbox 968 1372 1027 1417; x_wconf 91' lang='lat' dir='ltr'><strong>ut</strong></span> <span class='ocrx_word' id='word_1_109' title='bbox 1054 1379 1150 1435; x_wconf 89' lang='lat' dir='ltr'><strong>pro</strong></span> <span class='ocrx_word' id='word_1_110' title='bbox 1177 1364 1343 1419; x_wconf 82' lang='lat' dir='ltr'><strong>vitulo</strong></span> <span class='ocrx_word' id='word_1_111' title='bbox 1372 1379 1480 1418; x_wconf 89' lang='lat' dir='ltr'><strong>uno</strong></span> <span class='ocrx_word' id='word_1_112' title='bbox 1507 1362 1746 1432; x_wconf 87' lang='lat' dir='ltr'><strong>quinque</strong></span> <span class='ocrx_word' id='word_1_113' title='bbox 1770 1364 1893 1416; x_wconf 83' lang='lat' dir='ltr'><strong>red-</strong></span> 
     </span>
    </p>
   </div>
   <div class='ocr_carea' id='block_1_16' title="bbox 320 1449 1890 1525">
    <p class='ocr_par' dir='ltr' id='par_1_16' title="bbox 320 1449 1890 1525">
     <span class='ocr_line' id='line_1_16' title="bbox 320 1449 1890 1525; baseline -0.003 -16"><span class='ocrx_word' id='word_1_114' title='bbox 320 1458 539 1519; x_wconf 79' lang='lat' dir='ltr'><strong>dantur,</strong></span> <span class='ocrx_word' id='word_1_115' title='bbox 574 1472 677 1525; x_wconf 90' lang='lat' dir='ltr'><strong>pro</strong></span> <span class='ocrx_word' id='word_1_116' title='bbox 703 1471 802 1510; x_wconf 88' lang='lat' dir='ltr'><strong>ove</strong></span> <span class='ocrx_word' id='word_1_117' title='bbox 831 1464 1012 1509; x_wconf 87' lang='lat' dir='ltr'><strong>autem</strong></span> <span class='ocrx_word' id='word_1_118' title='bbox 1042 1462 1290 1523; x_wconf 77' lang='lat' dir='ltr'><strong>quatuor,</strong></span> <span class='ocrx_word' id='word_1_119' title='bbox 1327 1453 1430 1507; x_wconf 84' lang='lat' dir='ltr'><strong>nisi</strong></span> <span class='ocrx_word' id='word_1_120' title='bbox 1460 1451 1659 1519; x_wconf 87' lang='lat' dir='ltr'><strong>aliquid</strong></span> <span class='ocrx_word' id='word_1_121' title='bbox 1688 1449 1890 1521; x_wconf 80' lang='lat' dir='ltr'><strong>signiti-</strong></span> 
     </span>
    </p>
   </div>
   <div class='ocr_carea' id='block_1_17' title="bbox 319 1542 1890 1617">
    <p class='ocr_par' dir='ltr' id='par_1_17' title="bbox 319 1542 1890 1617">
     <span class='ocr_line' id='line_1_17' title="bbox 319 1542 1890 1617; baseline -0.004 -16"><span class='ocrx_word' id='word_1_122' title='bbox 319 1563 444 1602; x_wconf 73' lang='lat' dir='ltr'><strong>etre</strong></span> <span class='ocrx_word' id='word_1_123' title='bbox 474 1547 851 1617; x_wconf 74' lang='lat' dir='ltr'><strong>intelligatur?</strong></span> <span class='ocrx_word' id='word_1_124' title='bbox 898 1545 1189 1601; x_wconf 83' lang='lat' dir='ltr'><strong>Possumus</strong></span> <span class='ocrx_word' id='word_1_125' title='bbox 1219 1546 1360 1600; x_wconf 84' lang='lat' dir='ltr'><strong>hanc</strong></span> <span class='ocrx_word' id='word_1_126' title='bbox 1397 1543 1707 1599; x_wconf 89' lang='lat' dir='ltr'><strong>distantiam</strong></span> <span class='ocrx_word' id='word_1_127' title='bbox 1747 1542 1890 1597; x_wconf 87' lang='lat' dir='ltr'><strong>inter</strong></span> 
     </span>
    </p>
   </div>
   <div class='ocr_carea' id='block_1_18' title="bbox 319 1631 1887 1702">
    <p class='ocr_par' dir='ltr' id='par_1_18' title="bbox 319 1631 1887 1702">
     <span class='ocr_line' id='line_1_18' title="bbox 319 1631 1887 1702; baseline -0.003 -12"><span class='ocrx_word' id='word_1_128' title='bbox 319 1637 509 1691; x_wconf 76' lang='lat' dir='ltr'><strong>bovem</strong></span> <span class='ocrx_word' id='word_1_129' title='bbox 541 1644 597 1692; x_wconf 89' lang='lat' dir='ltr'><strong>et</strong></span> <span class='ocrx_word' id='word_1_130' title='bbox 623 1652 782 1692; x_wconf 87' lang='lat' dir='ltr'><strong>ovem</strong></span> <span class='ocrx_word' id='word_1_131' title='bbox 809 1635 1021 1701; x_wconf 83' lang='lat' dir='ltr'><strong>facere,</strong></span> <span class='ocrx_word' id='word_1_132' title='bbox 1048 1643 1108 1689; x_wconf 88' lang='lat' dir='ltr'><strong>ut</strong></span> <span class='ocrx_word' id='word_1_133' title='bbox 1139 1635 1191 1689; x_wconf 91' lang='lat' dir='ltr'><strong>in</strong></span> <span class='ocrx_word' id='word_1_134' title='bbox 1220 1635 1357 1689; x_wconf 88' lang='lat' dir='ltr'><strong>bove</strong></span> <span class='ocrx_word' id='word_1_135' title='bbox 1389 1632 1722 1702; x_wconf 78' lang='lat' dir='ltr'><strong>accipiamus</strong></span> <span class='ocrx_word' id='word_1_136' title='bbox 1748 1631 1887 1686; x_wconf 82' lang='lat' dir='ltr'><strong>bene</strong></span> 
     </span>
    </p>
   </div>
   <div class='ocr_carea' id='block_1_19' title="bbox 1999 456 3565 536">
    <p class='ocr_par' dir='ltr' id='par_1_19' title="bbox 1999 456 3565 536">
     <span class='ocr_line' id='line_1_19' title="bbox 1999 456 3565 536; baseline 0.012 -31"><span class='ocrx_word' id='word_1_137' title='bbox 1999 469 2118 507; x_wconf 87' lang='lat' dir='ltr'><strong>nere</strong></span> <span class='ocrx_word' id='word_1_138' title='bbox 2135 464 2370 510; x_wconf 85' lang='lat' dir='ltr'><strong>mortuus</strong></span> <span class='ocrx_word' id='word_1_139' title='bbox 2394 456 2574 525; x_wconf 80' lang='lat' dir='ltr'><strong>fuerit,</strong></span> <span class='ocrx_word' id='word_1_140' title='bbox 2596 474 2869 528; x_wconf 79' lang='lat' dir='ltr'><strong>percussor</strong></span> <span class='ocrx_word' id='word_1_141' title='bbox 2885 477 2987 517; x_wconf 84' lang='lat' dir='ltr'><strong>non</strong></span> <span class='ocrx_word' id='word_1_142' title='bbox 3010 463 3108 516; x_wconf 87' lang='lat' dir='ltr'><strong>erit</strong></span> <span class='ocrx_word' id='word_1_143' title='bbox 3140 479 3257 521; x_wconf 79' lang='lat' dir='ltr'><strong>reus</strong></span> <span class='ocrx_word' id='word_1_144' title='bbox 3277 470 3565 536; x_wconf 73' lang='lat' dir='ltr'><strong>sanguinis.</strong></span> 
     </span>
    </p>
   </div>
   <div class='ocr_carea' id='block_1_20' title="bbox 1997 544 3562 626">
    <p class='ocr_par' dir='ltr' id='par_1_20' title="bbox 1997 544 3562 626">
     <span class='ocr_line' id='line_1_20' title="bbox 1997 544 3562 626; baseline 0.013 -32"><span class='ocrx_word' id='word_1_145' title='bbox 1997 544 2150 608; x_wconf 69' lang='lat' dir='ltr'><strong>Quod</strong></span> <span class='ocrx_word' id='word_1_146' title='bbox 2174 545 2218 597; x_wconf 88' lang='lat' dir='ltr'><strong>si</strong></span> <span class='ocrx_word' id='word_1_147' title='bbox 2242 555 2355 599; x_wconf 88' lang='lat' dir='ltr'><strong>orto</strong></span> <span class='ocrx_word' id='word_1_148' title='bbox 2383 547 2490 601; x_wconf 89' lang='lat' dir='ltr'><strong>sole</strong></span> <span class='ocrx_word' id='word_1_149' title='bbox 2516 548 2612 601; x_wconf 90' lang='lat' dir='ltr'><strong>hoc</strong></span> <span class='ocrx_word' id='word_1_150' title='bbox 2635 548 2832 617; x_wconf 79' lang='lat' dir='ltr'><strong>fecerit,</strong></span> <span class='ocrx_word' id='word_1_151' title='bbox 2864 551 3201 607; x_wconf 75' lang='lat' dir='ltr'><strong>homicidium</strong></span> <span class='ocrx_word' id='word_1_152' title='bbox 3225 561 3562 626; x_wconf 83' lang='lat' dir='ltr'><strong>perpetravit.</strong></span> 
     </span>
    </p>
   </div>
   <div class='ocr_carea' id='block_1_21' title="bbox 1995 632 3568 716">
    <p class='ocr_par' dir='ltr' id='par_1_21' title="bbox 1995 632 3568 716">
     <span class='ocr_line' id='line_1_21' title="bbox 1995 632 3568 716; baseline 0.011 -31"><span class='ocrx_word' id='word_1_153' title='bbox 1995 642 2042 685; x_wconf 82' lang='lat' dir='ltr'><strong>et</strong></span> <span class='ocrx_word' id='word_1_154' title='bbox 2078 632 2186 702; x_wconf 84' lang='lat' dir='ltr'><strong>ipse</strong></span> <span class='ocrx_word' id='word_1_155' title='bbox 2212 636 2487 699; x_wconf 78' lang='lat' dir='ltr'><strong>moriatur,</strong></span> <span class='ocrx_word' id='word_1_156' title='bbox 2519 645 2622 691; x_wconf 89' lang='lat' dir='ltr'><strong>etc.</strong></span> <span class='ocrx_word' id='word_1_157' title='bbox 2651 637 2968 709; x_wconf 68' lang='lat' dir='ltr'><strong>[intelligitur</strong></span> <span class='ocrx_word' id='word_1_158' title='bbox 2993 656 3121 711; x_wconf 88' lang='lat' dir='ltr'><strong>ergo</strong></span> <span class='ocrx_word' id='word_1_159' title='bbox 3146 649 3274 701; x_wconf 80' lang='lat' dir='ltr'><strong>tunc</strong></span> <span class='ocrx_word' id='word_1_160' title='bbox 3318 661 3424 700; x_wconf 87' lang='lat' dir='ltr'><strong>non</strong></span> <span class='ocrx_word' id='word_1_161' title='bbox 3452 663 3568 716; x_wconf 82' lang='lat' dir='ltr'><strong>per-</strong></span> 
     </span>
    </p>
   </div>
   <div class='ocr_carea' id='block_1_22' title="bbox 1996 721 3563 793">
    <p class='ocr_par' dir='ltr' id='par_1_22' title="bbox 1996 721 3563 793">
     <span class='ocr_line' id='line_1_22' title="bbox 1996 721 3563 793; baseline 0.013 -20"><span class='ocrx_word' id='word_1_162' title='bbox 1996 721 2170 778; x_wconf 89' lang='lat' dir='ltr'><strong>tinere</strong></span> <span class='ocrx_word' id='word_1_163' title='bbox 2202 725 2271 778; x_wconf 88' lang='lat' dir='ltr'><strong>ad</strong></span> <span class='ocrx_word' id='word_1_164' title='bbox 2310 724 2656 781; x_wconf 80' lang='lat' dir='ltr'><strong>homicidium</strong></span> <span class='ocrx_word' id='word_1_165' title='bbox 2710 729 2755 785; x_wconf 89' lang='lat' dir='ltr'><strong>si</strong></span> <span class='ocrx_word' id='word_1_166' title='bbox 2811 728 2898 784; x_wconf 80' lang='lat' dir='ltr'><strong>fur</strong></span> <span class='ocrx_word' id='word_1_167' title='bbox 2943 740 3237 789; x_wconf 85' lang='lat' dir='ltr'><strong>nocturnus</strong></span> <span class='ocrx_word' id='word_1_168' title='bbox 3282 736 3563 793; x_wconf 77' lang='lat' dir='ltr'><strong>occiditur.</strong></span> 
     </span>
    </p>
   </div>
   <div class='ocr_carea' id='block_1_23' title="bbox 1995 808 3564 895">
    <p class='ocr_par' dir='ltr' id='par_1_23' title="bbox 1995 808 3564 895">
     <span class='ocr_line' id='line_1_23' title="bbox 1995 808 3564 895; baseline 0.011 -30"><span class='ocrx_word' id='word_1_169' title='bbox 1995 808 2052 865; x_wconf 92' lang='lat' dir='ltr'><strong>Si</strong></span> <span class='ocrx_word' id='word_1_170' title='bbox 2092 822 2272 868; x_wconf 87' lang='lat' dir='ltr'><strong>autem</strong></span> <span class='ocrx_word' id='word_1_171' title='bbox 2315 814 2559 881; x_wconf 80' lang='lat' dir='ltr'><strong>diurnos,</strong></span> <span class='ocrx_word' id='word_1_172' title='bbox 2609 819 2899 887; x_wconf 86' lang='lat' dir='ltr'><strong>pertinere.</strong></span> <span class='ocrx_word' id='word_1_173' title='bbox 2950 820 3065 876; x_wconf 77' lang='lat' dir='ltr'><strong>lioc</strong></span> <span class='ocrx_word' id='word_1_174' title='bbox 3113 830 3195 879; x_wconf 85' lang='lat' dir='ltr'><strong>est</strong></span> <span class='ocrx_word' id='word_1_175' title='bbox 3232 825 3377 879; x_wconf 83' lang='lat' dir='ltr'><strong>enim</strong></span> <span class='ocrx_word' id='word_1_176' title='bbox 3422 830 3564 895; x_wconf 82' lang='lat' dir='ltr'><strong>quod</strong></span> 
     </span>
    </p>
   </div>
   <div class='ocr_carea' id='block_1_24' title="bbox 1991 901 3564 984">
    <p class='ocr_par' dir='ltr' id='par_1_24' title="bbox 1991 901 3564 984">
     <span class='ocr_line' id='line_1_24' title="bbox 1991 901 3564 984; baseline 0.012 -30"><span class='ocrx_word' id='word_1_177' title='bbox 1991 901 2106 956; x_wconf 87' lang='lat' dir='ltr'><strong>ait:</strong></span> <span class='ocrx_word' id='word_1_178' title='bbox 2138 901 2195 957; x_wconf 90' lang='lat' dir='ltr'><strong>Si</strong></span> <span class='ocrx_word' id='word_1_179' title='bbox 2215 903 2421 961; x_wconf 86' lang='lat' dir='ltr'><strong>orietur</strong></span> <span class='ocrx_word' id='word_1_180' title='bbox 2445 906 2851 975; x_wconf 87' lang='lat' dir='ltr'><strong>solsupereum.</strong></span> <span class='ocrx_word' id='word_1_181' title='bbox 2874 909 3564 984; x_wconf 81' lang='lat' dir='ltr'><strong>Poteratquippediscerni,</strong></span> 
     </span>
    </p>
   </div>
   <div class='ocr_carea' id='block_1_25' title="bbox 1991 991 3566 1072">
    <p class='ocr_par' dir='ltr' id='par_1_25' title="bbox 1991 991 3566 1072">
     <span class='ocr_line' id='line_1_25' title="bbox 1991 991 3566 1072; baseline 0.012 -27"><span class='ocrx_word' id='word_1_182' title='bbox 1991 993 2135 1061; x_wconf 89' lang='lat' dir='ltr'><strong>quod</strong></span> <span class='ocrx_word' id='word_1_183' title='bbox 2158 994 2224 1049; x_wconf 83' lang='lat' dir='ltr'><strong>ad</strong></span> <span class='ocrx_word' id='word_1_184' title='bbox 2251 991 2539 1049; x_wconf 79' lang='lat' dir='ltr'><strong>furandum</strong></span> <span class='ocrx_word' id='word_1_185' title='bbox 2574 1012 2679 1052; x_wconf 89' lang='lat' dir='ltr'><strong>non</strong></span> <span class='ocrx_word' id='word_1_186' title='bbox 2723 999 2789 1050; x_wconf 79' lang='lat' dir='ltr'><strong>a;l</strong></span> <span class='ocrx_word' id='word_1_187' title='bbox 2820 999 3194 1068; x_wconf 72' lang='lat' dir='ltr'><strong>occidendum,</strong></span> <span class='ocrx_word' id='word_1_188' title='bbox 3224 1005 3481 1072; x_wconf 88' lang='lat' dir='ltr'><strong>venisset,</strong></span> <span class='ocrx_word' id='word_1_189' title='bbox 3511 1017 3566 1065; x_wconf 81' lang='lat' dir='ltr'><strong>et</strong></span> 
     </span>
    </p>
   </div>
   <div class='ocr_carea' id='block_1_26' title="bbox 1992 1084 3565 1169">
    <p class='ocr_par' dir='ltr' id='par_1_26' title="bbox 1992 1084 3565 1169">
     <span class='ocr_line' id='line_1_26' title="bbox 1992 1084 3565 1169; baseline 0.011 -30"><span class='ocrx_word' id='word_1_190' title='bbox 1992 1084 2113 1140; x_wconf 85' lang='lat' dir='ltr'><strong>ideo</strong></span> <span class='ocrx_word' id='word_1_191' title='bbox 2140 1102 2246 1141; x_wconf 90' lang='lat' dir='ltr'><strong>non</strong></span> <span class='ocrx_word' id='word_1_192' title='bbox 2289 1087 2510 1144; x_wconf 87' lang='lat' dir='ltr'><strong>deberet</strong></span> <span class='ocrx_word' id='word_1_193' title='bbox 2530 1090 2719 1145; x_wconf 86' lang='lat' dir='ltr'><strong>occidi.</strong></span> <span class='ocrx_word' id='word_1_194' title='bbox 2772 1091 2884 1149; x_wconf 85' lang='lat' dir='ltr'><strong>Hoc</strong></span> <span class='ocrx_word' id='word_1_195' title='bbox 2910 1100 2965 1149; x_wconf 87' lang='lat' dir='ltr'><strong>et</strong></span> <span class='ocrx_word' id='word_1_196' title='bbox 2993 1094 3046 1147; x_wconf 89' lang='lat' dir='ltr'><strong>in</strong></span> <span class='ocrx_word' id='word_1_197' title='bbox 3073 1094 3278 1165; x_wconf 82' lang='lat' dir='ltr'><strong>legibus</strong></span> <span class='ocrx_word' id='word_1_198' title='bbox 3329 1100 3565 1169; x_wconf 79' lang='lat' dir='ltr'><strong>antiquis</strong></span> 
     </span>
    </p>
   </div>
   <div class='ocr_carea' id='block_1_27' title="bbox 1990 1176 3561 1257">
    <p class='ocr_par' dir='ltr' id='par_1_27' title="bbox 1990 1176 3561 1257">
     <span class='ocr_line' id='line_1_27' title="bbox 1990 1176 3561 1257; baseline 0.011 -28"><span class='ocrx_word' id='word_1_199' title='bbox 1990 1176 2359 1244; x_wconf 62' lang='lat' dir='ltr'><strong>saecularibus,</strong></span> <span class='ocrx_word' id='word_1_200' title='bbox 2388 1178 2587 1248; x_wconf 81' lang='lat' dir='ltr'><strong>quibus</strong></span> <span class='ocrx_word' id='word_1_201' title='bbox 2618 1188 2797 1239; x_wconf 82' lang='lat' dir='ltr'><strong>tamen</strong></span> <span class='ocrx_word' id='word_1_202' title='bbox 2848 1182 2949 1237; x_wconf 90' lang='lat' dir='ltr'><strong>ista</strong></span> <span class='ocrx_word' id='word_1_203' title='bbox 2984 1192 3067 1239; x_wconf 88' lang='lat' dir='ltr'><strong>est</strong></span> <span class='ocrx_word' id='word_1_204' title='bbox 3094 1185 3384 1257; x_wconf 84' lang='lat' dir='ltr'><strong>antiquior,</strong></span> <span class='ocrx_word' id='word_1_205' title='bbox 3412 1191 3561 1247; x_wconf 78' lang='lat' dir='ltr'><strong>iuve-</strong></span> 
     </span>
    </p>
   </div>
   <div class='ocr_carea' id='block_1_28' title="bbox 1988 1267 3558 1348">
    <p class='ocr_par' dir='ltr' id='par_1_28' title="bbox 1988 1267 3558 1348">
     <span class='ocr_line' id='line_1_28' title="bbox 1988 1267 3558 1348; baseline 0.008 -26"><span class='ocrx_word' id='word_1_206' title='bbox 1988 1267 2138 1322; x_wconf 90' lang='lat' dir='ltr'><strong>nitur</strong></span> <span class='ocrx_word' id='word_1_207' title='bbox 2165 1268 2382 1338; x_wconf 88' lang='lat' dir='ltr'><strong>impune</strong></span> <span class='ocrx_word' id='word_1_208' title='bbox 2405 1270 2577 1325; x_wconf 91' lang='lat' dir='ltr'><strong>occidi</strong></span> <span class='ocrx_word' id='word_1_209' title='bbox 2595 1281 2915 1333; x_wconf 87' lang='lat' dir='ltr'><strong>nocturnum</strong></span> <span class='ocrx_word' id='word_1_210' title='bbox 2947 1273 3117 1332; x_wconf 79' lang='lat' dir='ltr'><strong>iurem</strong></span> <span class='ocrx_word' id='word_1_211' title='bbox 3134 1292 3348 1348; x_wconf 81' lang='lat' dir='ltr'><strong>quoque</strong></span> <span class='ocrx_word' id='word_1_212' title='bbox 3368 1284 3526 1341; x_wconf 84' lang='lat' dir='ltr'><strong>modo</strong></span> <span class='ocrx_word' id='word_1_213' title='bbox 3544 1302 3558 1337; x_wconf 83' lang='lat'><strong>;</strong></span> 
     </span>
    </p>
   </div>
   <div class='ocr_carea' id='block_1_29' title="bbox 1988 1355 3561 1442">
    <p class='ocr_par' dir='ltr' id='par_1_29' title="bbox 1988 1355 3561 1442">
     <span class='ocr_line' id='line_1_29' title="bbox 1988 1355 3561 1442; baseline 0.011 -31"><span class='ocrx_word' id='word_1_214' title='bbox 1988 1355 2240 1411; x_wconf 85' lang='lat' dir='ltr'><strong>diurnum</strong></span> <span class='ocrx_word' id='word_1_215' title='bbox 2265 1366 2464 1425; x_wconf 88' lang='lat' dir='ltr'><strong>autem,</strong></span> <span class='ocrx_word' id='word_1_216' title='bbox 2492 1360 2537 1414; x_wconf 88' lang='lat' dir='ltr'><strong>si</strong></span> <span class='ocrx_word' id='word_1_217' title='bbox 2566 1375 2624 1414; x_wconf 90' lang='lat' dir='ltr'><strong>se</strong></span> <span class='ocrx_word' id='word_1_218' title='bbox 2650 1361 2754 1417; x_wconf 88' lang='lat' dir='ltr'><strong>telo</strong></span> <span class='ocrx_word' id='word_1_219' title='bbox 2770 1363 3071 1420; x_wconf 81' lang='lat' dir='ltr'><strong>defenderit</strong></span> <span class='ocrx_word' id='word_1_220' title='bbox 3093 1385 3107 1421; x_wconf 91' lang='lat'><strong>:</strong></span> <span class='ocrx_word' id='word_1_221' title='bbox 3133 1365 3246 1434; x_wconf 84' lang='lat' dir='ltr'><strong>jam</strong></span> <span class='ocrx_word' id='word_1_222' title='bbox 3274 1372 3418 1425; x_wconf 86' lang='lat' dir='ltr'><strong>enim</strong></span> <span class='ocrx_word' id='word_1_223' title='bbox 3440 1373 3561 1442; x_wconf 85' lang='lat' dir='ltr'><strong>plus</strong></span> 
     </span>
    </p>
   </div>
   <div class='ocr_carea' id='block_1_30' title="bbox 1987 1447 3562 1533">
    <p class='ocr_par' dir='ltr' id='par_1_30' title="bbox 1987 1447 3562 1533">
     <span class='ocr_line' id='line_1_30' title="bbox 1987 1447 3562 1533; baseline 0.01 -30"><span class='ocrx_word' id='word_1_224' title='bbox 1987 1455 2071 1503; x_wconf 84' lang='lat' dir='ltr'><strong>est</strong></span> <span class='ocrx_word' id='word_1_225' title='bbox 2099 1462 2260 1517; x_wconf 85' lang='lat' dir='ltr'><strong>quam</strong></span> <span class='ocrx_word' id='word_1_226' title='bbox 2301 1447 2405 1503; x_wconf 83' lang='lat' dir='ltr'><strong>l&#39;ur.</strong></span> <span class='ocrx_word' id='word_1_227' title='bbox 2437 1448 2662 1522; x_wconf 83' lang='lat' dir='ltr'><strong>Mystice</strong></span> <span class='ocrx_word' id='word_1_228' title='bbox 2690 1461 2871 1513; x_wconf 86' lang='lat' dir='ltr'><strong>autem</strong></span> <span class='ocrx_word' id='word_1_229' title='bbox 2901 1456 3048 1513; x_wconf 82' lang='lat' dir='ltr'><strong>fures</strong></span> <span class='ocrx_word' id='word_1_230' title='bbox 3074 1458 3357 1517; x_wconf 74' lang='lat' dir='ltr'><strong>htereticos</strong></span> <span class='ocrx_word' id='word_1_231' title='bbox 3377 1479 3562 1533; x_wconf 82' lang='lat' dir='ltr'><strong>possu—</strong></span> 
     </span>
    </p>
   </div>
   <div class='ocr_carea' id='block_1_31' title="bbox 1990 1535 3559 1622">
    <p class='ocr_par' dir='ltr' id='par_1_31' title="bbox 1990 1535 3559 1622">
     <span class='ocr_line' id='line_1_31' title="bbox 1990 1535 3559 1622; baseline 0.011 -34"><span class='ocrx_word' id='word_1_232' title='bbox 1990 1549 2109 1589; x_wconf 89' lang='lat' dir='ltr'><strong>mus</strong></span> <span class='ocrx_word' id='word_1_233' title='bbox 2147 1535 2463 1607; x_wconf 82' lang='lat' dir='ltr'><strong>intelligere.</strong></span> <span class='ocrx_word' id='word_1_234' title='bbox 2506 1537 2656 1596; x_wconf 84' lang='lat' dir='ltr'><strong>Unde</strong></span> <span class='ocrx_word' id='word_1_235' title='bbox 2708 1543 2825 1613; x_wconf 86' lang='lat' dir='ltr'><strong>ipsa</strong></span> <span class='ocrx_word' id='word_1_236' title='bbox 2886 1545 3098 1603; x_wconf 77' lang='lat' dir='ltr'><strong>Veritas</strong></span> <span class='ocrx_word' id='word_1_237' title='bbox 3143 1549 3260 1604; x_wconf 86' lang='lat' dir='ltr'><strong>ait:</strong></span> <span class='ocrx_word' id='word_1_238' title='bbox 3298 1549 3559 1622; x_wconf 78' lang='lat' dir='ltr'><strong>Quotquot</strong></span> 
     </span>
    </p>
   </div>
   <div class='ocr_carea' id='block_1_32' title="bbox 1987 1629 3562 1713">
    <p class='ocr_par' dir='ltr' id='par_1_32' title="bbox 1987 1629 3562 1713">
     <span class='ocr_line' id='line_1_32' title="bbox 1987 1629 3562 1713; baseline 0.013 -34"><span class='ocrx_word' id='word_1_239' title='bbox 1987 1635 2235 1680; x_wconf 83' lang='lat' dir='ltr'><strong>venerunt</strong></span> <span class='ocrx_word' id='word_1_240' title='bbox 2264 1637 2384 1683; x_wconf 89' lang='lat' dir='ltr'><strong>ante</strong></span> <span class='ocrx_word' id='word_1_241' title='bbox 2412 1646 2515 1695; x_wconf 89' lang='lat' dir='ltr'><strong>me,</strong></span> <span class='ocrx_word' id='word_1_242' title='bbox 2544 1629 2686 1701; x_wconf 80' lang='lat' dir='ltr'><strong>fures</strong></span> <span class='ocrx_word' id='word_1_243' title='bbox 2714 1643 2834 1689; x_wconf 80' lang='lat' dir='ltr'><strong>sunt</strong></span> <span class='ocrx_word' id='word_1_244' title='bbox 2858 1644 2906 1689; x_wconf 87' lang='lat' dir='ltr'><strong>et</strong></span> <span class='ocrx_word' id='word_1_245' title='bbox 2929 1634 3159 1693; x_wconf 76' lang='lat' dir='ltr'><strong>latrones</strong></span> <span class='ocrx_word' id='word_1_246' title='bbox 3178 1640 3360 1711; x_wconf 81' lang='lat' dir='ltr'><strong>(Joan.</strong></span> <span class='ocrx_word' id='word_1_247' title='bbox 3393 1642 3469 1713; x_wconf 68' lang='grc' dir='ltr'><strong>χ).</strong></span> <span class='ocrx_word' id='word_1_248' title='bbox 3498 1645 3562 1699; x_wconf 78' lang='lat' dir='ltr'><strong>Et</strong></span> 
     </span>
    </p>
   </div>
   <div class='ocr_carea' id='block_1_33' title="bbox 315 1702 3558 1800">
    <p class='ocr_par' dir='ltr' id='par_1_33' title="bbox 315 1702 3558 1800">
     <span class='ocr_line' id='line_1_33' title="bbox 315 1702 3558 1800; baseline 0.004 -23"><span class='ocrx_word' id='word_1_249' title='bbox 315 1726 653 1783; x_wconf 71' lang='lat' dir='ltr'><strong>laborantem</strong></span> <span class='ocrx_word' id='word_1_250' title='bbox 680 1728 957 1782; x_wconf 83' lang='lat' dir='ltr'><strong>doctorem</strong></span> <span class='ocrx_word' id='word_1_251' title='bbox 985 1727 1038 1781; x_wconf 92' lang='lat' dir='ltr'><strong>in</strong></span> <span class='ocrx_word' id='word_1_252' title='bbox 1062 1739 1193 1796; x_wconf 81' lang='lat' dir='ltr'><strong>agro</strong></span> <span class='ocrx_word' id='word_1_253' title='bbox 1218 1723 1496 1780; x_wconf 80' lang='lat' dir='ltr'><strong>Domi-nico</strong></span> <span class='ocrx_word' id='word_1_254' title='bbox 1521 1741 1534 1777; x_wconf 93' lang='lat'><strong>:</strong></span> <span class='ocrx_word' id='word_1_255' title='bbox 1566 1722 1659 1793; x_wconf 88' lang='lat' dir='ltr'><strong>qui</strong></span> <span class='ocrx_word' id='word_1_256' title='bbox 1685 1730 1885 1778; x_wconf 83' lang='lat' dir='ltr'><strong>terram</strong></span> <span class='ocrx_word' id='word_1_257' title='bbox 1917 1702 1960 1759; x_wconf 85' lang='grc' dir='ltr'><strong>Β</strong></span> <span class='ocrx_word' id='word_1_258' title='bbox 1990 1713 2118 1800; x_wconf 83' lang='lat' dir='ltr'><strong>item</strong></span> <span class='ocrx_word' id='word_1_259' title='bbox 2146 1732 2158 1768; x_wconf 89' lang='lat'><strong>:</strong></span> <span class='ocrx_word' id='word_1_260' title='bbox 2188 1713 2323 1782; x_wconf 86' lang='lat' dir='ltr'><strong>Fur,</strong></span> <span class='ocrx_word' id='word_1_261' title='bbox 2351 1718 2541 1788; x_wconf 90' lang='lat' dir='ltr'><strong>inquit,</strong></span> <span class='ocrx_word' id='word_1_262' title='bbox 2567 1737 2669 1776; x_wconf 85' lang='lat' dir='ltr'><strong>non</strong></span> <span class='ocrx_word' id='word_1_263' title='bbox 2683 1724 2839 1789; x_wconf 84' lang='lat' dir='ltr'><strong>venit,</strong></span> <span class='ocrx_word' id='word_1_264' title='bbox 2864 1726 3043 1781; x_wconf 83' lang='lat' dir='ltr'><strong>nisiut</strong></span> <span class='ocrx_word' id='word_1_265' title='bbox 3065 1702 3288 1798; x_wconf 75' lang='lat' dir='ltr'><strong>furatur,</strong></span> <span class='ocrx_word' id='word_1_266' title='bbox 3311 1702 3558 1789; x_wconf 74' lang='lat' dir='ltr'><strong>mactetet</strong></span> 
     </span>
    </p>
   </div>
   <div class='ocr_carea' id='block_1_34' title="bbox 315 1813 1886 1887">
    <p class='ocr_par' dir='ltr' id='par_1_34' title="bbox 315 1813 1886 1887">
     <span class='ocr_line' id='line_1_34' title="bbox 315 1813 1886 1887; baseline -0.004 -14"><span class='ocrx_word' id='word_1_267' title='bbox 315 1820 562 1873; x_wconf 84' lang='lat' dir='ltr'><strong>cordium</strong></span> <span class='ocrx_word' id='word_1_268' title='bbox 602 1818 904 1874; x_wconf 77' lang='lat' dir='ltr'><strong>carnalium</strong></span> <span class='ocrx_word' id='word_1_269' title='bbox 943 1831 1161 1872; x_wconf 83' lang='lat' dir='ltr'><strong>vomere</strong></span> <span class='ocrx_word' id='word_1_270' title='bbox 1193 1813 1506 1887; x_wconf 77' lang='lat' dir='ltr'><strong>evangeliea</strong></span> <span class='ocrx_word' id='word_1_271' title='bbox 1544 1813 1779 1880; x_wconf 84' lang='lat' dir='ltr'><strong>scindit,</strong></span> <span class='ocrx_word' id='word_1_272' title='bbox 1827 1820 1886 1867; x_wconf 91' lang='lat' dir='ltr'><strong>ut</strong></span> 
     </span>
    </p>
   </div>
   <div class='ocr_carea' id='block_1_35' title="bbox 315 1904 1888 1980">
    <p class='ocr_par' dir='ltr' id='par_1_35' title="bbox 315 1904 1888 1980">
     <span class='ocr_line' id='line_1_35' title="bbox 315 1904 1888 1980; baseline -0.002 -18"><span class='ocrx_word' id='word_1_273' title='bbox 315 1909 522 1964; x_wconf 76' lang='lat' dir='ltr'><strong>fructus</strong></span> <span class='ocrx_word' id='word_1_274' title='bbox 546 1910 810 1963; x_wconf 82' lang='lat' dir='ltr'><strong>virtutum</strong></span> <span class='ocrx_word' id='word_1_275' title='bbox 841 1908 1145 1980; x_wconf 81' lang='lat' dir='ltr'><strong>germinare</strong></span> <span class='ocrx_word' id='word_1_276' title='bbox 1169 1906 1357 1977; x_wconf 84' lang='lat' dir='ltr'><strong>possit.</strong></span> <span class='ocrx_word' id='word_1_277' title='bbox 1388 1906 1445 1961; x_wconf 88' lang='lat' dir='ltr'><strong>In</strong></span> <span class='ocrx_word' id='word_1_278' title='bbox 1471 1921 1649 1971; x_wconf 86' lang='lat' dir='ltr'><strong>ovem,</strong></span> <span class='ocrx_word' id='word_1_279' title='bbox 1682 1904 1888 1975; x_wconf 84' lang='lat' dir='ltr'><strong>simpli-</strong></span> 
     </span>
    </p>
   </div>
   <div class='ocr_carea' id='block_1_36' title="bbox 310 1997 1886 2069">
    <p class='ocr_par' dir='ltr' id='par_1_36' title="bbox 310 1997 1886 2069">
     <span class='ocr_line' id='line_1_36' title="bbox 310 1997 1886 2069; baseline -0.003 -14"><span class='ocrx_word' id='word_1_280' title='bbox 310 2016 430 2055; x_wconf 80' lang='lat' dir='ltr'><strong>cem</strong></span> <span class='ocrx_word' id='word_1_281' title='bbox 456 2001 785 2066; x_wconf 81' lang='lat' dir='ltr'><strong>auditorem,</strong></span> <span class='ocrx_word' id='word_1_282' title='bbox 814 2000 906 2069; x_wconf 89' lang='lat' dir='ltr'><strong>qui</strong></span> <span class='ocrx_word' id='word_1_283' title='bbox 937 2007 1140 2053; x_wconf 86' lang='lat' dir='ltr'><strong>tantum</strong></span> <span class='ocrx_word' id='word_1_284' title='bbox 1172 2013 1269 2053; x_wconf 88' lang='lat' dir='ltr'><strong>sua</strong></span> <span class='ocrx_word' id='word_1_285' title='bbox 1296 1997 1640 2068; x_wconf 83' lang='lat' dir='ltr'><strong>simplicitate</strong></span> <span class='ocrx_word' id='word_1_286' title='bbox 1667 2007 1886 2052; x_wconf 85' lang='lat' dir='ltr'><strong>conten-</strong></span> 
     </span>
    </p>
   </div>
   <div class='ocr_carea' id='block_1_37' title="bbox 313 2086 1885 2158">
    <p class='ocr_par' dir='ltr' id='par_1_37' title="bbox 313 2086 1885 2158">
     <span class='ocr_line' id='line_1_37' title="bbox 313 2086 1885 2158; baseline -0.002 -14"><span class='ocrx_word' id='word_1_287' title='bbox 313 2099 399 2144; x_wconf 81' lang='lat' dir='ltr'><strong>tus</strong></span> <span class='ocrx_word' id='word_1_288' title='bbox 426 2098 531 2145; x_wconf 88' lang='lat' dir='ltr'><strong>est.</strong></span> <span class='ocrx_word' id='word_1_289' title='bbox 568 2089 786 2157; x_wconf 83' lang='lat' dir='ltr'><strong>Quanto</strong></span> <span class='ocrx_word' id='word_1_290' title='bbox 811 2090 953 2144; x_wconf 88' lang='lat' dir='ltr'><strong>enim</strong></span> <span class='ocrx_word' id='word_1_291' title='bbox 990 2086 1163 2158; x_wconf 86' lang='lat' dir='ltr'><strong>major</strong></span> <span class='ocrx_word' id='word_1_292' title='bbox 1192 2095 1277 2144; x_wconf 88' lang='lat' dir='ltr'><strong>est</strong></span> <span class='ocrx_word' id='word_1_293' title='bbox 1314 2087 1519 2143; x_wconf 79' lang='lat' dir='ltr'><strong>utilitas</strong></span> <span class='ocrx_word' id='word_1_294' title='bbox 1555 2087 1610 2143; x_wconf 90' lang='lat' dir='ltr'><strong>in</strong></span> <span class='ocrx_word' id='word_1_295' title='bbox 1646 2086 1885 2157; x_wconf 80' lang='lat' dir='ltr'><strong>qualibet</strong></span> 
     </span>
    </p>
   </div>
   <div class='ocr_carea' id='block_1_38' title="bbox 313 2175 1883 2249">
    <p class='ocr_par' dir='ltr' id='par_1_38' title="bbox 313 2175 1883 2249">
     <span class='ocr_line' id='line_1_38' title="bbox 313 2175 1883 2249; baseline 0.001 -16"><span class='ocrx_word' id='word_1_296' title='bbox 313 2195 393 2241; x_wconf 86' lang='lat' dir='ltr'><strong>re,</strong></span> <span class='ocrx_word' id='word_1_297' title='bbox 412 2188 563 2234; x_wconf 86' lang='lat' dir='ltr'><strong>tanto</strong></span> <span class='ocrx_word' id='word_1_298' title='bbox 580 2179 754 2249; x_wconf 81' lang='lat' dir='ltr'><strong>magis</strong></span> <span class='ocrx_word' id='word_1_299' title='bbox 773 2179 1026 2233; x_wconf 84' lang='lat' dir='ltr'><strong>damnum</strong></span> <span class='ocrx_word' id='word_1_300' title='bbox 1046 2178 1100 2232; x_wconf 88' lang='lat' dir='ltr'><strong>in</strong></span> <span class='ocrx_word' id='word_1_301' title='bbox 1117 2175 1234 2244; x_wconf 87' lang='lat' dir='ltr'><strong>ejus</strong></span> <span class='ocrx_word' id='word_1_302' title='bbox 1253 2176 1570 2245; x_wconf 79' lang='lat' dir='ltr'><strong>perditione.</strong></span> <span class='ocrx_word' id='word_1_303' title='bbox 1599 2177 1664 2230; x_wconf 86' lang='lat' dir='ltr'><strong>Et</strong></span> <span class='ocrx_word' id='word_1_304' title='bbox 1682 2184 1883 2246; x_wconf 85' lang='lat' dir='ltr'><strong>quanto</strong></span> 
     </span>
    </p>
   </div>
   <div class='ocr_carea' id='block_1_39' title="bbox 314 2265 1882 2338">
    <p class='ocr_par' dir='ltr' id='par_1_39' title="bbox 314 2265 1882 2338">
     <span class='ocr_line' id='line_1_39' title="bbox 314 2265 1882 2338; baseline 0 -16"><span class='ocrx_word' id='word_1_305' title='bbox 314 2271 491 2323; x_wconf 77' lang='lat' dir='ltr'><strong>minor</strong></span> <span class='ocrx_word' id='word_1_306' title='bbox 547 2267 907 2324; x_wconf 81' lang='lat' dir='ltr'><strong>commoditas</strong></span> <span class='ocrx_word' id='word_1_307' title='bbox 959 2268 1015 2323; x_wconf 88' lang='lat' dir='ltr'><strong>in</strong></span> <span class='ocrx_word' id='word_1_308' title='bbox 1062 2268 1410 2338; x_wconf 86' lang='lat' dir='ltr'><strong>possessione</strong></span> <span class='ocrx_word' id='word_1_309' title='bbox 1458 2265 1675 2336; x_wconf 88' lang='lat' dir='ltr'><strong>aliqua,</strong></span> <span class='ocrx_word' id='word_1_310' title='bbox 1731 2275 1882 2322; x_wconf 89' lang='lat' dir='ltr'><strong>tanto</strong></span> 
     </span>
    </p>
   </div>
   <div class='ocr_carea' id='block_1_40' title="bbox 312 2355 1883 2426">
    <p class='ocr_par' dir='ltr' id='par_1_40' title="bbox 312 2355 1883 2426">
     <span class='ocr_line' id='line_1_40' title="bbox 312 2355 1883 2426; baseline -0.002 -12"><span class='ocrx_word' id='word_1_311' title='bbox 312 2359 487 2414; x_wconf 75' lang='lat' dir='ltr'><strong>minor</strong></span> <span class='ocrx_word' id='word_1_312' title='bbox 524 2367 605 2412; x_wconf 83' lang='lat' dir='ltr'><strong>est</strong></span> <span class='ocrx_word' id='word_1_313' title='bbox 631 2356 784 2413; x_wconf 84' lang='lat' dir='ltr'><strong>dolor</strong></span> <span class='ocrx_word' id='word_1_314' title='bbox 806 2357 858 2411; x_wconf 84' lang='lat' dir='ltr'><strong>in</strong></span> <span class='ocrx_word' id='word_1_315' title='bbox 889 2356 1055 2425; x_wconf 85' lang='lat' dir='ltr'><strong>ipsius</strong></span> <span class='ocrx_word' id='word_1_316' title='bbox 1079 2355 1372 2411; x_wconf 87' lang='lat' dir='ltr'><strong>amissione</strong></span> <span class='ocrx_word' id='word_1_317' title='bbox 1404 2374 1417 2408; x_wconf 89' lang='lat'><strong>:</strong></span> <span class='ocrx_word' id='word_1_318' title='bbox 1448 2356 1590 2424; x_wconf 86' lang='lat' dir='ltr'><strong>quod</strong></span> <span class='ocrx_word' id='word_1_319' title='bbox 1615 2355 1883 2426; x_wconf 74' lang='lat' dir='ltr'><strong>signiﬁcat</strong></span> 
     </span>
    </p>
   </div>
   <div class='ocr_carea' id='block_1_41' title="bbox 310 2443 1879 2515">
    <p class='ocr_par' dir='ltr' id='par_1_41' title="bbox 310 2443 1879 2515">
     <span class='ocr_line' id='line_1_41' title="bbox 310 2443 1879 2515; baseline -0.002 -13"><span class='ocrx_word' id='word_1_320' title='bbox 310 2448 481 2515; x_wconf 85' lang='lat' dir='ltr'><strong>major</strong></span> <span class='ocrx_word' id='word_1_321' title='bbox 510 2462 773 2503; x_wconf 81' lang='lat' dir='ltr'><strong>numerus</strong></span> <span class='ocrx_word' id='word_1_322' title='bbox 813 2446 867 2500; x_wconf 91' lang='lat' dir='ltr'><strong>in</strong></span> <span class='ocrx_word' id='word_1_323' title='bbox 906 2446 1059 2500; x_wconf 81' lang='lat' dir='ltr'><strong>bovis</strong></span> <span class='ocrx_word' id='word_1_324' title='bbox 1084 2445 1461 2507; x_wconf 89' lang='lat' dir='ltr'><strong>restitutione,</strong></span> <span class='ocrx_word' id='word_1_325' title='bbox 1508 2454 1563 2500; x_wconf 89' lang='lat' dir='ltr'><strong>et</strong></span> <span class='ocrx_word' id='word_1_326' title='bbox 1608 2445 1787 2499; x_wconf 89' lang='lat' dir='ltr'><strong>minor</strong></span> <span class='ocrx_word' id='word_1_327' title='bbox 1825 2443 1879 2499; x_wconf 91' lang='lat' dir='ltr'><strong>in</strong></span> 
     </span>
    </p>
   </div>
   <div class='ocr_carea' id='block_1_42' title="bbox 310 2536 1878 2608">
    <p class='ocr_par' dir='ltr' id='par_1_42' title="bbox 310 2536 1878 2608">
     <span class='ocr_line' id='line_1_42' title="bbox 310 2536 1878 2608; baseline -0.002 -14"><span class='ocrx_word' id='word_1_328' title='bbox 310 2542 442 2596; x_wconf 83' lang='lat' dir='ltr'><strong>ovis.</strong></span> <span class='ocrx_word' id='word_1_329' title='bbox 480 2540 584 2607; x_wconf 76' lang='lat' dir='ltr'><strong>Qui</strong></span> <span class='ocrx_word' id='word_1_330' title='bbox 623 2539 767 2594; x_wconf 87' lang='lat' dir='ltr'><strong>enim</strong></span> <span class='ocrx_word' id='word_1_331' title='bbox 804 2538 1097 2608; x_wconf 77' lang='lat' dir='ltr'><strong>quemlibet</strong></span> <span class='ocrx_word' id='word_1_332' title='bbox 1129 2538 1406 2601; x_wconf 84' lang='lat' dir='ltr'><strong>doctorem</strong></span> <span class='ocrx_word' id='word_1_333' title='bbox 1442 2554 1473 2593; x_wconf 90' lang='lat' dir='ltr'><strong>a</strong></span> <span class='ocrx_word' id='word_1_334' title='bbox 1504 2537 1660 2608; x_wconf 83' lang='lat' dir='ltr'><strong>plebe</strong></span> <span class='ocrx_word' id='word_1_335' title='bbox 1694 2536 1878 2599; x_wconf 74' lang='lat' dir='ltr'><strong>Dami-</strong></span> 
     </span>
    </p>
   </div>
   <div class='ocr_carea' id='block_1_43' title="bbox 313 2626 1880 2701">
    <p class='ocr_par' dir='ltr' id='par_1_43' title="bbox 313 2626 1880 2701">
     <span class='ocr_line' id='line_1_43' title="bbox 313 2626 1880 2701; baseline -0.003 -15"><span class='ocrx_word' id='word_1_336' title='bbox 313 2632 429 2686; x_wconf 84' lang='lat' dir='ltr'><strong>nica</strong></span> <span class='ocrx_word' id='word_1_337' title='bbox 462 2645 561 2701; x_wconf 89' lang='lat' dir='ltr'><strong>per</strong></span> <span class='ocrx_word' id='word_1_338' title='bbox 591 2629 831 2683; x_wconf 76' lang='lat' dir='ltr'><strong>fraudem</strong></span> <span class='ocrx_word' id='word_1_339' title='bbox 863 2628 1073 2693; x_wconf 77' lang='lat' dir='ltr'><strong>evellit,</strong></span> <span class='ocrx_word' id='word_1_340' title='bbox 1112 2627 1293 2684; x_wconf 84' lang='lat' dir='ltr'><strong>multis</strong></span> <span class='ocrx_word' id='word_1_341' title='bbox 1320 2635 1513 2693; x_wconf 86' lang='lat' dir='ltr'><strong>nocet;</strong></span> <span class='ocrx_word' id='word_1_342' title='bbox 1557 2634 1613 2682; x_wconf 90' lang='lat' dir='ltr'><strong>et</strong></span> <span class='ocrx_word' id='word_1_343' title='bbox 1648 2641 1749 2696; x_wconf 87' lang='lat' dir='ltr'><strong>pro</strong></span> <span class='ocrx_word' id='word_1_344' title='bbox 1775 2626 1880 2681; x_wconf 86' lang='lat' dir='ltr'><strong>hoc</strong></span> 
     </span>
    </p>
   </div>
   <div class='ocr_carea' id='block_1_44' title="bbox 311 2718 1880 2788">
    <p class='ocr_par' dir='ltr' id='par_1_44' title="bbox 311 2718 1880 2788">
     <span class='ocr_line' id='line_1_44' title="bbox 311 2718 1880 2788; baseline -0.001 -11"><span class='ocrx_word' id='word_1_345' title='bbox 311 2735 531 2777; x_wconf 82' lang='lat' dir='ltr'><strong>necesse</strong></span> <span class='ocrx_word' id='word_1_346' title='bbox 556 2727 643 2775; x_wconf 85' lang='lat' dir='ltr'><strong>est</strong></span> <span class='ocrx_word' id='word_1_347' title='bbox 668 2726 726 2772; x_wconf 87' lang='lat' dir='ltr'><strong>ut</strong></span> <span class='ocrx_word' id='word_1_348' title='bbox 746 2733 935 2775; x_wconf 87' lang='lat' dir='ltr'><strong>omnes</strong></span> <span class='ocrx_word' id='word_1_349' title='bbox 959 2733 1148 2773; x_wconf 83' lang='lat' dir='ltr'><strong>sensus</strong></span> <span class='ocrx_word' id='word_1_350' title='bbox 1175 2718 1419 2788; x_wconf 85' lang='lat' dir='ltr'><strong>corporis</strong></span> <span class='ocrx_word' id='word_1_351' title='bbox 1445 2719 1525 2772; x_wconf 86' lang='lat' dir='ltr'><strong>sui</strong></span> <span class='ocrx_word' id='word_1_352' title='bbox 1550 2718 1880 2786; x_wconf 69' lang='lat' dir='ltr'><strong>pcenitentiae</strong></span> 
     </span>
    </p>
   </div>
   <div class='ocr_carea' id='block_1_45' title="bbox 310 2807 1875 2878">
    <p class='ocr_par' dir='ltr' id='par_1_45' title="bbox 310 2807 1875 2878">
     <span class='ocr_line' id='line_1_45' title="bbox 310 2807 1875 2878; baseline -0.001 -15"><span class='ocrx_word' id='word_1_353' title='bbox 310 2808 486 2865; x_wconf 80' lang='lat' dir='ltr'><strong>studio</strong></span> <span class='ocrx_word' id='word_1_354' title='bbox 520 2809 769 2878; x_wconf 67' lang='lat' dir='ltr'><strong>subigat,</strong></span> <span class='ocrx_word' id='word_1_355' title='bbox 807 2807 1062 2876; x_wconf 82' lang='lat' dir='ltr'><strong>quoniam</strong></span> <span class='ocrx_word' id='word_1_356' title='bbox 1092 2810 1385 2864; x_wconf 85' lang='lat' dir='ltr'><strong>secundum</strong></span> <span class='ocrx_word' id='word_1_357' title='bbox 1422 2807 1594 2875; x_wconf 78' lang='lat' dir='ltr'><strong>legem</strong></span> <span class='ocrx_word' id='word_1_358' title='bbox 1626 2808 1875 2873; x_wconf 87' lang='lat' dir='ltr'><strong>Domini,</strong></span> 
     </span>
    </p>
   </div>
   <div class='ocr_carea' id='block_1_46' title="bbox 308 2895 1876 2967">
    <p class='ocr_par' dir='ltr' id='par_1_46' title="bbox 308 2895 1876 2967">
     <span class='ocr_line' id='line_1_46' title="bbox 308 2895 1876 2967; baseline 0.001 -16"><span class='ocrx_word' id='word_1_359' title='bbox 308 2897 536 2967; x_wconf 72' lang='lat' dir='ltr'><strong>plenTter</strong></span> <span class='ocrx_word' id='word_1_360' title='bbox 560 2896 822 2952; x_wconf 76' lang='lat' dir='ltr'><strong>exsolvat.</strong></span> <span class='ocrx_word' id='word_1_361' title='bbox 856 2895 957 2962; x_wconf 85' lang='lat' dir='ltr'><strong>Qui</strong></span> <span class='ocrx_word' id='word_1_362' title='bbox 986 2905 1162 2951; x_wconf 78' lang='lat' dir='ltr'><strong>autem</strong></span> <span class='ocrx_word' id='word_1_363' title='bbox 1191 2897 1490 2951; x_wconf 87' lang='lat' dir='ltr'><strong>auditorem</strong></span> <span class='ocrx_word' id='word_1_364' title='bbox 1520 2895 1819 2967; x_wconf 83' lang='lat' dir='ltr'><strong>simplicem</strong></span> <span class='ocrx_word' id='word_1_365' title='bbox 1845 2914 1876 2952; x_wconf 86' lang='lat' dir='ltr'><strong>a</strong></span> 
     </span>
    </p>
   </div>
   <div class='ocr_carea' id='block_1_47' title="bbox 309 2985 1874 3061">
    <p class='ocr_par' dir='ltr' id='par_1_47' title="bbox 309 2985 1874 3061">
     <span class='ocr_line' id='line_1_47' title="bbox 309 2985 1874 3061; baseline -0.001 -19"><span class='ocrx_word' id='word_1_366' title='bbox 309 2996 446 3042; x_wconf 85' lang='lat' dir='ltr'><strong>statu</strong></span> <span class='ocrx_word' id='word_1_367' title='bbox 476 3002 577 3042; x_wconf 88' lang='lat' dir='ltr'><strong>suo</strong></span> <span class='ocrx_word' id='word_1_368' title='bbox 608 3002 706 3057; x_wconf 89' lang='lat' dir='ltr'><strong>per</strong></span> <span class='ocrx_word' id='word_1_369' title='bbox 732 2985 989 3051; x_wconf 84' lang='lat' dir='ltr'><strong>malitiam</strong></span> <span class='ocrx_word' id='word_1_370' title='bbox 1018 2986 1299 3061; x_wconf 72' lang='lat' dir='ltr'><strong>subvertit,</strong></span> <span class='ocrx_word' id='word_1_371' title='bbox 1326 3002 1521 3057; x_wconf 46' lang='lat' dir='ltr'><strong>corpus</strong></span> <span class='ocrx_word' id='word_1_372' title='bbox 1551 3003 1705 3043; x_wconf 85' lang='lat' dir='ltr'><strong>suum</strong></span> <span class='ocrx_word' id='word_1_373' title='bbox 1732 2988 1874 3057; x_wconf 87' lang='lat' dir='ltr'><strong>quod</strong></span> 
     </span>
    </p>
   </div>
   <div class='ocr_carea' id='block_1_48' title="bbox 306 3075 1878 3149">
    <p class='ocr_par' dir='ltr' id='par_1_48' title="bbox 306 3075 1878 3149">
     <span class='ocr_line' id='line_1_48' title="bbox 306 3075 1878 3149; baseline 0.002 -20"><span class='ocrx_word' id='word_1_374' title='bbox 306 3086 535 3144; x_wconf 83' lang='lat' dir='ltr'><strong>quatuor</strong></span> <span class='ocrx_word' id='word_1_375' title='bbox 559 3075 846 3130; x_wconf 87' lang='lat' dir='ltr'><strong>elementis</strong></span> <span class='ocrx_word' id='word_1_376' title='bbox 874 3083 1122 3131; x_wconf 84' lang='lat' dir='ltr'><strong>constare</strong></span> <span class='ocrx_word' id='word_1_377' title='bbox 1148 3075 1488 3132; x_wconf 78' lang='lat' dir='ltr'><strong>manifestum</strong></span> <span class='ocrx_word' id='word_1_378' title='bbox 1518 3086 1618 3142; x_wconf 88' lang='lat' dir='ltr'><strong>est,</strong></span> <span class='ocrx_word' id='word_1_379' title='bbox 1649 3088 1707 3133; x_wconf 91' lang='lat' dir='ltr'><strong>ut</strong></span> <span class='ocrx_word' id='word_1_380' title='bbox 1738 3076 1878 3149; x_wconf 86' lang='lat' dir='ltr'><strong>jeju-</strong></span> 
     </span>
    </p>
   </div>
   <div class='ocr_carea' id='block_1_49' title="bbox 309 3166 1875 3239">
    <p class='ocr_par' dir='ltr' id='par_1_49' title="bbox 309 3166 1875 3239">
     <span class='ocr_line' id='line_1_49' title="bbox 309 3166 1875 3239; baseline 0.001 -18"><span class='ocrx_word' id='word_1_381' title='bbox 309 3169 411 3222; x_wconf 90' lang='lat' dir='ltr'><strong>niis</strong></span> <span class='ocrx_word' id='word_1_382' title='bbox 438 3175 494 3222; x_wconf 89' lang='lat' dir='ltr'><strong>ct</strong></span> <span class='ocrx_word' id='word_1_383' title='bbox 517 3166 717 3237; x_wconf 78' lang='lat' dir='ltr'><strong>vigiliis</strong></span> <span class='ocrx_word' id='word_1_384' title='bbox 743 3168 992 3237; x_wconf 76' lang='lat' dir='ltr'><strong>castiget,</strong></span> <span class='ocrx_word' id='word_1_385' title='bbox 1017 3181 1234 3223; x_wconf 80' lang='lat' dir='ltr'><strong>iieeesse</strong></span> <span class='ocrx_word' id='word_1_386' title='bbox 1261 3176 1364 3235; x_wconf 88' lang='lat' dir='ltr'><strong>est,</strong></span> <span class='ocrx_word' id='word_1_387' title='bbox 1386 3168 1557 3225; x_wconf 86' lang='lat' dir='ltr'><strong>donec</strong></span> <span class='ocrx_word' id='word_1_388' title='bbox 1580 3168 1875 3239; x_wconf 80' lang='lat' dir='ltr'><strong>perfectam</strong></span> 
     </span>
    </p>
   </div>
   <div class='ocr_carea' id='block_1_50' title="bbox 308 3257 1875 3326">
    <p class='ocr_par' dir='ltr' id='par_1_50' title="bbox 308 3257 1875 3326">
     <span class='ocr_line' id='line_1_50' title="bbox 308 3257 1875 3326; baseline 0.002 -14"><span class='ocrx_word' id='word_1_389' title='bbox 308 3258 680 3313; x_wconf 79' lang='lat' dir='ltr'><strong>remissionem</strong></span> <span class='ocrx_word' id='word_1_390' title='bbox 709 3272 739 3311; x_wconf 87' lang='lat' dir='ltr'><strong>a</strong></span> <span class='ocrx_word' id='word_1_391' title='bbox 767 3257 995 3312; x_wconf 87' lang='lat' dir='ltr'><strong>Domino</strong></span> <span class='ocrx_word' id='word_1_392' title='bbox 1021 3257 1260 3326; x_wconf 88' lang='lat' dir='ltr'><strong>recipere</strong></span> <span class='ocrx_word' id='word_1_393' title='bbox 1286 3267 1574 3313; x_wconf 85' lang='lat' dir='ltr'><strong>mereatur.</strong></span> <span class='ocrx_word' id='word_1_394' title='bbox 1608 3257 1738 3314; x_wconf 85' lang='lat' dir='ltr'><strong>Item</strong></span> <span class='ocrx_word' id='word_1_395' title='bbox 1768 3257 1875 3315; x_wconf 83' lang='lat' dir='ltr'><strong>alio</strong></span> 
     </span>
    </p>
   </div>
   <div class='ocr_carea' id='block_1_51' title="bbox 306 3343 1873 3419">
    <p class='ocr_par' dir='ltr' id='par_1_51' title="bbox 306 3343 1873 3419">
     <span class='ocr_line' id='line_1_51' title="bbox 306 3343 1873 3419; baseline 0.002 -18"><span class='ocrx_word' id='word_1_396' title='bbox 306 3348 482 3401; x_wconf 78' lang='lat' dir='ltr'><strong>niodo.</strong></span> <span class='ocrx_word' id='word_1_397' title='bbox 520 3347 627 3401; x_wconf 87' lang='lat' dir='ltr'><strong>Bos</strong></span> <span class='ocrx_word' id='word_1_398' title='bbox 651 3346 851 3416; x_wconf 83' lang='lat' dir='ltr'><strong>quippe</strong></span> <span class='ocrx_word' id='word_1_399' title='bbox 876 3343 1147 3414; x_wconf 76' lang='lat' dir='ltr'><strong>subjugale</strong></span> <span class='ocrx_word' id='word_1_400' title='bbox 1169 3357 1254 3402; x_wconf 90' lang='lat' dir='ltr'><strong>est</strong></span> <span class='ocrx_word' id='word_1_401' title='bbox 1280 3347 1515 3401; x_wconf 87' lang='lat' dir='ltr'><strong>animal:</strong></span> <span class='ocrx_word' id='word_1_402' title='bbox 1545 3356 1599 3404; x_wconf 89' lang='lat' dir='ltr'><strong>et</strong></span> <span class='ocrx_word' id='word_1_403' title='bbox 1620 3347 1873 3419; x_wconf 82' lang='lat' dir='ltr'><strong>populum</strong></span> 
     </span>
    </p>
   </div>
   <div class='ocr_carea' id='block_1_52' title="bbox 304 3435 1870 3509">
    <p class='ocr_par' dir='ltr' id='par_1_52' title="bbox 304 3435 1870 3509">
     <span class='ocr_line' id='line_1_52' title="bbox 304 3435 1870 3509; baseline 0.005 -22"><span class='ocrx_word' id='word_1_404' title='bbox 304 3436 537 3503; x_wconf 86' lang='lat' dir='ltr'><strong>priorem</strong></span> <span class='ocrx_word' id='word_1_405' title='bbox 565 3436 868 3505; x_wconf 81' lang='lat' dir='ltr'><strong>signiﬁcat,</strong></span> <span class='ocrx_word' id='word_1_406' title='bbox 917 3437 1008 3505; x_wconf 90' lang='lat' dir='ltr'><strong>qui</strong></span> <span class='ocrx_word' id='word_1_407' title='bbox 1046 3437 1147 3491; x_wconf 90' lang='lat' dir='ltr'><strong>sub</strong></span> <span class='ocrx_word' id='word_1_408' title='bbox 1182 3436 1298 3509; x_wconf 84' lang='lat' dir='ltr'><strong>lege</strong></span> <span class='ocrx_word' id='word_1_409' title='bbox 1327 3435 1494 3508; x_wconf 78' lang='lat' dir='ltr'><strong>Moysi</strong></span> <span class='ocrx_word' id='word_1_410' title='bbox 1527 3440 1870 3506; x_wconf 89' lang='lat' dir='ltr'><strong>constitutus,</strong></span> 
     </span>
    </p>
   </div>
   <div class='ocr_carea' id='block_1_53' title="bbox 299 3523 1868 3602">
    <p class='ocr_par' dir='ltr' id='par_1_53' title="bbox 299 3523 1868 3602">
     <span class='ocr_line' id='line_1_53' title="bbox 299 3523 1868 3602; baseline 0.006 -24"><span class='ocrx_word' id='word_1_411' title='bbox 299 3523 559 3591; x_wconf 81' lang='lat' dir='ltr'><strong>judicium</strong></span> <span class='ocrx_word' id='word_1_412' title='bbox 597 3525 733 3596; x_wconf 79' lang='lat' dir='ltr'><strong>legis</strong></span> <span class='ocrx_word' id='word_1_413' title='bbox 767 3527 1091 3596; x_wconf 79' lang='lat' dir='ltr'><strong>expetebat,</strong></span> <span class='ocrx_word' id='word_1_414' title='bbox 1139 3527 1393 3598; x_wconf 82' lang='lat' dir='ltr'><strong>Apostolo</strong></span> <span class='ocrx_word' id='word_1_415' title='bbox 1440 3538 1595 3596; x_wconf 85' lang='lat' dir='ltr'><strong>teste,</strong></span> <span class='ocrx_word' id='word_1_416' title='bbox 1628 3533 1719 3602; x_wconf 87' lang='lat' dir='ltr'><strong>qui</strong></span> <span class='ocrx_word' id='word_1_417' title='bbox 1753 3534 1868 3589; x_wconf 87' lang='lat' dir='ltr'><strong>ait:</strong></span> 
     </span>
    </p>
   </div>
   <div class='ocr_carea' id='block_1_54' title="bbox 306 3618 1874 3695">
    <p class='ocr_par' dir='ltr' id='par_1_54' title="bbox 306 3618 1874 3695">
     <span class='ocr_line' id='line_1_54' title="bbox 306 3618 1874 3695; baseline 0.006 -23"><span class='ocrx_word' id='word_1_418' title='bbox 306 3618 613 3689; x_wconf 72' lang='lat' dir='ltr'><strong>Quicunque</strong></span> <span class='ocrx_word' id='word_1_419' title='bbox 649 3621 786 3675; x_wconf 83' lang='lat' dir='ltr'><strong>enim</strong></span> <span class='ocrx_word' id='word_1_420' title='bbox 820 3621 876 3674; x_wconf 86' lang='lat' dir='ltr'><strong>in</strong></span> <span class='ocrx_word' id='word_1_421' title='bbox 908 3620 1017 3691; x_wconf 81' lang='lat' dir='ltr'><strong>lege</strong></span> <span class='ocrx_word' id='word_1_422' title='bbox 1040 3631 1396 3690; x_wconf 84' lang='lat' dir='ltr'><strong>peccaverunt,</strong></span> <span class='ocrx_word' id='word_1_423' title='bbox 1425 3640 1515 3693; x_wconf 86' lang='lat' dir='ltr'><strong>per</strong></span> <span class='ocrx_word' id='word_1_424' title='bbox 1544 3623 1703 3695; x_wconf 82' lang='lat' dir='ltr'><strong>legem</strong></span> <span class='ocrx_word' id='word_1_425' title='bbox 1722 3626 1874 3695; x_wconf 85' lang='lat' dir='ltr'><strong>judi-</strong></span> 
     </span>
    </p>
   </div>
   <div class='ocr_carea' id='block_1_55' title="bbox 305 3708 1872 3782">
    <p class='ocr_par' dir='ltr' id='par_1_55' title="bbox 305 3708 1872 3782">
     <span class='ocr_line' id='line_1_55' title="bbox 305 3708 1872 3782; baseline 0.007 -21"><span class='ocrx_word' id='word_1_426' title='bbox 305 3710 562 3763; x_wconf 78' lang='lat' dir='ltr'><strong>cabuntur</strong></span> <span class='ocrx_word' id='word_1_427' title='bbox 603 3708 783 3779; x_wconf 86' lang='lat' dir='ltr'><strong>(Rom.</strong></span> <span class='ocrx_word' id='word_1_428' title='bbox 830 3709 913 3782; x_wconf 86' lang='grc' dir='ltr'>ιι).</span> <span class='ocrx_word' id='word_1_429' title='bbox 970 3709 1112 3781; x_wconf 84' lang='lat' dir='ltr'><strong>Ergo</strong></span> <span class='ocrx_word' id='word_1_430' title='bbox 1157 3711 1256 3766; x_wconf 89' lang='lat' dir='ltr'><strong>bos</strong></span> <span class='ocrx_word' id='word_1_431' title='bbox 1301 3711 1511 3768; x_wconf 80' lang='lat' dir='ltr'><strong>furatus</strong></span> <span class='ocrx_word' id='word_1_432' title='bbox 1557 3723 1612 3768; x_wconf 90' lang='lat' dir='ltr'><strong>et</strong></span> <span class='ocrx_word' id='word_1_433' title='bbox 1657 3717 1872 3772; x_wconf 89' lang='lat' dir='ltr'><strong>occisus</strong></span> 
     </span>
    </p>
   </div>
   <div class='ocr_carea' id='block_1_56' title="bbox 303 3798 1866 3873">
    <p class='ocr_par' dir='ltr' id='par_1_56' title="bbox 303 3798 1866 3873">
     <span class='ocr_line' id='line_1_56' title="bbox 303 3798 1866 3873; baseline 0.003 -18"><span class='ocrx_word' id='word_1_434' title='bbox 303 3798 418 3855; x_wconf 84' lang='lat' dir='ltr'><strong>sive</strong></span> <span class='ocrx_word' id='word_1_435' title='bbox 474 3799 727 3854; x_wconf 88' lang='lat' dir='ltr'><strong>venditus</strong></span> <span class='ocrx_word' id='word_1_436' title='bbox 757 3840 774 3864; x_wconf 92' lang='lat'><strong>,</strong></span> <span class='ocrx_word' id='word_1_437' title='bbox 840 3800 1076 3869; x_wconf 88' lang='lat' dir='ltr'><strong>quinque</strong></span> <span class='ocrx_word' id='word_1_438' title='bbox 1133 3802 1308 3857; x_wconf 86' lang='lat' dir='ltr'><strong>bubus</strong></span> <span class='ocrx_word' id='word_1_439' title='bbox 1368 3812 1513 3858; x_wconf 84' lang='lat' dir='ltr'><strong>recte</strong></span> <span class='ocrx_word' id='word_1_440' title='bbox 1572 3814 1866 3873; x_wconf 84' lang='lat' dir='ltr'><strong>pensatur,</strong></span> 
     </span>
    </p>
   </div>
   <div class='ocr_carea' id='block_1_57' title="bbox 301 3888 1868 3962">
    <p class='ocr_par' dir='ltr' id='par_1_57' title="bbox 301 3888 1868 3962">
     <span class='ocr_line' id='line_1_57' title="bbox 301 3888 1868 3962; baseline 0.004 -17"><span class='ocrx_word' id='word_1_441' title='bbox 301 3905 421 3945; x_wconf 88' lang='lat' dir='ltr'><strong>cum</strong></span> <span class='ocrx_word' id='word_1_442' title='bbox 462 3891 624 3945; x_wconf 87' lang='lat' dir='ltr'><strong>homo</strong></span> <span class='ocrx_word' id='word_1_443' title='bbox 660 3888 877 3944; x_wconf 70' lang='lat' dir='ltr'><strong>Iudaeus</strong></span> <span class='ocrx_word' id='word_1_444' title='bbox 912 3898 1097 3946; x_wconf 88' lang='lat' dir='ltr'><strong>contra</strong></span> <span class='ocrx_word' id='word_1_445' title='bbox 1139 3891 1307 3962; x_wconf 81' lang='lat' dir='ltr'><strong>legem</strong></span> <span class='ocrx_word' id='word_1_446' title='bbox 1347 3891 1533 3957; x_wconf 72' lang='lat' dir='ltr'><strong>laesus,</strong></span> <span class='ocrx_word' id='word_1_447' title='bbox 1573 3895 1868 3951; x_wconf 88' lang='lat' dir='ltr'><strong>secundum</strong></span> 
     </span>
    </p>
   </div>
   <div class='ocr_carea' id='block_1_58' title="bbox 304 3980 1867 4057">
    <p class='ocr_par' dir='ltr' id='par_1_58' title="bbox 304 3980 1867 4057">
     <span class='ocr_line' id='line_1_58' title="bbox 304 3980 1867 4057; baseline 0.005 -23"><span class='ocrx_word' id='word_1_448' title='bbox 304 3980 472 4049; x_wconf 78' lang='lat' dir='ltr'><strong>legem</strong></span> <span class='ocrx_word' id='word_1_449' title='bbox 526 3980 824 4035; x_wconf 86' lang='lat' dir='ltr'><strong>ulciscitur.</strong></span> <span class='ocrx_word' id='word_1_450' title='bbox 892 3980 1037 4036; x_wconf 83' lang='lat' dir='ltr'><strong>Unde</strong></span> <span class='ocrx_word' id='word_1_451' title='bbox 1085 3989 1140 4036; x_wconf 89' lang='lat' dir='ltr'><strong>et</strong></span> <span class='ocrx_word' id='word_1_452' title='bbox 1189 3983 1243 4036; x_wconf 90' lang='lat' dir='ltr'><strong>in</strong></span> <span class='ocrx_word' id='word_1_453' title='bbox 1291 3982 1400 4053; x_wconf 87' lang='lat' dir='ltr'><strong>ipsa</strong></span> <span class='ocrx_word' id='word_1_454' title='bbox 1452 3983 1566 4055; x_wconf 81' lang='lat' dir='ltr'><strong>lege</strong></span> <span class='ocrx_word' id='word_1_455' title='bbox 1610 3987 1867 4057; x_wconf 90' lang='lat' dir='ltr'><strong>scriptum</strong></span> 
     </span>
    </p>
   </div>
   <div class='ocr_carea' id='block_1_59' title="bbox 300 4070 1863 4137">
    <p class='ocr_par' dir='ltr' id='par_1_59' title="bbox 300 4070 1863 4137">
     <span class='ocr_line' id='line_1_59' title="bbox 300 4070 1863 4137; baseline 0.004 -12"><span class='ocrx_word' id='word_1_456' title='bbox 300 4080 382 4125; x_wconf 83' lang='lat' dir='ltr'><strong>est</strong></span> <span class='ocrx_word' id='word_1_457' title='bbox 430 4089 444 4124; x_wconf 89' lang='lat'><strong>:</strong></span> <span class='ocrx_word' id='word_1_458' title='bbox 515 4070 622 4136; x_wconf 79' lang='lat' dir='ltr'><strong>Qui</strong></span> <span class='ocrx_word' id='word_1_459' title='bbox 685 4071 930 4124; x_wconf 72' lang='lat' dir='ltr'><strong>occiderit</strong></span> <span class='ocrx_word' id='word_1_460' title='bbox 990 4072 1288 4137; x_wconf 77' lang='lat' dir='ltr'><strong>hominem,</strong></span> <span class='ocrx_word' id='word_1_461' title='bbox 1360 4084 1525 4127; x_wconf 88' lang='lat' dir='ltr'><strong>morte</strong></span> <span class='ocrx_word' id='word_1_462' title='bbox 1589 4078 1863 4131; x_wconf 86' lang='lat' dir='ltr'><strong>moriatur.</strong></span> 
     </span>
    </p>
   </div>
   <div class='ocr_carea' id='block_1_60' title="bbox 298 4158 1867 4231">
    <p class='ocr_par' dir='ltr' id='par_1_60' title="bbox 298 4158 1867 4231">
     <span class='ocr_line' id='line_1_60' title="bbox 298 4158 1867 4231; baseline 0.003 -17"><span class='ocrx_word' id='word_1_463' title='bbox 298 4160 364 4214; x_wconf 83' lang='lat' dir='ltr'><strong>Et</strong></span> <span class='ocrx_word' id='word_1_464' title='bbox 391 4162 517 4216; x_wconf 86' lang='lat' dir='ltr'><strong>item</strong></span> <span class='ocrx_word' id='word_1_465' title='bbox 544 4179 560 4214; x_wconf 86' lang='lat'><strong>;</strong></span> <span class='ocrx_word' id='word_1_466' title='bbox 596 4158 820 4214; x_wconf 82' lang='lat' dir='ltr'><strong>Oculum</strong></span> <span class='ocrx_word' id='word_1_467' title='bbox 858 4176 950 4229; x_wconf 86' lang='lat' dir='ltr'><strong>pro</strong></span> <span class='ocrx_word' id='word_1_468' title='bbox 977 4160 1149 4225; x_wconf 84' lang='lat' dir='ltr'><strong>oculo,</strong></span> <span class='ocrx_word' id='word_1_469' title='bbox 1179 4161 1381 4215; x_wconf 84' lang='lat' dir='ltr'><strong>dentem</strong></span> <span class='ocrx_word' id='word_1_470' title='bbox 1431 4179 1524 4231; x_wconf 90' lang='lat' dir='ltr'><strong>pro</strong></span> <span class='ocrx_word' id='word_1_471' title='bbox 1560 4164 1731 4228; x_wconf 86' lang='lat' dir='ltr'><strong>dente,</strong></span> <span class='ocrx_word' id='word_1_472' title='bbox 1756 4183 1867 4219; x_wconf 83' lang='lat' dir='ltr'><strong>nta-</strong></span> 
     </span>
    </p>
   </div>
   <div class='ocr_carea' id='block_1_61' title="bbox 299 4248 1864 4324">
    <p class='ocr_par' dir='ltr' id='par_1_61' title="bbox 299 4248 1864 4324">
     <span class='ocr_line' id='line_1_61' title="bbox 299 4248 1864 4324; baseline 0.004 -21"><span class='ocrx_word' id='word_1_473' title='bbox 299 4267 418 4303; x_wconf 83' lang='lat' dir='ltr'><strong>num</strong></span> <span class='ocrx_word' id='word_1_474' title='bbox 440 4266 536 4319; x_wconf 85' lang='lat' dir='ltr'><strong>pro</strong></span> <span class='ocrx_word' id='word_1_475' title='bbox 557 4265 738 4311; x_wconf 87' lang='lat' dir='ltr'><strong>manu,</strong></span> <span class='ocrx_word' id='word_1_476' title='bbox 768 4256 824 4303; x_wconf 90' lang='lat' dir='ltr'><strong>et</strong></span> <span class='ocrx_word' id='word_1_477' title='bbox 849 4257 1060 4303; x_wconf 72' lang='lat' dir='ltr'><strong>caetera.</strong></span> <span class='ocrx_word' id='word_1_478' title='bbox 1090 4248 1218 4305; x_wconf 82' lang='lat' dir='ltr'><strong>Ovis</strong></span> <span class='ocrx_word' id='word_1_479' title='bbox 1241 4260 1442 4316; x_wconf 85' lang='lat' dir='ltr'><strong>autem,</strong></span> <span class='ocrx_word' id='word_1_480' title='bbox 1471 4255 1611 4322; x_wconf 80' lang='lat' dir='ltr'><strong>quod</strong></span> <span class='ocrx_word' id='word_1_481' title='bbox 1639 4255 1864 4324; x_wconf 76' lang='lat' dir='ltr'><strong>simplex</strong></span> 
     </span>
    </p>
   </div>
   <div class='ocr_carea' id='block_1_62' title="bbox 295 4338 1863 4415">
    <p class='ocr_par' dir='ltr' id='par_1_62' title="bbox 295 4338 1863 4415">
     <span class='ocr_line' id='line_1_62' title="bbox 295 4338 1863 4415; baseline 0.005 -22"><span class='ocrx_word' id='word_1_482' title='bbox 295 4349 377 4393; x_wconf 85' lang='lat' dir='ltr'><strong>est</strong></span> <span class='ocrx_word' id='word_1_483' title='bbox 418 4340 653 4404; x_wconf 88' lang='lat' dir='ltr'><strong>animal,</strong></span> <span class='ocrx_word' id='word_1_484' title='bbox 692 4338 959 4394; x_wconf 86' lang='lat' dir='ltr'><strong>hominem</strong></span> <span class='ocrx_word' id='word_1_485' title='bbox 1008 4339 1383 4411; x_wconf 80' lang='lat' dir='ltr'><strong>Evangelicum</strong></span> <span class='ocrx_word' id='word_1_486' title='bbox 1433 4344 1534 4399; x_wconf 89' lang='lat' dir='ltr'><strong>sub</strong></span> <span class='ocrx_word' id='word_1_487' title='bbox 1572 4347 1740 4415; x_wconf 83' lang='lat' dir='ltr'><strong>gratia</strong></span> <span class='ocrx_word' id='word_1_488' title='bbox 1772 4348 1863 4401; x_wconf 81' lang='lat' dir='ltr'><strong>Dei</strong></span> 
     </span>
    </p>
   </div>
   <div class='ocr_carea' id='block_1_63' title="bbox 296 4427 1865 4496">
    <p class='ocr_par' dir='ltr' id='par_1_63' title="bbox 296 4427 1865 4496">
     <span class='ocr_line' id='line_1_63' title="bbox 296 4427 1865 4496; baseline 0.004 -14"><span class='ocrx_word' id='word_1_489' title='bbox 296 4429 648 4482; x_wconf 77' lang='lat' dir='ltr'><strong>constitutum</strong></span> <span class='ocrx_word' id='word_1_490' title='bbox 709 4427 979 4496; x_wconf 79' lang='lat' dir='ltr'><strong>signiﬁcat</strong></span> <span class='ocrx_word' id='word_1_491' title='bbox 1013 4443 1027 4482; x_wconf 90' lang='lat'><strong>:</strong></span> <span class='ocrx_word' id='word_1_492' title='bbox 1066 4432 1365 4486; x_wconf 84' lang='lat' dir='ltr'><strong>membrum</strong></span> <span class='ocrx_word' id='word_1_493' title='bbox 1421 4434 1667 4488; x_wconf 85' lang='lat' dir='ltr'><strong>videlicet</strong></span> <span class='ocrx_word' id='word_1_494' title='bbox 1727 4436 1865 4490; x_wconf 86' lang='lat' dir='ltr'><strong>illius</strong></span> 
     </span>
    </p>
   </div>
   <div class='ocr_carea' id='block_1_64' title="bbox 294 4518 1864 4592">
    <p class='ocr_par' dir='ltr' id='par_1_64' title="bbox 294 4518 1864 4592">
     <span class='ocr_line' id='line_1_64' title="bbox 294 4518 1864 4592; baseline 0.008 -23"><span class='ocrx_word' id='word_1_495' title='bbox 294 4520 433 4583; x_wconf 81' lang='lat' dir='ltr'><strong>ovis,</strong></span> <span class='ocrx_word' id='word_1_496' title='bbox 455 4520 523 4573; x_wconf 89' lang='lat' dir='ltr'><strong>dc</strong></span> <span class='ocrx_word' id='word_1_497' title='bbox 551 4533 659 4588; x_wconf 91' lang='lat' dir='ltr'><strong>quo</strong></span> <span class='ocrx_word' id='word_1_498' title='bbox 682 4518 948 4588; x_wconf 83' lang='lat' dir='ltr'><strong>Propheta</strong></span> <span class='ocrx_word' id='word_1_499' title='bbox 973 4520 1047 4575; x_wconf 89' lang='lat' dir='ltr'><strong>ait</strong></span> <span class='ocrx_word' id='word_1_500' title='bbox 1076 4539 1088 4573; x_wconf 92' lang='lat'><strong>:</strong></span> <span class='ocrx_word' id='word_1_501' title='bbox 1120 4519 1387 4592; x_wconf 87' lang='lat' dir='ltr'><strong>Tanquam</strong></span> <span class='ocrx_word' id='word_1_502' title='bbox 1417 4525 1526 4577; x_wconf 80' lang='lat' dir='ltr'><strong>ovis</strong></span> <span class='ocrx_word' id='word_1_503' title='bbox 1553 4525 1622 4577; x_wconf 90' lang='lat' dir='ltr'><strong>ad</strong></span> <span class='ocrx_word' id='word_1_504' title='bbox 1649 4529 1864 4581; x_wconf 85' lang='lat' dir='ltr'><strong>occisio-</strong></span> 
     </span>
    </p>
   </div>
   <div class='ocr_carea' id='block_1_65' title="bbox 295 4609 1859 4690">
    <p class='ocr_par' dir='ltr' id='par_1_65' title="bbox 295 4609 1859 4690">
     <span class='ocr_line' id='line_1_65' title="bbox 295 4609 1859 4690; baseline 0.008 -29"><span class='ocrx_word' id='word_1_505' title='bbox 295 4624 407 4663; x_wconf 75' lang='lat' dir='ltr'><strong>nem</strong></span> <span class='ocrx_word' id='word_1_506' title='bbox 446 4609 636 4662; x_wconf 74' lang='lat' dir='ltr'><strong>ductus</strong></span> <span class='ocrx_word' id='word_1_507' title='bbox 663 4619 757 4674; x_wconf 82' lang='lat' dir='ltr'><strong>est,</strong></span> <span class='ocrx_word' id='word_1_508' title='bbox 783 4621 830 4664; x_wconf 89' lang='lat' dir='ltr'><strong>et</strong></span> <span class='ocrx_word' id='word_1_509' title='bbox 856 4627 957 4664; x_wconf 89' lang='lat' dir='ltr'><strong>non</strong></span> <span class='ocrx_word' id='word_1_510' title='bbox 985 4612 1185 4681; x_wconf 87' lang='lat' dir='ltr'><strong>aperuit</strong></span> <span class='ocrx_word' id='word_1_511' title='bbox 1240 4630 1299 4667; x_wconf 89' lang='lat' dir='ltr'><strong>os</strong></span> <span class='ocrx_word' id='word_1_512' title='bbox 1354 4630 1506 4667; x_wconf 86' lang='lat' dir='ltr'><strong>suum</strong></span> <span class='ocrx_word' id='word_1_513' title='bbox 1537 4614 1671 4686; x_wconf 74' lang='lat' dir='ltr'><strong>(lea.</strong></span> <span class='ocrx_word' id='word_1_514' title='bbox 1718 4618 1859 4690; x_wconf 79' lang='lat' dir='ltr'><strong>LIII).</strong></span> 
     </span>
    </p>
   </div>
   <div class='ocr_carea' id='block_1_66' title="bbox 294 4697 1859 4775">
    <p class='ocr_par' dir='ltr' id='par_1_66' title="bbox 294 4697 1859 4775">
     <span class='ocr_line' id='line_1_66' title="bbox 294 4697 1859 4775; baseline 0.007 -23"><span class='ocrx_word' id='word_1_515' title='bbox 294 4697 453 4769; x_wconf 80' lang='lat' dir='ltr'><strong>Cujus</strong></span> <span class='ocrx_word' id='word_1_516' title='bbox 480 4700 725 4755; x_wconf 87' lang='lat' dir='ltr'><strong>imitator</strong></span> <span class='ocrx_word' id='word_1_517' title='bbox 750 4701 1010 4767; x_wconf 79' lang='lat' dir='ltr'><strong>existens,</strong></span> <span class='ocrx_word' id='word_1_518' title='bbox 1039 4711 1219 4758; x_wconf 87' lang='lat' dir='ltr'><strong>servat</strong></span> <span class='ocrx_word' id='word_1_519' title='bbox 1245 4704 1373 4758; x_wconf 90' lang='lat' dir='ltr'><strong>illud</strong></span> <span class='ocrx_word' id='word_1_520' title='bbox 1407 4706 1549 4775; x_wconf 91' lang='lat' dir='ltr'><strong>quod</strong></span> <span class='ocrx_word' id='word_1_521' title='bbox 1578 4707 1633 4761; x_wconf 90' lang='lat' dir='ltr'><strong>in</strong></span> <span class='ocrx_word' id='word_1_522' title='bbox 1682 4709 1859 4764; x_wconf 84' lang='lat' dir='ltr'><strong>Evan-</strong></span> 
     </span>
    </p>
   </div>
   <div class='ocr_carea' id='block_1_67' title="bbox 291 4780 1860 4862">
    <p class='ocr_par' dir='ltr' id='par_1_67' title="bbox 291 4780 1860 4862">
     <span class='ocr_line' id='line_1_67' title="bbox 291 4780 1860 4862; baseline 0.008 -21"><span class='ocrx_word' id='word_1_523' title='bbox 291 4790 431 4859; x_wconf 72' lang='lat' dir='ltr'><strong>gelia</strong></span> <span class='ocrx_word' id='word_1_524' title='bbox 450 4791 711 4860; x_wconf 88' lang='lat' dir='ltr'><strong>scriptum</strong></span> <span class='ocrx_word' id='word_1_525' title='bbox 737 4800 861 4846; x_wconf 88' lang='lat' dir='ltr'><strong>est:</strong></span> <span class='ocrx_word' id='word_1_526' title='bbox 894 4789 952 4847; x_wconf 85' lang='lat' dir='ltr'><strong>Si</strong></span> <span class='ocrx_word' id='word_1_527' title='bbox 988 4780 1104 4862; x_wconf 69' lang='lat' dir='ltr'><strong>quis</strong></span> <span class='ocrx_word' id='word_1_528' title='bbox 1151 4795 1458 4862; x_wconf 76' lang='lat' dir='ltr'><strong>percusserit</strong></span> <span class='ocrx_word' id='word_1_529' title='bbox 1498 4806 1547 4850; x_wconf 90' lang='lat' dir='ltr'><strong>te</strong></span> <span class='ocrx_word' id='word_1_530' title='bbox 1584 4797 1639 4851; x_wconf 87' lang='lat' dir='ltr'><strong>in</strong></span> <span class='ocrx_word' id='word_1_531' title='bbox 1689 4804 1860 4854; x_wconf 72' lang='lat' dir='ltr'><strong>dexte-</strong></span> 
     </span>
    </p>
   </div>
   <div class='ocr_carea' id='block_1_68' title="bbox 294 4879 1860 4960">
    <p class='ocr_par' dir='ltr' id='par_1_68' title="bbox 294 4879 1860 4960">
     <span class='ocr_line' id='line_1_68' title="bbox 294 4879 1860 4960; baseline 0.01 -31"><span class='ocrx_word' id='word_1_532' title='bbox 294 4895 404 4931; x_wconf 78' lang='lat' dir='ltr'><strong>ram</strong></span> <span class='ocrx_word' id='word_1_533' title='bbox 447 4881 743 4943; x_wconf 57' lang='lat' dir='ltr'><strong>maxillam,</strong></span> <span class='ocrx_word' id='word_1_534' title='bbox 769 4879 938 4950; x_wconf 76' lang='lat' dir='ltr'><strong>pra’be</strong></span> <span class='ocrx_word' id='word_1_535' title='bbox 971 4880 1050 4934; x_wconf 83' lang='lat' dir='ltr'><strong>illi</strong></span> <span class='ocrx_word' id='word_1_536' title='bbox 1077 4891 1122 4935; x_wconf 87' lang='lat' dir='ltr'><strong>et</strong></span> <span class='ocrx_word' id='word_1_537' title='bbox 1152 4881 1371 4937; x_wconf 81' lang='lat' dir='ltr'><strong>alterum</strong></span> <span class='ocrx_word' id='word_1_538' title='bbox 1420 4883 1633 4955; x_wconf 76' lang='lat' dir='ltr'><strong>(Matth.</strong></span> <span class='ocrx_word' id='word_1_539' title='bbox 1668 4889 1741 4960; x_wconf 89' lang='lat' dir='ltr'><strong>v).</strong></span> <span class='ocrx_word' id='word_1_540' title='bbox 1795 4890 1860 4944; x_wconf 85' lang='lat' dir='ltr'><strong>Et</strong></span> 
     </span>
    </p>
   </div>
   <div class='ocr_carea' id='block_1_69' title="bbox 294 4968 1855 5052">
    <p class='ocr_par' dir='ltr' id='par_1_69' title="bbox 294 4968 1855 5052">
     <span class='ocr_line' id='line_1_69' title="bbox 294 4968 1855 5052; baseline 0.008 -30"><span class='ocrx_word' id='word_1_541' title='bbox 294 4968 419 5023; x_wconf 78' lang='lat' dir='ltr'><strong>item</strong></span> <span class='ocrx_word' id='word_1_542' title='bbox 450 4988 463 5023; x_wconf 93' lang='lat'><strong>:</strong></span> <span class='ocrx_word' id='word_1_543' title='bbox 491 4968 706 5035; x_wconf 73' lang='lat' dir='ltr'><strong>Dilagife</strong></span> <span class='ocrx_word' id='word_1_544' title='bbox 730 4971 967 5024; x_wconf 87' lang='lat' dir='ltr'><strong>inimicos</strong></span> <span class='ocrx_word' id='word_1_545' title='bbox 996 4981 1208 5037; x_wconf 82' lang='lat' dir='ltr'><strong>vestros,</strong></span> <span class='ocrx_word' id='word_1_546' title='bbox 1241 4982 1289 5027; x_wconf 82' lang='lat' dir='ltr'><strong>et</strong></span> <span class='ocrx_word' id='word_1_547' title='bbox 1326 4975 1609 5046; x_wconf 80' lang='lat' dir='ltr'><strong>benefacite</strong></span> <span class='ocrx_word' id='word_1_548' title='bbox 1638 4978 1743 5040; x_wconf 85' lang='lat' dir='ltr'><strong>his,</strong></span> <span class='ocrx_word' id='word_1_549' title='bbox 1767 4982 1855 5052; x_wconf 83' lang='lat' dir='ltr'><strong>qui</strong></span> 
     </span>
    </p>
   </div>
   <div class='ocr_carea' id='block_1_70' title="bbox 290 5058 1858 5132">
    <p class='ocr_par' dir='ltr' id='par_1_70' title="bbox 290 5058 1858 5132">
     <span class='ocr_line' id='line_1_70' title="bbox 290 5058 1858 5132; baseline 0.01 -22"><span class='ocrx_word' id='word_1_550' title='bbox 290 5059 506 5113; x_wconf 80' lang='lat' dir='ltr'><strong>oderunt</strong></span> <span class='ocrx_word' id='word_1_551' title='bbox 540 5076 649 5114; x_wconf 85' lang='lat' dir='ltr'><strong>ros.</strong></span> <span class='ocrx_word' id='word_1_552' title='bbox 678 5058 785 5115; x_wconf 80' lang='lat' dir='ltr'><strong>Sed</strong></span> <span class='ocrx_word' id='word_1_553' title='bbox 811 5074 880 5116; x_wconf 85' lang='lat' dir='ltr'><strong>ne</strong></span> <span class='ocrx_word' id='word_1_554' title='bbox 921 5059 1078 5127; x_wconf 87' lang='lat' dir='ltr'><strong>hujus</strong></span> <span class='ocrx_word' id='word_1_555' title='bbox 1107 5062 1366 5132; x_wconf 85' lang='lat' dir='ltr'><strong>simplicis</strong></span> <span class='ocrx_word' id='word_1_556' title='bbox 1419 5066 1665 5122; x_wconf 87' lang='lat' dir='ltr'><strong>animalis</strong></span> <span class='ocrx_word' id='word_1_557' title='bbox 1710 5068 1858 5126; x_wconf 79' lang='lat' dir='ltr'><strong>hcsio</strong></span> 
     </span>
    </p>
   </div>
   <div class='ocr_carea' id='block_1_71' title="bbox 290 5148 1857 5229">
    <p class='ocr_par' dir='ltr' id='par_1_71' title="bbox 290 5148 1857 5229">
     <span class='ocr_line' id='line_1_71' title="bbox 290 5148 1857 5229; baseline 0.006 -27"><span class='ocrx_word' id='word_1_558' title='bbox 290 5148 451 5204; x_wconf 84' lang='lat' dir='ltr'><strong>inulta</strong></span> <span class='ocrx_word' id='word_1_559' title='bbox 476 5150 741 5221; x_wconf 67' lang='lat' dir='ltr'><strong>prmteriri</strong></span> <span class='ocrx_word' id='word_1_560' title='bbox 771 5148 1036 5213; x_wconf 88' lang='lat' dir='ltr'><strong>videatur,</strong></span> <span class='ocrx_word' id='word_1_561' title='bbox 1064 5149 1337 5221; x_wconf 85' lang='lat' dir='ltr'><strong>legislator</strong></span> <span class='ocrx_word' id='word_1_562' title='bbox 1375 5152 1529 5222; x_wconf 85' lang='lat' dir='ltr'><strong>jubet</strong></span> <span class='ocrx_word' id='word_1_563' title='bbox 1554 5156 1694 5225; x_wconf 89' lang='lat' dir='ltr'><strong>quod</strong></span> <span class='ocrx_word' id='word_1_564' title='bbox 1724 5174 1857 5229; x_wconf 83' lang='lat' dir='ltr'><strong>qua-</strong></span> 
     </span>
    </p>
   </div>
   <div class='ocr_carea' id='block_1_72' title="bbox 288 5242 1853 5319">
    <p class='ocr_par' dir='ltr' id='par_1_72' title="bbox 288 5242 1853 5319">
     <span class='ocr_line' id='line_1_72' title="bbox 288 5242 1853 5319; baseline 0.008 -25"><span class='ocrx_word' id='word_1_565' title='bbox 288 5249 408 5296; x_wconf 84' lang='lat' dir='ltr'><strong>tuor</strong></span> <span class='ocrx_word' id='word_1_566' title='bbox 429 5258 553 5298; x_wconf 87' lang='lat' dir='ltr'><strong>oves</strong></span> <span class='ocrx_word' id='word_1_567' title='bbox 578 5257 677 5313; x_wconf 87' lang='lat' dir='ltr'><strong>pro</strong></span> <span class='ocrx_word' id='word_1_568' title='bbox 700 5256 809 5296; x_wconf 88' lang='lat' dir='ltr'><strong>una</strong></span> <span class='ocrx_word' id='word_1_569' title='bbox 839 5257 940 5297; x_wconf 86' lang='lat' dir='ltr'><strong>ove</strong></span> <span class='ocrx_word' id='word_1_570' title='bbox 976 5242 1285 5298; x_wconf 88' lang='lat' dir='ltr'><strong>reddantur.</strong></span> <span class='ocrx_word' id='word_1_571' title='bbox 1314 5245 1482 5316; x_wconf 78' lang='lat' dir='ltr'><strong>Igitur</strong></span> <span class='ocrx_word' id='word_1_572' title='bbox 1507 5248 1623 5303; x_wconf 85' lang='lat' dir='ltr'><strong>ovis</strong></span> <span class='ocrx_word' id='word_1_573' title='bbox 1642 5251 1853 5319; x_wconf 77' lang='lat' dir='ltr'><strong>perdita</strong></span> 
     </span>
    </p>
   </div>
   <div class='ocr_carea' id='block_1_73' title="bbox 287 5331 1858 5411">
    <p class='ocr_par' dir='ltr' id='par_1_73' title="bbox 287 5331 1858 5411">
     <span class='ocr_line' id='line_1_73' title="bbox 287 5331 1858 5411; baseline 0.009 -29"><span class='ocrx_word' id='word_1_574' title='bbox 287 5332 632 5403; x_wconf 70' lang='lat' dir='ltr'><strong>quadruplum</strong></span> <span class='ocrx_word' id='word_1_575' title='bbox 647 5331 1041 5387; x_wconf 80' lang='lat' dir='ltr'><strong>restitutionem</strong></span> <span class='ocrx_word' id='word_1_576' title='bbox 1057 5333 1247 5403; x_wconf 89' lang='lat' dir='ltr'><strong>poscit,</strong></span> <span class='ocrx_word' id='word_1_577' title='bbox 1263 5335 1387 5403; x_wconf 88' lang='lat' dir='ltr'><strong>quia</strong></span> <span class='ocrx_word' id='word_1_578' title='bbox 1401 5338 1643 5408; x_wconf 85' lang='lat' dir='ltr'><strong>quisquis</strong></span> <span class='ocrx_word' id='word_1_579' title='bbox 1656 5341 1858 5411; x_wconf 91' lang='lat' dir='ltr'><strong>simpli-</strong></span> 
     </span>
    </p>
   </div>
   <div class='ocr_carea' id='block_1_74' title="bbox 288 5421 1856 5491">
    <p class='ocr_par' dir='ltr' id='par_1_74' title="bbox 288 5421 1856 5491">
     <span class='ocr_line' id='line_1_74' title="bbox 288 5421 1856 5491; baseline 0.009 -18"><span class='ocrx_word' id='word_1_580' title='bbox 288 5422 496 5477; x_wconf 81' lang='lat' dir='ltr'><strong>citatem</strong></span> <span class='ocrx_word' id='word_1_581' title='bbox 522 5423 890 5479; x_wconf 78' lang='lat' dir='ltr'><strong>Christianam</strong></span> <span class='ocrx_word' id='word_1_582' title='bbox 907 5436 1002 5491; x_wconf 88' lang='lat' dir='ltr'><strong>per</strong></span> <span class='ocrx_word' id='word_1_583' title='bbox 1024 5421 1264 5478; x_wconf 83' lang='lat' dir='ltr'><strong>fraudem</strong></span> <span class='ocrx_word' id='word_1_584' title='bbox 1289 5426 1509 5491; x_wconf 75' lang='lat' dir='ltr'><strong>laeserit,</strong></span> <span class='ocrx_word' id='word_1_585' title='bbox 1528 5443 1746 5486; x_wconf 90' lang='lat' dir='ltr'><strong>necesse</strong></span> <span class='ocrx_word' id='word_1_586' title='bbox 1772 5442 1856 5487; x_wconf 91' lang='lat' dir='ltr'><strong>est</strong></span> 
     </span>
    </p>
   </div>
   <div class='ocr_carea' id='block_1_75' title="bbox 289 5511 1857 5593">
    <p class='ocr_par' dir='ltr' id='par_1_75' title="bbox 289 5511 1857 5593">
     <span class='ocr_line' id='line_1_75' title="bbox 289 5511 1857 5593; baseline -0.001 -29"><span class='ocrx_word' id='word_1_587' title='bbox 289 5519 343 5567; x_wconf 84' lang='lat' dir='ltr'><strong>ut</strong></span> <span class='ocrx_word' id='word_1_588' title='bbox 368 5515 653 5569; x_wconf 86' lang='lat' dir='ltr'><strong>secundum</strong></span> <span class='ocrx_word' id='word_1_589' title='bbox 684 5511 1052 5582; x_wconf 70' lang='lat' dir='ltr'><strong>evangelicum</strong></span> <span class='ocrx_word' id='word_1_590' title='bbox 1089 5513 1387 5575; x_wconf 85' lang='lat' dir='ltr'><strong>doctrinam</strong></span> <span class='ocrx_word' id='word_1_591' title='bbox 1412 5556 1427 5580; x_wconf 96' lang='lat'><strong>,</strong></span> <span class='ocrx_word' id='word_1_592' title='bbox 1483 5517 1641 5589; x_wconf 81' lang='lat' dir='ltr'><strong>digna</strong></span> <span class='ocrx_word' id='word_1_593' title='bbox 1687 5523 1857 5593; x_wconf 77' lang='grc' dir='ltr'><strong>ρωηί-</strong></span> 
     </span>
    </p>
   </div>
   <div class='ocr_carea' id='block_1_76' title="bbox 290 5602 1854 5681">
    <p class='ocr_par' dir='ltr' id='par_1_76' title="bbox 290 5602 1854 5681">
     <span class='ocr_line' id='line_1_76' title="bbox 290 5602 1854 5681; baseline 0.01 -28"><span class='ocrx_word' id='word_1_594' title='bbox 290 5605 461 5668; x_wconf 78' lang='lat' dir='ltr'><strong>tentia.</strong></span> <span class='ocrx_word' id='word_1_595' title='bbox 492 5605 687 5661; x_wconf 86' lang='lat' dir='ltr'><strong>iterum</strong></span> <span class='ocrx_word' id='word_1_596' title='bbox 720 5602 873 5657; x_wconf 79' lang='lat' dir='ltr'><strong>illaut</strong></span> <span class='ocrx_word' id='word_1_597' title='bbox 909 5604 1194 5660; x_wconf 83' lang='lat' dir='ltr'><strong>restituere</strong></span> <span class='ocrx_word' id='word_1_598' title='bbox 1219 5604 1455 5661; x_wconf 78' lang='lat' dir='ltr'><strong>festinet.</strong></span> <span class='ocrx_word' id='word_1_599' title='bbox 1490 5606 1551 5663; x_wconf 88' lang='lat' dir='ltr'><strong>Si</strong></span> <span class='ocrx_word' id='word_1_600' title='bbox 1578 5611 1854 5681; x_wconf 60' lang='lat' dir='ltr'><strong>ambigens</strong></span> 
     </span>
    </p>
   </div>
   <div class='ocr_carea' id='block_1_77' title="bbox 1983 1802 3560 1885">
    <p class='ocr_par' dir='ltr' id='par_1_77' title="bbox 1983 1802 3560 1885">
     <span class='ocr_line' id='line_1_77' title="bbox 1983 1802 3560 1885; baseline 0.016 -32"><span class='ocrx_word' id='word_1_601' title='bbox 1983 1802 2186 1871; x_wconf 84' lang='lat' dir='ltr'><strong>perdat.</strong></span> <span class='ocrx_word' id='word_1_602' title='bbox 2217 1804 2326 1875; x_wconf 83' lang='lat' dir='ltr'><strong>Ego</strong></span> <span class='ocrx_word' id='word_1_603' title='bbox 2356 1817 2528 1863; x_wconf 84' lang='lat' dir='ltr'><strong>autem</strong></span> <span class='ocrx_word' id='word_1_604' title='bbox 2553 1810 2702 1878; x_wconf 81' lang='lat' dir='ltr'><strong>veni,</strong></span> <span class='ocrx_word' id='word_1_605' title='bbox 2756 1821 2811 1867; x_wconf 86' lang='lat' dir='ltr'><strong>ut</strong></span> <span class='ocrx_word' id='word_1_606' title='bbox 2838 1815 2995 1870; x_wconf 85' lang='lat' dir='ltr'><strong>vitam</strong></span> <span class='ocrx_word' id='word_1_607' title='bbox 3033 1816 3277 1885; x_wconf 81' lang='lat' dir='ltr'><strong>habeant,</strong></span> <span class='ocrx_word' id='word_1_608' title='bbox 3302 1830 3349 1874; x_wconf 89' lang='lat' dir='ltr'><strong>et</strong></span> <span class='ocrx_word' id='word_1_609' title='bbox 3393 1824 3560 1879; x_wconf 82' lang='lat' dir='ltr'><strong>abun-</strong></span> 
     </span>
    </p>
   </div>
   <div class='ocr_carea' id='block_1_78' title="bbox 1982 1891 3555 1977">
    <p class='ocr_par' dir='ltr' id='par_1_78' title="bbox 1982 1891 3555 1977">
     <span class='ocr_line' id='line_1_78' title="bbox 1982 1891 3555 1977; baseline 0.015 -32"><span class='ocrx_word' id='word_1_610' title='bbox 1982 1891 2194 1948; x_wconf 84' lang='lat' dir='ltr'><strong>dantius</strong></span> <span class='ocrx_word' id='word_1_611' title='bbox 2223 1894 2444 1952; x_wconf 71' lang='lat' dir='ltr'><strong>habeant</strong></span> <span class='ocrx_word' id='word_1_612' title='bbox 2470 1897 2738 1971; x_wconf 86' lang='lat' dir='ltr'><strong>(Eodem).</strong></span> <span class='ocrx_word' id='word_1_613' title='bbox 2792 1904 2933 1977; x_wconf 76' lang='lat' dir='ltr'><strong>Ergo</strong></span> <span class='ocrx_word' id='word_1_614' title='bbox 2978 1905 3094 1972; x_wconf 82' lang='lat' dir='ltr'><strong>fur,</strong></span> <span class='ocrx_word' id='word_1_615' title='bbox 3135 1908 3189 1963; x_wconf 90' lang='lat' dir='ltr'><strong>id</strong></span> <span class='ocrx_word' id='word_1_616' title='bbox 3218 1918 3318 1975; x_wconf 86' lang='lat' dir='ltr'><strong>est,</strong></span> <span class='ocrx_word' id='word_1_617' title='bbox 3339 1910 3555 1969; x_wconf 66' lang='lat' dir='ltr'><strong>haereti-</strong></span> 
     </span>
    </p>
   </div>
   <div class='ocr_carea' id='block_1_79' title="bbox 1981 1984 3611 2069">
    <p class='ocr_par' dir='ltr' id='par_1_79' title="bbox 1981 1984 3611 2069">
     <span class='ocr_line' id='line_1_79' title="bbox 1981 1984 3611 2069; baseline 0.012 -29"><span class='ocrx_word' id='word_1_618' title='bbox 1981 1998 2100 2047; x_wconf 86' lang='lat' dir='ltr'><strong>cus,</strong></span> <span class='ocrx_word' id='word_1_619' title='bbox 2126 1984 2171 2039; x_wconf 92' lang='lat' dir='ltr'><strong>si</strong></span> <span class='ocrx_word' id='word_1_620' title='bbox 2196 1984 2483 2058; x_wconf 81' lang='lat' dir='ltr'><strong>ell‘ringens</strong></span> <span class='ocrx_word' id='word_1_621' title='bbox 2508 1988 2592 2044; x_wconf 88' lang='lat' dir='ltr'><strong>vel</strong></span> <span class='ocrx_word' id='word_1_622' title='bbox 2620 1990 2849 2061; x_wconf 85' lang='lat' dir='ltr'><strong>fodiens,</strong></span> <span class='ocrx_word' id='word_1_623' title='bbox 2882 1996 2982 2051; x_wconf 88' lang='lat' dir='ltr'><strong>hoc</strong></span> <span class='ocrx_word' id='word_1_624' title='bbox 3005 2005 3089 2053; x_wconf 88' lang='lat' dir='ltr'><strong>est</strong></span> <span class='ocrx_word' id='word_1_625' title='bbox 3134 2014 3231 2069; x_wconf 88' lang='lat' dir='ltr'><strong>per</strong></span> <span class='ocrx_word' id='word_1_626' title='bbox 3253 2004 3555 2059; x_wconf 83' lang='lat' dir='ltr'><strong>contentio—</strong></span> <span class='ocrx_word' id='word_1_627' title='bbox 3608 2060 3611 2063; x_wconf 82' lang='grc'><strong>,</strong></span> 
     </span>
    </p>
   </div>
   <div class='ocr_carea' id='block_1_80' title="bbox 1982 2073 3556 2158">
    <p class='ocr_par' dir='ltr' id='par_1_80' title="bbox 1982 2073 3556 2158">
     <span class='ocr_line' id='line_1_80' title="bbox 1982 2073 3556 2158; baseline 0.015 -33"><span class='ocrx_word' id='word_1_628' title='bbox 1982 2086 2107 2127; x_wconf 87' lang='lat' dir='ltr'><strong>nem</strong></span> <span class='ocrx_word' id='word_1_629' title='bbox 2135 2073 2249 2128; x_wconf 89' lang='lat' dir='ltr'><strong>sive</strong></span> <span class='ocrx_word' id='word_1_630' title='bbox 2282 2074 2486 2143; x_wconf 91' lang='lat' dir='ltr'><strong>dolum,</strong></span> <span class='ocrx_word' id='word_1_631' title='bbox 2513 2078 2730 2154; x_wconf 84' lang='lat' dir='ltr'><strong>domum</strong></span> <span class='ocrx_word' id='word_1_632' title='bbox 2759 2081 3012 2139; x_wconf 76' lang='lat' dir='ltr'><strong>Ecclesiae</strong></span> <span class='ocrx_word' id='word_1_633' title='bbox 3053 2086 3350 2158; x_wconf 87' lang='lat' dir='ltr'><strong>irrumpere</strong></span> <span class='ocrx_word' id='word_1_634' title='bbox 3389 2099 3556 2147; x_wconf 84' lang='lat' dir='ltr'><strong>tenta-</strong></span> 
     </span>
    </p>
   </div>
   <div class='ocr_carea' id='block_1_81' title="bbox 1980 2163 3557 2245">
    <p class='ocr_par' dir='ltr' id='par_1_81' title="bbox 1980 2163 3557 2245">
     <span class='ocr_line' id='line_1_81' title="bbox 1980 2163 3557 2245; baseline 0.013 -29"><span class='ocrx_word' id='word_1_635' title='bbox 1980 2163 2140 2229; x_wconf 90' lang='lat' dir='ltr'><strong>verit,</strong></span> <span class='ocrx_word' id='word_1_636' title='bbox 2165 2174 2220 2220; x_wconf 91' lang='lat' dir='ltr'><strong>et</strong></span> <span class='ocrx_word' id='word_1_637' title='bbox 2243 2178 2465 2238; x_wconf 82' lang='lat' dir='ltr'><strong>accepto</strong></span> <span class='ocrx_word' id='word_1_638' title='bbox 2480 2169 2699 2229; x_wconf 84' lang='lat' dir='ltr'><strong>vulnere</strong></span> <span class='ocrx_word' id='word_1_639' title='bbox 2718 2171 2879 2240; x_wconf 72' lang='lat' dir='ltr'><strong>justze</strong></span> <span class='ocrx_word' id='word_1_640' title='bbox 2900 2177 3273 2245; x_wconf 85' lang='lat' dir='ltr'><strong>correptionis,</strong></span> <span class='ocrx_word' id='word_1_641' title='bbox 3291 2179 3342 2234; x_wconf 88' lang='lat' dir='ltr'><strong>in</strong></span> <span class='ocrx_word' id='word_1_642' title='bbox 3369 2196 3557 2237; x_wconf 78' lang='lat' dir='ltr'><strong>errore</strong></span> 
     </span>
    </p>
   </div>
   <div class='ocr_carea' id='block_1_82' title="bbox 1981 2262 3556 2336">
    <p class='ocr_par' dir='ltr' id='par_1_82' title="bbox 1981 2262 3556 2336">
     <span class='ocr_line' id='line_1_82' title="bbox 1981 2262 3556 2336; baseline 0.012 -30"><span class='ocrx_word' id='word_1_643' title='bbox 1981 2263 2239 2326; x_wconf 88' lang='lat' dir='ltr'><strong>concepto</strong></span> <span class='ocrx_word' id='word_1_644' title='bbox 2284 2272 2636 2328; x_wconf 85' lang='lat' dir='ltr'><strong>perseverans</strong></span> <span class='ocrx_word' id='word_1_645' title='bbox 2662 2262 2883 2331; x_wconf 81' lang='lat' dir='ltr'><strong>perierit</strong></span> <span class='ocrx_word' id='word_1_646' title='bbox 2908 2304 2923 2328; x_wconf 95' lang='lat'><strong>,</strong></span> <span class='ocrx_word' id='word_1_647' title='bbox 2965 2264 3151 2320; x_wconf 89' lang='lat' dir='ltr'><strong>doctor</strong></span> <span class='ocrx_word' id='word_1_648' title='bbox 3202 2268 3294 2336; x_wconf 88' lang='lat' dir='ltr'><strong>qui</strong></span> <span class='ocrx_word' id='word_1_649' title='bbox 3344 2282 3465 2322; x_wconf 81' lang='lat' dir='ltr'><strong>eum</strong></span> <span class='ocrx_word' id='word_1_650' title='bbox 3498 2280 3556 2325; x_wconf 93' lang='lat' dir='ltr'><strong>ut</strong></span> 
     </span>
    </p>
   </div>
   <div class='ocr_carea' id='block_1_83' title="bbox 1980 2342 3551 2426">
    <p class='ocr_par' dir='ltr' id='par_1_83' title="bbox 1980 2342 3551 2426">
     <span class='ocr_line' id='line_1_83' title="bbox 1980 2342 3551 2426; baseline 0.013 -29"><span class='ocrx_word' id='word_1_651' title='bbox 1980 2345 2348 2413; x_wconf 62' lang='lat' dir='ltr'><strong>paenitentiam</strong></span> <span class='ocrx_word' id='word_1_652' title='bbox 2404 2360 2586 2420; x_wconf 86' lang='lat' dir='ltr'><strong>ageret</strong></span> <span class='ocrx_word' id='word_1_653' title='bbox 2640 2354 3015 2408; x_wconf 76' lang='lat' dir='ltr'><strong>communione</strong></span> <span class='ocrx_word' id='word_1_654' title='bbox 3077 2342 3350 2426; x_wconf 80' lang='lat' dir='ltr'><strong>privavit,</strong></span> <span class='ocrx_word' id='word_1_655' title='bbox 3403 2370 3551 2417; x_wconf 76' lang='lat' dir='ltr'><strong>reatu</strong></span> 
     </span>
    </p>
   </div>
   <div class='ocr_carea' id='block_1_84' title="bbox 1979 2430 3550 2519">
    <p class='ocr_par' dir='ltr' id='par_1_84' title="bbox 1979 2430 3550 2519">
     <span class='ocr_line' id='line_1_84' title="bbox 1979 2430 3550 2519; baseline 0.009 -29"><span class='ocrx_word' id='word_1_656' title='bbox 1979 2430 2212 2506; x_wconf 68' lang='lat' dir='ltr'><strong>perdidit</strong></span> <span class='ocrx_word' id='word_1_657' title='bbox 2237 2479 2251 2504; x_wconf 90' lang='lat'><strong>,</strong></span> <span class='ocrx_word' id='word_1_658' title='bbox 2299 2455 2406 2496; x_wconf 89' lang='lat' dir='ltr'><strong>non</strong></span> <span class='ocrx_word' id='word_1_659' title='bbox 2448 2443 2856 2518; x_wconf 80' lang='lat' dir='ltr'><strong>constringitur.</strong></span> <span class='ocrx_word' id='word_1_660' title='bbox 2889 2445 3041 2512; x_wconf 82' lang='lat' dir='ltr'><strong>Quod</strong></span> <span class='ocrx_word' id='word_1_661' title='bbox 3082 2448 3128 2501; x_wconf 77' lang='lat' dir='ltr'><strong>si</strong></span> <span class='ocrx_word' id='word_1_662' title='bbox 3156 2460 3267 2504; x_wconf 85' lang='lat' dir='ltr'><strong>orto</strong></span> <span class='ocrx_word' id='word_1_663' title='bbox 3289 2489 3306 2514; x_wconf 95' lang='lat'><strong>,</strong></span> <span class='ocrx_word' id='word_1_664' title='bbox 3343 2450 3550 2519; x_wconf 78' lang='lat' dir='ltr'><strong>inquit,</strong></span> 
     </span>
    </p>
   </div>
   <div class='ocr_carea' id='block_1_85' title="bbox 1978 2527 3550 2606">
    <p class='ocr_par' dir='ltr' id='par_1_85' title="bbox 1978 2527 3550 2606">
     <span class='ocr_line' id='line_1_85' title="bbox 1978 2527 3550 2606; baseline 0.008 -25"><span class='ocrx_word' id='word_1_665' title='bbox 1978 2527 2086 2582; x_wconf 85' lang='lat' dir='ltr'><strong>sole</strong></span> <span class='ocrx_word' id='word_1_666' title='bbox 2108 2528 2205 2584; x_wconf 89' lang='lat' dir='ltr'><strong>hoc</strong></span> <span class='ocrx_word' id='word_1_667' title='bbox 2235 2532 2379 2600; x_wconf 74' lang='lat' dir='ltr'><strong>fecit,</strong></span> <span class='ocrx_word' id='word_1_668' title='bbox 2404 2532 2740 2590; x_wconf 82' lang='lat' dir='ltr'><strong>homicidium</strong></span> <span class='ocrx_word' id='word_1_669' title='bbox 2777 2538 3106 2606; x_wconf 82' lang='lat' dir='ltr'><strong>perpetravit.</strong></span> <span class='ocrx_word' id='word_1_670' title='bbox 3162 2538 3215 2592; x_wconf 80' lang='lat' dir='ltr'><strong>lu</strong></span> <span class='ocrx_word' id='word_1_671' title='bbox 3260 2539 3374 2594; x_wconf 90' lang='lat' dir='ltr'><strong>sole</strong></span> <span class='ocrx_word' id='word_1_672' title='bbox 3401 2549 3550 2605; x_wconf 87' lang='lat' dir='ltr'><strong>orto,</strong></span> 
     </span>
    </p>
   </div>
   <div class='ocr_carea' id='block_1_86' title="bbox 1977 2622 3546 2697">
    <p class='ocr_par' dir='ltr' id='par_1_86' title="bbox 1977 2622 3546 2697">
     <span class='ocr_line' id='line_1_86' title="bbox 1977 2622 3546 2697; baseline 0.008 -21"><span class='ocrx_word' id='word_1_673' title='bbox 1977 2622 2158 2678; x_wconf 87' lang='lat' dir='ltr'><strong>lumen</strong></span> <span class='ocrx_word' id='word_1_674' title='bbox 2190 2634 2351 2681; x_wconf 60' lang='lat' dir='ltr'><strong>recta:</strong></span> <span class='ocrx_word' id='word_1_675' title='bbox 2376 2625 2616 2681; x_wconf 68' lang='lat' dir='ltr'><strong>scientim</strong></span> <span class='ocrx_word' id='word_1_676' title='bbox 2651 2627 2988 2697; x_wconf 79' lang='lat' dir='ltr'><strong>exprimitur.</strong></span> <span class='ocrx_word' id='word_1_677' title='bbox 3046 2628 3102 2684; x_wconf 90' lang='lat' dir='ltr'><strong>Si</strong></span> <span class='ocrx_word' id='word_1_678' title='bbox 3134 2630 3277 2685; x_wconf 86' lang='lat' dir='ltr'><strong>enim</strong></span> <span class='ocrx_word' id='word_1_679' title='bbox 3329 2633 3546 2688; x_wconf 76' lang='lat' dir='ltr'><strong>hmrcti-</strong></span> 
     </span>
    </p>
   </div>
   <div class='ocr_carea' id='block_1_87' title="bbox 1979 2717 3553 2787">
    <p class='ocr_par' dir='ltr' id='par_1_87' title="bbox 1979 2717 3553 2787">
     <span class='ocr_line' id='line_1_87' title="bbox 1979 2717 3553 2787; baseline 0.008 -19"><span class='ocrx_word' id='word_1_680' title='bbox 1979 2729 2130 2771; x_wconf 89' lang='lat' dir='ltr'><strong>cusa</strong></span> <span class='ocrx_word' id='word_1_681' title='bbox 2156 2717 2508 2786; x_wconf 61' lang='lat' dir='ltr'><strong>prtedicatore</strong></span> <span class='ocrx_word' id='word_1_682' title='bbox 2552 2717 2877 2787; x_wconf 72' lang='lat' dir='ltr'><strong>admonitus,</strong></span> <span class='ocrx_word' id='word_1_683' title='bbox 2922 2723 3124 2780; x_wconf 77' lang='lat' dir='ltr'><strong>erroris</strong></span> <span class='ocrx_word' id='word_1_684' title='bbox 3172 2724 3253 2780; x_wconf 89' lang='lat' dir='ltr'><strong>sui</strong></span> <span class='ocrx_word' id='word_1_685' title='bbox 3308 2727 3553 2782; x_wconf 71' lang='lat' dir='ltr'><strong>tenebras</strong></span> 
     </span>
    </p>
   </div>
   <div class='ocr_carea' id='block_1_88' title="bbox 1979 2805 3547 2885">
    <p class='ocr_par' dir='ltr' id='par_1_88' title="bbox 1979 2805 3547 2885">
     <span class='ocr_line' id='line_1_88' title="bbox 1979 2805 3547 2885; baseline 0.01 -27"><span class='ocrx_word' id='word_1_686' title='bbox 1979 2805 2304 2877; x_wconf 87' lang='lat' dir='ltr'><strong>relinquens,</strong></span> <span class='ocrx_word' id='word_1_687' title='bbox 2331 2809 2395 2864; x_wconf 89' lang='lat' dir='ltr'><strong>ad</strong></span> <span class='ocrx_word' id='word_1_688' title='bbox 2426 2808 2608 2883; x_wconf 84' lang='lat' dir='ltr'><strong>lumen</strong></span> <span class='ocrx_word' id='word_1_689' title='bbox 2636 2811 2879 2868; x_wconf 85' lang='lat' dir='ltr'><strong>veritatis</strong></span> <span class='ocrx_word' id='word_1_690' title='bbox 2908 2815 3334 2885; x_wconf 79' lang='lat' dir='ltr'><strong>appropinquare</strong></span> <span class='ocrx_word' id='word_1_691' title='bbox 3374 2827 3547 2874; x_wconf 70' lang='grc' dir='ltr'>ιοιιιει-</span> 
     </span>
    </p>
   </div>
   <div class='ocr_carea' id='block_1_89' title="bbox 1977 2895 3554 2976">
    <p class='ocr_par' dir='ltr' id='par_1_89' title="bbox 1977 2895 3554 2976">
     <span class='ocr_line' id='line_1_89' title="bbox 1977 2895 3554 2976; baseline 0.01 -29"><span class='ocrx_word' id='word_1_692' title='bbox 1977 2895 2136 2961; x_wconf 90' lang='lat' dir='ltr'><strong>verit,</strong></span> <span class='ocrx_word' id='word_1_693' title='bbox 2169 2912 2275 2951; x_wconf 88' lang='lat' dir='ltr'><strong>non</strong></span> <span class='ocrx_word' id='word_1_694' title='bbox 2302 2906 2388 2953; x_wconf 88' lang='lat' dir='ltr'><strong>est</strong></span> <span class='ocrx_word' id='word_1_695' title='bbox 2420 2913 2656 2973; x_wconf 69' lang='lat' dir='ltr'><strong>acquum,</strong></span> <span class='ocrx_word' id='word_1_696' title='bbox 2678 2910 2736 2953; x_wconf 86' lang='lat' dir='ltr'><strong>ut</strong></span> <span class='ocrx_word' id='word_1_697' title='bbox 2763 2903 3121 2959; x_wconf 84' lang='lat' dir='ltr'><strong>anathemalis</strong></span> <span class='ocrx_word' id='word_1_698' title='bbox 3158 2905 3264 2960; x_wconf 89' lang='lat' dir='ltr'><strong>telo</strong></span> <span class='ocrx_word' id='word_1_699' title='bbox 3286 2906 3554 2976; x_wconf 64' lang='lat' dir='ltr'><strong>perfoiia-</strong></span> 
     </span>
    </p>
   </div>
   <div class='ocr_carea' id='block_1_90' title="bbox 1980 2988 3550 3059">
    <p class='ocr_par' dir='ltr' id='par_1_90' title="bbox 1980 2988 3550 3059">
     <span class='ocr_line' id='line_1_90' title="bbox 1980 2988 3550 3059; baseline 0.01 -21"><span class='ocrx_word' id='word_1_700' title='bbox 1980 2991 2100 3049; x_wconf 87' lang='lat' dir='ltr'><strong>tur;</strong></span> <span class='ocrx_word' id='word_1_701' title='bbox 2133 2988 2226 3042; x_wconf 80' lang='lat' dir='ltr'><strong>sed</strong></span> <span class='ocrx_word' id='word_1_702' title='bbox 2257 2988 2539 3047; x_wconf 84' lang='lat' dir='ltr'><strong>charitatis</strong></span> <span class='ocrx_word' id='word_1_703' title='bbox 2560 2989 2772 3047; x_wconf 79' lang='lat' dir='ltr'><strong>vinculo</strong></span> <span class='ocrx_word' id='word_1_704' title='bbox 2787 2992 3135 3059; x_wconf 85' lang='lat' dir='ltr'><strong>constrictus,</strong></span> <span class='ocrx_word' id='word_1_705' title='bbox 3158 2994 3280 3053; x_wconf 72' lang='lat' dir='ltr'><strong>vitze</strong></span> <span class='ocrx_word' id='word_1_706' title='bbox 3313 3011 3550 3053; x_wconf 83' lang='lat' dir='ltr'><strong>reserve-</strong></span> 
     </span>
    </p>
   </div>
   <div class='ocr_carea' id='block_1_91' title="bbox 1979 3077 3550 3155">
    <p class='ocr_par' dir='ltr' id='par_1_91' title="bbox 1979 3077 3550 3155">
     <span class='ocr_line' id='line_1_91' title="bbox 1979 3077 3550 3155; baseline 0.008 -26"><span class='ocrx_word' id='word_1_707' title='bbox 1979 3081 2314 3143; x_wconf 62' lang='lat' dir='ltr'><strong>turmternaa,</strong></span> <span class='ocrx_word' id='word_1_708' title='bbox 2331 3077 2783 3155; x_wconf 81' lang='lat' dir='ltr'><strong>secundumillam</strong></span> <span class='ocrx_word' id='word_1_709' title='bbox 2801 3080 3097 3138; x_wconf 87' lang='lat' dir='ltr'><strong>Salvatoris</strong></span> <span class='ocrx_word' id='word_1_710' title='bbox 3123 3086 3440 3143; x_wconf 85' lang='lat' dir='ltr'><strong>sententiam</strong></span> <span class='ocrx_word' id='word_1_711' title='bbox 3461 3106 3473 3142; x_wconf 92' lang='lat'><strong>:</strong></span> <span class='ocrx_word' id='word_1_712' title='bbox 3493 3087 3550 3143; x_wconf 85' lang='lat' dir='ltr'><strong>Si</strong></span> 
     </span>
    </p>
   </div>
   <div class='ocr_carea' id='block_1_92' title="bbox 1973 3168 3552 3245">
    <p class='ocr_par' dir='ltr' id='par_1_92' title="bbox 1973 3168 3552 3245">
     <span class='ocr_line' id='line_1_92' title="bbox 1973 3168 3552 3245; baseline 0.008 -26"><span class='ocrx_word' id='word_1_713' title='bbox 1973 3168 2259 3237; x_wconf 84' lang='lat' dir='ltr'><strong>peccaverit</strong></span> <span class='ocrx_word' id='word_1_714' title='bbox 2302 3169 2358 3223; x_wconf 90' lang='lat' dir='ltr'><strong>in</strong></span> <span class='ocrx_word' id='word_1_715' title='bbox 2380 3178 2429 3223; x_wconf 89' lang='lat' dir='ltr'><strong>te</strong></span> <span class='ocrx_word' id='word_1_716' title='bbox 2461 3169 2628 3239; x_wconf 87' lang='lat' dir='ltr'><strong>frater</strong></span> <span class='ocrx_word' id='word_1_717' title='bbox 2651 3180 2794 3237; x_wconf 83' lang='lat' dir='ltr'><strong>tuus,</strong></span> <span class='ocrx_word' id='word_1_718' title='bbox 2817 3172 2947 3227; x_wconf 89' lang='lat' dir='ltr'><strong>vade</strong></span> <span class='ocrx_word' id='word_1_719' title='bbox 2968 3182 3015 3227; x_wconf 90' lang='lat' dir='ltr'><strong>et</strong></span> <span class='ocrx_word' id='word_1_720' title='bbox 3046 3176 3247 3245; x_wconf 82' lang='lat' dir='ltr'><strong>corripe</strong></span> <span class='ocrx_word' id='word_1_721' title='bbox 3274 3192 3392 3230; x_wconf 88' lang='lat' dir='ltr'><strong>eum</strong></span> <span class='ocrx_word' id='word_1_722' title='bbox 3418 3178 3552 3233; x_wconf 82' lang='lat' dir='ltr'><strong>inter</strong></span> 
     </span>
    </p>
   </div>
   <div class='ocr_carea' id='block_1_93' title="bbox 1974 3256 3550 3335">
    <p class='ocr_par' dir='ltr' id='par_1_93' title="bbox 1974 3256 3550 3335">
     <span class='ocr_line' id='line_1_93' title="bbox 1974 3256 3550 3335; baseline 0.009 -27"><span class='ocrx_word' id='word_1_723' title='bbox 1974 3263 2023 3309; x_wconf 87' lang='lat' dir='ltr'><strong>te</strong></span> <span class='ocrx_word' id='word_1_724' title='bbox 2046 3265 2093 3309; x_wconf 89' lang='lat' dir='ltr'><strong>et</strong></span> <span class='ocrx_word' id='word_1_725' title='bbox 2117 3256 2286 3326; x_wconf 83' lang='lat' dir='ltr'><strong>ipsum</strong></span> <span class='ocrx_word' id='word_1_726' title='bbox 2313 3257 2500 3312; x_wconf 87' lang='lat' dir='ltr'><strong>solum.</strong></span> <span class='ocrx_word' id='word_1_727' title='bbox 2540 3258 2609 3315; x_wconf 87' lang='lat' dir='ltr'><strong>Et</strong></span> <span class='ocrx_word' id='word_1_728' title='bbox 2654 3261 2700 3315; x_wconf 87' lang='lat' dir='ltr'><strong>si</strong></span> <span class='ocrx_word' id='word_1_729' title='bbox 2736 3261 3091 3332; x_wconf 72' lang='lat' dir='ltr'><strong>paenitentiam</strong></span> <span class='ocrx_word' id='word_1_730' title='bbox 3117 3265 3299 3335; x_wconf 83' lang='lat' dir='ltr'><strong>egerit,</strong></span> <span class='ocrx_word' id='word_1_731' title='bbox 3331 3266 3550 3323; x_wconf 78' lang='lat' dir='ltr'><strong>lncreris</strong></span> 
     </span>
    </p>
   </div>
   <div class='ocr_carea' id='block_1_94' title="bbox 1973 3346 3547 3428">
    <p class='ocr_par' dir='ltr' id='par_1_94' title="bbox 1973 3346 3547 3428">
     <span class='ocr_line' id='line_1_94' title="bbox 1973 3346 3547 3428; baseline 0.01 -30"><span class='ocrx_word' id='word_1_732' title='bbox 1973 3346 2190 3415; x_wconf 79' lang='lat' dir='ltr'><strong>fratrem</strong></span> <span class='ocrx_word' id='word_1_733' title='bbox 2214 3357 2383 3416; x_wconf 85' lang='lat' dir='ltr'><strong>tuum,</strong></span> <span class='ocrx_word' id='word_1_734' title='bbox 2420 3358 2474 3406; x_wconf 90' lang='lat' dir='ltr'><strong>et</strong></span> <span class='ocrx_word' id='word_1_735' title='bbox 2497 3352 2699 3423; x_wconf 86' lang='lat' dir='ltr'><strong>reliqua</strong></span> <span class='ocrx_word' id='word_1_736' title='bbox 2723 3351 2937 3424; x_wconf 72' lang='lat' dir='ltr'><strong>(Matth.</strong></span> <span class='ocrx_word' id='word_1_737' title='bbox 2962 3352 3134 3428; x_wconf 71' lang='lat' dir='ltr'><strong>XVIII).</strong></span> <span class='ocrx_word' id='word_1_738' title='bbox 3158 3356 3413 3428; x_wconf 69' lang='lat' dir='ltr'><strong>Sequitur</strong></span> <span class='ocrx_word' id='word_1_739' title='bbox 3439 3378 3451 3411; x_wconf 89' lang='lat'><strong>:</strong></span> <span class='ocrx_word' id='word_1_740' title='bbox 3486 3359 3547 3417; x_wconf 78' lang='lat' dir='ltr'><strong>Si</strong></span> 
     </span>
    </p>
   </div>
   <div class='ocr_carea' id='block_1_95' title="bbox 1973 3436 3549 3513">
    <p class='ocr_par' dir='ltr' id='par_1_95' title="bbox 1973 3436 3549 3513">
     <span class='ocr_line' id='line_1_95' title="bbox 1973 3436 3549 3513; baseline 0.009 -24"><span class='ocrx_word' id='word_1_741' title='bbox 1973 3453 2074 3490; x_wconf 88' lang='lat' dir='ltr'><strong>non</strong></span> <span class='ocrx_word' id='word_1_742' title='bbox 2097 3436 2338 3494; x_wconf 85' lang='lat' dir='ltr'><strong>habuerit</strong></span> <span class='ocrx_word' id='word_1_743' title='bbox 2366 3442 2505 3511; x_wconf 88' lang='lat' dir='ltr'><strong>quod</strong></span> <span class='ocrx_word' id='word_1_744' title='bbox 2528 3459 2622 3513; x_wconf 88' lang='lat' dir='ltr'><strong>pro</strong></span> <span class='ocrx_word' id='word_1_745' title='bbox 2645 3441 2786 3512; x_wconf 87' lang='lat' dir='ltr'><strong>furto</strong></span> <span class='ocrx_word' id='word_1_746' title='bbox 2811 3443 3429 3513; x_wconf 85' lang='lat' dir='ltr'><strong>reddat,venundabitur,</strong></span> <span class='ocrx_word' id='word_1_747' title='bbox 3448 3450 3549 3505; x_wconf 88' lang='lat' dir='ltr'><strong>hoc</strong></span> 
     </span>
    </p>
   </div>
   <div class='ocr_carea' id='block_1_96' title="bbox 1974 3528 3548 3607">
    <p class='ocr_par' dir='ltr' id='par_1_96' title="bbox 1974 3528 3548 3607">
     <span class='ocr_line' id='line_1_96' title="bbox 1974 3528 3548 3607; baseline 0.007 -25"><span class='ocrx_word' id='word_1_748' title='bbox 1974 3536 2057 3582; x_wconf 87' lang='lat' dir='ltr'><strong>est</strong></span> <span class='ocrx_word' id='word_1_749' title='bbox 2087 3528 2133 3582; x_wconf 87' lang='lat' dir='ltr'><strong>si</strong></span> <span class='ocrx_word' id='word_1_750' title='bbox 2159 3544 2252 3585; x_wconf 90' lang='lat' dir='ltr'><strong>cor</strong></span> <span class='ocrx_word' id='word_1_751' title='bbox 2278 3531 2505 3587; x_wconf 88' lang='lat' dir='ltr'><strong>docibile</strong></span> <span class='ocrx_word' id='word_1_752' title='bbox 2526 3548 2632 3587; x_wconf 91' lang='lat' dir='ltr'><strong>non</strong></span> <span class='ocrx_word' id='word_1_753' title='bbox 2659 3533 2940 3599; x_wconf 87' lang='lat' dir='ltr'><strong>habuerit,</strong></span> <span class='ocrx_word' id='word_1_754' title='bbox 2982 3535 3124 3589; x_wconf 72' lang='lat' dir='ltr'><strong>unde</strong></span> <span class='ocrx_word' id='word_1_755' title='bbox 3154 3536 3343 3606; x_wconf 86' lang='lat' dir='ltr'><strong>dignos</strong></span> <span class='ocrx_word' id='word_1_756' title='bbox 3373 3538 3548 3607; x_wconf 84' lang='lat' dir='ltr'><strong>poeni-</strong></span> 
     </span>
    </p>
   </div>
   <div class='ocr_carea' id='block_1_97' title="bbox 1971 3619 3545 3694">
    <p class='ocr_par' dir='ltr' id='par_1_97' title="bbox 1971 3619 3545 3694">
     <span class='ocr_line' id='line_1_97' title="bbox 1971 3619 3545 3694; baseline 0.006 -21"><span class='ocrx_word' id='word_1_757' title='bbox 1971 3619 2153 3673; x_wconf 54' lang='lat' dir='ltr'><strong>tentia</strong></span> <span class='ocrx_word' id='word_1_758' title='bbox 2176 3619 2384 3676; x_wconf 71' lang='lat' dir='ltr'><strong>fructus</strong></span> <span class='ocrx_word' id='word_1_759' title='bbox 2406 3623 2791 3691; x_wconf 85' lang='lat' dir='ltr'><strong>reprehendere</strong></span> <span class='ocrx_word' id='word_1_760' title='bbox 2814 3624 3001 3694; x_wconf 89' lang='lat' dir='ltr'><strong>possit,</strong></span> <span class='ocrx_word' id='word_1_761' title='bbox 3026 3629 3545 3693; x_wconf 70' lang='lat' dir='ltr'><strong>excommunicetur,</strong></span> 
     </span>
    </p>
   </div>
   <div class='ocr_carea' id='block_1_98' title="bbox 1969 3712 3547 3790">
    <p class='ocr_par' dir='ltr' id='par_1_98' title="bbox 1969 3712 3547 3790">
     <span class='ocr_line' id='line_1_98' title="bbox 1969 3712 3547 3790; baseline 0.006 -28"><span class='ocrx_word' id='word_1_762' title='bbox 1969 3716 2025 3762; x_wconf 89' lang='lat' dir='ltr'><strong>et</strong></span> <span class='ocrx_word' id='word_1_763' title='bbox 2052 3712 2347 3766; x_wconf 86' lang='lat' dir='ltr'><strong>secundum</strong></span> <span class='ocrx_word' id='word_1_764' title='bbox 2374 3713 2619 3769; x_wconf 85' lang='lat' dir='ltr'><strong>veritatis</strong></span> <span class='ocrx_word' id='word_1_765' title='bbox 2652 3715 2996 3781; x_wconf 88' lang='lat' dir='ltr'><strong>sententiam,</strong></span> <span class='ocrx_word' id='word_1_766' title='bbox 3017 3725 3073 3770; x_wconf 90' lang='lat' dir='ltr'><strong>ut</strong></span> <span class='ocrx_word' id='word_1_767' title='bbox 3099 3717 3347 3772; x_wconf 83' lang='lat' dir='ltr'><strong>ethnicus</strong></span> <span class='ocrx_word' id='word_1_768' title='bbox 3371 3727 3423 3772; x_wconf 90' lang='lat' dir='ltr'><strong>et</strong></span> <span class='ocrx_word' id='word_1_769' title='bbox 3451 3735 3547 3790; x_wconf 84' lang='lat' dir='ltr'><strong>pu-</strong></span> 
     </span>
    </p>
   </div>
   <div class='ocr_carea' id='block_1_99' title="bbox 1969 3802 3543 3878">
    <p class='ocr_par' dir='ltr' id='par_1_99' title="bbox 1969 3802 3543 3878">
     <span class='ocr_line' id='line_1_99' title="bbox 1969 3802 3543 3878; baseline 0.003 -19"><span class='ocrx_word' id='word_1_770' title='bbox 1969 3802 2212 3859; x_wconf 87' lang='lat' dir='ltr'><strong>blicanus</strong></span> <span class='ocrx_word' id='word_1_771' title='bbox 2261 3811 2556 3873; x_wconf 85' lang='lat' dir='ltr'><strong>reputetur.</strong></span> <span class='ocrx_word' id='word_1_772' title='bbox 2600 3802 2659 3860; x_wconf 88' lang='lat' dir='ltr'><strong>Si</strong></span> <span class='ocrx_word' id='word_1_773' title='bbox 2708 3805 2971 3860; x_wconf 88' lang='lat' dir='ltr'><strong>inventum</strong></span> <span class='ocrx_word' id='word_1_774' title='bbox 3032 3805 3190 3876; x_wconf 86' lang='lat' dir='ltr'><strong>fuerit</strong></span> <span class='ocrx_word' id='word_1_775' title='bbox 3245 3808 3387 3878; x_wconf 86' lang='lat' dir='ltr'><strong>apud</strong></span> <span class='ocrx_word' id='word_1_776' title='bbox 3425 3827 3543 3865; x_wconf 85' lang='lat' dir='ltr'><strong>cum</strong></span> 
     </span>
    </p>
   </div>
   <div class='ocr_carea' id='block_1_100' title="bbox 1967 3894 3545 3965">
    <p class='ocr_par' dir='ltr' id='par_1_100' title="bbox 1967 3894 3545 3965">
     <span class='ocr_line' id='line_1_100' title="bbox 1967 3894 3545 3965; baseline 0.004 -19"><span class='ocrx_word' id='word_1_777' title='bbox 1967 3894 2107 3965; x_wconf 86' lang='lat' dir='ltr'><strong>quod</strong></span> <span class='ocrx_word' id='word_1_778' title='bbox 2145 3894 2351 3964; x_wconf 83' lang='lat' dir='ltr'><strong>furatus</strong></span> <span class='ocrx_word' id='word_1_779' title='bbox 2385 3904 2459 3949; x_wconf 88' lang='lat' dir='ltr'><strong>est</strong></span> <span class='ocrx_word' id='word_1_780' title='bbox 2489 3895 2676 3963; x_wconf 80' lang='lat' dir='ltr'><strong>vivens,</strong></span> <span class='ocrx_word' id='word_1_781' title='bbox 2708 3898 2812 3953; x_wconf 84' lang='lat' dir='ltr'><strong>sive</strong></span> <span class='ocrx_word' id='word_1_782' title='bbox 2858 3899 2981 3965; x_wconf 90' lang='lat' dir='ltr'><strong>bos,</strong></span> <span class='ocrx_word' id='word_1_783' title='bbox 3027 3899 3132 3953; x_wconf 83' lang='lat' dir='ltr'><strong>sive</strong></span> <span class='ocrx_word' id='word_1_784' title='bbox 3164 3898 3346 3953; x_wconf 80' lang='lat' dir='ltr'><strong>asinus</strong></span> <span class='ocrx_word' id='word_1_785' title='bbox 3375 3940 3390 3964; x_wconf 94' lang='lat'><strong>,</strong></span> <span class='ocrx_word' id='word_1_786' title='bbox 3443 3901 3545 3954; x_wconf 79' lang='lat' dir='ltr'><strong>sive</strong></span> 
     </span>
    </p>
   </div>
   <div class='ocr_carea' id='block_1_101' title="bbox 1967 3987 3541 4062">
    <p class='ocr_par' dir='ltr' id='par_1_101' title="bbox 1967 3987 3541 4062">
     <span class='ocr_line' id='line_1_101' title="bbox 1967 3987 3541 4062; baseline 0.003 -22"><span class='ocrx_word' id='word_1_787' title='bbox 1967 3989 2097 4051; x_wconf 84' lang='lat' dir='ltr'><strong>ovis,</strong></span> <span class='ocrx_word' id='word_1_788' title='bbox 2127 3987 2340 4059; x_wconf 84' lang='lat' dir='ltr'><strong>duplum</strong></span> <span class='ocrx_word' id='word_1_789' title='bbox 2369 3991 2625 4044; x_wconf 80' lang='lat' dir='ltr'><strong>restituat.</strong></span> <span class='ocrx_word' id='word_1_790' title='bbox 2670 3989 2774 4055; x_wconf 87' lang='lat' dir='ltr'><strong>Bos</strong></span> <span class='ocrx_word' id='word_1_791' title='bbox 2815 3992 2927 4047; x_wconf 83' lang='lat' dir='ltr'><strong>sive</strong></span> <span class='ocrx_word' id='word_1_792' title='bbox 2974 3991 3091 4047; x_wconf 91' lang='lat' dir='ltr'><strong>ovis</strong></span> <span class='ocrx_word' id='word_1_793' title='bbox 3139 4008 3258 4061; x_wconf 78' lang='lat' dir='ltr'><strong>qua:</strong></span> <span class='ocrx_word' id='word_1_794' title='bbox 3291 3991 3541 4062; x_wconf 78' lang='lat' dir='ltr'><strong>ungulam</strong></span> 
     </span>
    </p>
   </div>
   <div class='ocr_carea' id='block_1_102' title="bbox 1968 4075 3542 4145">
    <p class='ocr_par' dir='ltr' id='par_1_102' title="bbox 1968 4075 3542 4145">
     <span class='ocr_line' id='line_1_102' title="bbox 1968 4075 3542 4145; baseline 0.003 -15"><span class='ocrx_word' id='word_1_795' title='bbox 1968 4075 2213 4130; x_wconf 82' lang='lat' dir='ltr'><strong>dividunt</strong></span> <span class='ocrx_word' id='word_1_796' title='bbox 2235 4084 2291 4133; x_wconf 90' lang='lat' dir='ltr'><strong>et</strong></span> <span class='ocrx_word' id='word_1_797' title='bbox 2312 4077 2602 4143; x_wconf 87' lang='lat' dir='ltr'><strong>ruminant,</strong></span> <span class='ocrx_word' id='word_1_798' title='bbox 2631 4081 2827 4137; x_wconf 87' lang='lat' dir='ltr'><strong>munda</strong></span> <span class='ocrx_word' id='word_1_799' title='bbox 2870 4089 2997 4137; x_wconf 89' lang='lat' dir='ltr'><strong>sunt</strong></span> <span class='ocrx_word' id='word_1_800' title='bbox 3043 4081 3325 4145; x_wconf 86' lang='lat' dir='ltr'><strong>animalia;</strong></span> <span class='ocrx_word' id='word_1_801' title='bbox 3358 4080 3542 4135; x_wconf 83' lang='lat' dir='ltr'><strong>asinus</strong></span> 
     </span>
    </p>
   </div>
   <div class='ocr_carea' id='block_1_103' title="bbox 1965 4168 3540 4242">
    <p class='ocr_par' dir='ltr' id='par_1_103' title="bbox 1965 4168 3540 4242">
     <span class='ocr_line' id='line_1_103' title="bbox 1965 4168 3540 4242; baseline -0.001 -20"><span class='ocrx_word' id='word_1_802' title='bbox 1965 4176 2144 4222; x_wconf 88' lang='lat' dir='ltr'><strong>autem</strong></span> <span class='ocrx_word' id='word_1_803' title='bbox 2168 4168 2517 4225; x_wconf 84' lang='lat' dir='ltr'><strong>immundum.</strong></span> <span class='ocrx_word' id='word_1_804' title='bbox 2548 4169 2606 4224; x_wconf 91' lang='lat' dir='ltr'><strong>Si</strong></span> <span class='ocrx_word' id='word_1_805' title='bbox 2643 4186 2770 4242; x_wconf 82' lang='lat' dir='ltr'><strong>ergo</strong></span> <span class='ocrx_word' id='word_1_806' title='bbox 2798 4172 2957 4226; x_wconf 92' lang='lat' dir='ltr'><strong>homo</strong></span> <span class='ocrx_word' id='word_1_807' title='bbox 2988 4170 3223 4235; x_wconf 68' lang='lat' dir='ltr'><strong>Judaeus,</strong></span> <span class='ocrx_word' id='word_1_808' title='bbox 3253 4186 3316 4224; x_wconf 84' lang='lat' dir='ltr'><strong>ex</strong></span> <span class='ocrx_word' id='word_1_809' title='bbox 3342 4169 3457 4238; x_wconf 84' lang='lat' dir='ltr'><strong>lege</strong></span> <span class='ocrx_word' id='word_1_810' title='bbox 3487 4170 3540 4222; x_wconf 81' lang='lat' dir='ltr'><strong>iu</strong></span> 
     </span>
    </p>
   </div>
   <div class='ocr_carea' id='block_1_104' title="bbox 1965 4258 3536 4332">
    <p class='ocr_par' dir='ltr' id='par_1_104' title="bbox 1965 4258 3536 4332">
     <span class='ocr_line' id='line_1_104' title="bbox 1965 4258 3536 4332; baseline -0.001 -20"><span class='ocrx_word' id='word_1_811' title='bbox 1965 4258 2239 4315; x_wconf 86' lang='lat' dir='ltr'><strong>Christum</strong></span> <span class='ocrx_word' id='word_1_812' title='bbox 2269 4260 2516 4324; x_wconf 87' lang='lat' dir='ltr'><strong>credens,</strong></span> <span class='ocrx_word' id='word_1_813' title='bbox 2542 4271 2635 4315; x_wconf 86' lang='lat' dir='ltr'><strong>aut</strong></span> <span class='ocrx_word' id='word_1_814' title='bbox 2661 4262 2884 4332; x_wconf 70' lang='lat' dir='ltr'><strong>simplex</strong></span> <span class='ocrx_word' id='word_1_815' title='bbox 2911 4262 3132 4330; x_wconf 89' lang='lat' dir='ltr'><strong>quilibet</strong></span> <span class='ocrx_word' id='word_1_816' title='bbox 3157 4259 3495 4315; x_wconf 83' lang='lat' dir='ltr'><strong>Christianus</strong></span> <span class='ocrx_word' id='word_1_817' title='bbox 3522 4301 3536 4323; x_wconf 91' lang='lat'><strong>,</strong></span> 
     </span>
    </p>
   </div>
   <div class='ocr_carea' id='block_1_105' title="bbox 1968 4349 3538 4421">
    <p class='ocr_par' dir='ltr' id='par_1_105' title="bbox 1968 4349 3538 4421">
     <span class='ocr_line' id='line_1_105' title="bbox 1968 4349 3538 4421; baseline 0.001 -20"><span class='ocrx_word' id='word_1_818' title='bbox 1968 4350 2083 4404; x_wconf 87' lang='lat' dir='ltr'><strong>sive</strong></span> <span class='ocrx_word' id='word_1_819' title='bbox 2110 4351 2273 4403; x_wconf 89' lang='lat' dir='ltr'><strong>etiam</strong></span> <span class='ocrx_word' id='word_1_820' title='bbox 2300 4365 2539 4421; x_wconf 85' lang='lat' dir='ltr'><strong>paganus</strong></span> <span class='ocrx_word' id='word_1_821' title='bbox 2562 4351 2796 4404; x_wconf 86' lang='lat' dir='ltr'><strong>nondum</strong></span> <span class='ocrx_word' id='word_1_822' title='bbox 2825 4349 2877 4404; x_wconf 93' lang='lat' dir='ltr'><strong>in</strong></span> <span class='ocrx_word' id='word_1_823' title='bbox 2906 4350 3123 4404; x_wconf 88' lang='lat' dir='ltr'><strong>Christo</strong></span> <span class='ocrx_word' id='word_1_824' title='bbox 3151 4356 3370 4403; x_wconf 88' lang='lat' dir='ltr'><strong>renatus</strong></span> <span class='ocrx_word' id='word_1_825' title='bbox 3398 4351 3538 4417; x_wconf 64' lang='grc' dir='ltr'><strong>τινα]</strong></span> 
     </span>
    </p>
   </div>
   <div class='ocr_carea' id='block_1_106' title="bbox 1894 4400 3538 4504">
    <p class='ocr_par' dir='ltr' id='par_1_106' title="bbox 1894 4400 3538 4504">
     <span class='ocr_line' id='line_1_106' title="bbox 1894 4400 3538 4504; baseline 0.003 -16"><span class='ocrx_word' id='word_1_826' title='bbox 1894 4400 1943 4459; x_wconf 77' lang='lat' dir='ltr'><strong>D</strong></span> <span class='ocrx_word' id='word_1_827' title='bbox 1968 4435 2280 4491; x_wconf 75' lang='lat' dir='ltr'><strong>luereticum</strong></span> <span class='ocrx_word' id='word_1_828' title='bbox 2307 4437 2511 4503; x_wconf 85' lang='lat' dir='ltr'><strong>vivens,</strong></span> <span class='ocrx_word' id='word_1_829' title='bbox 2537 4437 2589 4492; x_wconf 91' lang='lat' dir='ltr'><strong>id</strong></span> <span class='ocrx_word' id='word_1_830' title='bbox 2608 4446 2713 4504; x_wconf 88' lang='lat' dir='ltr'><strong>est,</strong></span> <span class='ocrx_word' id='word_1_831' title='bbox 2742 4446 2942 4493; x_wconf 84' lang='lat' dir='ltr'><strong>rectam</strong></span> <span class='ocrx_word' id='word_1_832' title='bbox 2971 4438 3321 4493; x_wconf 88' lang='lat' dir='ltr'><strong>intentionem</strong></span> <span class='ocrx_word' id='word_1_833' title='bbox 3355 4454 3538 4493; x_wconf 83' lang='lat' dir='ltr'><strong>verum</strong></span> 
     </span>
    </p>
   </div>
   <div class='ocr_carea' id='block_1_107' title="bbox 1964 4528 3539 4600">
    <p class='ocr_par' dir='ltr' id='par_1_107' title="bbox 1964 4528 3539 4600">
     <span class='ocr_line' id='line_1_107' title="bbox 1964 4528 3539 4600; baseline 0.002 -20"><span class='ocrx_word' id='word_1_834' title='bbox 1964 4528 2237 4597; x_wconf 66' lang='lat' dir='ltr'><strong>quierendi</strong></span> <span class='ocrx_word' id='word_1_835' title='bbox 2269 4529 2494 4595; x_wconf 84' lang='lat' dir='ltr'><strong>habens,</strong></span> <span class='ocrx_word' id='word_1_836' title='bbox 2516 4544 2859 4585; x_wconf 87' lang='lat' dir='ltr'><strong>commanere</strong></span> <span class='ocrx_word' id='word_1_837' title='bbox 2879 4529 3170 4592; x_wconf 86' lang='lat' dir='ltr'><strong>invenitur,</strong></span> <span class='ocrx_word' id='word_1_838' title='bbox 3196 4528 3355 4600; x_wconf 85' lang='lat' dir='ltr'><strong>duplo</strong></span> <span class='ocrx_word' id='word_1_839' title='bbox 3384 4531 3539 4583; x_wconf 83' lang='lat' dir='ltr'><strong>resti-</strong></span> 
     </span>
    </p>
   </div>
   <div class='ocr_carea' id='block_1_108' title="bbox 1965 4618 3537 4691">
    <p class='ocr_par' dir='ltr' id='par_1_108' title="bbox 1965 4618 3537 4691">
     <span class='ocr_line' id='line_1_108' title="bbox 1965 4618 3537 4691; baseline 0.003 -19"><span class='ocrx_word' id='word_1_840' title='bbox 1965 4627 2181 4675; x_wconf 86' lang='lat' dir='ltr'><strong>tuatur:</strong></span> <span class='ocrx_word' id='word_1_841' title='bbox 2210 4618 2415 4674; x_wconf 90' lang='lat' dir='ltr'><strong>scilicet</strong></span> <span class='ocrx_word' id='word_1_842' title='bbox 2445 4628 2553 4674; x_wconf 87' lang='lat' dir='ltr'><strong>tam</strong></span> <span class='ocrx_word' id='word_1_843' title='bbox 2583 4620 2764 4675; x_wconf 88' lang='lat' dir='ltr'><strong>animo</strong></span> <span class='ocrx_word' id='word_1_844' title='bbox 2790 4636 2950 4691; x_wconf 90' lang='lat' dir='ltr'><strong>quam</strong></span> <span class='ocrx_word' id='word_1_845' title='bbox 3004 4622 3168 4677; x_wconf 90' lang='lat' dir='ltr'><strong>etiam</strong></span> <span class='ocrx_word' id='word_1_846' title='bbox 3207 4635 3432 4691; x_wconf 85' lang='lat' dir='ltr'><strong>corpore</strong></span> <span class='ocrx_word' id='word_1_847' title='bbox 3470 4623 3537 4676; x_wconf 79' lang='lat' dir='ltr'><strong>al-</strong></span> 
     </span>
    </p>
   </div>
   <div class='ocr_carea' id='block_1_109' title="bbox 1961 4708 3535 4781">
    <p class='ocr_par' dir='ltr' id='par_1_109' title="bbox 1961 4708 3535 4781">
     <span class='ocr_line' id='line_1_109' title="bbox 1961 4708 3535 4781; baseline 0.001 -19"><span class='ocrx_word' id='word_1_848' title='bbox 1961 4708 2215 4764; x_wconf 74' lang='lat' dir='ltr'><strong>h-Jeretico</strong></span> <span class='ocrx_word' id='word_1_849' title='bbox 2239 4709 2292 4762; x_wconf 90' lang='lat' dir='ltr'><strong>in</strong></span> <span class='ocrx_word' id='word_1_850' title='bbox 2320 4724 2427 4781; x_wconf 91' lang='lat' dir='ltr'><strong>quo</strong></span> <span class='ocrx_word' id='word_1_851' title='bbox 2449 4725 2557 4763; x_wconf 91' lang='lat' dir='ltr'><strong>non</strong></span> <span class='ocrx_word' id='word_1_852' title='bbox 2594 4718 2678 4764; x_wconf 90' lang='lat' dir='ltr'><strong>est</strong></span> <span class='ocrx_word' id='word_1_853' title='bbox 2702 4710 2898 4765; x_wconf 86' lang='lat' dir='ltr'><strong>veritas</strong></span> <span class='ocrx_word' id='word_1_854' title='bbox 2921 4720 3216 4781; x_wconf 86' lang='lat' dir='ltr'><strong>separatus,</strong></span> <span class='ocrx_word' id='word_1_855' title='bbox 3239 4710 3384 4778; x_wconf 89' lang='lat' dir='ltr'><strong>justo</strong></span> <span class='ocrx_word' id='word_1_856' title='bbox 3411 4725 3504 4778; x_wconf 70' lang='lat' dir='ltr'><strong>pos</strong></span> <span class='ocrx_word' id='word_1_857' title='bbox 3522 4740 3535 4750; x_wconf 86' lang='lat'><strong>-</strong></span> 
     </span>
    </p>
   </div>
   <div class='ocr_carea' id='block_1_110' title="bbox 1960 4798 3535 4868">
    <p class='ocr_par' dir='ltr' id='par_1_110' title="bbox 1960 4798 3535 4868">
     <span class='ocr_line' id='line_1_110' title="bbox 1960 4798 3535 4868; baseline 0 -15"><span class='ocrx_word' id='word_1_858' title='bbox 1960 4798 2157 4853; x_wconf 89' lang='lat' dir='ltr'><strong>sessori</strong></span> <span class='ocrx_word' id='word_1_859' title='bbox 2181 4798 2419 4863; x_wconf 86' lang='lat' dir='ltr'><strong>Christo,</strong></span> <span class='ocrx_word' id='word_1_860' title='bbox 2444 4798 2534 4868; x_wconf 90' lang='lat' dir='ltr'><strong>qui</strong></span> <span class='ocrx_word' id='word_1_861' title='bbox 2561 4810 2645 4853; x_wconf 88' lang='lat' dir='ltr'><strong>est</strong></span> <span class='ocrx_word' id='word_1_862' title='bbox 2677 4800 2760 4853; x_wconf 83' lang='lat' dir='ltr'><strong>via</strong></span> <span class='ocrx_word' id='word_1_863' title='bbox 2792 4799 2991 4854; x_wconf 85' lang='lat' dir='ltr'><strong>veritas</strong></span> <span class='ocrx_word' id='word_1_864' title='bbox 3014 4808 3069 4855; x_wconf 90' lang='lat' dir='ltr'><strong>et</strong></span> <span class='ocrx_word' id='word_1_865' title='bbox 3102 4799 3233 4863; x_wconf 88' lang='lat' dir='ltr'><strong>vita,</strong></span> <span class='ocrx_word' id='word_1_866' title='bbox 3263 4799 3317 4853; x_wconf 92' lang='lat' dir='ltr'><strong>in</strong></span> <span class='ocrx_word' id='word_1_867' title='bbox 3353 4800 3535 4854; x_wconf 75' lang='lat' dir='ltr'><strong>Eccle-</strong></span> 
     </span>
    </p>
   </div>
   <div class='ocr_carea' id='block_1_111' title="bbox 1964 4888 3532 4959">
    <p class='ocr_par' dir='ltr' id='par_1_111' title="bbox 1964 4888 3532 4959">
     <span class='ocr_line' id='line_1_111' title="bbox 1964 4888 3532 4959; baseline 0.001 -17"><span class='ocrx_word' id='word_1_868' title='bbox 1964 4891 2042 4945; x_wconf 89' lang='lat' dir='ltr'><strong>sia</strong></span> <span class='ocrx_word' id='word_1_869' title='bbox 2086 4904 2183 4959; x_wconf 90' lang='lat' dir='ltr'><strong>per</strong></span> <span class='ocrx_word' id='word_1_870' title='bbox 2216 4889 2376 4944; x_wconf 84' lang='lat' dir='ltr'><strong>tidem</strong></span> <span class='ocrx_word' id='word_1_871' title='bbox 2412 4898 2465 4943; x_wconf 92' lang='lat' dir='ltr'><strong>et</strong></span> <span class='ocrx_word' id='word_1_872' title='bbox 2516 4888 2906 4946; x_wconf 84' lang='lat' dir='ltr'><strong>confessionem</strong></span> <span class='ocrx_word' id='word_1_873' title='bbox 2936 4889 3251 4945; x_wconf 87' lang='lat' dir='ltr'><strong>catholicam</strong></span> <span class='ocrx_word' id='word_1_874' title='bbox 3282 4891 3532 4945; x_wconf 87' lang='lat' dir='ltr'><strong>restitua-</strong></span> 
     </span>
    </p>
   </div>
   <div class='ocr_carea' id='block_1_112' title="bbox 1962 4978 3533 5050">
    <p class='ocr_par' dir='ltr' id='par_1_112' title="bbox 1962 4978 3533 5050">
     <span class='ocr_line' id='line_1_112' title="bbox 1962 4978 3533 5050; baseline 0.002 -19"><span class='ocrx_word' id='word_1_875' title='bbox 1962 4979 2051 5032; x_wconf 82' lang='lat' dir='ltr'><strong>tur</strong></span> <span class='ocrx_word' id='word_1_876' title='bbox 2081 4998 2094 5031; x_wconf 86' lang='lat'><strong>:</strong></span> <span class='ocrx_word' id='word_1_877' title='bbox 2128 4986 2186 5032; x_wconf 90' lang='lat' dir='ltr'><strong>ut</strong></span> <span class='ocrx_word' id='word_1_878' title='bbox 2224 4978 2296 5033; x_wconf 89' lang='lat' dir='ltr'><strong>ibi</strong></span> <span class='ocrx_word' id='word_1_879' title='bbox 2342 4985 2509 5032; x_wconf 88' lang='lat' dir='ltr'><strong>totum</strong></span> <span class='ocrx_word' id='word_1_880' title='bbox 2540 4978 2779 5041; x_wconf 83' lang='lat' dir='ltr'><strong>inveniat</strong></span> <span class='ocrx_word' id='word_1_881' title='bbox 2829 4981 2969 5050; x_wconf 90' lang='lat' dir='ltr'><strong>quod</strong></span> <span class='ocrx_word' id='word_1_882' title='bbox 3017 4979 3144 5034; x_wconf 74' lang='lat' dir='ltr'><strong>alibi</strong></span> <span class='ocrx_word' id='word_1_883' title='bbox 3173 4980 3370 5034; x_wconf 78' lang='lat' dir='ltr'><strong>frustra</strong></span> <span class='ocrx_word' id='word_1_884' title='bbox 3396 4995 3533 5049; x_wconf 66' lang='lat' dir='ltr'><strong>qum-</strong></span> 
     </span>
    </p>
   </div>
   <div class='ocr_carea' id='block_1_113' title="bbox 1962 5068 3531 5140">
    <p class='ocr_par' dir='ltr' id='par_1_113' title="bbox 1962 5068 3531 5140">
     <span class='ocr_line' id='line_1_113' title="bbox 1962 5068 3531 5140; baseline -0.001 -17"><span class='ocrx_word' id='word_1_885' title='bbox 1962 5070 2135 5123; x_wconf 86' lang='lat' dir='ltr'><strong>rebat.</strong></span> <span class='ocrx_word' id='word_1_886' title='bbox 2169 5069 2306 5124; x_wconf 79' lang='lat' dir='ltr'><strong>lline</strong></span> <span class='ocrx_word' id='word_1_887' title='bbox 2348 5068 2509 5124; x_wconf 86' lang='lat' dir='ltr'><strong>etiam</strong></span> <span class='ocrx_word' id='word_1_888' title='bbox 2564 5068 2811 5125; x_wconf 83' lang='lat' dir='ltr'><strong>hortatur</strong></span> <span class='ocrx_word' id='word_1_889' title='bbox 2841 5069 3114 5140; x_wconf 85' lang='lat' dir='ltr'><strong>Sapientia</strong></span> <span class='ocrx_word' id='word_1_890' title='bbox 3165 5070 3383 5125; x_wconf 85' lang='lat' dir='ltr'><strong>dicens:</strong></span> <span class='ocrx_word' id='word_1_891' title='bbox 3419 5069 3531 5139; x_wconf 80' lang='lat' dir='ltr'><strong>Ego</strong></span> 
     </span>
    </p>
   </div>
   <div class='ocr_carea' id='block_1_114' title="bbox 1962 5158 3526 5230">
    <p class='ocr_par' dir='ltr' id='par_1_114' title="bbox 1962 5158 3526 5230">
     <span class='ocr_line' id='line_1_114' title="bbox 1962 5158 3526 5230; baseline -0.001 -17"><span class='ocrx_word' id='word_1_892' title='bbox 1962 5169 2128 5213; x_wconf 87' lang='lat' dir='ltr'><strong>mater</strong></span> <span class='ocrx_word' id='word_1_893' title='bbox 2153 5159 2384 5230; x_wconf 71' lang='lat' dir='ltr'><strong>pulchra:</strong></span> <span class='ocrx_word' id='word_1_894' title='bbox 2419 5158 2740 5225; x_wconf 84' lang='lat' dir='ltr'><strong>dilectionis,</strong></span> <span class='ocrx_word' id='word_1_895' title='bbox 2791 5170 2836 5214; x_wconf 87' lang='lat' dir='ltr'><strong>et</strong></span> <span class='ocrx_word' id='word_1_896' title='bbox 2877 5162 3096 5224; x_wconf 84' lang='lat' dir='ltr'><strong>timoris.</strong></span> <span class='ocrx_word' id='word_1_897' title='bbox 3124 5171 3171 5215; x_wconf 87' lang='lat' dir='ltr'><strong>et</strong></span> <span class='ocrx_word' id='word_1_898' title='bbox 3217 5161 3526 5230; x_wconf 83' lang='lat' dir='ltr'><strong>agnitionis.</strong></span> 
     </span>
    </p>
   </div>
   <div class='ocr_carea' id='block_1_115' title="bbox 1960 5247 3528 5320">
    <p class='ocr_par' dir='ltr' id='par_1_115' title="bbox 1960 5247 3528 5320">
     <span class='ocr_line' id='line_1_115' title="bbox 1960 5247 3528 5320; baseline -0.002 -16"><span class='ocrx_word' id='word_1_899' title='bbox 1960 5260 2007 5304; x_wconf 90' lang='lat' dir='ltr'><strong>et</strong></span> <span class='ocrx_word' id='word_1_900' title='bbox 2030 5260 2224 5304; x_wconf 77' lang='lat' dir='ltr'><strong>sancta:</strong></span> <span class='ocrx_word' id='word_1_901' title='bbox 2248 5248 2373 5320; x_wconf 86' lang='lat' dir='ltr'><strong>spei.</strong></span> <span class='ocrx_word' id='word_1_902' title='bbox 2402 5247 2467 5303; x_wconf 86' lang='lat' dir='ltr'><strong>In</strong></span> <span class='ocrx_word' id='word_1_903' title='bbox 2493 5266 2573 5303; x_wconf 86' lang='lat' dir='ltr'><strong>me</strong></span> <span class='ocrx_word' id='word_1_904' title='bbox 2610 5252 2778 5320; x_wconf 87' lang='lat' dir='ltr'><strong>gratia</strong></span> <span class='ocrx_word' id='word_1_905' title='bbox 2803 5253 2969 5305; x_wconf 86' lang='lat' dir='ltr'><strong>omnis</strong></span> <span class='ocrx_word' id='word_1_906' title='bbox 2996 5253 3091 5307; x_wconf 78' lang='lat' dir='ltr'><strong>vite</strong></span> <span class='ocrx_word' id='word_1_907' title='bbox 3118 5262 3165 5304; x_wconf 89' lang='lat' dir='ltr'><strong>et</strong></span> <span class='ocrx_word' id='word_1_908' title='bbox 3194 5250 3446 5308; x_wconf 81' lang='lat' dir='ltr'><strong>veritatis.</strong></span> <span class='ocrx_word' id='word_1_909' title='bbox 3476 5250 3528 5301; x_wconf 82' lang='lat' dir='ltr'><strong>in</strong></span> 
     </span>
    </p>
   </div>
   <div class='ocr_carea' id='block_1_116' title="bbox 1959 5338 3527 5409">
    <p class='ocr_par' dir='ltr' id='par_1_116' title="bbox 1959 5338 3527 5409">
     <span class='ocr_line' id='line_1_116' title="bbox 1959 5338 3527 5409; baseline -0.002 -16"><span class='ocrx_word' id='word_1_910' title='bbox 1959 5355 2039 5393; x_wconf 87' lang='lat' dir='ltr'><strong>me</strong></span> <span class='ocrx_word' id='word_1_911' title='bbox 2060 5339 2226 5393; x_wconf 85' lang='lat' dir='ltr'><strong>omnis</strong></span> <span class='ocrx_word' id='word_1_912' title='bbox 2248 5355 2360 5409; x_wconf 80' lang='lat' dir='ltr'><strong>spes</strong></span> <span class='ocrx_word' id='word_1_913' title='bbox 2383 5338 2499 5392; x_wconf 67' lang='lat' dir='ltr'><strong>vita</strong></span> <span class='ocrx_word' id='word_1_914' title='bbox 2518 5348 2567 5392; x_wconf 87' lang='lat' dir='ltr'><strong>et</strong></span> <span class='ocrx_word' id='word_1_915' title='bbox 2606 5340 2827 5394; x_wconf 83' lang='lat' dir='ltr'><strong>virtutis.</strong></span> <span class='ocrx_word' id='word_1_916' title='bbox 2856 5339 3095 5395; x_wconf 83' lang='lat' dir='ltr'><strong>Transite</strong></span> <span class='ocrx_word' id='word_1_917' title='bbox 3120 5340 3189 5392; x_wconf 90' lang='lat' dir='ltr'><strong>ad</strong></span> <span class='ocrx_word' id='word_1_918' title='bbox 3224 5354 3322 5400; x_wconf 85' lang='lat' dir='ltr'><strong>me,</strong></span> <span class='ocrx_word' id='word_1_919' title='bbox 3355 5350 3527 5390; x_wconf 74' lang='lat' dir='ltr'><strong>omnes</strong></span> 
     </span>
    </p>
   </div>
   <div class='ocr_carea' id='block_1_117' title="bbox 1956 5424 3526 5502">
    <p class='ocr_par' dir='ltr' id='par_1_117' title="bbox 1956 5424 3526 5502">
     <span class='ocr_line' id='line_1_117' title="bbox 1956 5424 3526 5502; baseline -0.004 -18"><span class='ocrx_word' id='word_1_920' title='bbox 1956 5431 2046 5502; x_wconf 88' lang='lat' dir='ltr'><strong>qui</strong></span> <span class='ocrx_word' id='word_1_921' title='bbox 2070 5430 2431 5500; x_wconf 84' lang='lat' dir='ltr'><strong>concupiscitis</strong></span> <span class='ocrx_word' id='word_1_922' title='bbox 2471 5446 2570 5494; x_wconf 90' lang='lat' dir='ltr'><strong>me,</strong></span> <span class='ocrx_word' id='word_1_923' title='bbox 2602 5440 2649 5483; x_wconf 91' lang='lat' dir='ltr'><strong>et</strong></span> <span class='ocrx_word' id='word_1_924' title='bbox 2672 5447 2703 5483; x_wconf 81' lang='grc' dir='ltr'><em>α</em></span> <span class='ocrx_word' id='word_1_925' title='bbox 2747 5430 3160 5501; x_wconf 80' lang='lat' dir='ltr'><strong>generationibus</strong></span> <span class='ocrx_word' id='word_1_926' title='bbox 3188 5428 3312 5480; x_wconf 85' lang='lat' dir='ltr'><strong>meis</strong></span> <span class='ocrx_word' id='word_1_927' title='bbox 3348 5424 3526 5494; x_wconf 85' lang='lat' dir='ltr'><strong>imple-</strong></span> 
     </span>
    </p>
   </div>
   <div class='ocr_carea' id='block_1_118' title="bbox 1959 5515 3525 5587">
    <p class='ocr_par' dir='ltr' id='par_1_118' title="bbox 1959 5515 3525 5587">
     <span class='ocr_line' id='line_1_118' title="bbox 1959 5515 3525 5587; baseline -0.006 -13"><span class='ocrx_word' id='word_1_928' title='bbox 1959 5521 2104 5574; x_wconf 89' lang='lat' dir='ltr'><strong>mini.</strong></span> <span class='ocrx_word' id='word_1_929' title='bbox 2149 5519 2253 5585; x_wconf 86' lang='lat' dir='ltr'><strong>Qui</strong></span> <span class='ocrx_word' id='word_1_930' title='bbox 2284 5519 2430 5573; x_wconf 87' lang='lat' dir='ltr'><strong>audit</strong></span> <span class='ocrx_word' id='word_1_931' title='bbox 2459 5534 2560 5584; x_wconf 88' lang='lat' dir='ltr'><strong>me,</strong></span> <span class='ocrx_word' id='word_1_932' title='bbox 2585 5536 2685 5573; x_wconf 88' lang='lat' dir='ltr'><strong>non</strong></span> <span class='ocrx_word' id='word_1_933' title='bbox 2716 5519 3084 5587; x_wconf 80' lang='lat' dir='ltr'><strong>confundetur,</strong></span> <span class='ocrx_word' id='word_1_934' title='bbox 3116 5526 3161 5568; x_wconf 83' lang='lat' dir='ltr'><strong>et</strong></span> <span class='ocrx_word' id='word_1_935' title='bbox 3187 5515 3275 5584; x_wconf 84' lang='lat' dir='ltr'><strong>qui</strong></span> <span class='ocrx_word' id='word_1_936' title='bbox 3311 5529 3525 5580; x_wconf 71' lang='lat' dir='ltr'><strong>operan—</strong></span> 
     </span>
    </p>
   </div>
   <div class='ocr_carea' id='block_1_119' title="bbox 1959 5605 3522 5680">
    <p class='ocr_par' dir='ltr' id='par_1_119' title="bbox 1959 5605 3522 5680">
     <span class='ocr_line' id='line_1_119' title="bbox 1959 5605 3522 5680; baseline -0.006 -16"><span class='ocrx_word' id='word_1_937' title='bbox 1959 5624 2043 5666; x_wconf 79' lang='lat' dir='ltr'><strong>tur</strong></span> <span class='ocrx_word' id='word_1_938' title='bbox 2066 5612 2115 5663; x_wconf 83' lang='lat' dir='ltr'><strong>in</strong></span> <span class='ocrx_word' id='word_1_939' title='bbox 2144 5627 2220 5663; x_wconf 83' lang='lat' dir='ltr'><strong>me</strong></span> <span class='ocrx_word' id='word_1_940' title='bbox 2236 5626 2341 5663; x_wconf 86' lang='lat' dir='ltr'><strong>non</strong></span> <span class='ocrx_word' id='word_1_941' title='bbox 2355 5611 2657 5680; x_wconf 77' lang='lat' dir='ltr'><strong>peccat-unt.</strong></span> <span class='ocrx_word' id='word_1_942' title='bbox 2679 5609 2776 5674; x_wconf 75' lang='lat' dir='ltr'><strong>Qui</strong></span> <span class='ocrx_word' id='word_1_943' title='bbox 2795 5609 3052 5661; x_wconf 65' lang='lat' dir='ltr'><strong>eluriilcmt</strong></span> <span class='ocrx_word' id='word_1_944' title='bbox 3082 5622 3178 5669; x_wconf 74' lang='lat' dir='ltr'><strong>me,</strong></span> <span class='ocrx_word' id='word_1_945' title='bbox 3200 5605 3522 5656; x_wconf 65' lang='lat' dir='ltr'><strong>rimaraum:-</strong></span> 
     </span>
    </p>
   </div>
  </div>
