3992 6182
399 356 507 415 H9

1038 346 1100 404 Β.
1141 347 1398 404 RABth
1436 344 1654 403 MAURI
1694 340 2014 398 ARCHIEP.
2060 342 2369 400 MOGUNT.
2408 341 2696 399 OPERUM
2736 339 2915 397 PARS
2945 340 2986 395 1.

3565 336 3672 393 126

398 484 523 526 nam
572 465 760 521 habent
814 459 1014 536 (Eccle.
1045 459 1215 531 xxiv).
1257 460 1326 514 Et
1373 460 1426 514 in
1476 458 1768 526 Evangelio
1796 455 1980 509 Domi-
2009 458 2055 517 Α
2086 454 2160 509 rit
2184 464 2277 511 aut
2301 455 2626 511 subverterit
2651 473 2663 507 :
2696 469 2726 508 a
2757 454 2952 524 quibus
2972 462 3181 509 reatum
3204 453 3304 509 sibi
3329 453 3672 508 consciverit.

399 577 505 619 nus
530 559 646 630 ipse
671 555 805 612 dicit
828 572 841 608 :
877 552 982 622 Qui
1005 553 1136 620 sitit,
1163 553 1334 607 ueniat
1357 551 1426 605 ad
1453 567 1534 605 me
1561 560 1609 606 et
1637 549 1777 604 bibat
1806 562 1823 600 .'
1850 556 1897 602 et
1920 548 1986 601 de

397 660 576 707 uentre
619 646 736 719 ejus
772 645 935 715 ﬂuent
985 658 1137 715 aqum
1176 643 1325 697 vium.
1370 640 1431 697 Si
1487 641 1681 695 la’serit
1727 638 1986 710 quispiam

398 754 586 811 agrum
614 735 694 792 vel
722 736 923 790 vineam
958 733 1186 804 proximi
1230 732 1346 797 sui,
1401 739 1450 785 et
1487 730 1742 785 dimiserit
1771 729 1986 799 jumen-

399 840 512 884 tum
544 844 719 893 suum,
747 835 805 881 ut
833 826 1149 896 depascatur
1174 822 1349 877 aliena
1373 863 1387 887 ,
1436 820 1689 892 quidquid
1739 819 1990 889 optimum

400 922 645 977 habuerit
672 921 727 975 in
750 935 880 990 agro
921 934 1018 973 suo
1060 915 1141 971 vel
1177 916 1362 981 vinea,
1412 931 1507 986 pro
1541 914 1722 968 damni
1762 912 1993 967 (estima-

401 1015 542 1067 tione
593 1012 835 1067 restituat
886 1008 1068 1081 (Joan.
1102 1007 1225 1079 vn).
1266 1007 1381 1062 Hac
1405 1006 1673 1062 sententia
1726 1003 1994 1074 cupiditas

402 1104 641 1159 humana
682 1099 1095 1172 constringitur,
1126 1104 1180 1153 et
1218 1097 1452 1152 maxime
1480 1105 1669 1151 contra
1712 1095 1997 1165 episcopos

403 1210 470 1251 ac
497 1193 811 1250 sacerdotes
857 1191 1034 1255 valet,
1058 1190 1152 1262 qui
1178 1189 1383 1244 alienas
1427 1187 1718 1259 parochias
1742 1184 1995 1239 invadere

404 1289 676 1354 quaerunt.
728 1281 897 1352 Igitur
926 1281 1019 1350 qui
1069 1278 1334 1335 dimiserit
1362 1276 1655 1348 appetitum
1689 1273 1993 1337 carnalem,

405 1392 566 1448 quem
602 1374 877 1448 signiﬁcat
902 1371 1271 1429 irrationabile
1317 1369 1643 1440 iumentum,
1670 1375 1732 1422 ut
1784 1365 1995 1437 plebem

406 1469 473 1523 ad
500 1482 687 1523 senon
733 1464 1095 1536 pertinentem
1125 1461 1370 1517 avaritiae
1422 1475 1587 1516 causa
1632 1456 1908 1521 sollicitet,
1942 1462 2001 1509 ut

405 1558 524 1627 ejus
555 1556 813 1626 obsequia
850 1553 936 1609 vel
981 1551 1373 1608 redhibitiones
1402 1591 1417 1615 ,
1474 1549 1528 1604 in
1561 1555 1826 1620 quaestum
1875 1561 2000 1616 pro-

408 1651 588 1721 prium
637 1654 953 1712 convertat,
1006 1659 1105 1716 pro
1142 1642 1325 1700 damni
1369 1640 1762 1706 atstimatione,
1809 1652 1999 1710 agrum

410 1744 658 1814 corporis
689 1741 793 1807 sui,
824 1739 908 1796 vel
944 1739 1160 1794 vineam
1204 1734 1384 1793 cordis
1430 1735 1698 1804 castigare
1732 1739 1997 1803 cogatur:

2089 546 2289 617 Sicque
2307 546 2514 617 judicio
2541 553 2850 601 sanctorum
2893 544 3237 601 sacerdotum
3288 545 3534 614 proximo
3577 560 3678 598 suo

2088 639 2310 708 duplum
2332 638 2605 703 restituat,
2642 652 2765 692 cum
2800 635 3140 706 praedicatori
3164 650 3262 690 suo
3288 635 3445 689 ﬁdem
3467 644 3517 689 et
3548 650 3681 692 cou-

2090 728 2377 785 t'essioncm
2406 728 2728 784 catholicam
2750 727 2979 798 pleniter
3001 726 3278 792 exsolvat;
3325 733 3386 779 ut
3411 725 3501 795 qui
3531 726 3683 795 prius

2091 824 2270 879 minus
2304 822 2609 893 intelligens
2631 822 2978 875 aberraverat
3003 858 3020 883 ,
3066 818 3296 890 plenitt-r
3346 818 3684 881 instructus.

2091 914 2357 969 veraciter
2389 912 2598 968 ﬁdelem
2635 927 2693 967 se
2719 927 2816 981 per
2842 910 3025 965 omnia
3054 893 3323 965 ostendat.

2165 1003 2224 1058 Si
2262 1005 2376 1075 quis
2403 1003 2837 1058 commendarem
2861 1002 3100 1072 proximo
3130 1016 3228 1053 suo
3250 1000 3479 1067 asinum,
3499 1015 3646 1053 ovem
3666 1037 3686 1063 ,

2095 1095 2292 1160 bovem,
2320 1110 2472 1148 omne
2502 1094 2803 1163 jumentum
2839 1092 2908 1145 ad
2936 1091 3229 1146 custodiam
3254 1131 3268 1155 ,
3321 1100 3371 1145 et
3418 1100 3690 1144 mortuum

2096 1186 2274 1256 fuerit,
2293 1195 2384 1239 aut
2414 1184 2741 1239 debilitatum
2770 1182 2847 1238 uel
2872 1191 3081 1253 captum
3108 1182 3172 1236 ab
3201 1181 3457 1246 hostibus,
3486 1179 3693 1234 nullus-

2096 1293 2196 1348 que
2228 1276 2325 1330 hoc
2354 1276 2558 1339 viderit,
2584 1274 2970 1345 jusjurandum
3004 1274 3102 1327 erit
3129 1274 3184 1327 in
3204 1273 3394 1338 medio,
3415 1272 3556 1343 quod
3582 1289 3690 1326 non

2099 1366 2384 1423 extendet-it
2411 1382 2625 1421 manum
2671 1365 2892 1420 ad.rem
2930 1362 3158 1434 proximi
3183 1361 3309 1416 sui:
3338 1361 3693 1432 suscipietque

2099 1457 2355 1511 Dominus
2364 1454 2750 1526 juramentum,
2767 1463 2813 1508 et
2829 1451 2917 1507 ille
2930 1451 3143 1507 reddere
3155 1467 3261 1505 non
3276 1458 3508 1521 cogetur.
3525 1448 3684 1514 Quod

2099 1549 2147 1602 si
2182 1546 2324 1617 furto
2347 1544 2580 1600 ablatum
2611 1545 2812 1615 fuerit,
2867 1546 3102 1599 restituet
3155 1543 3407 1597 damnum
3446 1541 3692 1595 domino.

2103 1635 2162 1691 Si
2182 1644 2464 1691 comestum
2497 1652 2529 1689 a
2562 1634 2725 1689 bestia
2754 1633 2947 1703 fuerit,
2973 1632 3167 1703 deferet
3208 1631 3279 1685 ad
3300 1647 3419 1685 eum
3446 1629 3587 1701 quod
3610 1646 3699 1683 oc-

2104 1726 2271 1780 cisum
2309 1733 2405 1790 est,
2441 1733 2489 1778 et
2520 1740 2624 1778 non
2654 1724 2907 1778 restituet.
2955 1721 3057 1778 Hic
3097 1721 3426 1793 proximum,
3457 1719 3698 1776 Redem-

409 1842 468 1888 ut
497 1812 588 1904 qui
609 1847 711 1905 per
735 1830 1063 1901 voluptatem
1112 1828 1315 1883 abusus
1360 1832 1446 1880 est
1485 1822 1704 1886 alienis,
1729 1837 1828 1892 per
1861 1818 1999 1891 jeju-
2027 1816 2074 1875 B
2101 1826 2310 1889 plorem
2360 1826 2608 1873 nostrum
2658 1832 2946 1888 possumus
2998 1816 3283 1887 accipere:
3316 1812 3423 1881 Qui
3465 1830 3587 1868 cum
3636 1814 3699 1868 in

411 1928 561 1982 rium
591 1934 646 1981 et
690 1922 1062 1992 eleemosynas
1091 1918 1268 1973 discat
1315 1916 1621 1986 expendere
1658 1912 1895 1984 propria.
1939 1908 1999 1964 Si

410 2031 650 2088 egressus
673 2012 805 2085 ignis
826 2013 1055 2066 inveniat
1078 2010 1277 2081 spinas,
1303 2016 1350 2061 et
1380 2002 1825 2076 comprehenderit
1854 2017 2000 2055 acer-

411 2122 500 2161 vos
538 2104 772 2175 frugum,
800 2102 907 2157 sive
933 2109 1131 2155 stantes
1157 2106 1351 2171 segetes
1380 2098 1436 2151 in
1464 2094 1627 2166 agris,
1644 2092 1820 2148 reddet
1846 2092 1998 2145 dam—

412 2211 537 2251 num
577 2194 667 2265 qui
704 2193 876 2263 ignem
917 2189 1203 2244 succendit.
1251 2186 1428 2241 Nimia
1460 2182 1671 2240 cautela
1720 2180 2002 2250 Scriptura

414 2302 570 2343 sacra
596 2284 858 2355 quidquid
885 2282 1153 2355 agendum
1188 2288 1272 2336 est
1301 2278 1483 2333 facere
1519 2291 1619 2331 nos
1642 2275 1819 2330 docet.
1866 2271 2003 2326 Nam

415 2378 594 2446 ignem
619 2375 1018 2439 succendimus,
1050 2388 1172 2427 cum
1200 2371 1599 2441 corrcptionem
1631 2366 1863 2421 subditis
1908 2380 2006 2420 no-

412 2468 547 2529 stris
576 2482 968 2540 prteparamus,
993 2475 1053 2521 ut
1086 2464 1272 2536 spinas
1312 2463 1573 2517 vitiorum
1620 2461 1677 2515 in
1702 2460 1782 2514 eis
1807 2472 2007 2514 consu-

416 2575 654 2616 mamus.
693 2559 803 2615 Sed
846 2557 1234 2630 providendum
1263 2563 1349 2611 est
1376 2571 1446 2610 ne
1476 2555 1603 2610 dum
1657 2552 1788 2607 vitia
1815 2564 2004 2621 perse-

418 2654 656 2726 quimur,
684 2653 913 2708 virtutes
946 2651 1232 2715 laedamus;
1260 2655 1317 2702 et
1359 2662 1453 2702 eos
1475 2645 1569 2716 qui
1603 2644 1812 2699 fructus
1854 2644 1908 2698 in
1948 2657 2009 2697 se

418 2748 687 2805 bonorum
716 2760 941 2818 operum
977 2743 1224 2815 proferre
1243 2750 1544 2813 asperant,
1572 2747 1862 2808 antequam
1888 2735 2008 2791 illos

422 2840 491 2897 ad
522 2840 889 2896 maturitatem
914 2836 1245 2908 perducant,
1274 2849 1373 2905 per
1411 2832 1663 2903 injuriam
1694 2843 2005 2886 noceamus.

422 2934 567 3006 Ergo
592 2932 682 3003 qui
710 2931 817 2987 tale
843 2932 1100 2987 damnum
1124 2928 1179 2982 in
1210 2926 1366 2998 plebe
1386 2924 1484 2981 Dei
1510 2923 1878 2988 commiserit,
1914 2936 2009 2975 ne—

423 3041 577 3082 cesse
605 3033 692 3080 est
716 3032 777 3079 ut
819 3023 1036 3094 dignam
1063 3017 1439 3092 pmnitentiam
1467 3030 1568 3085 pro
1589 3016 1694 3070 hoc
1719 3023 1902 3085 gerat;
1958 3020 2014 3066 et

421 3116 564 3187 quod
598 3115 749 3187 prius
780 3127 880 3184 per
906 3112 1159 3167 inertiam
1187 3108 1360 3173 Iussit,
1411 3120 1511 3175 per
1535 3104 1771 3159 studium
1807 3104 2009 3158 bonum

427 3213 738 3262 restaurare
758 3213 1006 3259 conetur.
1163 3195 1187 3226 ‘

502 3295 562 3351 St
589 3295 706 3367 quis
729 3291 1161 3347 commendaverit
1203 3291 1372 3344 amico
1418 3289 1695 3360 pecuniam
1723 3296 1812 3341 aut
1846 3302 1933 3341 vas
1962 3285 2018 3339 in

428 3386 743 3451 custodiam,
770 3394 818 3438 et
853 3383 917 3437 ab
944 3399 1004 3437 eo
1032 3381 1124 3453 qui
1152 3389 1455 3451 susceperat
1495 3380 1639 3450 furto
1678 3376 1855 3432 ablata
1897 3375 2016 3445 fue-

427 3480 552 3546 rint,
574 3480 623 3534 si
649 3476 907 3533 invenitur
935 3475 1043 3546 fur,
1071 3472 1291 3544 duplum
1329 3472 1615 3538 reddatur;
1654 3472 1702 3525 si
1732 3470 1878 3534 latet,
1922 3468 2018 3522 d0-

430 3569 608 3626 minus
633 3571 818 3625 domus
844 3565 1193 3638 applicabitur
1223 3564 1293 3619 ad
1331 3563 1456 3619 deos
1480 3605 1496 3629 ,
1540 3573 1589 3617 et
1634 3560 1839 3633 jurabit
1879 3557 2019 3630 quod

430 3675 534 3714 non
560 3656 845 3712 extenderit
867 3672 1082 3710 manum
1104 3656 1161 3710 in
1190 3672 1298 3710 rem
1323 3655 1553 3727 proximi
1578 3654 1682 3721 sui,
1717 3652 1790 3706 ad
1835 3667 2018 3722 perpe-

433 3748 682 3803 trandam
708 3746 950 3819 fraudem
974 3760 992 3798 .'
1018 3757 1126 3801 tam
1148 3747 1203 3801 in
1245 3746 1369 3802 bove
1392 3763 1553 3817 quam
1576 3747 1630 3799 in
1658 3744 1806 3799 asino
1836 3751 1884 3796 et
1907 3758 2018 3799 ove.

432 3849 481 3897 et
510 3841 848 3905 vestimento;
878 3849 925 3894 et
948 3838 1203 3910 quidquid
1234 3838 1485 3892 damnum
1520 3836 1715 3904 inferre
1735 3842 1923 3905 potest,
1950 3832 2020 3885 ad

436 3934 562 3989 deos
591 3933 862 4003 utriusque
891 3948 1053 3985 causa
1073 3931 1331 4001 perveniet
1348 3969 1363 3994 ,
1406 3940 1454 3983 et
1474 3930 1518 3982 si
1542 3928 1621 3981 illi
1642 3926 2020 3998 judicaverint,

434 4022 653 4095 duplum
674 4024 906 4077 restituet
928 4021 1168 4092 proximo
1199 4037 1315 4075 suo.
1349 4020 1538 4075 Amico
1560 4019 1788 4090 pecunia
1813 4025 1903 4072 aut
1928 4032 2024 4072 vas

437 4118 490 4173 in
515 4116 814 4173 custodiam
842 4113 1272 4178 commendatur,
1300 4127 1422 4168 cum
1447 4127 1544 4182 per
1572 4109 1866 4182 quemlibet
1886 4123 2023 4180 pne-

438 4207 752 4272 dicatoreln,
780 4206 1068 4261 thesaurus
1101 4202 1248 4258 verbi
1300 4202 1418 4267 Dei,
1445 4212 1500 4256 et
1548 4216 1677 4255 vasa
1727 4197 2023 4269 Scripturaa

438 4316 606 4356 sacra:
629 4298 861 4370 simplici
904 4296 1140 4353 auditori
1175 4296 1243 4352 ad
1290 4294 1703 4351 custodiendum
1727 4332 1743 4357 ,
1789 4292 1842 4346 in
1877 4298 2023 4346 recta

440 4390 546 4446 ﬁde
571 4399 628 4446 et
650 4391 906 4462 operibus
930 4389 1088 4445 bonis
1133 4388 1603 4444 commendantur.
1645 4384 1753 4440 Sed
1781 4382 1825 4439 si
1860 4398 2024 4454 pecu-

444 4483 534 4537 nia
564 4481 962 4549 commendata,
1008 4481 1061 4535 id
1089 4489 1201 4545 est,
1244 4479 1380 4534 fides
1410 4486 1557 4534 recta
1603 4493 1702 4549 per
1729 4474 2026 4547 quemlibet

2102 1907 2278 1977 [arma
2307 1905 2405 1960 Dei
2446 1913 2599 1969 esset,
2624 1921 2728 1958 non
2752 1905 2990 1975 rapinam
3041 1905 3333 1958 arbitratus
3358 1911 3435 1958 est
3481 1919 3593 1958 esse
3638 1919 3703 1957 se

2104 1998 2356 2071 trqualem
2375 1998 2508 2064 Deo,
2527 1997 2618 2052 sed
2640 1997 2971 2068 semetipsum
2997 1996 3284 2051 eainanivit
3311 1996 3536 2065 formam
3557 1994 3699 2050 servi

2104 2088 2384 2159 accipiens,
2413 2089 2468 2143 in
2496 2085 2893 2141 similitudinem
2914 2085 3185 2139 hominum
3212 2083 3408 2154 factus,
3429 2092 3479 2137 et
3511 2082 3701 2137 habitu

2103 2181 2342 2236 inventus
2379 2189 2434 2234 ut
2466 2180 2642 2233 homo.
2676 2178 2783 2234 Iste
2837 2178 3118 2249 proximus
3161 2185 3346 2232 noster
3371 2216 3387 2240 ,
3451 2176 3700 2239 asinum,

2106 2288 2284 2334 ovem,
2308 2274 2519 2335 bovem,
2544 2277 2639 2324 aut
2662 2284 2823 2324 omne
2843 2267 3148 2339 iumentum
3189 2267 3243 2322 in
3271 2266 3516 2323 custodia
3540 2280 3699 2321 com-

2107 2369 2292 2433 mittit,
2316 2383 2441 2423 cum
2478 2367 2698 2422 cuilibet
2738 2366 3079 2437 pnerlicatori
3123 2364 3377 2419 animalia
3407 2379 3504 2419 sua
3528 2404 3543 2430 ,
3595 2363 3708 2418 hoc

2108 2468 2193 2514 est
2221 2459 2490 2524 homines,
2518 2457 2655 2528 alios
2704 2458 2920 2529 ingenio
2962 2458 3222 2523 valentes,
3252 2457 3387 2513 alios
3429 2455 3708 2528 simplices

2109 2558 2167 2605 et
2193 2550 2532 2613 innocentes,
2560 2547 2696 2602 alios
2726 2548 2917 2601 brutos
2940 2556 2996 2603 et
3034 2548 3280 2611 hebetes,
3310 2547 3377 2601 ad
3408 2546 3707 2617 regendum

2111 2640 2419 2696 committit.
2445 2637 2503 2694 Si
2534 2653 2663 2709 ergo
2705 2631 2791 2693 liis
2816 2637 3143 2693 animalibus
3173 2646 3358 2693 custos
3387 2635 3565 2707 gregis
3596 2634 3707 2689 Do-

2112 2731 2245 2787 mini
2272 2743 2490 2785 omnem
2543 2727 2962 2783 sollicitudinem
3016 2726 3316 2798 impendit,
3363 2734 3419 2780 et
3458 2721 3709 2794 pervigili

2111 2820 2354 2877 custodia
2384 2835 2570 2874 curam
2600 2818 2814 2873 illorum
2862 2818 3069 2882 habuit,
3100 2832 3208 2871 mn
3243 2817 3294 2871 ei
3342 2814 3594 2880 nocebit,
3647 2812 3705 2870 si

2112 2913 2304 2968 borum
2328 2911 2581 2982 quiddam
2608 2924 2640 2964 a
2665 2908 2917 2980 malignis
2964 2907 3246 2978 spiritibus
3273 2906 3580 2970 seductum,
3611 2913 3713 2959 aut

2114 3004 2333 3077 proprio
2362 3003 2494 3058 vitio
2524 3009 2796 3056 mortuum
2846 2999 3029 3055 fuerit.
3077 2997 3317 3054 Sulliciet
3342 2996 3547 3068 pastori
3578 3011 3717 3051 con-

2116 3096 2341 3151 scientia
2371 3107 2505 3164 pura
2530 3102 2585 3146 et
2615 3090 2747 3146 ﬁdes
2774 3106 2879 3145 non
2918 3090 3063 3154 ﬁcta,
3085 3104 3204 3159 quae
3242 3104 3337 3158 per
3365 3086 3713 3143 dilectionem

2045 3187 2089 3248 C
2120 3200 2374 3255 operans,
2402 3197 2500 3253 pro
2520 3181 2691 3236 salute
2715 3180 2859 3235 illius
2879 3180 3070 3235 devote
3097 3178 3398 3234 laborabat.
3433 3176 3711 3247 Suscipiet

2118 3291 2248 3347 ergo
2276 3272 2535 3328 Dominus
2577 3271 2776 3325 bonam
2812 3269 3150 3325 devotionem
3195 3268 3358 3331 illius,
3389 3275 3443 3321 et
3472 3265 3717 3320 studium

2118 3365 2318 3421 bonum
2350 3363 2652 3418 redundare
2687 3361 2849 3417 faciet
2873 3360 2946 3415 illi
2979 3361 3030 3414 in
3060 3360 3228 3414 vitam
3251 3366 3528 3413 mternam.
3557 3355 3721 3411 Unde

2119 3456 2254 3511 dicit
2306 3454 2597 3525 Apostolus
2638 3472 2650 3507 :
2712 3453 2823 3507 Deo
2877 3462 3053 3505 autem
3095 3450 3323 3522 gratias,
3379 3448 3468 3519 qui
3509 3461 3721 3516 semper

2118 3547 2402 3617 triumphat
2431 3562 2524 3600 nos
2553 3545 2609 3598 in
2634 3543 2839 3598 Christo
2861 3540 3010 3606 .lesu,
3028 3549 3077 3594 et
3110 3539 3321 3593 odorem
3350 3537 3549 3590 notitia:
3572 3551 3715 3599 sua'.

2119 3638 2424 3708 manifestat
2455 3654 2549 3708 per
2579 3653 2672 3691 nos
2711 3637 2766 3690 in
2793 3635 2935 3690 omni
2983 3632 3098 3687 loco
3121 3646 3140 3684 :
3169 3632 3291 3703 quia
3326 3628 3521 3684 Chrisi
3548 3628 3722 3681 bonus

2120 3734 2253 3788 odor
2276 3748 2457 3786 sumus
2492 3729 2619 3794 Deo,
2664 3729 2719 3782 in
2747 3727 2828 3781 his
2865 3726 2956 3796 qui
2994 3723 3127 3779 salvi
3160 3723 3315 3792 fiunt,
3345 3730 3391 3775 et
3431 3720 3485 3773 in
3508 3718 3588 3772 his
3623 3719 3720 3784 qui

2119 3832 2355 3895 pereunt.
2387 3820 2518 3875 Aliis
2544 3819 2754 3891 quidem
2796 3818 2929 3871 odor
2974 3816 3157 3868 mortis
3184 3814 3241 3868 in
3287 3819 3540 3874 mortem;
3593 3808 3718 3862 aliis

2120 3914 2330 3985 quidem
2357 3913 2488 3967 odor
2510 3912 2625 3966 vita:
2665 3910 2720 3965 in
2743 3910 2901 3964 vitam
2931 3904 3016 3979 (ΙΙ
3049 3904 3174 3960 Cor.
3212 3903 3298 3975 ιι),
3321 3911 3374 3957 et
3398 3907 3617 3955 caetera.
3650 3896 3717 3953 Si

2123 4014 2304 4060 autem
2349 4003 2608 4059 dormitat
2653 3999 3076 4073 paterfamilias,
3105 4007 3162 4054 et
3205 3995 3377 4051 furem
3427 3999 3717 4049 venturum

2122 4113 2230 4152 non
2261 4093 2636 4151 observaverit
2661 4102 2717 4147 et
2748 4107 2847 4163 per
2872 4089 3137 4146 desidiam
3169 4086 3311 4141 illius
3334 4086 3527 4140 horum
3554 4080 3718 4152 quid-

2124 4190 2249 4245 dam
2287 4186 2531 4257 perierit,
2558 4185 2814 4239 damnum
2867 4180 3087 4236 domino
3132 4192 3230 4234 suo
3267 4175 3550 4231 restituet:
3590 4171 3722 4241 quia

2120 4297 2218 4353 per
2239 4276 2624 4350 negligentiam
2674 4290 2826 4330 suam
2865 4269 3204 4328 Dominicum
3247 4283 3412 4338 pecus
3442 4265 3724 4323 custodire.

2124 4352 2232 4429 non
2260 4371 2493 4427 curavit.
2542 4368 2679 4423 llinc
2714 4365 2972 4421 Dominus
3019 4362 3086 4417 ad
3133 4360 3455 4430 prophetam
3500 4355 3577 4410 ait
3612 4372 3625 4408 :
3659 4352 3723 4407 Si

2124 4473 2204 4519 me
2234 4463 2433 4518 dicente
2459 4460 2531 4514 ad
2566 4459 2805 4529 impium,
2832 4454 3002 4509 Morte
3033 4451 3293 4514 morieris,
3324 4465 3425 4504 non
3449 4446 3616 4518 fueris
3641 4442 3727 4499 lo-

443 4588 757 4643 perversum
805 4572 1085 4627 doctorem
1110 4579 1165 4626 et
1190 4571 1526 4634 btereticum,
1569 4538 1793 4623 cdnfuso
1823 4566 2029 4621 intelle-
2056 4546 2106 4605 Ῑ)
2132 4566 2301 4619 tutus,
2336 4564 2391 4609 ut
2422 4571 2477 4609 δε
2516 4551 2775 4607 Custodit"
2817 4548 3008 4618 ἰηιρὺιε
3041 4563 3074 4599 α
3109 4546 3190 4599 via
3226 4560 3346 4608 sua.
3378 4542 3486 4613 ἱρεε
3528 4538 3725 4609 ἰηιρῑιιδ

445 4672 535 4720 ctu
566 4665 740 4719 ablata
771 4663 952 4728 fuerit,
978 4662 1068 4718 ille
1103 4662 1195 4732 qui
1223 4677 1320 4733 per
1349 4662 1608 4716 malitiam
1634 4660 1740 4715 doli
1773 4660 2030 4714 damnum

446 4754 594 4818 fecit,
630 4753 684 4809 in
706 4754 931 4810 custode
958 4753 1200 4823 pecuniae
1251 4751 1575 4815 Dominicat,
1622 4750 1670 4804 si
1717 4748 2028 4819 apparebit,

446 4845 723 4916 redigatur
774 4845 875 4900 sub
922 4842 1298 4913 paenitentiam
1334 4858 1348 4895 :
1389 4849 1448 4896 ut
1496 4848 1606 4895 tam
1642 4839 1808 4895 corde
1868 4852 2031 4908 quam

448 4936 614 4992 etiam
644 4950 872 5005 corpore
907 4932 1321 4997 contribulatus,
1346 4931 1536 5002 dignas
1556 4928 1833 4985 commissi
1863 4928 2034 4984 scele-

450 5027 530 5083 ris
553 5040 742 5101 plenas
771 5026 905 5080 luat.
939 5022 1034 5079 Sin
1065 5031 1244 5078 autem
1293 5021 1425 5078 latet
1463 5029 1653 5076 auctor
1685 5018 1907 5083 erroris,
1932 5016 2035 5071 Do-

453 5116 627 5172 minus
651 5114 838 5169 domus
880 5111 1230 5185 applieabitur
1263 5111 1332 5166 ad
1369 5111 1510 5165 deos.
1543 5110 1660 5180 ipse
1684 5107 1871 5178 utique
1897 5146 1912 5169 ,
1942 5106 2033 5175 qui

454 5207 522 5264 ad
547 5205 954 5263 custodiendam
996 5204 1227 5260 ﬁdeliter
1273 5203 1556 5276 pecuniam
1591 5199 1803 5279 Domini
1847 5214 2036 5254 susce-

454 5300 556 5373 pit,
581 5299 634 5354 in
659 5304 983 5357 conventum
1013 5297 1294 5353 doctorum
1326 5292 1714 5350 catholicorum
1740 5298 2037 5361 praesente-

459 5400 568 5458 tur,
590 5407 621 5446 a
655 5390 851 5461 quibus
899 5387 1183 5458 diligenter
1208 5387 1481 5442 discussus
1514 5391 1598 5439 est
1624 5423 1639 5448 ,
1689 5397 1926 5454 congrue
1953 5396 2037 5435 sa-

459 5484 697 5541 tisfaciat
719 5483 862 5555 quod
900 5498 1008 5538 non
1058 5494 1155 5551 per
1184 5478 1425 5534 fraudem
1455 5485 1551 5532 aut
1594 5473 1887 5543 nequitiam
1915 5486 2041 5543 pm-

459 5577 633 5647 priam
663 5578 716 5631 in
762 5576 945 5647 aliquo
991 5571 1229 5628 laeserit:
1266 5571 1363 5626 sed
1405 5567 1723 5638 simpliciter
1757 5572 1918 5635 prout
1961 5562 2041 5617 in-

463 5667 752 5733 tellexerit,
779 5677 1003 5723 eatenus
1023 5663 1343 5728 servaverit,
1376 5676 1475 5717 nec
1506 5658 1802 5732 quemlibet
1835 5656 1926 5726 qui
1973 5654 2040 5709 ad

463 5774 679 5832 gregem
708 5759 916 5816 Domini
957 5757 1282 5830 pertinebat,
1316 5755 1429 5826 ipsa
1459 5752 1703 5809 doctrina
1733 5747 2037 5805 maculam.

2131 4651 2186 4703 in
2215 4650 2488 4719 iniquitate
2514 4663 2612 4699 sua
2644 4644 2896 4717 morietur
2921 4654 2939 4692 :
2969 4638 3276 4710 sanguinem
3317 4644 3493 4690 autem
3519 4632 3633 4701 ejus
3657 4630 3729 4685 de

2134 4757 2293 4793 manu
2322 4750 2414 4792 tua
2449 4738 2736 4808 requiram.
2772 4732 2829 4789 Si
2871 4741 3045 4785 autem
3081 4726 3426 4782 annuutiante
3454 4732 3502 4776 te
3530 4721 3599 4774 ad
3624 4721 3730 4774 im-

2132 4832 2300 4901 piunt,
2323 4840 2378 4884 ut
2407 4848 2439 4883 a
2469 4830 2560 4884 viis
2582 4828 2692 4881 suis
2718 4832 3054 4879 convertatur
3072 4862 3086 4887 ,
3114 4836 3219 4874 non
3256 4816 3415 4888 fuerit
3444 4828 3728 4868 conversus

2134 4940 2166 4977 a
2192 4922 2276 4975 via
2304 4937 2400 4975 sua
2420 4960 2435 4985 ,
2482 4920 2590 4988 ipse
2620 4918 2675 4970 in
2710 4915 2987 4985 iniquitate
3023 4928 3119 4965 sua
3154 4908 3408 4963 morietur
3428 4920 3447 4959 :
3488 4918 3645 4974 porro
3668 4912 3731 4956 tu

2135 5010 2369 5066 liberasti
2396 5008 2629 5062 animam
2682 5014 2827 5057 tuam
2875 5000 3090 5071 (Ezech.
3142 4994 3318 5069 xvm).
3351 4993 3579 5062 Semper
3606 4990 3732 5059 qui-

2136 5101 2259 5155 dem
2284 5105 2474 5153 cautus
2499 5111 2618 5151 esse
2640 5095 2799 5150 debet
2823 5101 3027 5163 pastor,
3050 5097 3103 5144 et
3141 5083 3367 5158 pervigil
3394 5084 3446 5138 in
3476 5080 3729 5137 custodia

2138 5211 2267 5259 sua;
2308 5205 2362 5248 et
2387 5193 2430 5248 si
2458 5192 2693 5261 aliquem
2723 5202 2942 5244 suorum
2995 5200 3096 5257 per
3136 5182 3368 5238 bestiam
3401 5175 3730 5233 diabolicam

2139 5289 2393 5345 laniatam
2425 5282 2787 5355 conspexerit,
2823 5279 3005 5335 statim
3048 5289 3149 5347 p‘ro
3185 5288 3252 5329 eo
3280 5269 3509 5326 Domino
3536 5279 3732 5338 preces

2142 5379 2362 5444 fundat,
2409 5390 2641 5445 eumque
2693 5373 2980 5428 admoneat
3022 5375 3079 5422 et
3121 5378 3315 5421 curare
3365 5360 3614 5422 festinet,
3660 5372 3735 5412 ne

2140 5470 2258 5540 ejus
2293 5466 2547 5521 interitus
2569 5465 2622 5518 in
2650 5478 2759 5518 suae
2780 5461 2973 5515 anima:
3000 5455 3296 5529 perniciem
3319 5449 3619 5524 perveniat.

2214 5557 2375 5624 Quia
2422 5555 2661 5627 proximo
2689 5563 2795 5606 suo'
2833 5549 3119 5620 quidquam
3141 5548 3329 5600 horum
3356 5550 3595 5597 mutuum
3627 5552 3728 5607 po-

2142 5650 2376 5713 stularit,
2398 5658 2445 5702 et
2469 5655 2561 5701 aut
2590 5642 2916 5699 debilitatum
2931 5649 3021 5694 aut
3037 5648 3297 5694 mortuum
3323 5632 3480 5704 fuerit
3510 5628 3733 5683 domino

2140 5757 2250 5795 non
2272 5728 3145 5811 prasente,rcddcre'compelletur.
3173 5724 3327 5792 Quod
3350 5722 3397 5778 si
3424 5722 3476 5775 in
3498 5732 3736 5790 prasen-
