3992 6182
325 355 413 412 ω

1292 350 1797 409 COMMENTARIA
1835 350 1903 406 ΙΝ
1944 351 2257 411 EXODUM.
2297 383 2368 399 -η-
2402 354 2533 411 LIB.
2572 355 2659 412 ιιι.

3500 365 3598 420 I22

321 474 511 526 tierunt
568 467 729 538 fuerit
780 467 1063 532 dominus,
1117 482 1221 520 non
1268 467 1534 530 restituet;
1594 466 1824 520 maxime
1869 466 1917 519 si
1944 469 2118 537 Aper
2140 467 2517 525 fornicationis
2555 470 2871 526 instinctum
2900 482 3043 528 vetat
3097 476 3355 532 misceri:
3386 495 3597 538 necnon

319 562 633 618 conductum
652 570 860 614 venerat
888 576 985 631 pro
1011 558 1246 614 mercede
1268 560 1437 628 operis
1467 558 1573 611 sui.
1590 558 1634 611 A
1658 557 1906 627 proximo

320 656 480 723 igitur
508 659 699 707 nostro
729 660 973 727 mutuum
1003 648 1370 720 postulamus,
1403 664 1527 703 cum
1577 662 1677 717 pro
1702 654 1907 703 aeterna

320 741 780 805 remuneratione,
808 755 996 795 curam
1025 739 1204 810 gregis
1244 738 1511 793 Dominici
1559 737 1903 809 suscipimus.

319 832 420 888 Sed
447 833 492 886 si
519 832 776 885 timorem
801 829 897 884 Dei
929 844 1141 897 semper
1170 835 1297 883 ante
1324 827 1510 883 oculos
1531 828 1709 882 cordis
1735 828 1904 882 nostri

316 921 582 991 ponimus,
596 930 651 973 et
670 921 960 974 adventum
974 915 1091 987 ejus
1112 918 1266 988 quasi
1293 918 1599 988 exigentem
1622 917 1905 988 pecuniam

316 1013 468 1068 nobis
491 1009 844 1067 commissam
875 1008 1231 1065 formidamus
1254 1050 1271 1077 ,
1315 1009 1470 1079 quasi
1519 1010 1572 1064 in
1618 1008 1906 1078 przesentia

316 1107 483 1177 ipsius
514 1120 737 1175 semper
757 1120 966 1159 sumus.
1000 1103 1153 1159 Unde
1180 1111 1233 1158 et
1253 1101 1422 1158 Jacob
1450 1102 1517 1157 ad
1553 1102 1739 1158 Laban
1786 1103 1862 1155 ait
1889 1120 1903 1155 :

317 1197 436 1252 Nisi
469 1195 614 1250 Deus
641 1196 808 1267 patris
839 1195 940 1249 mei
965 1194 1252 1257 Abraham,
1284 1203 1333 1247 et
1356 1194 1515 1247 timor
1537 1192 1695 1247 Isaac
1720 1193 1909 1262 affuis-

311 1295 383 1338 set
418 1285 581 1349 milii,
613 1283 839 1353 forsi.'an
879 1281 1034 1335 modo
1064 1282 1265 1335 nudum
1292 1298 1394 1361 .me
1431 1283 1723 1336 dimisisses
1750 1278 1903 1353 (Gen.

313 1375 487 1443 xxxi).
517 1375 587 1428 Et
609 1372 898 1444 Apostolus
926 1373 1060 1428 dicit
1085 1391 1098 1426 :
1132 1371 1387 1437 Scientes,
1425 1373 1662 1426 timorem
1694 1371 1906 1425 Damini

308 1466 609 1521 hominibus
638 1464 966 1529 suademus,
1020 1462 1134 1517 Deo
1186 1471 1363 1517 autem
1416 1463 1682 1533 manifesti
1722 1480 1904 1517 sumus

311 1555 395 1620 (11
421 1552 548 1610 Cor.
570 1554 650 1624 v).
677 1553 745 1608 Et
766 1553 898 1607 item
927 1553 994 1607 de
1023 1552 1133 1608 Deo
1159 1552 1368 1622 inquit:
1405 1551 1573 1618 Quasi
1595 1569 1770 1607 coram
1794 1553 1902 1607 Deo

308 1647 361 1699 in
382 1642 595 1699 Christo
622 1643 905 1715 loquimur.
927 1642 1182 1698 lnteritus
1198 1658 1327 1713 ergo
1349 1643 1611 1698 debilitati
1638 1651 1733 1698 aut
1754 1659 1901 1698 mor-

309 1735 384 1789 tui
434 1734 656 1804 pecoris
711 1732 914 1803 pastori
963 1747 1069 1788 non
1126 1739 1409 1802 reputatur
1458 1731 1504 1787 si
1546 1729 1664 1799 ejus
1712 1747 1898 1786 curam

2007 567 2064 613 et
2092 559 2378 614 stultorum
2400 562 2681 616 hominum
2711 564 2963 633 prohibet
2982 569 3334 634 consortium,
3367 586 3591 640 quorum

2008 648 2238 704 societas
2267 649 2319 703 in
2374 649 2785 707 fornicationem
2828 654 3115 722 pessimam
3163 657 3434 713 hominem
3471 661 3597 716 facit

2009 741 2279 806 incidere,
2323 742 2377 797 id
2424 752 2545 808 est,
2591 745 2826 799 animam
2863 762 2962 816 per
3004 763 3243 803 errorem
3296 754 3536 820 separari
3566 770 3597 808 a

2008 830 2120 885 Deo
2152 872 2167 897 ,
2213 841 2266 886 et
2307 831 2463 904 jungi
2511 850 2609 903 per
2646 822 2905 907 ﬂagitium
2951 838 3183 895 diabolo.
3237 840 3389 896 Unde
3438 841 3593 898 Scri-

2007 931 2164 991 ptura
2227 923 2359 978 dicit
2416 943 2429 979 :
2488 925 2702 982 Amicus
2768 927 3047 984 stultorum
3111 933 3359 1002 eﬂicietur
3405 934 3595 991 similis
3645 937 3648 940 ’

2011 1012 2193 1085 (Prov.
2227 1013 2368 1086 xm).

2641 1107 2868 1166 CAPUT
2906 1110 2968 1166 ll.

2008 1209 2086 1264 De
2117 1229 2186 1289 _eo
2214 1215 2374 1289 quod
2418 1226 2550 1270 vetat
2578 1217 2841 1289 idolorum
2884 1219 3120 1275 culturas
3140 1260 3157 1289 ,
3202 1232 3250 1277 et
3278 1222 3491 1279 instruit
3531 1224 3597 1279 de

2078 1283 2334 1365 charitate
2354 1293 2404 1338 et
2429 1287 2633 1365 caeteris
2648 1288 3118 1365 iustiﬁcationibus
3141 1283 3302 1362 legis,
3337 1310 3455 1365 qua:
3479 1302 3595 1364 post

2077 1353 2188 1405 haec
2217 1364 2507 1423 sequuntur
2523 1355 2579 1409 in
2600 1353 2880 1413 volumine.

2078 1465 2182 1531 Qui
2202 1465 2439 1521 immolat
2478 1467 2610 1533 diis,
2657 1470 2962 1524 occidetur:
2995 1482 3342 1545 pra'terquam
3367 1473 3597 1530 Domino

2003 1554 2104 1611 soli
2139 1555 2336 1628 (Exod.
2384 1556 2545 1630 χχιι),
2570 1557 2622 1612 id
2653 1569 2757 1626 est,
2782 1560 2874 1630 qui
2903 1561 3142 1616 divinum
3188 1563 3449 1619 honorem
3492 1563 3595 1619 soli

2004 1654 2400 1717 competentem
2422 1647 2551 1712 Deo,
2582 1648 2742 1704 alicui
2781 1661 3047 1708 creatura:
3089 1653 3433 1723 impenderit,
3461 1670 3596 1712 nece

2004 1739 2270 1808 spirituali
2310 1739 2366 1793 in
2414 1740 2597 1795 anima
2638 1741 2940 1798 multatur:
2983 1744 3035 1798 in
3063 1744 3351 1801 Tartarum
3407 1748 3597 1818 utique

309 1835 529 1881 strenue
561 1824 733 1894 gessit
762 1842 775 1879 :
805 1832 862 1879 et
910 1823 1064 1894 quasi
1096 1823 1205 1878 Deo
1233 1831 1499 1893 praesente
1526 1863 1541 1888 ,
1597 1822 1905 1878 redditurus
1930 1817 1980 1877 B
2008 1832 2265 1902 gehennae
2296 1831 2459 1905 ignis,
2486 1833 2603 1888 sine
2639 1833 2746 1889 ullo
2788 1836 3027 1891 remedio
3079 1845 3301 1907 propter
3338 1817 3592 1909 impieta-

310 1916 575 1970 rationem
603 1915 1001 1969 studiosissime
1044 1914 1333 1969 laboravit.
1364 1913 1422 1968 Si
1464 1922 1645 1969 autem
1682 1916 1900 1970 domino

309 2022 415 2060 non
440 2013 714 2077 praesente
760 2003 944 2059 damni
985 2004 1275 2074 quidquam
1308 2004 1508 2058 factum
1557 2002 1741 2069 fuerit,
1774 2005 1898 2059 red-

310 2097 438 2151 dere
472 2094 852 2165 eompelletur,
874 2094 1002 2165 quia
1027 2095 1117 2165 qui
1155 2094 1431 2165 negligens
1459 2102 1543 2149 est
1567 2095 1620 2148 in
1643 2109 1773 2148 cura
1804 2110 1901 2164 pa-

308 2188 513 2253 storali,
538 2195 597 2242 et
625 2186 923 2242 secundum
947 2185 1090 2240 illam
1117 2187 1440 2240 sententiam
1467 2186 1608 2241 servi
1644 2201 1898 2255 nequam,

309 2278 496 2331 dixerit
528 2278 584 2330 in
619 2277 776 2330 corde
801 2293 898 2330 suo
930 2296 943 2332 :
989 2276 1197 2331 Moram
1231 2276 1357 2345 facit
1384 2277 1628 2331 dominus
1656 2293 1798 2331 meus
1820 2294 1903 2331 ve-

309 2369 439 2431 nire,
465 2377 515 2421 et
549 2368 760 2437 coeperit
807 2376 1072 2438 percutere
1108 2383 1299 2438 pueros
1330 2377 1376 2441 et
1401 2366 1643 2430 ancillas,
1674 2377 1721 2421 et
1751 2369 1902 2423 edere

306 2471 350 2514 et
375 2460 550 2512 bibere
572 2468 621 2512 et
650 2457 924 2522 inebriari,
954 2458 1119 2512 veniet
1144 2457 1389 2512 dominus
1416 2458 1548 2513 servi
1572 2457 1716 2512 illius
1739 2458 1793 2513 in
1816 2458 1902 2512 die

309 2567 406 2620 qua
436 2566 541 2603 non
572 2556 771 2619 sperat,
824 2557 875 2602 et
909 2548 1041 2602 hora
1086 2565 1191 2619 qua
1223 2548 1403 2612 nescit,
1436 2558 1485 2602 et
1519 2546 1713 2602 dividet
1745 2565 1899 2615 eum,

308 2654 610 2711 partemque
633 2640 749 2710 ejus
778 2656 895 2693 cum
925 2638 1225 2709 infidelibus
1272 2649 1452 2710 ponet,
1475 2648 1523 2694 et
1552 2640 1609 2693 in
1640 2656 1902 2694 carcerem

310 2734 529 2788 missus.
568 2747 674 2785 non
720 2731 882 2785 exibit
929 2731 1071 2795 inde,
1112 2730 1279 2784 donec
1328 2730 1514 2784 reddat
1561 2731 1902 2785 novissimum

308 2823 675 2890 quadrantem.
715 2818 776 2875 Si
810 2821 1074 2875 seduxerit
1110 2821 1226 2892 quis
1264 2821 1519 2892 virginem
1552 2820 1771 2874 necdum
1818 2820 1906 2874 de-

313 2927 640 2984 sponsatam,
673 2925 722 2968 et
749 2914 1023 2968 dormierit
1054 2931 1169 2968 cum
1201 2931 1285 2979 ea,
1310 2914 1903 2980 dotabiteam,etltabe-

309 3008 375 3059 bit
403 3023 517 3060 eam
549 3022 793 3059 uxorem.
818 3003 1094 3074 Virginem
1117 3006 1316 3075 quippe
1355 3006 1584 3060 necdum
1609 3006 1902 3075 desponsa-

312 3105 416 3151 tam
448 3097 735 3160 seducere,
761 3106 845 3152 est
893 3097 1188 3167 quamlibet
1225 3099 1550 3152 sententiam
1579 3097 1898 3153 canonicam

312 3189 538 3243 necdum
567 3187 638 3241 ab
667 3187 777 3243 alio
803 3189 1104 3258 expositam
1133 3188 1289 3257 juxta
1315 3205 1532 3246 sensum
1547 3190 1795 3257 'P.:trum,
1830 3207 1896 3247 es
1926 3157 1973 3221 Ο

312 3281 527 3351 proprio
568 3294 863 3350 exponere.
909 3280 1015 3337 Sed
1066 3281 1246 3335 dotem
1279 3282 1408 3336 dare
1434 3281 1509 3336 illi
1539 3283 1716 3343 debet.
1742 3291 1796 3338 et
1823 3283 1904 3339 sic

314 3373 507 3428 habere
533 3388 761 3426 uxorem
793 3391 806 3427 :
839 3373 967 3443 quia
996 3373 1100 3427 nisi
1129 3388 1226 3442 per
1252 3372 1411 3429 ﬁdem
1436 3374 1761 3429 catholicam
1783 3389 1903 3429 eam

314 3464 647 3534 acquisierit,
702 3462 819 3533 ejus
852 3463 1042 3534 copula
1087 3464 1190 3519 frui
1225 3481 1333 3519 non
1366 3464 1569 3520 licebit.
1605 3464 1901 3535 Sequitur:

319 3552 376 3607 Si
401 3564 547 3624 pater
581 3553 798 3623 virginis
826 3569 942 3608 eam
970 3553 1099 3607 dare
1130 3552 1371 3617 noluerit,
1412 3554 1600 3608 reddas
1629 3555 1905 3624 pecuniam

314 3644 464 3713 juxta
493 3644 713 3697 modum
751 3644 919 3708 dotis,
977 3660 1133 3716 quant
1172 3643 1397 3714 virgines
1436 3647 1669 3715 accipere
1689 3662 1909 3700 consue—

317 3744 510 3788 rernnt.
542 3733 710 3787 Pater
759 3735 977 3805 quidem
1035 3734 1262 3805 virginis
1311 3734 1415 3789 hoc
1459 3742 1543 3789 est
1591 3735 1906 3801 sententiae,

314 3841 505 3880 sensus
524 3836 612 3880 est
638 3826 953 3891 historicus,
979 3827 1045 3881 de
1073 3841 1177 3895 qua
1206 3826 1451 3880 nascitur
1477 3827 1671 3880 oratio.
1698 3824 1755 3880 Si
1778 3839 1908 3894 ergo

316 3917 610 3972 historicus
663 3932 860 3972 sensus
893 3916 947 3972 in
983 3917 1224 3986 qualibet
1275 3916 1542 3971 sententia
1603 3916 1905 3980 invenitur,

315 4008 404 4077 qui
433 4007 725 4061 charitatis
770 4021 994 4077 regnum
1046 4007 1237 4061 idonee
1265 4004 1534 4073 aediﬁcet,
1580 4014 1637 4061 et
1683 4021 1907 4077 regnum

318 4097 632 4166 cupiditatis
659 4094 991 4150 sullicienter
1013 4095 1277 4160 destruat,
1306 4109 1413 4150 non
1440 4095 1660 4149 videtur
1687 4109 1910 4150 necesse

318 4188 611 4258 allegorica
638 4188 1088 4256 interpretatione
1117 4187 1266 4241 illum
1282 4188 1496 4257 exponi.
1524 4186 1697 4254 Quam
1729 4196 1908 4241 tamen

317 4280 488 4336 lector
512 4281 645 4335 dote
682 4289 850 4335 recta:
877 4279 999 4334 ﬁzlei
1045 4279 1314 4334 honorare
1347 4279 1535 4341 debet,
1564 4288 1619 4333 et
1664 4280 1744 4335 sic
1769 4280 1905 4333 inta-

320 4383 460 4427 ctam
504 4387 605 4429 sua
648 4372 988 4441 expositione
1016 4371 1343 4441 relinquere.
1382 4371 1648 4441 Maleﬁcos
1679 4389 1782 4426 non
1821 4389 1910 4442 pa-

321 4463 471 4515 tiaris
500 4462 686 4516 virere.
724 4460 997 4518 Maleﬁcos
1040 4460 1272 4530 appellat
1322 4460 1441 4516 illos
1482 4461 1574 4530 qui
1624 4462 1910 4532 praestigiis

323 4555 545 4624 magicae
576 4553 714 4607 artis
735 4566 801 4607 ac
840 4550 1119 4627 dlabolicis
1172 4551 1441 4621 ﬁgmentis
1479 4567 1672 4607 causas
1707 4561 1908 4624 agunt,

324 4660 379 4702 et
397 4651 465 4703 ab
483 4663 597 4702 uno
632 4647 764 4712 Deo,
801 4647 896 4716 qui
924 4661 1085 4701 verus
1126 4656 1210 4702 est
1237 4654 1429 4701 auctor
1474 4647 1713 4702 omnium
1743 4649 1910 4704 bono-

326 4759 467 4807 rum,
496 4748 749 4795 avertere
771 4747 1025 4811 satagunt
1049 4757 1062 4792 :
1095 4754 1230 4809 quos
1265 4739 1405 4793 ultra
1439 4738 1621 4794 valere
1644 4740 1712 4793 ad
1740 4741 1912 4796 homi-

327 4851 449 4889 num
468 4831 768 4904 perniciem
790 4830 875 4887 lex
900 4847 1006 4886 non
1021 4831 1245 4901 patitur,
1261 4831 1354 4886 sed
1378 4830 1550 4900 magis
1569 4831 1917 4902 exstinguere-

321 4924 492 4992 jobct.
528 4921 734 4993 Typice
761 4930 941 4975 autem
970 4920 1266 4985 maleﬁcos,
1295 4920 1580 4976 haereticos
1627 4936 1913 4991 possumus

329 5016 596 5085 accipere,
622 5012 714 5082 qui
762 5027 870 5065 non
914 5012 1108 5080 spiritu
1139 5010 1234 5065 Dei
1263 5051 1278 5075 ,
1334 5014 1426 5066 sed
1457 5011 1648 5080 spiritu
1680 5011 1913 5082 maligno

333 5104 586 5177 instigati,
617 5117 903 5173 perversas
942 5111 1118 5156 sectas
1139 5101 1204 5155 ad
1236 5101 1512 5155 hominum
1540 5101 1911 5171 deceptionem

334 5196 711 5259 introducunt;
740 5208 879 5262 quos
906 5191 992 5247 lex
1015 5190 1225 5245 Domini
1260 5190 1495 5244 interimi
1534 5188 1706 5258 jubet,
1736 5191 1788 5246 id
1807 5199 1911 5258 est,

334 5306 363 5343 a
402 5283 678 5344 consortio
708 5284 968 5348 ﬁdelium,
997 5284 1091 5355 qui
1121 5282 1230 5338 Deo
1257 5282 1368 5336 vita
1401 5297 1525 5337 vera
1555 5282 1759 5346 vivunt,
1786 5297 1917 5336 ana-

337 5382 567 5437 themate
610 5379 833 5451 penitus
865 5376 1219 5447 sequestrari,
1248 5376 1419 5430 donec
1466 5374 1816 5441 maleﬁcium,
1860 5375 1915 5431 id

331 5480 431 5537 est,
453 5487 611 5528 error
628 5471 1031 5538 exstinguatur,
1057 5465 1149 5536 qui
1181 5465 1342 5520 noxie
1363 5466 1414 5520 in
1436 5466 1529 5521 'eis
1555 5467 1738 5521 vivere
1768 5467 1916 5522 vide-

336 5563 505 5629 batur,
536 5579 607 5619 ne
633 5577 826 5619 eorum
855 5557 1166 5616 communio
1208 5557 1532 5627 simplicium
1563 5556 1792 5613 fratrum
1820 5558 1916 5614 ﬁat

334 5653 739 5710 contaminatio.
778 5650 885 5717 Qui
924 5649 1104 5703 coierit
1137 5664 1255 5702 cum
1285 5649 1561 5719 jumento,
1607 5657 1774 5703 morte
1798 5666 1912 5703 mo-

337 5745 515 5798 riatur.
545 5744 746 5801 Contra
788 5744 1091 5800 naturalem
1130 5761 1320 5810 usum,
1379 5743 1555 5800 brutis
1595 5745 1915 5801 animalibus

2004 1935 2131 1992 tem,
2162 1927 2216 1981 in
2238 1934 2499 1981 :elernum
2523 1928 2827 1997 puniendus
2846 1930 3295 1999 ptmcipitabitur.
3318 1930 3586 1987 Advenam

2004 2032 2109 2070 non
2134 2014 2487 2081 contristabis,
2515 2032 2679 2087 neque
2703 2018 2893 2088 aﬂliges
2928 2035 3065 2073 eum.
3116 2017 3343 2074 Adrenw
3368 2021 3506 2075 enim
3543 2030 3591 2074 et

2000 2106 2297 2177 ipsifuistis
2325 2106 2380 2158 in
2409 2115 2551 2159 terra
2579 2105 2819 2176 Egypti.
2856 2106 3045 2162 Vidua:
3071 2117 3118 2162 et
3144 2108 3341 2178 pupillo
3366 2126 3469 2163 non
3500 2126 3593 2163 no.

2002 2194 2158 2249 cebis.
2190 2192 2248 2249 Si
2270 2193 2466 2248 la'seris
2493 2210 2599 2259 eos,
2630 2195 3059 2265 vociferabantur
3081 2196 3147 2249 ad
3170 2212 3271 2261 me,
3295 2206 3340 2250 et
3377 2213 3469 2268 ego
3490 2214 3590 2250 au-

2002 2284 2147 2338 diam
2194 2282 2476 2337 clamorem
2523 2300 2725 2348 eorum,
2756 2293 2805 2337 et
2842 2285 3206 2359 indignabitur
3246 2285 3398 2355 furor
3421 2303 3590 2351 meus,

2001 2375 2391 2447 percutiamque
2413 2390 2500 2428 vos
2529 2371 2727 2442 gladio,
2744 2384 2791 2427 et
2806 2383 2957 2427 erunt
2982 2390 3170 2429 uxores
3200 2384 3383 2429 vestra:
3398 2375 3590 2443 vidule,

2002 2477 2050 2522 et
2088 2465 2189 2537 ﬁlii
2210 2467 2364 2521 vestri
2384 2463 2592 2538 pupilli.
2623 2465 2975 2520 Dilectionem
2996 2466 3226 2536 proximi
3255 2481 3350 2536 per
3374 2466 3592 2522 miseri-

2003 2557 2203 2613 cordia:
2251 2556 2679 2626 compassionem
2716 2555 3080 2621 commendat,
3113 2571 3180 2611 ne
3217 2554 3358 2611 forte
3405 2555 3590 2613 furore

2002 2648 2297 2703 iracundia:
2326 2647 2599 2718 permoti,
2645 2654 2734 2700 aut
2794 2645 3036 2701 avaritiae
3086 2632 3305 2703 stimulo
3351 2647 3592 2717 incitati,

2002 2754 2212 2798 natura:
2234 2741 2326 2812 jus
2350 2758 2572 2798 servare
2599 2742 2905 2814 negligant;
2938 2743 3032 2798 sed
3056 2758 3273 2814 semper
3304 2745 3448 2800 illius
3470 2762 3597 2801 sen-

2004 2835 2185 2889 tentia:
2210 2834 2459 2889 veritatis
2480 2833 2915 2900 reminiscentes,
2941 2848 3045 2904 qua
3063 2835 3193 2890 dicit
3223 2853 3236 2889 :
3268 2835 3458 2890 Omnia
3478 2852 3597 2908 qua:

2003 2924 2159 2981 vultis
2188 2934 2244 2979 ut
2284 2923 2483 2994 faciant
2516 2925 2656 2979 vobis
2684 2925 2948 2989 homines,
2977 2926 3089 2979 hate
3130 2925 3311 2980 eadem
3349 2937 3397 2980 et
3439 2926 3597 2996 facite

2001 3019 2109 3075 illis
2133 3018 2353 3092 (Matth.
2378 3019 2498 3091 vn).
2530 3019 2598 3073 Et
2628 3027 2686 3074 ut
2717 3019 2845 3075 alibi
2874 3021 3135 3091 scriptum
3164 3029 3247 3077 est
3272 3040 3285 3077 :
3318 3020 3472 3088 Quod
3493 3024 3594 3078 sibi

2003 3112 2119 3183 quis
2147 3110 2265 3180 ﬁeri
2289 3127 2393 3165 non
2427 3109 2559 3177 vult,
2592 3109 2698 3166 alio
2724 3127 2788 3165 ne
2817 3111 3000 3180 faciat.
3049 3112 3429 3184 Unusquisque
3467 3130 3597 3188 ergo

2008 3200 2269 3271 indigenti
2291 3200 2544 3271 proximo
2567 3201 2766 3278 suo,in
2805 3201 3131 3280 necessitate
3153 3204 3402 3259 consulat
3425 3245 3440 3271 ,
3491 3220 3598 3261 nec

2005 3309 2243 3365 unquam
2265 3301 2475 3359 noceat,
2501 3297 2596 3349 sed
2628 3294 2925 3350 secundum
2951 3295 3094 3352 vires
3119 3295 3316 3353 foveat.
3342 3298 3512 3364 Alter,
3534 3299 3590 3355 in

2005 3383 2166 3438 vidua
2196 3382 2470 3449 Ecclesia;
2498 3392 2552 3439 et
2576 3384 2629 3438 in
2653 3383 2855 3454 pupillo
2878 3383 3223 3443 Christianus
3256 3388 3483 3458 populus
3507 3405 3598 3446 ac-

2006 3474 2112 3544 cipi
2140 3480 2352 3544 potest:
2387 3489 2549 3544 quam
2579 3475 2827 3545 prohibet
2856 3476 3168 3532 contristari
3200 3494 3300 3548 per
3344 3494 3596 3548 persecu-

2009 3565 2211 3620 tionem
2236 3565 2321 3619 vel
2362 3564 2562 3618 fastum
2610 3567 2943 3621 mundanum
2971 3607 2986 3633 ,
3025 3583 3093 3623 ne
3140 3567 3278 3623 forte
3301 3569 3424 3624 talis
3451 3570 3599 3626 inse-

2009 3656 2200 3720 ctatio,
2230 3655 2298 3709 ad
2346 3656 2642 3724 perniciem
2676 3672 2863 3710 eorum
2908 3658 3241 3726 spiritualem
3288 3661 3597 3730 perveniat,

2009 3743 2101 3812 qui
2131 3757 2226 3798 eos
2277 3741 2481 3798 frustra
2531 3744 2671 3799 odiis
2701 3752 2756 3797 et
2805 3745 3149 3800 contumeliis
3197 3746 3501 3803 molestant.
3539 3748 3600 3802 Si

2008 3835 2283 3905 pecuniam
2321 3844 2558 3888 mutuam
2598 3833 2804 3888 dederis
2848 3833 3040 3905 populo
3094 3852 3207 3889 meo
3254 3838 3471 3907 pauperi
3505 3839 3595 3908 qui

2009 3919 2211 3972 habitat
2238 3928 2429 3981 tecum,
2472 3936 2577 3974 non
2620 3919 2825 3988 urgebis
2872 3936 2990 3974 eum
3026 3921 3180 3988 quasi
3209 3931 3422 3975 exactor
3445 3963 3460 3987 ,
3505 3939 3598 3977 nec

2011 4009 2187 4063 usuris
2216 4009 2495 4079 opprimes.
2536 4008 2598 4065 Si
2624 4010 2812 4079 pignus
2847 4028 2879 4064 a
2923 4011 3161 4081 proximo
3203 4021 3293 4064 tuo
3339 4012 3600 4082 acceperis

2012 4101 2391 4165 vestimentum,
2408 4110 2528 4156 ante
2560 4100 2687 4154 solis
2710 4118 2953 4155 occasum
2984 4101 3140 4155 redde
3156 4102 3225 4155 ei.
3252 4100 3431 4171 Ipsum
3454 4102 3592 4155 enim

2012 4201 2088 4247 est
2115 4190 2305 4256 solum,
2337 4207 2440 4260 quo
2467 4192 2702 4260 operitur
2726 4191 3090 4245 indumentum
3120 4192 3296 4245 carnis
3318 4192 3432 4260 ejus
3455 4204 3474 4242 .'
3506 4208 3598 4244 nec

2012 4281 2165 4336 habet
2194 4280 2342 4334 aliud
2372 4280 2425 4334 in
2453 4296 2556 4350 quo
2578 4279 2825 4333 dormiat.
2860 4279 3008 4335 More
3038 4295 3138 4334 suo
3178 4279 3438 4335 Dominus
3474 4294 3601 4349 pro-

2013 4379 2179 4427 vocat
2209 4370 2275 4424 ad
2305 4368 2755 4433 misericordiam,
2785 4377 2838 4423 et
2866 4368 3278 4424 beneﬁcentiam
3310 4370 3473 4425 corda
3496 4385 3595 4425 au—

2016 4460 2277 4517 dientium
2316 4474 2331 4511 :
2381 4457 2523 4529 quod
2588 4458 2952 4530 indigentibus
2998 4460 3260 4530 proximis
3306 4476 3373 4516 ex
3419 4476 3601 4517 rerum

2016 4550 2345 4608 abundantia
2371 4547 2705 4619 opitulantur
2730 4588 2745 4613 ,
2787 4547 3091 4604 dilectionis
3119 4549 3232 4621 jam
3253 4560 3600 4619 conservent,

2016 4660 2139 4715 qua:
2166 4650 2423 4697 aeternam
2455 4639 2561 4695 illis
2590 4639 2804 4709 parient
2827 4639 2880 4693 in
2912 4639 3064 4695 caelis
3085 4643 3598 4698 remunerationem.

2015 4736 2191 4791 Aliter
2219 4753 2233 4790 :
2267 4733 2557 4789 Pecuniam
2595 4740 2835 4787 mutuam
2860 4732 3058 4804 populo
3090 4735 3310 4805 pauperi
3338 4734 3488 4803 dare,
3518 4745 3603 4792 est

2016 4828 2149 4897 legis
2172 4825 2454 4882 scientiam
2482 4824 2666 4895 gentili
2690 4824 2886 4895 populo
2911 4826 3243 4894 impendere,
3280 4826 3372 4897 qui
3395 4842 3602 4898 pauper

2017 4920 2209 4989 Spiritu
2237 4923 2337 4971 est.
2376 4913 2546 4982 Quem
2577 4924 2757 4969 tamen
2790 4930 3003 4985 urgere,
3026 4915 3109 4970 vel
3135 4916 3334 4981 usuris,
3365 4917 3468 4971 hoc
3491 4926 3598 4983 est,

2017 5006 2514 5080 superabundantia
2542 5004 2721 5075 aliqua
2749 5007 3052 5075 opprimere
3099 5015 3280 5062 vetat:
3313 5008 3436 5077 quia
3475 5014 3600 5079 post

2018 5103 2421 5174 perceptionem
2446 5097 2653 5168 gratice,
2670 5098 2737 5152 ad
2761 5098 3110 5152 caeremonias
3132 5097 3266 5168 legis
3294 5101 3488 5154 veteris
3504 5099 3599 5154 ob-

2018 5192 2310 5247 servandas
2341 5188 2643 5258 retorqueri
2672 5201 2777 5241 non
2827 5188 2966 5254 vult;
3000 5189 3121 5259 quia
3169 5189 3291 5244 ﬁnis
3339 5189 3468 5261 legis
3516 5200 3597 5242 est

2020 5281 2266 5339 Christus
2293 5281 2363 5336 ad
2381 5277 2650 5348 justitiam
2678 5278 2825 5332 omni
2855 5280 3118 5335 credenti.
3170 5280 3278 5351 (Ea:
3305 5279 3596 5349 Gregorio.)

2019 5373 2152 5430 Item
2194 5370 2525 5443 tropologice
2580 5368 2960 5438 praedicatores
2993 5369 3266 5439 Evangelii
3311 5369 3597 5431 admonet,

2020 5475 2080 5524 ut
2133 5465 2566 5538 superﬁuitatem
2630 5476 2810 5515 rerum
2869 5461 2922 5515 in
2976 5460 3227 5531 praesenti
3282 5474 3386 5513 non
3431 5474 3597 5539 appe-

2021 5567 2163 5625 tant;
2209 5558 2301 5614 sed
2350 5558 2618 5612 habentes
2665 5554 2864 5608 victum
2905 5562 2956 5607 et
3007 5552 3258 5607 vestitum
3286 5591 3301 5616 ,
3339 5551 3422 5607 his
3472 5568 3600 5607 con-

2020 5652 2151 5707 tenti
2188 5650 2324 5716 sint,
2373 5647 2657 5718 magisque
2709 5643 3062 5697 recordentur
3114 5640 3256 5697 illius
3308 5641 3600 5697 Dominica‘

2018 5742 2330 5809 sententia},
2373 5756 2479 5809 qua
2508 5735 2679 5799 dicit:
2717 5730 2892 5786 Gratis
2920 5733 3208 5801 accepistis,
3238 5736 3396 5803 gratis
3442 5734 3594 5790 date:
