4052 6184
445 307 546 364 125

1082 305 1144 361 Β.
1182 305 1436 360 ΒΔΒΛΝῙ
1476 304 1692 362 MAURI
1733 304 1994 364 ARCHIEI

2097 301 2400 359 MOGU‘NT.
2442 299 2723 358 OPEliUM
2760 301 2938 358 PARS
2972 302 3015 358 ῐ.

3583 303 3676 358 Ιέὶ

439 436 486 480 et
519 425 616 476 erit
647 435 838 480 merces
869 427 1035 472 vestra
1067 417 1232 471 multa
1255 417 1308 472 in
1351 415 1476 470 caelo
1504 414 1717 487 (Matth.
1749 415 1826 488 κ).
1879 415 2012 469 Item
2047 420 2088 476 Α
2120 427 2573 482 unumquemque,
2624 413 2884 466 bonorum
2929 425 3152 480 operum
3201 409 3576 481 primogenita,
3625 415 3678 468 in

431 511 732 570 secundum
759 509 1068 578 allegoriam
1097 508 1197 561 hoc
1226 507 1343 560 loco
1364 507 1490 574 quid
1513 505 1751 575 pignoris
1773 506 2010 584 nomine,

439 601 542 654 nisi
583 597 786 668 peccati
817 594 1078 650 confessio
1116 595 1274 648 datur
1302 593 1561 662 intelligi?
1597 592 1788 647 Frater
1812 592 2008 646 etenim

431 699 623 748 noster
648 688 858 744 debitor
884 688 1038 741 nobis
1077 683 1344 748 efficitur,
1393 700 1514 738 cum
1542 683 1764 752 quilibet
1811 684 1862 736 in
1914 698 2010 736 nos

436 779 712 852 proximus
769 777 1055 846 deliquisse
1103 783 1450 830 monstratur.
1499 775 1725 828 Peccata
1777 773 2006 842 quippe,

437 868 614 922 debita
639 881 912 921 vocamus.
931 864 1082 920 Unde
1100 863 1369 932 peccatori
1392 878 1548 917 servo
1571 863 1768 921 dicitur
1799 879 1811 914 :
1844 860 2011 915 Omne

437 958 666 1010 debitum
689 957 866 1010 dimisi
889 955 980 1008 tibi
1027 953 1245 1024 (Matth.
1290 953 1468 1021 xvm).
1523 953 1590 1006 Et
1647 953 1700 1006 in
1737 951 2005 1006 Dominica

436 1049 669 1116 quotidie
719 1049 962 1103 oratione
1004 1061 1134 1116 prec
1152 1059 1328 1100 uuur:
1371 1043 1584 1097 Dimitte
1626 1043 1772 1096 nobis
1836 1042 2007 1095 debita

432 1149 632 1201 nostra,
665 1138 799 1202 sicut
859 1146 908 1190 et
959 1152 1051 1189 nos
1098 1134 1408 1188 dimittimus
1453 1131 1770 1186 debitoribus
1817 1131 2008 1183 nostris

431 1229 648 1299 (Matth.
663 1231 759 1299 vr).
774 1227 819 1281 A
833 1228 1074 1284 debitore
1094 1234 1270 1280 autem
1292 1235 1473 1280 nostro
1488 1223 1676 1294 pignus
1691 1223 2006 1291 accipimus,

431 1320 646 1388 quando
681 1321 748 1374 ab
784 1334 850 1373 eo
889 1319 978 1387 qui
1020 1318 1073 1371 in
1127 1317 1283 1371 nobis
1327 1328 1582 1386 peccasse
1633 1313 2006 1384 cognoscitur,

433 1411 636 1480 peccati
664 1409 779 1478 ejus
818 1409 929 1480 jam
973 1407 1361 1468 confessionem
1395 1415 1680 1468 tenemus;
1722 1418 1818 1472 per
1843 1417 2002 1472 quam

433 1501 679 1555 relaxare
733 1507 1044 1571 peccatum,
1087 1497 1226 1568 quod
1279 1499 1332 1552 in
1383 1498 1539 1552 nobis
1585 1495 2005 1567 perpetrandum

433 1589 914 1658 cst,postulamur.
945 1588 1043 1654 Qui
1071 1589 1212 1642 enim
1267 1595 1547 1661 peccatum
1593 1585 1735 1656 quod
1783 1586 2004 1639 commi-

431 1680 502 1734 sit
533 1679 736 1732 fatetur
782 1687 834 1732 ct
878 1679 1088 1736 veniam
1136 1678 1310 1748 petit,
1361 1678 1474 1749 jam
1498 1676 1650 1746 quasi
1691 1690 1790 1745 pro
1820 1675 2000 1728 debito

430 1769 620 1840 pignus
649 1769 810 1825 dedit.
842 1768 992 1836 Quod
1024 1769 1277 1828 nimirum
1309 1770 1500 1839 pignus
1521 1777 1648 1820 ante
1690 1767 1820 1830 solis
1844 1783 1998 1822 occa-

427 1872 546 1911 sum
579 1857 724 1917 reddi
747 1855 969 1925 jubetur
993 1875 1006 1910 :
1035 1857 1158 1926 quia
1185 1857 1494 1926 priusquam
1523 1855 1574 1909 in
1599 1855 1754 1910 nobis
1786 1869 1882 1926 per
1905 1855 1998 1909 do-

428 1945 596 2002 torem
620 1947 798 2000 cordis
825 1945 902 2004 sol
923 1943 1147 2014 justitia:
1179 1945 1422 2010 occidat,
1467 1945 1722 1999 debemus
1768 1951 1824 1998 et
1869 1958 1996 1998 con-

427 2036 618 2092 fessori
649 2038 860 2093 veniam
896 2038 1141 2102 reddere,
1173 2053 1202 2091 a
1245 2053 1352 2107 quo
1399 2035 1792 2092 confessionem
1845 2049 1999 2090 acce-

419 2127 602 2197 pimus
622 2127 792 2197 culpze
816 2145 829 2180 :
861 2135 920 2185 ut
943 2127 1033 2198 qui
1057 2142 1114 2182 se
1141 2127 1431 2198 deliquisse
1461 2126 1512 2180 in
1540 2143 1641 2181 nos
1669 2125 1932 2189 meminit,
1965 2141 1996 2178 a

425 2218 578 2273 nobis
605 2219 766 2273 etiam
809 2217 1104 2280 relaxatum
1151 2219 1351 2274 sentiat
1397 2217 1540 2287 quod
1592 2216 1836 2286 deliquit.
1885 2214 1998 2267 Diis

426 2325 528 2362 non
547 2309 800 2364 detrahes.
838 2309 1105 2376 Quaeritur
1140 2325 1277 2380 quos
1317 2309 1476 2374 deos,
1517 2317 1696 2362 utrum
1729 2307 1997 2378 principes

425 2399 514 2465 qui
551 2396 796 2466 judicant
827 2399 1105 2472 populum,
1133 2401 1274 2456 sicut
1299 2400 1501 2457 dictum
1528 2407 1612 2454 est
1637 2397 1826 2468 Moysi,
1855 2399 1996 2467 quod

425 2485 586 2540 datus
628 2486 804 2540 fuerat
831 2487 963 2542 deus
987 2487 1274 2552 Pharaoni,
1302 2496 1360 2540 ut
1387 2502 1484 2558 per
1511 2487 1902 2556 expositionem
1927 2486 1998 2539 sit

426 2577 628 2634 dictum
653 2578 794 2646 quod
823 2577 1083 2647 sequitur,
1110 2577 1254 2632 velut
1279 2577 1612 2632 ostendendo
1640 2593 1776 2648 quos
1801 2577 2000 2630 dixerit

422 2667 554 2723 deos
580 2668 670 2724 ubi
701 2669 778 2723 ait
815 2687 828 2722 :
877 2669 945 2723 Et
991 2671 1274 2740 principem
1323 2667 1501 2739 populi
1547 2685 1652 2722 non
1696 2666 1994 2732 maledices,

418 2757 563 2827 quod
590 2755 807 2812 Grrecus
843 2759 1004 2813 habet
1030 2773 1044 2810 :
1076 2757 1198 2812 Non
1229 2758 1368 2810 dices
1405 2756 1558 2810 male.
1586 2757 1669 2809 An
1699 2756 1994 2810 secundum

418 2845 548 2911 illud
573 2848 942 2918 accipiendum
968 2856 1072 2909 est,
1102 2847 1242 2917 quod
1267 2846 1556 2916 Apostolus
1577 2847 1653 2900 ait
1680 2864 1694 2899 ε
1725 2845 1866 2899 Nam
1895 2847 1994 2900 etsi

416 2947 538 2990 sunt
563 2937 651 3008 qui
689 2937 934 2990 dicantur
961 2937 1052 3001 dii,
1105 2937 1208 2992 sive
1239 2938 1292 2990 in
1329 2935 1454 2991 calo
1478 2935 1582 2990 sive
1621 2937 1678 2990 in
1707 2945 1870 3000 terra,
1892 2937 1994 2990 sic-

420 3027 496 3079 uti
528 3037 646 3080 sunt
679 3026 754 3080 dii
793 3026 943 3080 multi
984 3037 1032 3080 et
1060 3027 1261 3080 domini
1300 3026 1472 3080 multi.
1517 3024 1776 3080 Addenda
1812 3033 1990 3080 autem

2114 499 2369 554 Ecclesiae
2391 499 2595 552 unitate
2625 499 2820 552 debere
2844 513 3077 562 servare,
3105 506 3160 552 et
3197 499 3249 552 in
3283 497 3384 553 ﬁde
3418 500 3679 556 catholica

2110 589 2370 662 quidquid
2415 589 2535 642 boni
2581 588 2765 656 possit,
2815 588 3110 653 elaborare,
3154 589 3324 643 donec
3349 599 3538 644 octava
3567 592 3683 646 dies

2110 677 2312 739 veniat,
2364 677 2416 730 id
2463 684 2567 738 est,
2600 675 3014 732 resurrectionis
3061 684 3286 745 tempus,
3319 679 3532 746 quando
3556 689 3682 734 ante

2111 766 2342 820 tribunal
2366 765 2565 834 judicis
2609 765 2807 820 Christi
2854 775 3230 836 praesentatus,
3261 769 3522 823 bonorum
3555 785 3682 840 ope-

2111 870 2228 908 rum
2279 856 2760 908 remunerationem
2805 854 2874 910 ab
2915 857 3030 926 ipso
3067 859 3310 927 accipiet.
3357 859 3508 916 Unde
3553 861 3682 916 dicit

2107 945 2434 1014 Apostolus:
2473 944 2651 999 Nolite
2695 955 2814 1000 ante
2848 955 3046 1020 tempus
3077 948 3322 1018 judicare
3345 949 3682 1022 quoadusque

2106 1035 2277 1086 veniat
2315 1033 2590 1099 Dominus,
2633 1034 2724 1104 qui
2758 1043 2808 1088 et
2851 1033 3167 1089 illuminabit
3195 1037 3498 1092 abscondita
3543 1049 3684 1094 tene-

2107 1122 2344 1188 brarum,
2371 1133 2418 1178 et
2441 1123 2792 1194 manifestabit
2817 1125 3036 1178 consilia
3056 1125 3289 1180 cordium
3309 1143 3328 1191 ;
3352 1137 3398 1199 et
3420 1137 3544 1182 tunc
3564 1128 3682 1184 laus

2105 1215 2200 1268 erit
2247 1215 2524 1285 unicuique
2569 1232 2600 1268 a
2641 1213 2749 1267 Deo
2779 1213 2831 1285 (1
2855 1211 2976 1268 Cor.
3001 1215 3096 1287 tv).
3151 1217 3216 1272 Et
3257 1217 3424 1272 item:
3463 1219 3678 1288 Omnes,

2106 1304 2300 1372 inquit,
2351 1303 2603 1357 stabimus
2656 1314 2776 1358 ante
2827 1303 3059 1358 tribunal
3107 1305 3342 1371 Christi;
3383 1317 3436 1360 ut
3465 1311 3679 1378 recipiat

2105 1393 2455 1463 unusquisque
2473 1393 2686 1462 propria
2701 1393 2934 1461 corporis
2953 1405 3105 1463 prout
3133 1396 3319 1463 gessit:
3339 1397 3443 1449 sive
3463 1399 3676 1462 bonum,

2101 1486 2204 1536 sive
2225 1483 2421 1536 mnium
2445 1523 2458 1536 .
2499 1481 2612 1536 Viri
2649 1484 2815 1537 sancti
2856 1484 3005 1538 eritis
3043 1485 3188 1538 mihi.
3231 1485 3454 1540 Carnem
3495 1503 3612 1558 qum
3645 1507 3678 1542 ιι

2101 1575 2272 1629 bestiis
2301 1576 2457 1644 fuerit
2481 1585 2816 1646 pra'gustata,
2856 1592 2961 1630 non
3007 1577 3300 1642 comedetis,
3325 1579 3414 1632 sed
3436 1579 3686 1648 projicie-

2100 1665 2165 1717 tis
2205 1664 2420 1718 canibus
2459 1663 2630 1736 (Rom.
2656 1664 2788 1737 xiv).
2823 1664 2971 1720 Licet
3011 1664 3093 1720 fas
3124 1681 3229 1720 non
3273 1667 3345 1722 sit
3377 1669 3675 1724 secundum

2035 1747 2073 1803 ἓῖ
2108 1758 2404 1820 historiam,
2433 1773 2654 1812 carnem
2686 1757 2942 1828 pollutam
2986 1758 3197 1813 bestiali
3234 1760 3393 1814 dente
3417 1761 3678 1816 dilacera-

2105 1857 2233 1912 tam,
2264 1849 2466 1902 homini
2506 1849 2700 1902 divinas
2743 1848 2848 1918 legi
2892 1848 3128 1914 subdito,
3165 1859 3351 1903 contra
3394 1849 3562 1920 legem
3587 1869 3680 1907 co-

2103 1941 2336 2004 medere,
2367 1939 2460 1994 sed
2483 1940 2640 2010 quasi
2667 1939 2992 1994 immundam
3030 1947 3304 2010 reputare,
3342 1949 3519 1996 tamen
3544 1943 3679 1995 alle-

2101 2032 2283 2102 gorica
2331 2046 2490 2086 sensu
2546 2045 2788 2095 carnem,
2839 2032 3302 2087 conversationem
3358 2033 3672 2098 humanam,

2102 2136 2194 2173 seu
2236 2120 2522 2174 auimaicm
2570 2120 2870 2174 doctrinam
2908 2120 3206 2191 intelligere
3235 2136 3537 2190 possumus.
3576 2122 3676 2176 Be-

2101 2212 2262 2266 stiam
2287 2227 2434 2273 vero,
2467 2211 2778 2266 luereticum
2809 2213 2921 2266 sive
2949 2213 3240 2268 diabolum.
3273 2214 3500 2270 Carnem
3528 2232 3674 2278 vero,

2102 2303 2204 2356 hoc
2231 2311 2316 2356 est
2352 2302 2839 2366 conuersationem,
2872 2318 2989 2372 qum
3014 2304 3082 2357 ab
3121 2305 3490 2359 bzereticorum
3515 2321 3678 2375 opere

2102 2399 2365 2446 venenato
2408 2392 2660 2455 laniatur,
2709 2391 2794 2446 vel
2827 2392 3088 2446 diabolica
3143 2395 3484 2464 suggestione
3527 2398 3673 2450 deci-

2100 2485 2265 2553 pitur,
2295 2499 2398 2537 non
2425 2491 2507 2537 est
2527 2482 2730 2536 licitum
2761 2484 2964 2538 homini
2992 2483 3298 2540 Christiano
3321 2487 3518 2542 imitari
3543 2507 3557 2554 ;
3582 2491 3675 2544 sed

2101 2572 2256 2642 quasi
2285 2572 2614 2626 immundam
2645 2573 2906 2642 projicere
2932 2574 3170 2636 canibus,
3199 2576 3297 2630 hoc
3323 2586 3406 2631 est
3429 2579 3677 2650 malignis

2101 2663 2380 2735 spiritibus
2411 2665 2523 2720 sive
2545 2664 2768 2737 paganis
2795 2673 3000 2734 aptam,
3028 2676 3188 2735 atque
3223 2668 3554 2723 consimilem
3583 2670 3676 2724 de-

2100 2765 2308 2824 putare,
2345 2755 2637 2810 secundum
2678 2755 2822 2809 illam
2851 2753 3105 2809 Veritatis
3143 2771 3350 2822 vocem,
3379 2773 3479 2826 qua
3523 2759 3678 2828 jbrt

2099 2861 2220 2900 eum
2236 2845 2324 2916 qui
2339 2844 2624 2899 Ecclesium
2641 2862 2742 2899 non
2758 2845 3009 2912 audierit,
3021 2862 3114 2916 pro
3126 2847 3326 2901 ethnico
3342 2858 3388 2902 et
3401 2849 3681 2918 publicano

2097 2935 2276 2988 haben
2329 2935 2543 3005 (Matth.
2593 2934 2770 3006 xvui).
2825 2936 2891 2990 Et
2935 2937 3220 3006 Apostolus
3267 2941 3505 3004 tnanlat,
3556 2958 3678 3010 pec-

2099 3037 2303 3082 cantent
2340 3028 2478 3081 tradi
2507 3027 2720 3082 Satana:
2753 3028 2806 3082 in
2845 3029 3110 3082 interitum
3139 3033 3331 3094 carnis,
3374 3042 3428 3084 nt
3462 3033 3671 3102 spiritus

422 3117 582 3173 sicuti
612 3125 738 3172 sunt
765 3119 896 3172 deos
935 3117 1157 3186 intelligi
1186 3118 1391 3172 voluit:
1423 3117 1516 3186 qui
1542 3117 1700 3187 digne
1730 3116 1892 3170 etiam
1917 3116 1998 3169 (ιί-
2025 3097 2067 3162 C
2103 3119 2168 3170 sit
2191 3119 2366 3172 salvus
2401 3119 2456 3172 in
2490 3119 2574 3172 die
2601 3117 2814 3173 Domini
2853 3118 2904 3192 (Ι
2935 3119 3058 3174 Cor.
3087 3121 3160 3185 ν).
3196 3122 3323 3176 Item
3369 3138 3464 3192 per
3487 3097 3673 3178 inerti-

419 3217 635 3264 cuntur.
666 3208 743 3262 lta
773 3223 904 3262 sane
931 3215 993 3261 ut
1021 3208 1177 3261 latria
1224 3223 1344 3276 qua:
1370 3207 1568 3261 dicitur
1595 3207 1803 3271 Graece,
1829 3213 1886 3260 et
1908 3205 1994 3260 in-

420 3305 748 3368 terpretatur
783 3298 974 3352 Latine
999 3297 1232 3352 servitus
1263 3315 1276 3351 :
1323 3297 1418 3352 sed
1449 3313 1514 3350 ea
1537 3311 1657 3366 quae
1685 3297 1750 3352 ad
1778 3295 1996 3366 religio-

419 3403 541 3443 nem
587 3387 859 3458 pertinere
903 3387 1238 3458 intelligitur,
1285 3403 1394 3443 non
1445 3387 1704 3442 debeatur
1748 3385 1852 3440 nisi
1901 3385 1996 3440 uni

417 3480 528 3534 Deo
553 3495 700 3544 vero,
724 3481 814 3550 qui
840 3480 992 3535 nobis
1019 3491 1098 3535 est
1119 3480 1284 3535 Deus.
1313 3479 1390 3534 llli
1417 3487 1597 3536 autem
1626 3479 1716 3549 qui
1743 3478 1996 3534 dicuntur

417 3571 512 3634 dii,
551 3570 714 3625 etiam
745 3571 789 3626 si
817 3571 908 3642 qui
955 3579 1100 3636 sunt,
1131 3571 1222 3625 ubi
1259 3571 1454 3626 merito
1482 3569 1760 3635 dicuntur,
1802 3569 1994 3638 prohi-

416 3661 514 3716 biti
544 3668 692 3726 sunt,
716 3677 823 3715 non
845 3660 980 3730 jussi
1008 3669 1134 3718 sunt
1175 3661 1420 3716 maledici
1446 3677 1460 3724 ;
1492 3675 1592 3715 nec
1625 3667 1807 3714 tamen
1832 3659 1996 3714 sacri-

420 3749 556 3806 ﬁciis
587 3751 671 3804 vel
710 3751 834 3806 ullis
870 3751 1042 3807 latrite
1083 3753 1375 3822 obsequiis,
1424 3752 1700 3807 honorari.
1749 3751 1991 3806 Decimus

415 3849 534 3893 tuas
556 3850 602 3894 et
629 3841 888 3911 primitias
940 3857 1041 3894 non
1067 3841 1299 3894 tardabis
1335 3841 1542 3910 offerre.
1580 3839 1992 3909 Primogenitum

414 3926 642 3996 ﬁliorum
682 3937 889 3981 tuorum
936 3928 1085 3982 dabis
1131 3930 1279 3982 mihi.
1319 3927 1398 3981 De
1439 3928 1602 3982 bubus
1626 3943 1829 3998 quoque
1852 3937 1900 3982 et
1927 3928 1992 3982 de

415 4015 592 4070 oribus
643 4017 884 4070 similiter
927 4017 1110 4086 facies,
1155 4027 1258 4073 etc.
1317 4017 1424 4089 (Ea:
1469 4017 1720 4080 Isidoro).
1767 4017 1992 4073 Jubetur

416 4123 632 4177 quoque
661 4108 800 4163 inter
825 4111 940 4164 tunc
985 4109 1298 4176 Israelitico,
1333 4111 1571 4165 decimas
1605 4109 1818 4178 frugum
1861 4127 1990 4164 cnn-

415 4206 733 4270 ctarumque
759 4199 1026 4270 primitias
1080 4216 1255 4254 rerum
1285 4199 1485 4254 offerre
1514 4199 1642 4255 Deo.
1687 4199 1988 4269 Spirituali-

416 4298 497 4342 ter
541 4291 734 4360 quippe
779 4292 1032 4362 primitiae
1087 4290 1298 4362 frugum
1354 4292 1437 4346 vel
1487 4291 1984 4362 primogenitorum,

414 4381 680 4450 principia
715 4398 939 4454 operum
991 4383 1252 4438 bonorum
1302 4382 1628 4448 ostendunt;
1684 4380 1767 4436 vel
1815 4381 1983 4450 ipsam

415 4473 612 4525 Lonam
638 4474 987 4537 voluntatem,
1033 4489 1150 4542 quae
1189 4475 1336 4544 prior
1359 4483 1444 4528 est
1480 4489 1665 4544 opere,
1699 4489 1862 4542 Quam
1891 4487 1985 4541 pe-

415 4561 611 4630 lagiani
659 4565 761 4619 sibi
813 4564 1096 4630 tribuendo
1126 4565 1420 4619 oll'cndnnt.
1467 4566 1606 4619 Deus
1653 4572 1830 4618 autem
1861 4565 1985 4619 dum

418 4657 508 4711 illa
538 4657 692 4712 sibi‘a
730 4659 882 4713 nobis
901 4658 1052 4729 jubet
1094 4657 1296 4723 oﬂ'erri,
1343 4659 1545 4713 indicat
1573 4660 1640 4711 ad
1671 4659 1838 4728 ipsius
1865 4674 1988 4727 gra-

416 4747 546 4801 tiam
573 4747 861 4816 pertinere.
888 4747 946 4801 ln
971 4747 1196 4802 decimis
1221 4749 1402 4817 itaque
1428 4748 1536 4800 Deo
1557 4746 1864 4811 offerendis,
1889 4747 1986 4801 de-

419 4835 608 4890 narius
633 4851 886 4891 numerus
912 4835 1294 4906 perfectionem
1333 4835 1622 4905 signiﬁcat,
1650 4837 1776 4905 quia
1817 4851 1986 4904 usque

416 4927 484 4981 ad
512 4927 685 4996 ipsum
727 4943 984 4984 numerus
1011 4928 1242 4992 crescit;
1293 4927 1414 4982 ideo
1455 4927 1595 5000 sicut
1637 4928 1690 4982 in
1731 4927 1985 4996 primitiis

413 5016 651 5086 primitia
670 5016 1024 5082 voluntatum,
1049 5017 1122 5072 ita
1151 5018 1206 5072 in
1227 5018 1469 5082 decimis,
1498 5017 1984 5074 consummationes

417 5115 720 5161 nostrorum
755 5122 976 5179 operum
1016 5109 1082 5163 ad
1127 5108 1293 5162 Deum
1324 5105 1528 5162 referre
1557 5107 1920 5176 praecipimur,
1949 5123 1980 5162 a

416 5210 522 5264 quo
545 5205 600 5250 et
621 5197 742 5251 boni
771 5199 948 5267 operis
1000 5199 1235 5262 initium,
1277 5207 1331 5252 et
1377 5197 1724 5268 perfectionis
1751 5197 1984 5252 donatur

413 5288 652 5344 effectus.
685 5289 836 5356 Quod
866 5301 1044 5345 autem
1081 5291 1304 5360 jubetur
1342 5291 1696 5362 primogenita
1737 5291 1979 5344 animan-

417 5378 543 5432 tium
573 5389 774 5448 septem
803 5379 987 5434 diebus
1011 5395 1130 5434 cum
1163 5389 1331 5432 matre
1361 5395 1455 5434 sua
1480 5394 1716 5441 manere,
1743 5378 1870 5433 etin
1895 5379 1980 5432 die

407 5477 599 5523 octava
635 5471 782 5526 reddi
834 5471 1079 5534 Domino,
1114 5469 1348 5538 mystice
1377 5469 1574 5540 signat,
1627 5470 1679 5522 in
1727 5470 1980 5538 praesenti

405 5567 652 5625 tempore
669 5559 811 5628 quod
837 5573 934 5628 per
956 5557 1316 5626 septenarium
1347 5572 1626 5612 munerum
1647 5557 1979 5628 designatur,

400 5658 477 5702 ω
504 5647 642 5714 quod
669 5655 870 5716 septem
895 5648 1098 5703 dierum
1127 5661 1350 5700 numero
1378 5645 1648 5708 discurrit,
1676 5649 1981 5702 necessario

2101 3208 2346 3262 ciuorum
2369 3217 2423 3264 et
2438 3225 2469 3264 a
2485 3208 2654 3263 bestia
2675 3220 2948 3279 captarum
2973 3212 3212 3266 carnium
3233 3213 3667 3280 prohibitionem,

2100 3313 2386 3368 pessumus
2448 3299 2726 3352 advertere
2757 3339 2772 3364 ,
2829 3315 2936 3354 non
2994 3303 3494 3357 communicamium
3551 3319 3672 3360 esse

2099 3402 2300 3442 mens:e
2328 3388 2710 3442 daemoniorum
2736 3388 2842 3454 his,
2878 3390 2968 3460 qui
2997 3405 3135 3460 pane
3181 3392 3386 3446 caelesti
3419 3393 3669 3448 reﬁciun-

2099 3485 2208 3541 tur,
2229 3474 2381 3544 juxta
2410 3476 2538 3532 illud
2561 3475 2800 3546 Apostoli
2827 3495 2840 3531 :
2871 3478 2994 3532 Non
3015 3481 3241 3550 potestis,
3266 3482 3456 3553 inquit,
3482 3501 3671 3538 menstu

2097 3566 2308 3620 Domini
2329 3567 2658 3637 participari,
2681 3577 2728 3621 et
2751 3584 2942 3622 mensae
2967 3568 3346 3625 da’mouiorum
3370 3572 3421 3642 (1
3443 3573 3563 3628 Cor.
3589 3577 3662 3644 ιι).

2095 3655 2154 3710 lu
2187 3656 2272 3712 his
2302 3656 2448 3711 enim
2476 3666 2601 3712 sunt
2628 3673 2754 3714 vere
2785 3659 3094 3726 morticina,
3119 3669 3172 3716 et
3202 3677 3232 3716 a
3262 3663 3448 3718 bestiis
3467 3674 3620 3736 capta
3649 3682 3667 3721 :

2093 3745 2225 3816 quia
2253 3745 2396 3800 enim
2426 3747 2586 3802 simul
2637 3756 2878 3814 sanctus,
2925 3749 3085 3804 simul
3133 3762 3310 3806 autem
3349 3761 3406 3808 et
3437 3757 3672 3811 nutritor

2097 3835 2413 3890 substantia:
2444 3846 2663 3902 nostrae,
2691 3837 3038 3908 intelligibilis
3061 3841 3347 3908 praedictus
3385 3845 3538 3913 panis
3561 3854 3666 3912 est,

2097 3943 2199 3982 nec
2234 3929 2464 3998 pollutos
2500 3931 2642 3984 enim
2679 3933 2952 4002 percipere
3003 3935 3262 4006 prtecipit,
3311 3952 3437 3993 vere
3479 3955 3666 3995 rursus
3735 3997 3738 4000 .

2097 4017 2383 4072 mundatos
2409 4019 2681 4087 prohiberi
2717 4037 2821 4075 non
2847 4022 2996 4088 vult;
3025 4033 3308 4095 utrumque
3339 4028 3481 4082 enim
3510 4030 3666 4099 plane

2095 4115 2151 4159 et
2192 4105 2386 4160 Paulus
2423 4108 2698 4178 praecipit:
2727 4109 3032 4182 Quicunque
3079 4116 3243 4181 enim,
3280 4119 3479 4188 inquit,
3525 4136 3663 4174 com-

2095 4197 2200 4250 edit
2241 4215 2446 4268 panem,
2488 4211 2534 4252 et
2571 4199 2693 4253 bibit
2720 4201 2931 4256 calicem
2951 4203 3156 4259 Domini
3178 4207 3402 4276 indigne,
3422 4225 3537 4262 rens
3565 4212 3661 4264 erit

2095 4291 2327 4360 corporis
2352 4300 2400 4343 et
2423 4292 2694 4362 sanguinis
2715 4291 2928 4348 Domini
2951 4293 3001 4365 (I
3029 4292 3150 4349 Cor.
3173 4298 3270 4368 ιι-ι).
3303 4299 3439 4353 Ecce
3460 4300 3558 4355 iste
3579 4310 3657 4355 est

2095 4381 2328 4448 pollutus
2354 4389 2408 4434 et
2454 4381 2780 4437 immundus.
2831 4383 2986 4438 llunc
3033 4387 3176 4440 enim
3221 4387 3472 4458 intelligis
3513 4392 3658 4444 omni

2093 4471 2248 4524 modo
2274 4471 2489 4543 indigne
2511 4473 2900 4541 comedentem,
2932 4491 2962 4528 a
2992 4485 3296 4532 sanctorum
3333 4481 3658 4548 ριόἰιίὶείιιιιιι

2089 4561 2517 4630 participatione.
2547 4560 2684 4628 Quid
2717 4571 2894 4618 autem
2926 4565 3009 4620 bis
3053 4566 3292 4621 addidit:
3332 4567 3521 4623 Probet
3561 4587 3657 4623 au-

2088 4659 2190 4701 tem
2211 4649 2437 4717 scipsum
2465 4651 2644 4712 homo,
2672 4660 2722 4706 et
2749 4653 2823 4707 sic
2845 4653 2910 4708 de
2947 4671 3078 4728 pane
3105 4655 3196 4710 illo
3221 4657 3360 4722 edat,
3390 4667 3438 4712 et
3469 4659 3534 4712 de
3569 4677 3657 4712 ca-

2087 4736 2185 4790 lice
2213 4736 2370 4792 bibat.
2407 4738 2507 4805 Qui
2545 4751 2724 4795 autem
2766 4745 3114 4813 semetipsum
3138 4745 3348 4815 probat,
3377 4747 3422 4802 si
3449 4751 3654 4816 peccati

2086 4826 2188 4881 sibi
2217 4830 2468 4884 conscius
2490 4839 2594 4895 est,
2641 4839 2698 4886 et
2737 4833 3080 4902 pollutionem
3118 4835 3312 4890 anima:
3358 4851 3417 4890 se
3457 4837 3654 4893 habere

2086 4917 2271 4980 sentit,
2301 4919 2524 4987 paenitet
2558 4919 2678 4975 sine
2699 4921 2862 4976 dubio
2887 4940 2900 4976 :
2947 4932 3002 4978 et
3043 4933 3164 4994 post
3189 4925 3561 4995 ptenitentiam
3589 4929 3654 4983 de

2085 5019 2224 5074 pane
2257 5007 2540 5065 comedere
2571 5017 2624 5062 et
2654 5009 2838 5066 bibere
2876 5026 3064 5068 rursus
3089 5013 3156 5070 de
3181 5015 3350 5070 calice
3383 5023 3572 5070 sancto
3597 5026 3651 5070 et

2084 5096 2360 5166 impolluta
2387 5105 2579 5168 potest.

2156 5185 2280 5242 Non
2302 5188 2552 5258 suscipies
2577 5205 2744 5244 vocem
2787 5192 3080 5258 mendacii;
3110 5209 3200 5247 nec
3221 5196 3411 5262 juuges
3437 5209 3648 5250 manum

2083 5287 2252 5344 tuam,
2286 5289 2340 5332 ut
2361 5295 2456 5350 pro
2481 5281 2640 5350 impio
2668 5281 2812 5336 dicas
2831 5281 3024 5351 falsum
3067 5283 3416 5338 testimonium
3451 5283 3645 5354 (Exod.

2084 5373 2266 5442 χχιιι).
2315 5371 2452 5425 llinc
2489 5373 2617 5426 item
2661 5375 2921 5443 scriptum
2961 5384 3083 5430 est:
3130 5374 3252 5432 Non
3299 5377 3480 5432 credas
3511 5375 3648 5428 enini

2084 5459 2254 5514 verba.
2281 5459 2348 5514 Et
2372 5460 2495 5514 alibi
2524 5479 2536 5514 :
2569 5460 2730 5517 Testis
2759 5461 2924 5532 falsus
2951 5480 3053 5518 nou
3079 5452 3174 5518 erit
3195 5463 3498 5533 impunitus.
3529 5459 3648 5514 Non

2086 5553 2314 5622 sequeris
2353 5552 2558 5606 turbam
2586 5554 2656 5607 ad
2693 5553 2988 5623 faciendum
3016 5552 3211 5613 malum
3232 5569 3253 5618 ;
3295 5566 3389 5606 nec
3415 5553 3468 5606 in
3496 5551 3646 5620 judi-

2087 5647 2186 5707 cio,
2223 5643 2564 5713 plurimorum
2609 5645 2933 5714 (requiescens
2976 5644 3241 5700 sententia:
3263 5653 3322 5700 ut
3357 5659 3390 5697 u
3421 5657 3534 5698 vero
3559 5640 3624 5694 de
