3992 6182
274 238 374 294 1'35

1238 234 1737 291 COMMENTARlA
1781 235 1848 290 lii
1874 235 2203 294 -E.\'ODUM.
2243 270 2278 279 -
2350 239 2477 295 LIB.
2520 240 2608 295 l2].

3455 249 3557 306 ηδ

270 357 373 410 cies
393 350 575 424 (Prov.
607 348 750 418 xxx),
778 354 885 402 etc.
918 344 1045 401 limo
1069 346 1189 401 ideo
1215 347 1360 402 dicta
1387 357 1533 412 sunt,
1558 364 1627 403 ne
1652 364 1710 401 se
1735 348 1787 401 in
1813 348 1860 402 'e
1887 350 1938 408 Α
1966 348 2089 404 inde
2137 350 2415 407 habebunt
2460 368 2750 422 pauperes,
2799 369 3029 423 quorum
3078 357 3348 413 residuum
3388 364 3554 420 etiam

271 448 555 517 quisquam
610 441 889 505 defendat,
944 440 1071 510 quia
1127 456 1249 494 cum
1309 441 1552 509 pluribus
1589 440 1739 504 fecit,
1771 447 1866 493 aut

272 540 389 592 ideo
422 543 575 606 putet
599 550 707 588 non
745 548 863 589 esse
913 542 1216 603 peccatum.
1252 533 1545 603 Sequitur:
1575 532 1644 587 Et
1668 550 1865 605 paupe-

274 634 343 685 ris
381 646 486 683 non
514 624 840 680 misereberis
867 626 918 677 in
934 624 1159 693 judicio.
1200 624 1313 678 Nisi
1343 625 1637 679 addidisset
1662 643 1673 677 :
1702 625 1753 679 in
1780 625 1868 693 ju-

271 719 433 782 dicio,
460 732 657 789 magna
681 724 829 770 esset
849 714 1096 785 quaestio.
1128 713 1233 769 Sed
1268 713 1669 784 intelligendum
1697 723 1863 779 esset,

270 808 484 864 etiamsi
535 792 798 878 scriptum
846 821 952 859 non
987 814 1152 860 esset.
1203 805 1376 876 Supra
1410 806 1557 860 enim
1604 807 1860 859 dixerat:

275 900 387 953 Non
437 897 725 968 apponeris
760 912 882 951 elici
932 896 1277 952 multitudine
1329 914 1451 953 eum
1499 897 1763 967 pluribus,
1804 906 1864 951 ut

273 991 511 1046 declines
529 988 818 1058 judicium,
852 1005 915 1043 ac
936 1004 1034 1059 per
1061 991 1164 1045 hoc
1188 998 1243 1044 et
1272 992 1526 1061 pauperis
1558 1006 1663 1045 non
1707 992 1867 1046 misc-

274 1082 501 1147 reberis,
523 1079 701 1150 possit
730 1079 975 1150 intelligi,
1008 1081 1060 1135 in
1086 1081 1313 1151 judicio.
1340 1081 1445 1136 Sed
1468 1096 1592 1136 cum
1624 1081 1865 1137 additum

273 1180 377 1235 est,
411 1170 557 1225 nulla
590 1169 823 1240 quaestio
844 1170 1052 1225 esthoc
1075 1186 1196 1226 esse
1235 1180 1585 1241 przeeeptum,
1618 1187 1686 1226 ne
1728 1172 1869 1227 forte

275 1278 394 1317 cum
438 1260 768 1330 judicamus,
802 1258 1083 1315 videamus
1119 1260 1385 1330 justitiam
1424 1275 1543 1317 esse
1572 1276 1671 1330 pro
1701 1261 1869 1315 divite

272 1360 459 1405 contra
486 1362 804 1418 pauperem,
832 1356 889 1403 et
914 1348 1069 1403 nobis
1102 1358 1251 1404 recte
1281 1349 1461 1404 facere
1488 1349 1791 1413 videamur,
1820 1350 1865 1405 si

272 1450 459 1494 mntra
479 1437 751 1511 justitiam
791 1440 1015 1509 pauperi
1046 1438 1324 1496 faveamus
1366 1457 1527 1503 causa
1558 1442 1868 1497 misericor-

272 1531 393 1587 dize.
425 1530 570 1584 Bona
598 1537 683 1583 est
702 1544 832 1598 ergo
857 1529 1231 1584 misericordia
1259 1548 1271 1583 :
1306 1531 1401 1585 sed
1429 1546 1535 1586 non
1562 1531 1722 1587 debet
1745 1546 1866 1589 esse

272 1632 458 1678 contra
483 1622 770 1695 judicium.
813 1619 1081 1685 iudicium
1114 1637 1244 1687 sane
1284 1621 1415 1679 illud
1454 1623 1689 1694 appellat
1716 1623 1865 1681 Scri-

270 1724 452 1784 ptura,
473 1713 617 1784 quod
642 1713 848 1782 justum
874 1720 977 1767 est.
1016 1710 1093 1766 Ne
1118 1712 1240 1783 quis
1261 1721 1440 1768 autem
1461 1721 1684 1785 propter
1707 1714 1864 1769 istam

272 1804 605 1859 sententiam
637 1802 806 1856 Deum
835 1810 1053 1872 putaret
1079 1802 1508 1859 misericordiam
1551 1803 1863 1873 prohibere,

273 1897 416 1967 quod
462 1896 731 1965 sequitur,
766 1895 1224 1965 opportunissime
1254 1897 1514 1966 sequitur.
1570 1896 1632 1952 Si
1688 1907 1865 1951 autem

273 1989 558 2042 obeiaueris
597 1988 715 2042 bovi
762 1988 965 2041 inimici
991 1988 1068 2041 tui
1097 1996 1190 2040 aut
1233 1988 1499 2058 subjugali
1539 1989 1656 2059 ejus
1681 2005 1866 2043 erren-

272 2080 433 2143 tibus,
458 2078 708 2132 reducens
735 2076 918 2131 reddes
947 2077 1014 2130 ei.
1052 2077 1118 2133 Ut
1141 2077 1285 2132 scias
1309 2093 1415 2132 non
1456 2086 1507 2132 te
1532 2079 1864 2147 prohibitum

273 2167 451 2222 facere
472 2166 924 2230 misericordiam,
956 2163 1040 2220 fac
1074 2165 1242 2220 etiam
1267 2181 1400 2236 erga
1450 2166 1699 2221 inimicos
1723 2178 1862 2230 tuos,

273 2274 395 2312 eum
424 2266 665 2326 potestas
693 2264 778 2310 est
798 2272 828 2310 a
866 2256 1157 2326 judicando
1185 2255 1377 2310 libera.
1427 2255 1543 2317 Non
1569 2258 1711 2311 enim
1740 2273 1862 2312 cum

276 2348 487 2403 reducis
515 2354 790 2401 errantem
834 2348 1027 2401 bovem
1055 2345 1259 2401 inimici
1292 2346 1367 2400 tui
1397 2353 1452 2401 et
1481 2346 1682 2412 redlis,
1724 2347 1866 2401 inter

274 2437 481 2506 aliquos
506 2432 677 2503 judex
703 2433 929 2490 resides.
981 2433 1315 2488 Mendacium
1350 2436 1538 2505 fugies.
1592 2434 1863 2490 lusentem

275 2536 319 2581 et
334 2528 543 2596 justum
571 2543 675 2580 non
702 2526 930 2587 occides,
967 2525 1089 2597 quia
1115 2542 1328 2580 arersor
1365 2527 1607 2597 impium.
1654 2527 1865 2581 Verita-

275 2625 381 2669 tem
402 2624 452 2670 et
477 2615 741 2686 judicium
773 2614 1033 2670 Dominus
1062 2624 1247 2679 amat;
1276 2624 1331 2670 et
1368 2617 1434 2670 ad
1475 2617 1589 2671 lzzec
1633 2632 1863 2685 sequen-

274 2708 361 2770 da,
416 2707 669 2778 pepuluai
733 2722 890 2765 suum
922 2686 1047 2775 'per
1102 2707 1294 2775 legem,
1356 2708 1648 2776 prophetas
1700 2716 1862 2777 atque

276 2803 645 2874 Evangelium,
680 2803 1043 2858 exhortatur:
1091 2802 1217 2870 quia
1247 2817 1351 2857 non
1381 2810 1465 2855 cst
1504 2817 1859 2871 personarum

272 2907 543 2967 acceptor,
572 2895 665 2950 sed
696 2892 924 2964 singulis
974 2893 1145 2948 rediit
1194 2893 1489 2949 secundum
1521 2908 1682 2963 opera
1735 2908 1856 2946 sua.

280 2986 395 3040 Non
419 2986 642 3055 accipies
663 3000 908 3046 munera,
929 2999 1047 3063 qua:
1078 2993 1343 3037 exerceant
1364 2984 1525 3036 etiam
1548 2983 1854 3055 prudentes,

270 3090 317 3132 et
346 3079 646 3131 subrertunt
694 3079 846 3130 rerba
878 3074 1168 3144 justorum.
1212 3073 1347 3129 lliize
1385 3090 1482 3144 per
1520 3073 1852 3144 Sapientiam

271 3171 466 3226 dicitur
492 3188 505 3223 :
535 3170 707 3223 Arare
732 3166 860 3222 nihil
882 3175 959 3220 est
998 3166 1302 3228 sce!estius;
1336 3164 1469 3219 nihil
1505 3176 1580 3220 est
1620 3166 1855 3236 iniquius

270 3280 423 3332 quam
450 3279 631 3315 nutare
674 3261 973 3331 pecuniam.
1025 3258 1127 3315 Hic
1152 3260 1290 3314 enim
1326 3261 1556 3315 animum
1579 3277 1732 3314 suum
1772 3277 1857 3314 ue-

273 3355 436 3411 nalem
469 3354 645 3417 habet,
670 3352 924 3423 quoniam
944 3338 1008 3408 ini
1032 3352 1135 3406 vita
1161 3368 1259 3406 sua
1279 3352 1497 3421 projecit
1519 3352 1710 3409 intium
1732 3368 1854 3406 sua.

274 3442 552 3514 Peregrina
578 3443 824 3499 mo!estus
848 3460 950 3497 non
976 3444 1118 3497 eris:
1160 3442 1304 3496 scitis
1349 3443 1488 3496 enim
1530 3443 1854 3503 advenarum

274 3535 492 3595 animos,
516 3533 645 3603 quia
670 3543 716 3587 et
740 3532 839 3602 ipsi
864 3532 1125 3602 peregrini
1162 3530 1339 3603 fuistis
1362 3532 1416 3584 in
1455 3541 1595 3586 terra
1633 3532 1855 3602 Afgypti

274 3623 436 3694 (Eccl.
463 3625 536 3693 κ).
587 3624 667 3677 Ex
696 3639 792 3678 sua
845 3624 1154 3679 conditione
1182 3624 1555 3694 unusquisque
1585 3629 1857 3694 quomodo

270 3716 389 3771 aliis
430 3716 672 3771 misereri
703 3717 1014 3780 conveniat,
1041 3717 1378 3786 perpendere
1404 3717 1580 3773 debet.
1628 3715 1779 3770 Unde
1804 3723 1859 3770 et

270 3806 379 3862 l‘o::
403 3807 523 3862 inus
558 3809 610 3860 in
637 3805 934 3873 Evangelia
961 3806 1126 3859 dicit:
1171 3805 1445 3866 Dimittite,
1484 3814 1531 3858 et
1567 3805 1859 3859 dimittetur

272 3897 444 3960 rubis;
476 3898 622 3962 date,
643 3906 692 3950 et
730 3896 948 3949 dabitur
984 3896 1122 3950 nobis
1164 3895 1318 3966 (Luc.
1343 3896 1440 3968 γι).
1474 3896 1720 3953 Mensura
1750 3914 1856 3967 qua

271 3991 436 4043 mensi
460 3989 700 4053 tuleritis,
731 3990 1046 4044 remetietur
1066 3990 1239 4043 vobis.
1269 3988 1373 4045 Sea:
1395 3993 1547 4047 amris
1574 3993 1855 4046 semiunbis

272 4088 459 4134 terrent
485 4092 656 4136 mm.
680 4090 729 4134 et
754 4081 1090 4150 congregabis
1121 4083 1295 4151 fruges
1333 4081 1449 4151 ejus
1466 4097 1484 4134 :
1511 4099 1651 4135 anno
1680 4094 1853 4134 autem

212 4194 221 4204 -
273 4173 481 4241 septimo
502 4171 733 4225 dimittes
761 4187 898 4234 eum,
931 4172 1246 4241 requiescere
1278 4171 1461 4240 facies,
1490 4181 1545 4223 ut
1574 4171 1850 4225 comedunt

272 4281 515 4333 pauperes
548 4263 728 4332 populi
756 4262 851 4327 tui,
878 4272 925 4315 et
954 4262 1207 4333 quidquid
1256 4262 1442 4329 reliqui
1485 4263 1665 4332 fuerit,
1695 4262 1852 4314 etiam

274 4352 442 4407 bestia:
474 4354 611 4423 agri.
643 4352 729 4407 Ita
755 4353 917 4423 facies
941 4354 995 4407 in
1025 4355 1174 4408 uinea
1214 4363 1262 4407 et
1304 4355 1360 4406 in
1387 4354 1571 4407 oliveto
1601 4367 1691 4407 tuo
1719 4353 1849 4423 (Au-

269 4443 447 4512 gust.).
489 4443 667 4510 Quaeri
692 4454 894 4513 micat,
920 4445 1049 4512 quid
1088 4446 1341 4516 colligant
1372 4462 1658 4515 pauperes,
1691 4447 1734 4499 ei
1760 4460 1847 4499 se-

271 4535 433 4603 ptimo
453 4550 598 4589 anno
640 4535 712 4589 ita
750 4535 923 4604 parcit
952 4545 1134 4601 terrae,
1162 4546 1221 4591 ut
1257 4553 1357 4591 nec
1398 4540 1699 4592 seminetur
1728 4537 1850 4606 qui-

270 4625 404 4679 dem.
437 4624 552 4678 Non
575 4625 719 4679 enim
743 4628 807 4679 ad
836 4626 1127 4682 vincanwt
1151 4626 1404 4681 olivetum
1427 4628 1682 4696 pertinet,
1707 4627 1849 4696 quod

268 4715 464 4769 dictum
493 4723 598 4779 est,
632 4714 800 4769 Edent
828 4732 1078 4785 pauperes
1105 4718 1270 4786 gentis
1293 4727 1419 4780 tuzr,
1455 4717 1581 4784 quia
1611 4716 1679 4770 de
1703 4726 1848 4770 terra

1967 436 2101 497 feris
2144 439 2333 495 bestiis
2377 441 2564 495 dedit:
2613 442 2695 497 cis
2731 442 2982 498 videlicet
3033 446 3125 522 qui
3173 448 3275 502 illis
3313 449 3557 522 frugibus

1967 527 2113 583 vesci
2138 529 2368 598 possint,
2401 530 2537 585 sicut
2572 539 2698 585 sunt
2725 533 2840 603 apri
2862 541 2917 588 et
2945 516 3129 600 cervi,‘
3144 546 3194 591 ct
3222 541 3267 593 si
3297 516 3429 608 quid
3460 544 3556 597 hn-

1962 615 2244 687 jusmodi:
2295 621 2438 687 quod
2474 630 2791 675 tamennon
2845 624 3135 690 diceretur,
3186 628 3289 681 nisi
3333 631 3559 703 alicujus

1968 706 2382 777 signiﬁcationis
2415 712 2610 781 gratia.
2661 711 2793 767 Nam
2839 714 2882 769 si
2929 716 3057 784 quid
3103 719 3296 773 attinet
3321 722 3389 774 ad
3424 738 3562 791 pnu-

1968 807 2124 868 cepta
2147 815 2264 868 qum
2295 800 2601 856 hominibus
2642 803 2765 859 data
2805 817 2951 864 sunt.
2985 807 3049 861 de
3080 809 3254 865 bubus
3284 826 3410 866 cura
3453 831 3556 870 non

1967 898 2052 941 est
2082 888 2211 942 Deo.
2264 889 2416 956 Quod
2463 908 2567 945 non
2619 893 2697 947 sic
2748 895 3087 967 intelligitur,
3142 888 3399 971 tanquam
3446 904 3562 973 ipse

1967 994 2074 1033 non
2106 991 2291 1049 pascat
2317 998 2378 1041 ea
2409 999 2530 1053 qua:
2562 1000 2660 1041 nec
2681 987 2972 1052 seminant,
3007 1005 3106 1044 nec
3131 1003 3358 1052 metunt.
3388 1012 3562 1064 neque

1968 1081 2298 1141 congregant
2336 1073 2389 1126 in
2421 1074 2673 1130 horreum
2702 1093 2714 1129 :
2766 1077 2860 1131 sed
2900 1078 3025 1146 quia
3053 1080 3102 1133 ei
3149 1097 3293 1137 cura:
3320 1100 3425 1138 non
3456 1096 3557 1147 est,

1967 1172 2239 1233 pra-cepto
2265 1180 2489 1220 monere
2519 1167 2815 1231 hominem,
2848 1172 3117 1239 quomodo
3158 1174 3277 1228 bovi
3302 1192 3399 1229 suo
3430 1193 3561 1231 eon-

1968 1254 2128 1308 sulat.
2162 1255 2373 1321 Quanto
2397 1256 2576 1312 minus
2604 1260 2651 1312 ei
2685 1275 2816 1314 cura
2837 1270 2922 1317 est
2950 1263 3013 1316 de
3049 1262 3180 1319 feris
3206 1266 3395 1321 bestiis
3423 1285 3558 1337 pra-

1967 1344 2167 1415 cipere,
2193 1347 2463 1416 quomodo
2485 1349 2589 1404 illis
2619 1352 2686 1405 ab
2716 1351 3022 1408 hominibus
3048 1357 3386 1423 consulatur,
3431 1375 3556 1414 cum

1967 1450 2061 1489 eas
2095 1436 2211 1507 ipse
2260 1448 2449 1506 pascat
2475 1439 2678 1495 divitiis
2707 1450 2915 1496 naturae
2949 1459 3343 1516 usquequaque
3372 1447 3531 1503 fructi

1966 1526 2119 1592 ferte,
2146 1529 2236 1597 qui
2266 1540 2358 1582 eas
2382 1530 2551 1584 etiam
2576 1547 2676 1601 per
2705 1531 2841 1586 alios
2874 1548 2967 1587 sex
3005 1551 3175 1590 annos
3218 1538 3409 1606 pascit,
3435 1555 3559 1592 cum

1967 1617 2292 1687 colliguntur
2311 1636 2432 1690 quae
2454 1622 2826 1681 seminantur?
2876 1622 2932 1678 Si
2962 1625 3082 1693 quis
3124 1638 3303 1682 autem
3333 1630 3553 1697 qumsic—

1894 1700 1941 1758 B
1971 1707 2061 1771 rit,
2090 1708 2219 1776 quid
2248 1711 2543 1766 secundum
2594 1712 2904 1783 allegoriam
2951 1730 3191 1784 pnesens
3234 1730 3558 1789 praeceptum

1967 1799 2032 1853 de
2057 1800 2270 1868 septimi
2298 1802 2423 1855 anni
2455 1801 2700 1873 frugibus
2728 1805 3064 1861 dimittendis
3097 1810 3427 1879 pauperibus
3458 1827 3555 1880 pe-

1964 1892 2097 1962 puli,
2124 1901 2178 1947 et
2222 1892 2409 1949 bestiis
2454 1904 2611 1953 terra:
2640 1898 2928 1968 signiticet,
2975 1902 3111 1957 sciat
3140 1904 3265 1973 quia
3309 1907 3557 1963 senarius

1965 2000 2225 2041 numerus
2257 2001 2483 2055 operum
2522 1988 2911 2056 perfectionem
2941 1994 3225 2064 significat.
3273 1996 3331 2050 ln
3381 2008 3553 2068 septe-

1966 2076 2122 2130 nario
2171 2091 2427 2146 quoque,
2482 2080 2698 2148 requies
2744 2080 3047 2136 animarum
3099 2087 3440 2154 exprimitur.
3489 2088 3550 2142 Et

1967 2165 2101 2220 bene
2131 2166 2184 2220 iu
2212 2183 2306 2222 sex
2334 2170 2494 2223 annis
2520 2171 2793 2225 seminare
2832 2178 3029 2227 terram
3059 2185 3326 2241 nostram,
3355 2186 3410 2232 et
3433 2194 3565 2233 con-

1964 2274 2191 2330 gregare
2221 2258 2403 2328 fruges
2447 2259 2563 2327 ejus
2610 2262 2975 2331 prmcipiumr,
3024 2266 3149 2334 quia
3196 2268 3248 2321 in
3298 2272 3555 2339 praesenti

1966 2352 2095 2414 vita,
2125 2367 2245 2421 qua:
2286 2367 2378 2407 sex
2418 2353 2670 2408 aetatibus
2699 2363 2936 2420 constat,
2985 2366 3188 2413 terram
3236 2361 3417 2415 carnis
3460 2377 3549 2415 no-

1965 2452 2094 2497 strrc
2121 2459 2398 2509 exercere,
2423 2454 2481 2499 et
2505 2446 2768 2500 virtutum
2794 2449 3000 2503 semina
3026 2449 3080 2503 in
3108 2465 3228 2505 eam
3254 2467 3436 2508 serere
3466 2455 3552 2509 de-

1962 2536 2192 2591 bemus:
2226 2546 2495 2605 quatenus
2527 2547 2877 2608 augmentum
2924 2540 3190 2595 bonorum
3230 2559 3474 2612 operum,
3503 2555 3552 2600 et

1964 2626 2231 2681 mercedis
2255 2626 2605 2694 abundantia,
2638 2628 2765 2683 inde
2802 2630 2958 2685 nobis
3001 2646 3342 2698 excrescens,
3390 2635 3442 2689 in
3473 2635 3554 2689 fu-

1966 2726 2086 2771 turo
2117 2718 2357 2787 requiem
2380 2719 2684 2772 animarum
2729 2729 3063 2787 nostrarum,
3093 2723 3211 2778 sine
3235 2724 3344 2777 ullo
3371 2726 3555 2781 labore

1956 2806 2066 2875 jam
2094 2807 2324 2861 actionis
2351 2822 2449 2861 nos
2486 2809 2766 2878 percipere
2805 2806 2987 2864 faciat.
3019 2810 3171 2877 Quod
3207 2822 3385 2867 autem
3415 2829 3551 2883 pan-

1961 2910 2117 2964 peros
2145 2896 2325 2965 populi
2353 2912 2449 2951 seu
2466 2897 2653 2952 bestia:
2681 2897 2795 2968 agri
2826 2901 3110 2955 comedere
3128 2902 3406 2971 jubentur,
3436 2921 3554 2975 qua:

1961 2984 2028 3041 de
2060 2985 2244 3040 labore
2286 2997 2473 3042 nostro
2508 2988 2786 3057 praeterito
2829 2988 2883 3043 in
2930 2992 3161 3059 septimo
3200 3008 3344 3050 anno
3369 3011 3551 3052 accre-

1896 3076 1927 3111 έλ
1958 3084 2140 3141 scunt,
2167 3076 2453 3147 significat,
2476 3077 2617 3147 quod
2641 3093 2738 3147 per
2759 3078 3222 3152 eleemosynarum
3248 3094 3297 3138 et
3323 3087 3562 3143 charita-

1960 3167 2029 3221 tis
2056 3167 2336 3237 obsequia,
2368 3183 2577 3225 merces
2605 3168 2764 3225 nobis
2806 3170 2859 3224 in
2893 3170 3074 3229 futuro
3113 3177 3411 3243 parabitur.
3445 3179 3544 3234 De-

1957 3257 2119 3327 nique
2155 3257 2341 3313 eadem
2365 3257 2522 3313 vinea
2548 3266 2600 3312 et
2636 3258 2891 3314 olivetum
2925 3260 3221 3327 insinuant,
3253 3267 3439 3335 gratia:
3467 3269 3554 3324 vi-

1956 3347 2153 3402 delicet
2195 3354 2253 3401 et
2293 3348 2682 3404 misericordia:
2727 3364 2893 3420 opera
2942 3353 3120 3406 futura
3172 3354 3312 3409 bona
3341 3373 3551 3427 praepa-

1956 3437 2154 3491 rautia.
2200 3436 2258 3493 Si
2302 3452 2433 3509 ergo
2472 3452 2579 3492 non
2610 3446 2817 3494 tantum
2849 3441 3038 3497 amicis
3074 3445 3277 3499 nostris
3312 3445 3553 3517 indigen—

1958 3527 2122 3592 tibus,
2153 3542 2343 3581 verum
2369 3527 2531 3589 etiam
2576 3527 2813 3583 inimicis
2853 3530 2944 3599 qui
2982 3531 3279 3588 hostiarum
3328 3537 3549 3593 nomine

1955 3619 2129 3672 notati
2162 3627 2308 3683 sunt,
2351 3619 2580 3677 benefici
2627 3621 2931 3685 existimas,
2978 3624 3096 3678 sine
3129 3625 3294 3680 dubio
3337 3627 3390 3681 in
3435 3631 3547 3683 vita

1956 3710 2162 3774 futura,
2187 3708 2278 3763 ubi
2321 3707 2434 3778 jam
2468 3725 2573 3763 non
2603 3718 2691 3764 est
2712 3720 2922 3781 tempus
2964 3716 3241 3783 operandi,
3292 3717 3357 3772 de
3386 3718 3550 3774 bene-

1955 3799 2115 3854 factis
2140 3800 2361 3871 pnemia
2388 3808 2590 3857 acterna
2621 3815 3035 3871 consequemur.
3072 3803 3225 3860 Unde
3263 3815 3319 3861 et
3360 3806 3547 3862 Salva-

1956 3900 2044 3946 tor
2068 3891 2124 3945 in
2169 3890 2463 3961 Evangelia
2507 3905 2606 3945 nos
2636 3892 2891 3946 admouet
2925 3893 3110 3949 dicens
3139 3913 3151 3948 :
3193 3894 3376 3952 Facite
3404 3899 3548 3952 vobis

1954 3985 2151 4037 asticos
2179 3983 2243 4037 de
2277 3999 2576 4035 mammona
2610 3982 2942 4054 iniquitatis:
2984 3995 3038 4038 ut
3084 4003 3202 4040 cum
3231 3988 3543 4058 defeceritis,

1957 4074 2207 4143 recipiunt
2234 4089 2320 4126 vos
2349 4071 2403 4127 in
2432 4081 2629 4125 attenta
2660 4072 3001 4127 tabernacula
3043 4075 3193 4144 (Luc.
3221 4079 3356 4147 xw).
3406 4080 3541 4131 liinu

1954 4171 2010 4217 et
2039 4162 2228 4217 doctor
2253 4163 2494 4231 gentium
2540 4161 2654 4214 ait:
2709 4160 2813 4225 Qui
2845 4180 2999 4232 parce
3033 4167 3276 4231 seminat,
3317 4186 3471 4236 parce
3496 4182 3542 4224 et

1954 4265 2123 4307 metet.
2159 4254 2263 4319 Qui
2290 4255 2510 4308 seminat
2550 4255 2601 4306 iu
2629 4253 3088 4319 benedictionibus,
3132 4257 3196 4309 de
3233 4257 3543 4315 benedictio-

1955 4343 2104 4397 nibus
2151 4353 2298 4396 metet
2330 4344 2485 4396 ritam
2537 4354 2804 4397 retentam.
2853 4344 3003 4410 Quod
3047 4355 3226 4400 autem
3276 4351 3538 4419 sequitur,

1954 4434 2059 4488 Sex
2080 4435 2259 4488 diebus
2289 4434 2605 4504 operaberis,
2632 4434 2848 4503 septimo
2882 4435 2965 4489 die
2992 4438 3237 4501 cessabis,
3278 4449 3333 4492 ut
3375 4444 3546 4512 requi-

1956 4536 2093 4580 escat
2124 4527 2213 4580 bos
2241 4536 2287 4580 et
2318 4526 2499 4581 asinus
2528 4535 2674 4588 tuus,
2711 4534 2759 4579 et
2800 4526 3134 4596 refrigeretur
3159 4529 3303 4598 ﬁlius
3334 4533 3544 4588 ancilla)

1957 4629 2062 4671 tua:
2098 4627 2145 4671 et
2174 4617 2392 4671 adt-cna.
2433 4616 2513 4670 Ad
2544 4616 2794 4673 eumdem
2826 4616 3154 4672 intellectum
3199 4622 3451 4690 pertinet,
3485 4636 3546 4677 ut

1958 4708 2164 4763 scilicet
2192 4708 2245 4761 iu
2277 4708 2528 4777 prtescuti
2572 4717 2833 4778 tempore,
2864 4706 3003 4762 bene
3042 4708 3337 4767 laborando
3370 4729 3542 4769 unus-

267 4820 369 4859 non
398 4804 665 4859 seminata
717 4805 848 4861 nihil
887 4817 1107 4874 possunt
1148 4822 1383 4870 sumere,
1409 4806 1499 4858 ubi
1527 4815 1851 4875 segetes’na-
1878 4843 1902 4853 -
1957 4798 2187 4867 quisque
2227 4797 2459 4859 studeat,
2489 4805 2596 4851 tam
2627 4796 3001 4865 disciplinatus
3027 4813 3189 4867 quam
3220 4801 3406 4869 hebes,
3434 4811 3540 4856 L'liil

266 4899 337 4951 sci
363 4913 471 4951 non
500 4905 743 4966 possunt.
771 4896 844 4951 De
873 4898 1028 4952 vinea
1048 4899 1192 4953 enim
1213 4909 1269 4953 et
1293 4899 1513 4961 oliveto,
1546 4908 1730 4968 postea
1771 4900 1849 4951 di-

263 4988 335 5039 cit
374 4985 627 5039 similiter
669 4999 789 5039 esse
835 4984 1164 5051 faciendum,
1213 5003 1277 5041 ac
1325 5003 1421 5056 per
1473 4988 1574 5041 hoc
1623 4986 1751 5039 illud
1782 4988 1852 5040 de

263 5082 413 5136 arvis
437 5080 747 5150 intelligitur
767 5096 887 5149 (μυξη
917 5078 1202 5136 immeritis
1243 5082 1521 5145 serviunt;
1551 5097 1614 5136 ac
1640 5080 1721 5135 sic
1756 5097 1850 5135 ae-

262 5170 606 5242 cipiendum:
646 5170 753 5227 Sex
794 5171 951 5224 aitnis
995 5172 1219 5226 seminal
1244 5172 1289 5226 is
1335 5180 1532 5226 terram
1578 5180 1744 5235 tuam,
1791 5180 1846 5226 et

261 5278 302 5317 ea
327 5261 479 5331 lliges
504 5260 739 5319 fructum
763 5259 916 5329 ejus:
966 5263 1067 5315 hoc
1107 5271 1190 5316 est
1231 5278 1324 5317 sex
1355 5262 1512 5317 annis
1549 5262 1847 5317 seminabis

261 5362 313 5404 et
347 5352 599 5423 colliges:
632 5352 864 5423 septimo
888 5367 1017 5405 vero
1056 5368 1162 5405 non
1205 5353 1459 5422 colliges;
1493 5362 1553 5406 ut
1580 5353 1848 5424 intelliga—

262 5452 367 5505 tur,
400 5441 687 5497 Seminabis
715 5459 732 5496 :
758 5442 970 5496 etiamsi
1015 5442 1217 5495 dictum
1258 5459 1363 5497 non
1407 5452 1512 5506 est,
1542 5451 1600 5497 ut
1637 5442 1704 5497 ad
1746 5458 1836 5498 sax

262 5548 428 5587 anuos
454 5533 622 5587 semin
641 5549 722 5587 ire
746 5540 803 5588 et
829 5532 1081 5601 colligere
1116 5533 1404 5601 pertineat,
1441 5532 1507 5586 ad
1549 5534 1840 5602 septimum

263 5638 387 5680 toro
425 5625 696 5681 dimittere
743 5623 888 5696 quod
936 5621 1094 5677 fuerit
1144 5624 1484 5678 seminatum.
1538 5622 1670 5676 Nam
1710 5625 1836 5694 quid

1957 4907 2146 4945 servus
2164 4905 2327 4959 quam
2359 4888 2516 4955 liber,
2544 4897 2651 4942 tam
2675 4890 2827 4944 dives
2849 4906 3008 4960 quam
3030 4906 3255 4961 pauper,
3277 4902 3545 4964 quatenus

1954 4989 2172 5034 aiterna:
2203 4979 2406 5048 requiei
2435 4995 2658 5049 exspers
2686 4996 2792 5034 non
2827 4980 2939 5043 fiat,
2989 4981 3118 5050 quin
3148 4984 3327 5052 potius
3350 4986 3543 5039 merito

1954 5080 2119 5127 recta:
2149 5071 2272 5126 fidei
2300 5087 2363 5126 ac
2403 5069 2665 5129 bonorum
2694 5085 2943 5140 operum,
2988 5073 3167 5141 gaudii
3197 5075 3384 5129 aeterni
3419 5092 3543 5145 par-

1958 5165 2126 5233 ticeps
2164 5163 2380 5218 existat.
2415 5161 2607 5217 Omnia
2645 5180 2761 5233 qua:
2811 5162 2926 5216 dixi
2969 5163 3130 5229 vobis,
3158 5166 3449 5220 custodite:
3490 5176 3538 5219 et

1952 5272 2044 5326 per
2091 5272 2278 5309 notuen
2317 5264 2650 5309 externorum
2677 5253 2895 5307 deorum
2922 5271 3026 5308 non
3066 5257 3338 5325 jurabitis,
3378 5272 3541 5327 neque

1949 5350 2197 5404 audietur
2224 5366 2288 5404 ea:
2329 5364 2419 5402 ore
2456 5356 2643 5401 vestro.
2691 5346 2790 5401 llic
2832 5356 3058 5418 apparet
3092 5359 3352 5417 quantum
3397 5362 3539 5417 pra:-

1948 5439 2108 5494 cellat
2156 5441 2364 5494 umbra:
2416 5437 2626 5494 Veteris
2671 5436 2832 5508 Legis
2873 5439 3078 5492 veritas
3116 5438 3413 5507 Evangelii.
3460 5439 3536 5495 ibi

1948 5544 2078 5600 ergo
2093 5530 2278 5600 jurare
2304 5544 2400 5598 per
2423 5542 2617 5583 nomen
2647 5536 2994 5583 externorum
3024 5527 3246 5580 deorum
3298 5536 3542 5587 tantum~

1951 5621 2109 5676 modo
2140 5620 2523 5689 prohibentur:
2575 5633 2673 5689 per
2721 5634 2911 5672 nomen
2961 5625 3138 5671 autem
3193 5618 3404 5679 Domini
3447 5641 3542 5696 ιυο
