4052 6184
408 324 506 378 127

1048 315 1108 369 Β.
1145 311 1401 368 RABANI
1438 310 1658 366 MAURI
1698 308 2016 366 ARCHlEP.
2059 310 2365 365 MOGUNT.
2403 309 2687 366 OPERUM
2728 311 2906 365 PARS
2936 309 2977 366 ῐ.

3551 314 3647 368 128

408 450 528 491 rare
558 448 664 487 non
694 437 963 486 velantur.
1006 427 1104 482 Hic
1133 440 1347 495 quoque
1394 424 1733 479 interdicitur
1759 423 1980 477 omnino
2006 426 2055 484 Α
2084 422 2300 491 quando
2337 421 2452 491 jam
2498 421 2706 477 fructus
2763 423 2928 476 totius
2973 420 3098 474 anni
3137 419 3344 475 collecti
3385 430 3532 475 sunt.
3583 425 3649 478 Et

407 543 508 580 non
525 524 732 593 jurare,
764 538 924 592 neque
948 536 1041 590 per
1072 518 1275 579 uelum.
1317 533 1479 587 neque
1517 532 1606 586 per
1646 524 1861 580 terram,
1889 530 1977 568 ne-

404 632 502 687 que
531 630 625 684 per
649 611 967 674 Jerusalem,
1007 625 1168 679 neque
1204 624 1299 677 per
1330 605 1476 660 aliud
1521 604 1766 676 aliquid:
1810 613 1864 657 ut
1912 604 1980 657 sit

407 720 576 758 sermo
606 712 782 756 noster
803 711 1028 763 tantum,
1056 699 1175 763 Est,
1206 707 1302 762 est,
1330 696 1476 760 Non,
1507 712 1632 749 non.
1661 693 1981 764 Evangelica

410 801 587 847 autem
614 792 815 844 veritas
844 804 950 843 non
992 788 1182 856 recipit
1206 788 1571 857 juramentum
1597 801 1611 837 :
1656 799 1779 838 cum
1807 784 1983 838 omnis

409 895 587 934 sermo
609 878 920 952 ﬁdelis,_pro
946 874 1297 943 jurejurando
1318 874 1407 928 sit.
1442 871 1595 927 Sicut
1617 872 1758 926 enim
1791 871 1981 925 falsum

411 970 555 1039 loqui
580 985 684 1023 non
708 977 900 1037 potest,
928 968 1018 1037 qui
1040 981 1142 1020 non
1164 966 1402 1034 loquitur
1424 965 1548 1028 ;‘sic
1575 963 1855 1034 periurare
1877 979 1981 1018 non

412 1067 590 1129 potest
635 1059 725 1128 qui
778 1072 881 1111 non
921 1055 1089 1124 jurat.
1135 1055 1214 1109 Ne
1245 1069 1376 1123 ergo
1414 1053 1709 1122 juramenti
1760 1069 1890 1107 usus
1916 1053 1985 1106 ad

414 1149 554 1203 idola
603 1147 824 1202 colenda
865 1153 1206 1215 provocarat,
1247 1144 1518 1199 veteribus
1556 1143 1708 1212 quasi
1748 1143 1987 1212 parvulis

414 1238 513 1290 sub
547 1235 662 1305 lege
724 1250 819 1305 per
863 1249 1058 1289 nomen
1105 1242 1449 1288 externorum
1507 1233 1728 1286 deorum
1778 1232 1986 1300 jurare,

414 1326 779 1388 denuntiatur,
810 1325 1083 1393 magisque
1127 1323 1177 1375 in
1213 1322 1303 1376 Dei
1332 1322 1548 1375 nomine
1574 1320 1617 1375 si
1664 1319 1877 1386 vellent,
1903 1319 1988 1389 ju-

416 1429 558 1478 rare,
589 1413 954 1482 permittitur:
1003 1412 1089 1466 cui
1135 1411 1336 1465 cultum
1389 1409 1629 1466 debitum
1682 1427 1779 1480 per
1806 1411 1986 1465 omnia

415 1504 725 1573 impendere
765 1502 1089 1572 praecipitur,
1139 1501 1277 1555 sicut
1310 1500 1650 1556 victimarum
1692 1499 1988 1554 carnalium

415 1594 617 1649 oblatio
639 1607 894 1647 concessa
930 1599 1011 1645 est
1062 1591 1254 1646 iisdem
1298 1592 1352 1645 in
1402 1590 1603 1660 templo
1648 1589 1859 1643 Domini
1897 1589 1987 1642 uni

418 1686 529 1741 Deo
550 1685 750 1749 ollerri,
780 1700 846 1739 ne
873 1684 1029 1739 idolis
1057 1685 1393 1749 exhiberem,
1420 1683 1575 1753 cujus
1601 1697 1757 1736 usum
1780 1681 1992 1751 penitus

419 1778 666 1832 deserere
686 1774 1002 1830 noluissent.

1055 1862 1280 1919 CAPUT
1308 1861 1393 1917 Ill.

420 1973 500 2027 De
529 1974 694 2045 tribus
736 1973 1148 2029 solemnitatibus
1185 1975 1482 2045 pra‘cipuis,
1524 1973 1579 2045 in
1615 1971 1800 2045 quibus
1845 1987 1995 2025 omne

493 2044 837 2097 ntasculinum
872 2045 1118 2099 Domino
1170 2043 1496 2114 prtesentari,
1541 2044 1594 2096 in
1638 2043 1748 2112 lege
1797 2058 1892 2111 pra
1908 2057 1992 2093 cev-

494 2124 635 2182 ptum
663 2124 759 2166 est.

497 2228 683 2284 Tribus
703 2231 896 2285 vicibus
919 2247 1011 2301 per
1047 2225 1279 2299 sin'gulos
1317 2245 1485 2283 annos
1509 2228 1641 2299 festa
1676 2225 1995 2280 celebrabitis

425 2318 620 2388 (Exod.
648 2323 827 2390 χχιιι).
877 2321 1011 2375 Tres
1044 2321 1362 2375 festivitates
1409 2320 1705 2388 praecipuas
1749 2319 1850 2371 hoc
1878 2318 1995 2371 loco

424 2410 790 2465 observandas
831 2426 940 2480 pra:
981 2412 1101 2465 aliis
1147 2411 1543 2473 festivitatibus,
1583 2409 1816 2462 maxime
1852 2422 1997 2461 com-

425 2499 663 2562 mendat,
697 2501 752 2554 id
775 2510 877 2564 est,
899 2501 1137 2565 Paschae,
1161 2500 1510 2554 Pentecostes
1552 2507 1607 2553 et
1630 2499 1992 2568 Scenopegirc.

426 2585 528 2654 Qui
559 2598 945 2657 consequenter
980 2598 1300 2643 enmnerat:
1343 2587 1755 2651 Solemnitatem,
1804 2587 1992 2655 inquit.

424 2694 728 2749 azymorum
749 2681 1025 2733 custodies.
1067 2678 1273 2748 Septem
1307 2678 1485 2731 diebus
1511 2676 1743 2730 comcdes
1785 2691 1996 2744 azymas

428 2766 558 2821 sicut
583 2769 801 2836 praecepi
847 2767 939 2821 tibi
972 2778 1195 2837 tempore
1244 2767 1434 2820 mensis
1477 2781 1749 2830 novorum,
1787 2765 1996 2835 quando

428 2872 660 2925 egressus
686 2873 739 2909 es
758 2855 832 2910 de
877 2855 1127 2927 (Egypto.
1172 2855 1294 2910 Non
1343 2856 1614 2926 apparebis
1639 2857 1693 2908 in
1724 2863 1997 2925 conspectu

370 2984 379 2993 .
429 2962 540 2999 meo
567 2963 774 3001 vacuus.
804 2947 902 3001 Hic
929 2949 1129 3003 mensis
1159 2949 1301 3019 apud
1332 2947 1582 3002 Hebraeos
1611 2946 1773 3001 Nisan
1819 2946 1998 3016 appel-

427 3035 590 3099 latur,
637 3038 775 3105 apud
823 3036 1038 3092 Graccus
1081 3053 1209 3092 vero
1254 3037 1534 3102 Xanticus,
1584 3037 1725 3105 apud
1775 3035 1995 3089 Latinos

427 3127 627 3194 Aprilis
655 3129 872 3182 dicitur.
924 3129 1025 3195 Qui
1070 3129 1191 3183 ideo
1238 3129 1437 3183 mensis
1463 3143 1723 3181 novorum
1754 3131 1998 3181 nomina-
2025 3101 2068 3162 Ο

431 3227 540 3282 tur,
568 3220 689 3287 quia
714 3236 865 3273 novae
892 3219 1070 3290 fruges
1101 3220 1288 3273 eodem
1336 3233 1520 3272 mense
1562 3218 1807 3286 primitus
1837 3226 2003 3271 mete-

430 3306 644 3360 bantur.
673 3306 780 3378 (Ea:
798 3307 1069 3379 .Iosepho.)
1097 3306 1172 3362 De
1200 3323 1306 3376 quo
1334 3308 1460 3377 quid
1487 3306 1750 3376 Josephns
1772 3307 1826 3360 in
1848 3305 2004 3359 Anti-

429 3398 693 3467 quitatum
722 3399 856 3453 libro
880 3399 1040 3453 tertio
1064 3398 1282 3463 referat,
1318 3398 1850 3453 commemorandum
1877 3411 2004 3450 cen-

410 3503 628 3545 semus.
685 3488 950 3555 Secunda,
1002 3490 1195 3559 inquit,
1246 3504 1558 3561 azymorum
1615 3488 1701 3542 die
1748 3503 1867 3557 quae
1919 3495 2004 3542 est

430 3589 583 3633 sexta
606 3586 660 3633 et
681 3579 903 3641 decima,
933 3580 1145 3648 frugum
1170 3577 1436 3648 primitias
1453 3567 1587 3646 quas
1609 3585 1839 3641 metunt,
1860 3585 2005 3632 ante-

430 3683 592 3738 quam
644 3683 709 3722 ex
759 3668 837 3723 eis
884 3676 1189 3733 vescantur,
1239 3667 1409 3721 Deum
1451 3667 1756 3737 judicantes
1795 3665 2001 3734 justum

434 3774 555 3814 esse
580 3759 831 3830 primitiis
856 3758 1129 3824 honorari,
1159 3775 1265 3828 quo
1299 3759 1406 3812 sint
1431 3759 1533 3813 hac
1575 3759 1822 3812 ubertate
1849 3773 2002 3813 com-

430 3850 583 3920 pleti,
612 3850 842 3904 offerunt
868 3851 970 3905 isto
998 3850 1155 3904 modo
1177 3867 1201 3903 :t
1240 3848 1517 3903 Siccantes
1542 3848 1810 3916 spicarum
1834 3847 2005 3901 mani-

430 3941 633 4010 pulum,
678 3949 733 3995 et
780 3941 1188 4004 contundentes,
1234 3946 1287 3993 et
1331 3939 1526 3992 munda
1552 3938 1621 3992 ad
1666 3938 2001 4007 coquendum

432 4031 632 4084 hordea
680 4029 959 4093 facientes,
1017 4044 1126 4083 arm
1179 4028 1273 4081 Dei
1324 4028 1588 4082 assarium
1634 4026 1902 4081 offerunt:
1948 4037 2003 4083 et

433 4136 594 4174 unam
620 4120 933 4175 drachmam
974 4136 1038 4175 ex
1067 4135 1134 4175 eo
1176 4121 1470 4183 mittentes,
1518 4119 1779 4190 reliquum
1824 4135 2001 4175 sacer-

432 4212 618 4266 (lotum
638 4213 755 4266 usui
777 4211 1187 4281 derelinquunt:
1232 4219 1286 4266 et
1328 4220 1455 4265 tunc
1485 4211 1595 4281 jam
1626 4211 1807 4267 licebit
1830 4211 2002 4267 omni-

431 4301 533 4357 bus
564 4317 662 4372 pro
687 4318 784 4357 sua
834 4313 1036 4358 metere
1082 4302 1375 4357 voluntate.
1406 4301 1690 4357 Immolant
1727 4311 1905 4356 autem
1945 4302 2001 4357 in

431 4392 686 4460 primitiis
727 4393 962 4464 frugum,
1004 4409 1200 4465 agnum
1237 4394 1607 4449 holocaustum
1654 4393 1901 4448 Domino.
1933 4392 1999 4447 Et

430 4480 806 4538 solemnitatem
834 4484 1022 4540 mensis
1042 4486 1418 4554 primitivorum
1446 4486 1615 4555 operis
1642 4485 1739 4550 tui,
1758 4501 2001 4556 qtttrcun-
2027 4465 2078 4522 D

432 4586 531 4640 que
555 4574 738 4627 severis
767 4575 823 4626 in
847 4590 992 4644 agro.
1038 4573 1145 4644 (Ea:
1169 4573 1440 4645 Joseplto.)
1487 4574 1623 4627 ilinc
1663 4570 1803 4628 idem
1844 4571 1999 4627 Jose-

434 4662 610 4730 phus:
660 4661 899 4730 Septima
944 4678 1097 4726 vero,
1141 4663 1331 4732 inquit,
1379 4663 1678 4731 septimana
1728 4670 2001 4715 transacta

434 4758 556 4820 post
581 4751 682 4807 hoc
724 4752 1069 4816 sacritieium,
1113 4767 1340 4821 quarum
1392 4760 1595 4820 septem
1638 4752 2001 4806 hebdomada-

435 4854 556 4893 rum
603 4839 715 4894 dics
743 4848 869 4896 sunt
917 4842 1270 4911 quadraginta
1322 4848 1377 4907 et
1423 4854 1632 4905 novem,
1686 4837 2001 4895 Pentecoste

438 4928 777 4983 celebratur:
806 4946 964 5001 quam
997 4930 1201 4987 Hebraei
1230 4931 1462 4985 Asartha
1500 4937 1715 4994 vocant,
1741 4929 1886 4997 quod
1929 4928 2000 4983 si—

434 5020 654 5091 gnificat
703 5020 1069 5085 Pentecosten,
1106 5022 1159 5075 id
1205 5030 1308 5086 est,
1357 5019 1891 5089 quinquagesimam;
1943 5018 1997 5072 in

434 5131 540 5185 qua
568 5108 797 5171 offerunt
845 5115 956 5170 Deo
995 5131 1161 5186 panes
1196 5116 1262 5170 tle
1309 5115 1507 5184 alpbita
1557 5114 1756 5169 siccata
1808 5112 1995 5177 factos,

434 5222 557 5262 cum
592 5204 860 5260 fermento
906 5206 1233 5260 assariorum
1263 5206 1488 5259 duorum
1519 5222 1532 5258 :
1576 5212 1628 5257 et
1659 5203 1726 5261 ad
1761 5210 2000 5256 mactan-

435 5301 559 5355 dum
584 5315 748 5370 agnas
775 5299 925 5352 duas.
955 5297 1361 5352 Solemnitatem
1382 5312 1593 5367 quoque
1621 5297 1675 5350 in
1703 5296 1851 5350 exitu
1872 5295 1999 5349 anni

436 5387 620 5447 facias.
652 5389 866 5458 quando
890 5387 1301 5458 congregaveris
1336 5402 1523 5441 omnes
1566 5385 1746 5455 fruges
1786 5394 1905 5440 tuas
1934 5385 2000 5439 de

438 5493 584 5546 agro.
615 5478 859 5534 Ostendit
883 5494 1095 5549 quoque
1123 5478 1205 5532 bis
1237 5478 1437 5541 verbis,
1469 5478 1609 5545 quod
1644 5474 1757 5543 jam
1786 5491 1853 5530 ex
1886 5490 2000 5529 ma—

438 5570 575 5623 turis
603 5570 842 5642 frugibus
879 5573 993 5626 h:ec
1036 5570 1234 5625 oblatio
1272 5569 1512 5632 offertur,
1552 5584 1673 5623 cum
1711 5578 1837 5623 tunc
1863 5567 2006 5622 adsit

441 5667 648 5729 tempus
685 5662 892 5716 messis.
923 5661 1136 5716 Exitum
1165 5659 1287 5714 anni
1331 5660 1564 5729 appellat
1592 5660 1751 5714 tinem
1780 5660 2001 5717 mstatis.

2081 512 2197 567 hmo
2221 513 2407 567 eadem
2447 512 2712 567 festivitas
2743 515 2794 566 in
2839 512 3066 581 septimo
3103 527 3310 575 mense,
3347 527 3506 581 quezu
3549 513 3653 570 lie-

2080 601 2211 656 brzei
2239 601 2483 667 Theseri,
2511 601 2830 656 Macedones
2857 603 3248 678 ὑπερϐεριταῑον
3267 611 3477 664 vocant,
3508 601 3653 658 Lati-

2082 688 2137 743 ni
2158 689 2476 755 Octobrem;
2510 691 2563 744 in
2587 689 2741 758 cujus
2764 690 3044 760 principio,
3069 688 3237 744 Judmi
3261 690 3655 747 solemnitatem

2083 787 2320 847 agentes,
2351 779 2582 849 amplius
2612 780 2737 834 tuba
2768 781 3054 844 canel‘ant,
3086 787 3143 833 et
3169 779 3323 848 plura
3360 779 3657 836 oﬂcrehant

2084 866 2369 933 sacrificia,
2418 884 2580 938 quam
2633 884 2731 940 per
2768 869 3006 937 singulos
3034 885 3268 924 menses.
3317 869 3377 924 In
3410 885 3515 940 quo
3541 872 3658 928 dies

2084 959 2450 1028 expiationum
2489 968 2667 1026 erant,
2697 970 2752 1015 et
2778 961 2892 1015 dies
2922 959 3267 1033 Scenopegize
3293 964 3481 1018 eodem
3509 979 3660 1020 men-

2085 1062 2161 1111 se,
2197 1049 2406 1104 decimo
2449 1050 2638 1118 quinto
2674 1050 2761 1104 die
2808 1050 3240 1117 celebrabantur,
3292 1052 3661 1109 solemnitates

2087 1138 2294 1193 scilicet
2321 1138 2811 1205 tabernaculorum,
2860 1139 2914 1193 in
2953 1156 3061 1209 quo
3104 1140 3331 1209 plurima
3360 1151 3416 1195 et
3452 1143 3665 1198 diversa

2086 1226 2452 1282 offerebantur
2501 1228 2787 1282 sacrificia.
2845 1227 2972 1282 Haec
3017 1229 3310 1284 secundum
3357 1230 3660 1286 historiam.

2089 1314 2412 1386 Spiritaiiter
2447 1332 2659 1388 quoque
2693 1318 2863 1373 tribus
2898 1318 3102 1375 vicibus
3149 1335 3245 1389 per
3272 1336 3441 1375 annos
3482 1322 3667 1390 singu-

2087 1409 2168 1463 los
2204 1406 2340 1463 festa
2385 1407 2738 1473 celebramus,
2771 1424 2893 1463 cum
2926 1410 3070 1463 omni
3104 1419 3342 1480 tempore
3382 1413 3667 1479 praesentis

2087 1499 2231 1563 vitae,
2292 1499 2347 1552 in
2406 1508 2605 1554 sancta:
2650 1500 2904 1555 trinitatis
2956 1500 3297 1555 confessione
3342 1517 3441 1571 per
3480 1501 3664 1566 fidem,

2088 1602 2238 1657 spem
2262 1595 2316 1642 et
2337 1589 2681 1655 eharitatem,
2712 1590 2974 1644 honorum
3004 1605 3226 1660 Operam
3272 1591 3526 1659 obsequia
3558 1594 3670 1662 spi-

2090 1682 2374 1748 ritualiter,
2425 1685 2719 1754 gaudentes
2769 1683 2880 1739 Deo
2907 1684 3168 1738 conditori
3219 1693 3402 1739 nostro
3446 1687 3673 1741 exhibe-

2020 1766 2065 1824 Β
2096 1794 2231 1834 mus.
2264 1778 2398 1833 Nam
2427 1777 2630 1834 Pascha
2661 1778 2992 1833 celebramus
3015 1794 3199 1833 mense
3232 1794 3512 1846 novorum,
3542 1797 3671 1835 cum

2090 1883 2188 1938 per
2224 1870 2535 1940 sanguinem
2575 1869 2697 1940 agni
2732 1868 3058 1923 immaculati
3109 1869 3176 1923 ab
3200 1867 3452 1939 Egyptia
3495 1870 3670 1924 servi-

2094 1968 2205 2013 tute
2228 1960 2459 2024 liberati,
2487 1974 2585 2028 per
2621 1959 2926 2027 spirituales
2955 1974 3122 2029 aquas
3150 1959 3215 2013 de
3241 1969 3422 2013 vetere
3451 1959 3673 2014 homine

2092 2049 2147 2103 in
2178 2064 2372 2103 novum
2403 2048 2732 2102 transimus:
2787 2048 3122 2102 ambulantes
3151 2064 3257 2102 non
3302 2049 3356 2103 in
3400 2057 3675 2104 vetustate

2093 2137 2304 2202 litterm,
2333 2138 2426 2192 sed
2454 2137 2508 2191 in
2550 2138 2791 2192 novitate
2835 2127 3092 2207 spiritus;
3122 2154 3229 2207 quo
3265 2138 3318 2192 in
3346 2147 3542 2193 terram
3585 2154 3672 2193 rc-

2093 2228 2492 2298 promissionis,
2511 2244 2609 2298 per
2625 2226 2827 2283 Christi
2867 2229 3096 2299 gratiam
3126 2228 3335 2284 Domini
3363 2237 3418 2283 et
3446 2229 3677 2285 Redem-

2094 2317 2264 2386 ptoris
2308 2316 2525 2380 nostri,
2577 2317 2862 2384 pervenire
2914 2316 3209 2372 valeamus.
3259 2317 3687 2389 Solemnitatem.

2095 2422 2224 2475 ergo
2279 2406 2478 2459 mensis
2528 2405 2922 2475 pritnitivorum
2971 2407 3329 2473 celebramus,
3379 2423 3502 2463 cum
3555 2424 3679 2463 om-

2097 2498 2243 2550 nium
2272 2513 2492 2566 operum
2523 2505 2849 2559 nostrorum,
2885 2498 3219 2553 voluntatum
3251 2515 3315 2554 ac
3360 2516 3674 2558 sermonum

2096 2587 2363 2656 primitias
2394 2588 2616 2643 Domino
2641 2603 3043 2643 consecramus.
3086 2589 3493 2645 Solemnitatem
3538 2607 3677 2661 quo-

2097 2692 2202 2746 que
2233 2677 2286 2730 iu
2315 2677 2460 2732 exitu
2490 2677 2640 2742 anni,
2679 2680 2895 2746 quando
2931 2680 3269 2750 congregatis
3296 2679 3534 2751 frugibus
3558 2682 3683 2735 dies

2100 2764 2441 2835 Scenopegize
2498 2766 2880 2830 celebrantur,
2948 2774 3074 2823 tunc
3130 2770 3394 2824 veraciter
3443 2770 3680 2841 agimus,

2098 2856 2311 2925 quando
2362 2859 2704 2929 congregatis
2751 2859 3009 2914 virtutum
3064 2860 3349 2925 fructibus,
3402 2876 3569 2930 usque
3607 2863 3688 2916 ad

2100 2945 2257 3001 tinem
2304 2949 2449 3012 vitai,
2477 2955 2531 3002 et
2580 2948 2855 3003 introitum
2904 2948 3050 3019 regni
3093 2948 3346 3011 caelestis,
3398 2951 3684 3019 pervenire

2101 3040 2489 3094 contendimus.
2539 3039 2596 3093 in
2642 3039 3000 3095 tabernaculis
3026 3040 3211 3109 utique
3253 3049 3456 3110 septem
3489 3041 3683 3097 diebus

2102 3138 2536 3183 eommorantes:
2566 3130 2691 3198 quia
2727 3146 2823 3201 per
2861 3145 3021 3186 omne
3049 3140 3260 3201 tempus
3292 3132 3414 3186 vita:
3445 3148 3675 3203 praescn-
3721 3192 3724 3195 Α

2104 3220 2193 3285 tis,
2229 3220 2542 3290 peregrinos
2577 3235 2675 3275 nos
2703 3220 2755 3275 in
2787 3220 2981 3276 stcculo
3027 3237 3147 3277 esse
3192 3223 3551 3292 agnoscendo,
3594 3240 3685 3279 re-

2101 3308 2282 3377 quiem
2309 3324 2417 3363 nou
2451 3309 2559 3374 hic,
2594 3310 2690 3364 sed
2724 3309 2777 3363 in
2807 3308 2984 3364 futura
3014 3311 3122 3365 vita
3147 3311 3505 3380 requiramus.
3536 3311 3683 3379 Quid

2103 3406 2233 3454 tunc
2251 3398 2408 3468 digne
2437 3397 2511 3463 tit,
2554 3399 2598 3454 si
2629 3399 2731 3453 hoc
2760 3399 2944 3455 sedulo
2969 3408 3287 3466 tractantes,
3316 3401 3537 3470 implere
3566 3411 3683 3457 Sill-

2103 3489 2327 3559 agimus.
2383 3488 2537 3555 Quod
2573 3504 2735 3559 supra
2764 3490 2966 3544 dictum
2995 3498 3112 3544 est:
3152 3489 3275 3545 Non
3307 3492 3580 3562 apparebis
3618 3492 3678 3547 in

2104 3590 2379 3649 conspectu
2414 3596 2527 3634 meo
2554 3596 2768 3634 vacuus.
2816 3578 2924 3652 (Ea:
2959 3578 3252 3652 Gregorio.)
3295 3581 3351 3635 In
3380 3590 3673 3652 conspectu

2102 3668 2314 3723 Domini
2343 3683 2545 3722 vacuus
2591 3676 2836 3739 apparet,
2879 3669 2970 3739 qui
3001 3668 3135 3723 nihil
3182 3684 3363 3724 secum
3399 3671 3466 3725 de
3497 3670 3676 3725 fructu

2102 3760 2183 3813 sui
2210 3758 2410 3813 laboris
2437 3767 2639 3828 portat.
2681 3757 2834 3813 Alius
2862 3773 3094 3828 namque
3121 3758 3477 3828 adipiscendis
3506 3761 3681 3815 hono-

2103 3847 2252 3902 ribus
2267 3847 2509 3911 exsudat,
2526 3845 2663 3903 alius
2676 3847 3090 3918 multiplicandis
3104 3846 3444 3903 facultatibus
3459 3858 3677 3915 aestuat,

2103 3935 2240 3990 alius
2263 3936 2635 4006 promerendis
2663 3936 2910 3992 laudibus
2949 3936 3185 3991 anhelat.
3234 3935 3342 3993 Sed
3383 3938 3507 4008 quia
3545 3954 3680 3993 cun-

2103 4037 2188 4083 cta
2210 4030 2325 4083 haec
2350 4029 2439 4084 hic
2463 4029 2706 4098 quisquis
2732 4028 2965 4083 moriens
2986 4028 3208 4094 deserit,
3235 4037 3360 4084 ante
3386 4029 3673 4084 Dominum

2103 4133 2305 4173 vacuus
2334 4126 2571 4188 apparet,
2596 4118 2721 4186 quia
2742 4132 2925 4173 secum
2953 4115 3336 4186 antejudicem
3364 4118 3497 4174 nihil
3527 4120 3668 4174 tulit.

2104 4207 2242 4262 Hinc
2272 4222 2400 4277 ergo
2435 4222 2532 4276 per
2557 4206 2727 4278 legem
2774 4207 3061 4263 salubriter
3101 4209 3452 4264 admonemur
3486 4210 3671 4265 dicen-

2104 4306 2213 4354 tem
2237 4316 2250 4352 :
2285 4296 2410 4351 Non
2434 4297 2704 4368 apparebis
2728 4298 2782 4352 in
2801 4308 3073 4375 conspectu
3101 4297 3313 4353 Domini
3333 4316 3543 4355 uacuus.
3570 4300 3675 4368 Qui

2105 4390 2247 4446 enim
2276 4388 2645 4459 promerendze
2678 4388 2801 4444 vita:
2825 4391 3150 4457 mercedem,
3177 4392 3314 4449 bene
3335 4394 3540 4465 agendo
3565 4411 3672 4450 non

2104 4481 2369 4552 providet,
2402 4481 2456 4536 in
2483 4491 2771 4552 conspectu
2802 4482 3014 4539 Domini
3040 4501 3244 4542 vacuus
3269 4498 3510 4558 apparet.
3540 4488 3673 4543 Hinc

2103 4571 2170 4627 de
2195 4570 2358 4639 justis
2399 4586 2499 4641 per
2529 4572 2862 4630 Psalmistam
2903 4574 3134 4632 dicitur:
3186 4576 3456 4635 Venientes
3499 4592 3672 4634 autem

2102 4664 2300 4718 uenient
2347 4667 2402 4721 in
2451 4664 2816 4731 exsultatione,
2880 4676 3145 4736 portantes
3198 4669 3492 4739 manipulos
3549 4686 3672 4723 suos

2104 4752 2483 4826 (Psal.cxxv).
2536 4753 2618 4808 Ad
2662 4769 2887 4809 examen
2935 4756 3133 4826 quippe
3179 4756 3367 4826 judieii
3398 4768 3674 4828 portantes

2103 4844 2404 4913 manipulos
2452 4843 2692 4906 veniunt,
2745 4845 2837 4914 qui
2883 4845 2938 4900 in
2972 4847 3277 4917 semetipsis
3328 4857 3474 4903 recta
3509 4864 3670 4918 opera

2103 4934 2296 5001 quibus
2322 4934 2489 5013 vitam
2520 4941 2850 4998 mereantur,
2885 4936 3198 4991 ostendunt.
3240 4935 3525 5006 Sequitur:
3574 4937 3671 4993 Ter

2102 5021 2159 5074 in
2184 5037 2322 5074 anno
2348 5020 2612 5091 apparebit
2639 5037 2788 5074 omne
2818 5021 3162 5077 masculinum
3189 5032 3337 5078 tuum
3361 5042 3537 5079 coram
3559 5025 3671 5079 Do.

2104 5112 2245 5164 mino
2275 5110 2404 5165 Deo.
2437 5109 2573 5175 Quid
2601 5118 2686 5164 est
2712 5110 2854 5179 quod
2899 5109 3113 5167 feminis
3141 5112 3340 5178 tacitis,
3367 5114 3433 5169 de
3463 5129 3672 5168 mascu-

2104 5197 2171 5251 lis
2197 5197 2282 5251 lex
2326 5199 2545 5251 mandat
2578 5197 2631 5250 in
2678 5207 2966 5267 conspectu
3003 5200 3212 5254 Domini
3256 5201 3668 5271 praesentandis,

2105 5286 2207 5340 nisi
2238 5286 2381 5356 quod
2407 5284 2632 5340 Creator
2668 5296 2851 5342 noster
2889 5289 3145 5358 quidquid
3191 5291 3367 5355 molle,
3413 5291 3668 5361 quidquid

2104 5378 2312 5448 fragile,
2339 5386 2395 5431 ct
2422 5367 2694 5431 inﬁrmum
2723 5378 2774 5431 in
2810 5387 2993 5433 nostra
3017 5381 3426 5436 conversatione
3463 5389 3547 5435 est
3587 5394 3670 5434 re-

2105 5469 2362 5536 probatis,
2387 5467 2543 5521 fortia
2569 5468 2827 5522 virtutum
2867 5483 3029 5537 opera
3057 5484 3088 5523 a
3122 5470 3277 5525 nobis
3313 5470 3583 5540 exquirit?
3611 5468 3670 5524 Si

2109 5560 2249 5615 enim
2277 5559 2328 5612 in
2374 5558 2477 5613 fide
2524 5558 2699 5613 Patris
2727 5566 2783 5612 et
2819 5557 2937 5612 Filii
2979 5566 3034 5613 et
3063 5557 3293 5629 Spiritus
3338 5559 3533 5621 sancti.
3575 5572 3672 5627 pro

2110 5662 2322 5708 aeternae
2372 5650 2634 5705 mercedis
2685 5649 2895 5718 adepta,
2952 5657 3191 5720 tempore
3243 5651 3366 5706 vittc
3393 5650 3675 5721 przcscntis
