4052 6184
436 216 544 272 129

1396 214 1900 272 ΟΟΜΜΕΝΤΑΒΙΑ
1938 213 2007 271 ΙΝ
2047 212 2356 272 EXODUM.
2396 247 2468 258 —
2500 216 2628 272 LIB.
2671 217 2757 273 III.

3607 229 3708 284 I50

432 329 595 384 bonis
641 327 900 399 operibus
946 328 1182 383 studium
1231 328 1611 398 impendimus,
1661 330 2018 385 masculinum
2048 331 2099 390 Α
2125 328 2177 382 id
2202 338 2287 384 est
2314 343 2380 385 eo
2408 338 2650 401 tempore
2678 347 2786 402 quo
2813 343 3107 404 conceptus
3133 344 3234 390 est.
3269 337 3529 396 Dicuntur
3563 344 3708 398 enim

436 428 687 475 nostrum
713 420 832 474 sine
861 421 1044 485 dubio,
1076 427 1202 475 ante
1240 429 1591 490 conspectum
1626 421 1837 475 Domini
1870 422 2051 491 digne.

432 512 747 565 statuimus.

508 600 634 653 Non
660 599 956 653 immolabis
992 616 1148 668 super
1175 601 1430 671 fermento
1466 603 1777 672 sanguinem
1806 602 2029 656 victfmte

432 705 587 743 mete.
618 689 964 743 Fertnentum
1005 692 1147 759 quod
1193 692 1247 746 in
1286 691 1553 747 sacriﬁcio
1584 693 1797 747 Domini
1843 692 2026 747 oll'erri

433 782 847 845 contradicitur,
882 790 941 836 ut
969 799 1111 853 smpe
1140 784 1395 849 diximus,
1430 785 1648 839 malitia:
1690 793 1744 838 ct
1773 784 2028 854 nequitiae

434 872 856 927 amaritudinem
887 874 1177 943 Signiﬁcat.
1218 873 1343 928 Non
1379 873 1698 940 immolabts,
1740 875 1838 939 ait,
1868 890 2027 944 super

434 963 694 1030 fermento
740 964 1049 1033 sanguinem
1102 967 1320 1020 rictian
1369 983 1519 1020 mete.
1571 965 1650 1020 Ac
1694 966 1740 1021 si
1770 966 2020 1021 diceret:

434 1054 645 1109 Caveas
667 1070 734 1108 ne
763 1056 814 1108 in
856 1054 1129 1111 oblatione
1154 1071 1261 1125 qua
1307 1056 1595 1111 Dominum
1641 1056 1859 1128 placare
1884 1057 2025 1111 desi-

433 1145 619 1207 deras,
650 1143 851 1212 aliquid
887 1144 994 1206 doli
1022 1153 1117 1199 aut
1162 1147 1419 1215 nequitia:
1445 1147 1856 1203 intermisceas:
1897 1148 2024 1216 quia

432 1237 724 1289 sinceritas
765 1233 993 1303 justitiee
1046 1236 1156 1291 Deo
1206 1238 1440 1292 maxime
1496 1238 1690 1308 placet.
1732 1239 1859 1292 Item
1920 1240 2024 1294 hac

432 1327 700 1379 sententia
736 1342 839 1381 nos
895 1326 1175 1381 admoneri
1224 1328 1480 1392 sciamus,
1539 1326 1680 1396 quod
1713 1329 1766 1381 in
1818 1326 2025 1382 sacrifi-

432 1415 521 1468 cio
545 1416 791 1484 corporis
828 1421 882 1469 et
922 1416 1202 1485 sanguinis
1253 1416 1487 1482 Domini,
1536 1417 1857 1470 munditiam
1903 1432 2026 1470 cor-

433 1506 517 1561 dis
540 1515 597 1560 et
630 1507 808 1576 operis
835 1506 1150 1562 Studeamus
1174 1508 1375 1563 habere
1403 1525 1417 1561 :
1444 1523 1511 1562 ne
1532 1508 1587 1562 in
1605 1507 1879 1563 otl‘erendo
1901 1507 2024 1562 vitze

433 1596 709 1660 libamine,
733 1596 861 1652 foedi
883 1606 938 1651 et
958 1598 1154 1670 ingrati
1181 1614 1363 1654 coram
1388 1599 1614 1654 Domino
1639 1614 2017 1670 appareamus.

2130 420 2343 479 feminae
2363 439 2429 478 ex
2456 439 2564 494 quo
2585 427 2951 496 conceperint,
2982 428 3065 482 lac
3087 428 3357 498 colligere.
3396 432 3491 487 Illo
3527 443 3706 490 autem

2128 528 2316 569 mense
2344 530 2562 584 passum
2589 532 2710 572 esse
2737 516 3015 572 Christum
3048 526 3104 572 et
3134 518 3355 575 Paschze
3378 522 3703 585 observatio,

2127 616 2183 662 ct
2210 608 2326 663 dies
2349 610 2594 664 ecclesiis
2615 611 2930 667 notissimus
2953 612 3254 667 nativitatis
3283 612 3418 683 ejus,
3449 616 3705 671 ostendit.

2127 698 2228 766 Qui
2271 700 2414 753 enim
2462 715 2646 759 mense
2693 717 2835 756 nono
2883 710 3041 758 natus
3073 712 3175 770 est,
3207 713 3398 759 octavo
3442 705 3710 761 Kalendas

2124 790 2428 852 Januarias,
2454 792 2695 861 profecto
2717 809 2902 848 mense
2924 796 3098 865 prin.o
3121 806 3412 867 conceptus
3437 806 3535 859 est,
3560 798 3708 853 circa

2124 891 2370 937 octavam
2396 882 2665 938 Kalendas
2691 884 2891 954 Aprilis
2922 904 2935 939 :
2969 887 3111 956 quod
3139 896 3348 958 tempus
3376 889 3539 943 etiam
3577 904 3707 959 pas-

2125 971 2293 1025 sionis
2321 972 2439 1041 ejus
2470 971 2571 1026 fuit
2614 972 2668 1026 in
2695 974 2834 1028 lacte
2863 976 3054 1030 matris
3078 990 3187 1031 sua:
3217 995 3229 1030 :
3262 978 3366 1033 hoc
3397 987 3481 1033 est
3513 979 3565 1033 in
3596 979 3712 1034 die~

2123 1060 2226 1117 bus
2262 1063 2453 1118 matris
2483 1078 2613 1118 suae.
2646 1063 2779 1119 Item
2817 1079 2914 1136 per
2942 1066 3295 1137 tropologiam
3316 1108 3330 1132 ,
3364 1068 3485 1123 Non
3521 1085 3708 1141 coques

2123 1151 2330 1206 bardum
2354 1153 2406 1207 in
2437 1152 2570 1207 lacte
2596 1154 2778 1208 matris
2802 1171 2931 1209 sum.
2958 1155 3152 1210 Ilazdus
3175 1157 3262 1212 hic
3287 1158 3386 1213 sub
3405 1158 3709 1227 peccatoris

2125 1242 2292 1312 ﬁgura
2321 1244 2701 1300 introducitur.
2729 1244 2961 1301 Proinde
2984 1263 3215 1315 peccans
3241 1263 3347 1302 non
3375 1258 3457 1303 est
3474 1264 3709 1319 coquen-

2123 1332 2224 1386 dus
2263 1333 2315 1386 in
2359 1333 2499 1389 lacte
2529 1336 2743 1400 matris,
2776 1336 2831 1390 id
2874 1346 2955 1390 est
2999 1351 3107 1390 non
3137 1344 3220 1392 est
3256 1338 3568 1409 purgandus
3595 1353 3709 1393 me-

2123 1425 2398 1481 diocribus
2427 1427 2839 1497 tenerrimisque
2864 1427 3126 1482 Ecclesiae
3151 1427 3468 1496 disciplinis,
3491 1428 3586 1490 sed
3612 1444 3710 1482 an-

2124 1516 2444 1572 sterioribus
2472 1519 2758 1588 praeceptis
2786 1517 2902 1586 ejus
2929 1527 3054 1572 sunt
3085 1517 3433 1587 excoquenda
3463 1526 3703 1588 peccata,

2125 1607 2279 1675 cujus
2307 1624 2497 1679 magna
2527 1618 2653 1664 sunt
2676 1610 2929 1674 crimina,
2956 1617 3017 1663 ut
3050 1609 3140 1678 qui
3168 1624 3263 1679 per
3292 1607 3528 1664 lascivia:
3555 1598 3708 1663 blan-

431 1687 692 1759 Sequitur
717 1708 730 1743 :
773 1677 883 1753 Nec
922 1689 1203 1745 remanebit
1226 1691 1385 1761 adeps
1409 1690 1754 1745 solemnitatis
1784 1707 1911 1745 mea:
1931 1707 2012 1743 us-

2122 1701 2360 1757 dimenta
2399 1677 2458 1758 se
2493 1704 2761 1773 perdidit,
2793 1702 3021 1757 fortiore
3058 1677 3337 1771 disciplina
3367 1716 3425 1757 se
3454 1702 3702 1757 redimat.

429 1797 529 1850 que
556 1797 730 1834 mane.
769 1781 873 1837 Per
894 1783 1036 1837 hanc
1065 1785 1388 1837 sententiam
1411 1799 1509 1838 nos
1533 1784 1771 1848 instruit,
1797 1800 1862 1838 ne
1883 1799 2016 1853 opus

434 1871 821 1928 misericordiae
849 1873 932 1928 vel
970 1884 1290 1928 ceterarum
1326 1875 1705 1947 pinguedinem
1735 1876 2013 1939 virtutum,

432 1965 486 2019 in
516 1980 673 2020 mane
704 1968 1115 2022 resurrectionis
1141 1967 1334 2022 futurae
1358 1968 1658 2023 faciendum
1682 1966 2013 2033 dill‘eramus,

428 2054 558 2123 quia
599 2054 673 2109 ibi
710 2057 939 2112 actionis
984 2065 1193 2128 tempus
1225 2056 1338 2125 jam
1381 2058 1585 2112 nullum
1622 2059 1748 2123 erit,
1778 2058 1871 2114 sed
1902 2059 2017 2113 dies

428 2147 534 2201 iste
560 2147 954 2215 retributionis,
981 2157 1038 2203 ιιι
1064 2150 1289 2220 recipiat
1317 2151 1685 2221 unusquisque
1712 2160 1872 2221 prout
1897 2166 2031 2221 ges-7

426 2236 501 2291 sit
536 2244 778 2306 tempore
806 2239 988 2293 carnis
1026 2254 1167 2305 sum,
1207 2241 1422 2309 quando
1452 2241 1601 2295 licuit
1627 2242 1859 2310 operari.
1893 2239 2018 2294 Pri-

428 2327 605 2382 mitias
642 2327 851 2397 frugum
899 2338 1051 2384 term:
1086 2340 1192 2385 tua:
1218 2331 1424 2400 deferas
1452 2332 1507 2385 in
1534 2332 1746 2386 domum
1784 2333 1879 2387 Dei
1915 2336 2011 2388 tui.

424 2418 734 2475 Primordia
778 2423 965 2491 utique
1007 2423 1247 2477 omnium
1283 2439 1506 2493 operum
1539 2434 1785 2490 tuorum,
1827 2427 1880 2481 in
1916 2426 2017 2481 Ec-

426 2509 593 2565 clesia
638 2512 851 2567 Domini
886 2513 1046 2583 digne
1083 2527 1433 2578 conversaris,
1470 2512 1717 2569 Creatori
1759 2523 1850 2569 tuo
1893 2532 2015 2587 grao

426 2607 608 2653 tanter
639 2601 900 2656 exhibeas
931 2619 945 2655 :
986 2601 1112 2670 quia
1145 2602 1261 2656 hzec
1300 2609 1385 2657 est
1421 2603 1612 2657 domus
1650 2618 1779 2667 una,
1813 2603 1866 2657 in
1908 2620 2012 2672 qua

423 2707 599 2762 agnus
620 2694 890 2762 paschalis
913 2696 1121 2750 comedi
1144 2694 1366 2763 jnbctnr
1392 2714 1405 2749 :
1437 2712 1538 2750 nec
1562 2712 1667 2751 non
1693 2706 1747 2752 et
1771 2699 2012 2752 omnium

426 2800 715 2839 munerum
752 2786 1066 2856 aptissimus
1101 2787 1249 2841 locus
1289 2798 1371 2842 est
1404 2787 1470 2841 ad
1501 2786 1854 2842 olferendum.
1890 2788 2014 2842 Non

422 2893 613 2947 coques
639 2877 846 2931 lardum
884 2879 939 2931 in
974 2877 1107 2931 lacte
1133 2877 1317 2931 matris
1342 2894 1472 2931 sum.
1517 2877 1643 2932 Sive
1667 2877 1820 2947 juxta
1852 2877 2011 2931 aliam

422 2967 716 3022 editionem
751 2986 765 3021 :
801 2965 925 3023 Non
960 2985 1144 3039 coques
1183 2984 1376 3038 agnum
1415 2968 1469 3021 in
1509 2966 1640 3020 lacte
1668 2967 1853 3020 matris
1876 2983 2006 3020 sum.

2736 1813 2964 1870 CAPUT
3003 1813 3090 1868 IV.

2121 1895 2221 1951 Ubi
2247 1902 2487 1973 pra'dicit
2515 1902 2857 1973 expulsurum
2884 1919 2951 1973 se
2964 1911 3141 1971 gentes
3171 1919 3264 1972 per
3292 1918 3506 1955 manum
3535 1901 3707 1972 angeli

2188 1987 2220 2020 a
2243 1971 2382 2039 facie
2409 1971 2643 2039 ﬁliorum
2675 1972 2880 2036 Israel,
2907 1971 2952 2025 si
2976 1982 3150 2026 tamen
3172 1971 3424 2025 audirent
3445 1971 3707 2042 pratcepta

2156 2074 2163 2083 ο
2199 2042 2406 2096 Domini
2437 2052 2483 2095 et
2514 2042 2743 2110 facerent
2772 2059 2855 2095 ea.

2188 2152 2325 2206 Ecce
2352 2168 2444 2221 ego
2481 2152 2629 2205 mitto
2659 2150 2900 2221 angelum
2937 2168 3109 2205 meum
3142 2152 3232 2222 qui
3269 2152 3529 2222 prtrcedat
3569 2161 3619 2205 te
3657 2161 3708 2206 et

2116 2242 2379 2296 custodiat
2409 2242 2464 2295 in
2493 2242 2595 2306 via,
2622 2250 2669 2295 et
2698 2242 2997 2295 introducat
3024 2242 3092 2294 ad
3118 2241 3291 2295 locum
3315 2258 3465 2312 quem
3498 2243 3704 2312 paravi.

2119 2333 2352 2387 Observa
2377 2348 2517 2396 eum,
2548 2340 2597 2386 et
2621 2332 2750 2385 audi
2780 2349 2951 2387 vocem
2977 2333 3122 2402 ejus;
3157 2350 3248 2386 nec
3273 2334 3705 2387 contemnendum

2115 2434 2286 2495 putes,
2315 2425 2443 2494 quia
2472 2440 2576 2478 non
2610 2423 2830 2476 dimittet
2859 2440 2975 2476 cum
3009 2425 3343 2493 peccaveritis
3372 2440 3390 2475 :
3420 2434 3467 2477 et
3501 2434 3577 2477 est
3608 2440 3707 2477 no-

2116 2532 2233 2569 men
2277 2531 2449 2568 meum
2490 2516 2545 2568 in
2574 2514 2666 2569 illo
2710 2513 2907 2584 (Exod.
2936 2513 3116 2585 XXIII).
3160 2513 3271 2569 Hac
3310 2515 3577 2569 sententia
3619 2529 3708 2569 se-

2115 2607 2353 2661 cundum
2381 2607 2663 2660 historiam
2690 2605 2853 2660 Iosue
2882 2607 3073 2660 ducem
3099 2606 3278 2675 populi
3302 2605 3582 2661 lsraclitici
3611 2605 3710 2661 de-

2116 2705 2268 2750 notat
2300 2715 2311 2749 :
2346 2697 2435 2765 qui
2466 2697 2585 2751 ideo
2616 2695 2837 2766 angelus
2867 2696 3199 2760 nominatur,
3227 2696 3351 2765 quia
3382 2696 3450 2750 ad
3481 2695 3709 2766 legatio-

2117 2800 2238 2839 nem
2286 2786 2495 2840 Domini
2544 2785 2905 2855 peragendam
2953 2785 3256 2840 destinatus
3308 2795 3412 2840 est.
3470 2784 3706 2855 Angelos

2113 2874 2259 2927 enim
2286 2873 2494 2938 διξερε,
2533 2874 2754 2927 nuntios
2792 2888 3067 2928 vocamus.
3100 2874 3167 2927 Et
3200 2874 3337 2928 bene
3362 2873 3524 2928 Josue
3561 2890 3703 2928 nun-

2119 2963 2225 3017 tius
2258 2963 2363 3016 dici
2394 2971 2600 3031 potest,
2630 2963 2886 3033 quoniam
2927 2963 2981 3016 in
3022 2962 3279 3018 Israelitis
3307 2964 3517 3018 Domini
3547 2980 3704 3019 man-

421 3056 709 3124 Quomodo
762 3024 1097 3127 intelligatur
1145 3024 1242 3110 ad"
1266 3055 1553 3110 verborum
1597 3055 2007 3126 proprietatem,
2037 3024 2080 3085 C
2113 3055 2235 3108 data
2263 3054 2515 3119 innotuit,
2540 3063 2594 3108 et
2617 3024 2865 3124 gentibus
2891 3053 2985 3107 Dei
3015 3055 3314 3124 potentiam
3343 3070 3406 3109 ac
3436 3064 3703 3113 terrorem

424 3151 614 3204 nescio
639 3157 822 3203 utrum
850 3149 1023 3219 possit
1053 3149 1299 3218 reperiri.
1330 3147 1386 3203 Si
1415 3147 1559 3202 enim
1587 3146 1814 3218 alicujus
1842 3148 2010 3217 signi-

424 3242 697 3298 ficationis
736 3257 901 3298 causa
943 3242 1273 3311 prohibitum
1316 3241 1684 3311 acceperimus
1716 3256 1914 3311 agnum
1954 3240 2008 3294 in

422 3331 564 3386 lacte
593 3331 787 3401 coqui,
824 3330 1003 3386 nullus
1028 3347 1158 3387 usus
1193 3341 1277 3386 est
1307 3332 1380 3385 ita
1415 3332 1699 3400 coquendi.
1740 3329 1799 3385 Si
1827 3341 2009 3385 autem

424 3420 480 3475 in
515 3421 707 3476 diebus
740 3421 937 3491 quibus
965 3420 1214 3485 Iactatur,
1247 3420 1369 3490 quis
1410 3421 1514 3475 hoc
1552 3419 1740 3475 habuit
1772 3436 2006 3490 unquam

420 3510 733 3566 Iudaeorum
760 3511 813 3565 in
843 3510 1244 3574 observatione,
1273 3518 1333 3564 ut
1361 3525 1558 3581 agnum
1584 3519 1875 3578 coqueret,
1905 3510 2008 3564 nisi

425 3618 549 3657 cum
580 3602 868 3657 desisteret
892 3602 1121 3672 sugere?
1148 3601 1402 3669 Quid'est
1429 3608 1611 3655 autem
1639 3600 1690 3654 in
1720 3601 1859 3655 lacte
1898 3617 2012 3653 ma-

428 3695 528 3751 tris
569 3696 719 3751 sute?
758 3698 911 3765 quasi
954 3706 1138 3767 posset
1173 3698 1335 3752 etiam
1364 3697 1409 3751 si
1455 3697 1556 3752 hoc
1598 3697 2007 3767 intelligeretur,

422 3787 545 3842 sine
570 3788 730 3858 hujus
756 3788 1011 3858 praecepti
1040 3788 1467 3859 transgressione
1492 3787 1673 3856 coqui,
1697 3787 1741 3841 si
1766 3801 1831 3841 eo
1858 3796 2007 3852 nato,

426 3885 641 3931 mortua
665 3885 840 3932 matre
863 3876 1000 3945 ejus,
1032 3876 1101 3932 ab
1128 3892 1228 3932 ove
1265 3877 1368 3932 alia
1408 3876 1718 3933 luctaretur.
1750 3877 1882 3933 Cum
1913 3878 2014 3932 ali-

424 3965 581 4035 cujus
606 3966 853 4037 profecto
878 3966 956 4022 rei
997 3966 1362 4038 significandze
1387 3981 1552 4021 causa
1582 3966 1691 4021 sint
1716 3976 2004 4037 praecepta,

426 4071 586 4112 nemo
623 4056 879 4127 ambigit,
921 4056 1083 4112 etiam
1120 4055 1209 4110 illa
1248 4071 1367 4126 qua:
1403 4069 1631 4127 possunt
1656 4074 1780 4114 cum
1818 4058 2008 4114 obser-

425 4147 609 4201 vantia
650 4145 886 4207 factitari
924 4162 1032 4201 non
1062 4146 1181 4201 sine
1223 4160 1388 4202 causa
1430 4147 1504 4201 ita
1552 4157 1677 4204 sunt
1716 4156 2005 4219 pramepta.

425 4235 751 4305 Signiﬁcant
775 4234 918 4291 enim
960 4234 1181 4305 aliquid.
1224 4235 1339 4292 Hoc
1366 4252 1499 4294 vero
1525 4240 1795 4308 quomodo
1820 4240 2010 4296 obser-

424 4335 605 4389 vetur,
636 4325 704 4379 ad
750 4326 1135 4396 proprietatem
1164 4327 1449 4383 verborum
1485 4338 1580 4384 aut
1615 4347 1723 4386 non
1765 4339 1867 4397 est,
1913 4341 2008 4386 aut

424 4431 534 4470 non
563 4415 759 4469 elucet.
788 4413 1011 4470 Lectum
1040 4424 1221 4472 tamen
1245 4417 1313 4473 de
1340 4417 1557 4474 Christo
1579 4420 1838 4489 approbo,
1865 4422 2007 4490 quod

426 4509 529 4562 hac
551 4507 834 4577 prophetia
858 4508 1149 4577 praedictus
1168 4516 1251 4565 est
1269 4525 1377 4565 non
1402 4510 1727 4566 occidendus
1752 4528 1781 4565 a
1809 4509 2009 4568 Judazis

424 4597 625 4664 infans,
654 4599 872 4668 quando
905 4597 1146 4656 Herodes
1181 4615 1430 4671 quaerens
1463 4615 1588 4655 eum
1619 4610 1679 4655 ut
1713 4602 2004 4669 occideret,

426 4704 535 4742 non
574 4687 800 4742 invenit.
828 4687 920 4753 Ut,
949 4706 1157 4761 coques,
1194 4690 1338 4759 quod
1371 4691 1577 4747 dictum
1605 4700 1708 4758 est,
1736 4695 2008 4762 pertineat

423 4776 491 4830 ad
522 4778 702 4847 ignem
734 4779 1020 4847 passionis,
1051 4780 1155 4835 hoc
1180 4788 1266 4834 est
1295 4780 1715 4835 tribulationem.
1753 4782 1902 4839 Unde
1925 4784 2006 4838 di—

421 4868 565 4922 citur
593 4886 609 4922 :
653 4867 792 4923 Vasa
820 4869 970 4940 ﬁguli
993 4869 1176 4941 probat
1202 4870 1394 4940 [ornats
1429 4885 1446 4922 :
1477 4880 1525 4925 et
1550 4872 1781 4927 homines
1806 4875 1999 4943 justas,

421 4962 641 5015 tentatio
669 4961 1021 5017 tribulationis
1051 4962 1218 5036 (Eccl.
1247 4963 1438 5035 χχιιι).
1468 4963 1604 5032 Quia
1631 4979 1761 5035 ergo
1786 4981 1891 5020 non
1919 4976 2003 5022 est

422 5058 554 5105 tunc
596 5050 775 5108 infans
818 5069 1027 5123 passus,
1069 5070 1193 5110 cum
1233 5063 1507 5125 quaerente
1542 5054 1770 5121 Herode,
1817 5054 1992 5124 hujus-

422 5143 569 5201 modi
596 5146 892 5216 periculum
931 5147 1214 5202 imminere
1240 5146 1537 5213 videretur,
1568 5147 1883 5218 prtedictum
1917 5155 2002 5201 est

423 5238 511 5294 his
536 5238 717 5294 verbis
748 5257 761 5294 ε
803 5237 925 5294 Νοη
959 5255 1144 5310 coques
1172 5254 1363 5308 agnum
1398 5239 1452 5290 in
1486 5236 1828 5292 lactematris
1866 5253 1996 5291 sure.

421 5327 557 5385 Illud
587 5344 805 5399 quoque
853 5328 1079 5383 forsitan
1110 5342 1216 5382 non
1252 5327 1544 5381 absurdum
1578 5335 1692 5391 est,
1724 5325 1867 5397 quod
1910 5324 2002 5379 alii

423 5422 611 5475 dicunt
656 5421 710 5475 id
754 5436 872 5475 esse
916 5426 1244 5489 pmceptum
1281 5434 1377 5488 per
1420 5419 1791 5488 prophetiam,
1836 5434 1903 5473 ne
1943 5433 2002 5473 se

423 5510 549 5563 boni
574 5510 832 5565 Israelita:
858 5510 1129 5565 sociarent
1154 5509 1308 5565 malis
1326 5507 1546 5573 Judteis,
1569 5526 1599 5563 a
1628 5510 1825 5579 quibus
1848 5508 2005 5565 Chri-

420 5613 540 5656 stus
570 5617 762 5671 passus
791 5611 902 5669 est,
934 5611 1189 5673 tanquam
1212 5616 1382 5675 agnus
1408 5602 1461 5656 in
1494 5601 1630 5657 lacte
1652 5602 1843 5656 matris
1868 5616 1998 5666 suae,

2108 3148 2398 3202 intimavit.
2449 3147 2612 3218 Cujus
2659 3148 2777 3203 voci
2834 3149 3094 3203 Dominus
3148 3147 3305 3217 jubet
3358 3150 3554 3220 populo
3599 3167 3700 3206 suo

2111 3241 2508 3310 obtemperare.
2542 3240 2694 3295 Unde
2727 3249 2783 3296 et
2820 3241 2958 3295 idem
2995 3240 3226 3310 populus
3253 3241 3320 3295 ad
3349 3257 3469 3295 eum
3498 3242 3703 3299 dixisse

2112 3330 2382 3385 refertur:
2416 3329 2565 3384 Sicut
2594 3329 2930 3393 obedirimus,
2963 3329 3211 3399 inquiunt
3240 3329 3428 3400 Moysi,
3465 3330 3543 3384 sic
3581 3331 3704 3386 obe-

2112 3420 2313 3474 diemus
2339 3429 2385 3474 et
2409 3419 2518 3472 tibi.
2554 3417 2780 3473 Tantum
2804 3419 2871 3472 sit
2902 3418 3155 3473 Dominus
3181 3418 3322 3472 Deus
3344 3428 3535 3485 tecum,
3566 3422 3702 3476 sicut

2112 3508 2211 3577 fuit
2255 3524 2373 3563 cum
2419 3507 2611 3577 Moysi.
2663 3508 2769 3574 Qui
2811 3508 3186 3562 contradixerit
3232 3510 3313 3562 ori
3352 3519 3466 3575 tuo,
3506 3520 3554 3565 et
3594 3528 3701 3567 non

2110 3599 2357 3653 obedierit
2390 3599 2588 3652 cunctis
2629 3598 2953 3651 sermonibus
2993 3598 3095 3651 tuis
3133 3614 3263 3667 quos
3290 3601 3593 3669 pra'ceperis
3628 3601 3695 3665 ei,

2112 3690 2371 3739 moriatur
2399 3686 2580 3755 (Josue
2612 3691 2672 3758 I).
2706 3686 2798 3750 Et,
2832 3687 3028 3755 inquit,
3064 3703 3251 3741 nomen
3284 3704 3457 3742 meum
3498 3690 3552 3742 in
3583 3689 3695 3744 illo.

2111 3774 2311 3830 ltifarie
2343 3791 2537 3829 nomen
2574 3774 2787 3829 Domini
2819 3783 2935 3828 erat
2963 3774 3015 3828 in
3045 3774 3227 3837 Josue,
3258 3776 3350 3844 qui
3376 3786 3431 3830 et
3455 3776 3697 3833 Israelita

2114 3866 2232 3920 fuit.
2262 3866 2426 3921 Israel
2454 3866 2597 3920 enim
2626 3866 3011 3935 interpretatur
3036 3866 3119 3920 vir
3146 3866 3334 3923 videns
3363 3867 3554 3934 Deum,
3584 3871 3698 3925 sive

2110 3960 2362 4028 princeps
2394 3974 2516 4012 cum
2542 3958 2671 4012 Deo.
2701 3958 2768 4012 Et
2797 3973 2990 4013 nomen
3022 3955 3171 4023 Jesu,
3204 3958 3257 4013 id
3283 3967 3389 4025 est,
3412 3959 3697 4016 salvatoris

2111 4050 2165 4103 in
2201 4065 2260 4104 se
2289 4050 2479 4104 habuit
2510 4067 2522 4102 :
2556 4064 2716 4118 quem
2745 4056 2800 4102 et
2833 4049 2885 4102 in
2911 4046 3086 4103 olIicio
3110 4056 3164 4103 et
3195 4050 3411 4105 nomine
3447 4051 3698 4121 praefigu-

2112 4143 2270 4197 ravit.
2305 4143 2439 4197 Nam
2467 4122 2761 4198 secundum
2792 4141 3127 4210 allegoriam,
3166 4142 3280 4210 ipse
3307 4143 3548 4212 angelus,
3581 4143 3695 4211 ipse

2112 4231 2372 4286 Dominus
2397 4240 2453 4285 et
2477 4232 2785 4299 redemptor
2822 4238 3011 4284 noster
3045 4230 3269 4299 intelligi
3314 4238 3511 4299 potest.
3558 4230 3693 4287 Nam

2114 4322 2227 4391 ipse
2251 4338 2348 4392 per
2372 4323 2689 4392 prophetam
2715 4333 2933 4390 propter
2957 4321 3412 4390 dispensationem
3442 4322 3692 4378 immani-

2114 4415 2266 4475 tatis,
2312 4413 2488 4483 magni
2531 4411 2740 4467 consilii
2780 4411 3003 4480 angelus
3033 4420 3395 4482 nuncupatur,
3428 4413 3554 4483 quia
3583 4429 3695 4469 sure

2106 4514 2162 4561 et
2191 4520 2225 4574 p
2243 4512 2428 4560 :teriue
2456 4504 2747 4561 voluntatis
2765 4511 2851 4561 est
2878 4504 3246 4559 annuntiator.
3277 4504 3447 4572 Quem
3468 4507 3559 4576 qui
3588 4524 3693 4564 non

2107 4597 2362 4661 audierit,
2385 4596 2837 4652 exterminabitur
2857 4596 2925 4651 de
2951 4596 3147 4666 populo
3170 4612 3287 4651 suo.
3312 4596 3517 4652 Nomen
3546 4599 3691 4656 enim

2108 4690 2202 4745 Dei
2248 4690 2302 4744 in
2344 4689 2437 4744 illo
2461 4689 2730 4745 veraciter
2756 4697 2862 4753 est,
2890 4689 3015 4758 quia
3041 4704 3166 4743 cum
3208 4689 3279 4744 sit
3324 4691 3486 4745 homo
3530 4707 3692 4746 verus

2106 4782 2249 4837 Deus
2277 4782 2605 4852 agnoscitur.
2648 4780 2906 4849 Sequitur
2937 4798 2951 4833 :
2987 4779 3141 4845 Quod
3167 4781 3213 4833 si
3252 4781 3482 4835 audieris
3517 4799 3690 4836 vocem

2105 4873 2239 4942 ejus,
2270 4882 2318 4926 et
2343 4871 2526 4941 feceris
2548 4871 2722 4924 omnia
2750 4886 2868 4938 qua:
2898 4868 3101 4936 loquor,
3127 4870 3370 4924 inimicus
3396 4887 3485 4924 ero
3510 4871 3688 4925 inimi-

2103 4964 2178 5017 cis
2214 4964 2351 5026 tais;
2377 4971 2428 5016 et
2464 4962 2688 5032 alﬂigam
2717 4962 2995 5031 aljligentes
3024 4971 3101 5025 te;
3129 4960 3484 5032 prcecedetque
3511 4971 3560 5016 te
3588 4980 3687 5016 an-

2103 5053 2248 5125 gelus
2261 5071 2427 5120 meus,
2451 5063 2498 5108 et
2526 5053 2817 5107 introducet
2846 5052 2916 5107 ad
2939 5054 3320 5115 Amorrhwum,
3343 5063 3392 5107 et
3418 5053 3685 5117 Etha'um,

2103 5153 2151 5198 et
2170 5143 2526 5208 Pheraeum,
2541 5140 2998 5208 Chananteumque
3008 5151 3056 5195 et
3073 5140 3285 5197 Erizam
3297 5151 3346 5196 et
3356 5142 3684 5206 Jebuzazum,

2107 5246 2216 5292 etc.
2252 5234 2618 5290 Historialiter
2655 5235 2802 5289 enim
2839 5234 3094 5305 populum
3135 5235 3487 5290 Israeliticum
3521 5232 3685 5287 Iosue

2108 5327 2407 5383 introduxit
2440 5326 2496 5381 in
2523 5335 2727 5380 terram
2767 5326 3222 5395 repromissionis,
3252 5326 3472 5397 ejiciens
3499 5331 3686 5392 gentes

2108 5436 2244 5495 quas
2270 5418 2681 5491 pramominavit
2700 5434 2729 5473 a
2750 5418 2890 5473 facie
2914 5434 3125 5483 eorum,
3152 5416 3523 5473 comminuens
3544 5414 3683 5471 idola

2107 5520 2161 5566 et
2198 5512 2482 5567 destruens
2520 5526 2645 5566 aras
2690 5527 2899 5567 eorum.
2948 5510 3312 5582 Spiritualiter
3347 5516 3528 5563 autem
3574 5508 3683 5563 Ro-

2107 5603 2354 5673 demptor
2380 5613 2583 5670 noster,
2612 5603 2669 5657 in
2702 5602 2859 5659 nobis
2882 5602 2982 5657 has
3013 5607 3215 5669 septem
3246 5607 3432 5669 gentes
3457 5614 3580 5655 cum
3604 5597 3682 5654 si-
