4052 6184
440 276 533 334 151

1078 268 1136 325 Β.
1178 267 1431 324 RABANl
1470 266 1689 325 MAUM
1726 257 2045 322 ARClllEP.
2091 256 2400 324 MOCUNT.
2439 257 2729 325 ΟΜ)Βῦλῖ
2764 266 2944 326 PARS
2972 267 3013 325 1.

3597 270 3699 326 132

436 380 689 448 ιηιιιξιειυίε
712 396 897 443 eorum
933 388 1273 454 exterminat,
1304 396 1425 442 cum
1455 399 1660 458 septem
1698 388 2012 459 principalia
2045 394 2093 451 Α
2122 384 2244 445 Non
2264 391 2358 444 erit
2383 392 2661 461 infecunda
2688 408 2781 446 nec
2808 393 2999 447 sterilis
3021 396 3074 447 in
3099 400 3247 448 tcrra‘
3264 405 3373 449 tua.
3405 395 3695 450 Nolueram

435 483 565 539 vitia
595 497 625 535 a
652 479 805 534 nobis
832 477 1000 547 ejicit,
1021 486 1075 532 et
1103 490 1317 533 omnem
1346 478 1525 532 dolum
1551 479 1772 544 inimici,
1804 479 1870 534 de
1895 494 2017 535 cor-

434 574 595 631 dibus
627 572 828 627 nostris
860 569 1043 639 procul
1073 570 1252 639 pellit,
1284 577 1549 639 qnatenus
1584 578 1789 624 natura:
1818 579 2018 625 nostrae

436 677 641 723 terram
700 664 929 734 plenitcr
992 676 1055 716 ac
1106 661 1343 730 perfecte
1397 662 1788 730 possidca‘mus.
1844 661 2017 714 Radix

434 757 635 828 quippe
660 754 839 809 euncti
872 752 1027 816 mali,
1060 753 1312 820 superbia
1351 760 1465 817 est,
1496 752 1561 806 de
1592 767 1696 820 qua
1733 752 2018 821 Scriptura

437 855 726 905 attestante
773 845 970 900 dicitur
1006 863 1019 898 :
1059 844 1278 897 Initium
1325 843 1492 897 omnis
1538 845 1732 913 peccati
1776 842 2018 913 superbia

436 937 607 1011 (Eccl.
639 936 716 1010 x).
755 936 950 990 Prima:
980 942 1156 987 autem
1185 931 1301 1001 ejus
1333 932 1577 996 soboles,
1619 941 1821 1001 septem
1853 932 2017 984 uimi-

438 1046 557 1083 rum
584 1026 899 1098 principalia
924 1024 1073 1087 vitia,
1107 1023 1172 1076 de
1204 1024 1307 1077 bac
1332 1022 1593 1076 virulenta
1628 1022 1809 1076 radice
1835 1021 2019 1090 profe-

438 1130 669 1175 runtur:
704 1118 909 1173 scilicet
940 1116 1116 1169 inanis
1154 1114 1342 1184 gloria,
1387 1113 1612 1177 invidia,
1646 1113 1747 1175 ira,
1778 1113 2014 1177 tristitia,

436 1212 683 1274 avaritia,
731 1209 935 1263 ventris
982 1207 1264 1277 ingluvies,
1297 1206 1529 1259 luxuria.
1584 1205 1718 1258 Nam
1763 1206 1886 1274 quia
1934 1205 2020 1259 bis

437 1313 638 1371 septem
688 1300 953 1370 superbiae
998 1299 1145 1351 vitiis
1189 1312 1287 1352 nos
1333 1306 1520 1367 captos
1563 1296 1771 1359 doluit,
1819 1297 2017 1351 idcirco

440 1392 767 1460 Redemptor
792 1397 975 1443 noster
999 1388 1066 1441 ad
1091 1388 1369 1456 spiritualc
1392 1386 1723 1441 liberationi.‘
1754 1387 2015 1455 przelimn,

438 1480 629 1551 spiritu
669 1477 996 1548 septiformis
1034 1477 1218 1548 gratim
1258 1474 1451 1546 plenus
1493 1474 1658 1530 Venit.
1709 1475 1861 1541 Quod
1890 1486 2020 1528 vero

439 1572 665 1626 istarum
707 1568 1132 1639 perniciosar‘um
1173 1566 1412 1637 ge‘utinm
1456 1567 1704 1638 regiones
1732 1565 2020 1621 salubriter

437 1660 711 1730 possidere
754 1659 1116 1729 praecipimur,
1158 1659 1231 1712 ita
1263 1658 1602 1729 intelligitur.
1648 1657 1823 1712 Habet
1850 1670 2015 1713 unum

2116 478 2321 534 dierum
2344 491 2553 536 tuorum
2579 482 2801 554 implebo
2823 485 3109 555 (August.).
3139 486 3402 553 Quoniam
3438 488 3553 542 ista:
3578 504 3698 557 pro-

2118 570 2404 625 nzissiones
2447 573 2659 640 possint
2702 581 2756 626 et
2799 574 3154 642 Spiritualiter
3208 574 3463 646 intelligi,
3516 584 3695 635 tamen

2118 674 2239 714 cum
2271 661 2564 716 secundum
2593 665 2941 734 tcuiporalem
2972 666 3247 720 hominum
3281 666 3586 725 felicitatem
3615 672 3698 725 ir.-

2119 750 2450 821 telliguntar,
2499 755 2564 807 ad
2608 752 2771 809 Vetus
2815 755 3219 811 Testamentum
3264 760 3560 827 pertinent,
3605 761 3701 815 ubi

2090 865 2093 867 ν
2118 858 2424 913 quanquam
2446 852 2734 914 przecepta,
2758 848 2999 917 exceptis
3025 848 3110 901 his
3132 865 3252 919 (Iure
3275 850 3327 904 in
3359 861 3700 906 sacramento

2118 933 2320 1002 aliquid
2348 933 2681 1007 significant,
2714 937 2902 990 eadem
2932 936 3001 991 ad
3030 954 3208 993 mores
3236 940 3403 994 bonos
3426 942 3700 1009 pertinen-

2119 1020 2192 1077 tia
2240 1025 2598 1094 reperiantur,
2636 1027 3024 1094 promissiones
3055 1038 3231 1082 tamen
3263 1030 3509 1084 carnales
3539 1039 3593 1083 at
3617 1046 3702 1098 me

2119 1120 2347 1170 terrena:
2368 1125 2512 1171 sunt.
2541 1114 2693 1173 Unde
2716 1119 2768 1171 in
2792 1118 2999 1188 psalmo
3023 1124 3417 1192 septuagesimo
3440 1125 3698 1188 secando,

2117 1222 2253 1277 pene
2280 1208 2458 1277 lapsos
2493 1215 2547 1262 et
2572 1200 2768 1263 effusos
2796 1222 3012 1280 gressus
3042 1227 3169 1266 suos
3199 1212 3358 1266 homo
3388 1214 3545 1279 dicit,
3574 1230 3699 1268 cum

2119 1299 2319 1353 zelarct
2356 1299 2411 1353 in
2440 1300 2837 1370 peccatoribus,
2867 1312 3428 1370 paccmpcccatormu
3458 1305 3699 1360 intuens.

2117 1390 2191 1444 Ea
2222 1391 2418 1460 quippe
2446 1393 2700 1446 cernebat
2729 1393 3003 1448 abundare
3052 1394 3249 1465 impiis,
3299 1411 3417 1465 qua:
3465 1399 3576 1465 ipse
3609 1414 3701 1452 se-

2118 1484 2354 1536 cundum
2384 1480 2788 1537 Testamentum
2814 1485 2980 1539 V‘ctus
3017 1462 3366 1555 exspectabat
3397 1503 3425 1540 a
3476 1490 3703 1543 Domino

2118 1575 2247 1641 Deo,
2277 1576 2362 1630 cui
2387 1576 2488 1631 hac
2514 1574 2762 1632 mercede
2787 1579 3073 1633 serviebat.
3103 1578 3169 1633 Et
3196 1596 3316 1634 cum
3348 1582 3475 1637 hinc
3498 1582 3546 1636 ei
3577 1583 3699 1635 sub-

2120 1676 2296 1733 rtpere
2325 1663 2581 1734 erupisset
2610 1679 2800 1720 senatus
2829 1666 3047 1736 impius,
3078 1668 3220 1737 quod
3252 1669 3417 1723 Deum
3462 1684 3567 1724 non
3608 1686 3702 1725 ca-

439 1720 690 1821 ;p'mdque
716 1749 900 1803 vitidm
928 1749 981 1802 in
1005 1747 1166 1804 corde
1192 1758 1376 1803 nostro
1396 1749 1669 1819 prepriam
1692 1749 2015 1803 stationem:
2047 1720 2092 1787 Β
2123 1767 2243 1807 rare
2269 1755 2605 1809 existimaret
2632 1755 2888 1821 intutam,
2934 1768 3237 1812 correctum
3264 1774 3334 1814 .se
3377 1760 3529 1823 dicit,
3572 1775 3703 1814 (tum

434 1856 600 1910 quam
631 1841 735 1895 sibi
763 1840 1042 1895 vindicans
1067 1841 1122 1893 in
1139 1832 1339 1895 animo:
1365 1846 1565 1896 nostrae.
1593 1855 1807 1895 recessu
1838 1848 2018 1895 exter-

437 1932 606 1985 minat
632 1930 879 1985 lsraelem
898 1971 912 1996 ,
940 1930 994 1984 id
1018 1936 1101 1984 est
1124 1929 1629 2000 contemplationem
1661 1944 1843 1984 rerum
1869 1944 2016 1983 sum-

435 2038 645 2077 marum
677 2028 837 2091 atque
879 2029 1217 2087 sanctarum,
1261 2022 1448 2090 eisque
1488 2024 1701 2091 semper
1741 2019 2015 2075 adversari

437 2126 543 2167 non
581 2110 796 2164 desinit.
843 2108 961 2163 Non
1004 2110 1147 2164 enim
1186 2104 1413 2179 possunt
1449 2110 1680 2165 virtutes
1718 2116 1842 2164 cum
1871 2110 2017 2166 vitiis

433 2200 637 2272 pariter
664 2202 885 2256 merari.
929 2201 1059 2268 Quae
1097 2202 1241 2257 enim
1281 2192 1622 2272 partieipatio
1646 2198 1868 2271 iustitiae
1893 2216 2014 2256 cum

434 2291 752 2361 iniquitate?
789 2296 881 2346 aut
907 2298 1028 2361 quae
1062 2293 1299 2347 societas
1318 2292 1423 2347 lucl
1454 2306 1577 2348 cum
1610 2291 1881 2347 tenebris?
1910 2290 2019 2347 Sed

432 2397 560 2438 cum
588 2383 797 2438 lsraclis
827 2384 1045 2453 populo,
1074 2384 1125 2438 id
1150 2393 1233 2438 est
1259 2400 1287 2437 a
1313 2384 1605 2438 virtutibus
1634 2392 1824 2439 contra
1852 2398 1911 2438 se
1938 2384 2019 2437 di-

432 2472 781 2539 micantibus,
812 2472 1015 2527 fuerint
1045 2474 1165 2526 vitia
1198 2482 1450 2541 superata
1469 2513 1483 2538 ,
1526 2473 1701 2528 locum
1728 2480 1888 2543 quem
1912 2473 2015 2528 sibi

432 2563 487 2618 in
517 2563 678 2619 corde
707 2571 892 2618 nostro
924 2564 1376 2632 concepiscentia:
1399 2565 1481 2619 vel
1508 2564 1881 2620 fornicationis
1909 2566 2018 2634 spi-

434 2654 574 2708 ritus
630 2655 932 2709 retentabal.
958 2695 972 2720 ,
1034 2656 1107 2710 ibi
1161 2657 1415 2727 deinceps
1466 2658 1687 2712 castitas
1734 2655 2014 2711 obtinebit.

433 2743 603 2809 Quem
639 2743 786 2797 furor
813 2752 1072 2813 coeperat,
1104 2745 1342 2814 potentia
1373 2746 1684 2800 vindicabit.
1717 2745 1886 2813 Quem
1916 2745 2015 2799 tri-

433 2831 579 2884 stitia
604 2836 831 2886 mortem
853 2844 1084 2900 operan's
1103 2842 1488 2902 occupaverat,
1511 2834 1764 2890 salutaris
1784 2842 1838 2890 et
1856 2835 2014 2904 plena

434 2921 625 2980 gaudio
655 2922 870 2975 tristitia
900 2923 1214 2992 possidebit.
1246 2923 1416 2990 Quem
1444 2924 1631 2980 acedia
1656 2927 1906 2993 vastavit,
1934 2926 2013 2981 in-

432 3008 594 3077 cipiet
627 3009 874 3063 excolere
917 3007 1194 3065 fortitudo.
1236 3009 1408 3078 Quem
1449 3012 1701 3083 superbia
1730 3014 2013 3069 conculca-

430 3065 543 3176 bat,
576 3096 852 3152 humilitas
888 3097 1198 3153 bonestabit
1226 3065 1325 3153 Ῑρι
1352 3100 1427 3154 ita
1467 3065 1692 3171 singulis
1731 3101 1879 3155 vitiis
1915 3117 2009 3156 ex-
2037 3065 2081 3127 ο

2117 1845 2494 1899 auctoritatem
2525 1854 2835 1900 sanctorum
2884 1862 2991 1901 non
3020 1859 3104 1901 est
3148 1864 3312 1903 ausas
3359 1849 3702 1919 improbare;

2115 1942 2169 1987 et
2199 1933 2362 2004 erepit
2390 1939 2717 2004 cognoscere
2750 1940 2803 1991 et
2831 1937 2908 1990 ait
2934 1955 2948 1990 :
2990 1936 3101 1993 Hoc
3126 1938 3277 1992 labor
3305 1947 3389 1993 est
3416 1948 3541 1994 ante
3571 1956 3661 1994 tne.
3687 1959 3701 1994 :

2115 2022 2289 2080 donec
2331 2026 2527 2081 intrem
2576 2027 2630 2081 in
2676 2029 3065 2095 sanctuarium,
3097 2037 3153 2084 et
3195 2030 3488 2101 intelligam
3525 2033 3705 2088 novis-

2114 2116 2272 2169 sima.
2308 2114 2385 2170 lbi
2416 2117 2561 2171 enim
2592 2119 2812 2187 prtemia
2855 2120 3126 2174 dabuntur
3171 2121 3239 2175 ad
3284 2120 3490 2176 Novum
3531 2125 3705 2193 perti-

2116 2207 2296 2262 nentia
2326 2206 2752 2274 Testamentum,
2783 2215 2904 2278 qua:
2951 2210 3102 2281 impii
3153 2227 3258 2266 non
3301 2211 3568 2282 accipient
3599 2231 3613 2266 :
3649 2223 3701 2268 et

2116 2311 2289 2366 poenze
2318 2302 2447 2352 tunc
2476 2297 2669 2353 futurze
2698 2304 2825 2353 sunt
2862 2300 3148 2370 impio-rum
3169 2341 3183 2366 ,
3220 2310 3353 2372 quas
3382 2302 3557 2358 nullus
3582 2305 3705 2373 pio-

2116 2398 2235 2441 rum
2280 2394 2540 2442 sensurus
2562 2392 2662 2443 est.
2694 2388 2948 2444 Attamen
2992 2391 3419 2447 benedictionem
3463 2393 3704 2462 aliquam

2118 2478 2170 2530 in
2203 2477 2305 2530 hac.
2330 2476 2582 2546 praesenti
2612 2478 2720 2531 vita
2754 2480 2925 2533 sancti
2961 2481 3236 2550 accipiunt
3255 2522 3270 2547 ,
3300 2483 3426 2536 dum
3457 2481 3705 2538 fecundi-

2118 2575 2282 2621 tatem
2309 2567 2574 2621 bonorum
2602 2584 2825 2639 operum
2857 2571 2961 2625 illis
2987 2572 3246 2628 Dominus
3283 2568 3500 2639 tribuit,
3530 2582 3585 2629 et
3610 2590 3704 2630 co-

2117 2658 2260 2728 piam
2287 2658 2572 2725 virtutum,
2604 2664 2660 2713 ut
2688 2661 2743 2715 in
2770 2670 3059 2734 progressu
3086 2671 3394 2718 sanctorum
3427 2665 3703 2720 actionum

2114 2748 2287 2817 legem
2316 2747 2528 2803 Domini
2573 2756 2693 2820 qua:
2736 2751 2817 2806 eis
2859 2752 2983 2806 data
3011 2761 3125 2816 est,
3172 2753 3241 2807 ad
3285 2753 3702 2808 custodiendum

2114 2851 2279 2907 opere
2304 2844 2701 2905 consummant,
2730 2852 2997 2911 quatenus
3026 2842 3094 2897 ad
3117 2848 3330 2897 aeternae
3351 2843 3700 2900 beatitudinis

2113 2928 2333 2995 praemia
2358 2922 2642 2998 pervenire
2671 2939 3004 2985 mereantur.
3035 2931 3188 2987 Unde
3218 2932 3490 3003 Propheta
3516 2935 3650 2990 dicit
3680 2950 3695 2988 :

2116 3017 2323 3071 Etenim
2353 3018 2755 3074 benedictionem
2779 3021 2924 3075 dabit
2949 3023 3039 3093 qui
3060 3023 3222 3094 legem
3243 3025 3386 3078 dedit
3412 3040 3430 3078 :
3457 3024 3696 3079 mbula-

2112 3108 2238 3161 bunt
2262 3108 2326 3162 de
2350 3109 2537 3162 virtute
2561 3108 2617 3163 in
2642 3111 2924 3166 virtutem:
2964 3113 3219 3167 videbitur
3242 3114 3378 3169 Deus
3403 3115 3616 3169 deorum
3639 3117 3697 3171 in

429 3184 623 3257 pulsis,
653 3199 840 3239 eorum
873 3185 1009 3251 loca,
1039 3188 1093 3242 id
1123 3195 1236 3253 est,
1266 3188 1509 3254 effectos,
1540 3190 1766 3245 virtutes
1793 3198 2011 3246 contra-
2110 3196 2242 3252 Sion
2268 3195 2442 3268 (Psal.
2475 3199 2724 3271 LXXXIII).
2761 3201 2833 3256 lbi
2859 3203 3057 3274 quippe
3083 3218 3341 3260 numerus
3370 3207 3576 3261 dierum
3604 3223 3696 3263 eo-

427 3274 527 3328 rim
566 3272 937 3342 possidebunt.
985 3273 1116 3341 Quae
1155 3274 1250 3329 lilii
1293 3274 1527 3341 lsraelis,
1575 3277 1629 3330 id
1667 3285 1770 3340 est,
1816 3279 2008 3334 anima:
2110 3300 2229 3341 rum
2267 3287 2596 3357 implebitur,
2626 3292 2718 3346 ubi
2761 3272 2971 3349 summa
2998 3272 3276 3366 perfectio
3316 3298 3604 3363 tribuetur,
3640 3305 3696 3353 et

430 3364 599 3417 Deum
626 3362 890 3429 videntes,
919 3378 1025 3418 non
1056 3364 1326 3421 immerito
1352 3367 2005 3437 nuncupanturzquicum

2109 3380 2372 3435 stabilitas
2404 3382 2725 3439 {eternitatis
2764 3362 3032 3455 largitur:
3054 3384 3476 3459 Cunctorumque
3516 3392 3697 3445 inimi-

428 3454 713 3509 universas
742 3455 922 3509 cordis
951 3456 1252 3546 expulerint
1279 3457 1578 3528 Ρδεεῖοηθεν
1607 3474 1713 3514 n0n
1746 3468 1856 3514 lam
1883 3460 2012 3516 aue-
2107 3490 2288 3527 eorum
2328 3483 2538 3529 tuorum
2573 3493 2749 3531 coram
2791 3490 2839 3532 te
2865 3487 3011 3546 terga
3038 3492 3235 3534 vertam
3266 3496 3284 3535 :
3314 3483 3549 3537 eminens
3576 3497 3699 3537 cra-

425 3556 530 3598 nas
556 3543 923 3612 possessiones
946 3544 1268 3612 pervasisse,
1296 3558 1457 3616 quam
1496 3548 1746 3617 proprias
1787 3562 2008 3619 recupe-

2109 3564 2291 3618 brom's
2312 3567 2477 3635 prius,
2508 3567 2597 3637 qui
2623 3567 2879 3638 frigebunt
2916 3543 3131 3624 έυαξεηη
3158 3580 3205 3625 et
3230 3570 3610 3637 Chanana'nm,
3644 3583 3699 3629 et

428 3640 577 3688 rasae
617 3632 870 3687 credendi
916 3638 1057 3689 sunt.
1104 3635 1315 3690 Etenim
1357 3642 1615 3706 quantum
1657 3636 1814 3693 docet
1851 3645 2007 3694 vetus

426 3723 649 3778 traditio
688 3724 786 3778 has
825 3724 1040 3779 easdem
1072 3733 1245 3780 terras
1285 3726 1740 3792 Chananteorum,
1780 3728 1833 3782 in
1872 3742 2006 3797 quas

427 3816 842 3870 introducantur
864 3814 957 3869 lilii
979 3816 1213 3882 Israelis,
1234 3816 1329 3871 lilii
1352 3817 1479 3872 Sem
1502 3818 1770 3888 quondam
1792 3818 2008 3874 fuerant

428 3904 483 3957 in
507 3904 657 3958 orbis
682 3904 946 3958 divisione
972 3905 1149 3959 sortiti
1178 3922 1193 3959 :
1227 3920 1361 3975 quas
1389 3907 1641 3977 deinceps
1669 3922 1768 3977 per
1793 3908 1901 3962 vim
1932 3916 2008 3962 at-

426 4000 531 4061 que
570 3992 867 4061 potentiam
906 3993 1196 4061 posteritas
1226 3993 1394 4048 Cham
1433 4008 1531 4065 per
1567 3996 1864 4051 invasionis
1903 3997 2006 4052 ini-

421 4083 688 4151 quitatem
717 4083 974 4152 possedit.
1019 4082 1077 4137 ln
1108 4099 1215 4152 quo
1244 4093 1300 4138 et
1338 4085 1432 4138 Dei
1463 4084 1724 4153 judicium
1769 4088 2005 4142 rectissi-

426 4187 572 4227 mum
602 4172 1001 4242 comprobatur,
1028 4175 1117 4243 qui
1145 4184 1200 4229 et
1240 4175 1357 4230 illos
1396 4176 1461 4231 de
1498 4176 1631 4232 locis
1670 4177 1856 4232 alienis
1883 4194 2003 4250 quae

423 4264 564 4318 male
580 4272 986 4335 occupaverant
1027 4264 1264 4336 expulit;
1297 4277 1349 4323 et
1395 4268 1484 4322 isti
1530 4270 1699 4324 sancti
1746 4278 2001 4340 tanquam

421 4362 633 4422 patrum
656 4356 1052 4425 possessionem
1069 4397 1085 4423 ,
1111 4366 1230 4426 qua:
1248 4361 1512 4430 prosapiae
1531 4368 1716 4415 eorum
1738 4359 2000 4416 divisione

384 4510 386 4513 λ
421 4440 571 4495 orbis
605 4441 779 4497 fuerat
802 4444 1073 4513 deputata,
1105 4425 1359 4503 restituit.
1399 4425 1527 4517 Quae
1557 4450 1724 4523 ﬁgura
1756 4453 1809 4506 in
1843 4454 1997 4509 nobis
2024 4425 2077 4484 D

419 4541 636 4597 quoque
680 4538 824 4585 stare
867 4534 1166 4588 certissima
1208 4539 1417 4592 ratione
1455 4542 1813 4609 cognoscitur.
1863 4543 1996 4598 Nam

425 4617 670 4671 voluntas
719 4619 929 4675 Domini
971 4625 1365 4692 possessionem
1413 4629 1592 4683 cordis
1637 4631 1838 4695 nostri,
1889 4647 1993 4687 non

424 4706 568 4761 vitiis
594 4708 688 4762 sed
717 4709 1005 4766 virtutibus
1032 4714 1350 4770 naturaliter
1381 4717 1675 4786 deputavit.
1720 4719 1849 4786 Quae
1874 4731 1995 4790 post

421 4797 916 4863 praevaricationem
955 4801 1084 4855 Adae
1115 4803 1561 4861 insolescentibus
1586 4807 1752 4873 vitiis,
1794 4809 1849 4863 id
1887 4812 1988 4878 est,

420 4886 628 4954 populis
656 4886 971 4944 Cbananaeis
1003 4905 1033 4944 a
1060 4894 1277 4961 propria
1302 4894 1560 4965 rciigione
1587 4897 1837 4968 depulsae,
1870 4916 1992 4956 cum

419 4975 499 5029 eis
523 4991 735 5031 rursum
758 4992 862 5048 per
889 4981 982 5035 Dei
1026 4984 1255 5052 gratiam
1296 4984 1570 5057 diligentia
1598 4999 1782 5045 nostra
1809 5004 1874 5047 ac
1913 4993 1991 5048 la-

417 5064 548 5119 bore
587 5065 785 5123 fuerint
824 5071 1107 5138 restitutae,
1150 5090 1253 5129 non
1300 5085 1411 5131 tam
1453 5079 1655 5135 alienas
1697 5096 1991 5155 occupasse

418 5161 612 5219 terras,
637 5168 796 5224 quam
826 5162 1071 5229 prpprias
1097 5164 1377 5220 credenda:
1402 5174 1528 5223 sunt
1547 5211 1561 5235 ,
1591 5173 1878 5243 recepisse.
1914 5175 1990 5232 De

415 5242 500 5298 llis
525 5252 651 5300 octo
676 5246 823 5302 vitiis
859 5258 914 5304 et
948 5252 1001 5305 in
1029 5252 1321 5323 Evangelia
1348 5257 1421 5312 ita
1450 5260 1786 5330 signiﬁcatur
1812 5283 1825 5318 :
1859 5265 1984 5320 Non

413 5333 660 5390 adorabis
683 5335 807 5391 deos
836 5355 1035 5407 eorum,
1074 5359 1166 5397 nec
1186 5345 1321 5399 coles
1346 5363 1453 5402 eos.
1487 5349 1610 5406 Non
1632 5354 1800 5423 facias
1827 5361 1984 5427 operit

412 5441 611 5491 eorum,
640 5428 731 5482 sed
772 5429 1006 5486 dealt-aes
1025 5449 1132 5499 eos,
1164 5445 1211 5488 et
1235 5437 1529 5509 confringes
1549 5452 1752 5498 statuas
1779 5462 1979 5515 eorum,

410 5520 740 5592 urvietisque
766 5522 988 5579 Domino
1014 5526 1124 5581 Deo
1147 5542 1333 5593 vestro,
1360 5542 1413 5583 ut
1439 5532 1733 5589 benedicam
1762 5539 1982 5604 panibus

414 5609 518 5663 tuis
540 5621 589 5664 et
614 5614 784 5683 aquis,
825 5625 873 5670 et
907 5616 1144 5687 auferam
1189 5620 1539 5688 inﬁrmitatem
1573 5625 1638 5680 de
1674 5628 1844 5683 medio
1882 5634 1979 5688 tui.

2107 3651 2351 3706 Ellmum
2375 3658 2651 3725 antequam
2676 3658 2925 3712 introeas.
2956 3658 3226 3725 Qumritur
3250 3661 3316 3715 de
3340 3661 3458 3715 istis
3483 3663 3693 3729 bestiis,

2105 3741 2235 3811 quid
2262 3741 2666 3813 intelligendum
2699 3745 2788 3800 sit.
2824 3743 2955 3801 Nam
2987 3758 3041 3802 et
3085 3750 3346 3817 promittit
3384 3749 3487 3805 hoc
3528 3752 3690 3819 Deus,

2104 3844 2160 3888 et
2184 3833 2319 3888 liber
2348 3832 2637 3905 Sapientia:
2664 3836 2816 3900 dicit,
2850 3838 2941 3892 ubi
2976 3838 3255 3908 impletum
3282 3841 3358 3894 ait
3386 3858 3400 3892 :
3440 3840 3509 3894 Et
3548 3843 3691 3896 misit

2104 3935 2450 3979 antecessores
2480 3929 2737 3982 exercitus
2768 3930 2851 3983 sui
2887 3946 3067 4000 vespas
3098 3930 3246 4002 (Sep.
3278 3934 3399 4001 χιι).
3441 3932 3554 3989 Non
3594 3949 3690 3989 att-

2107 4018 2211 4068 ten‘i
2243 4014 2467 4085 legionis
2496 4017 2713 4083 factum,
2736 4034 2913 4090 neque
2942 4016 3108 4091 Moysi
3135 4024 3485 4092 temporibus.
3512 4040 3690 4097 ireque

2104 4106 2203 4159 sub
2230 4104 2355 4160 Jcsu
2386 4105 2551 4171 Nave,
2580 4115 2755 4178 neque
2783 4112 2883 4165 sub
2920 4109 3215 4179 iudicibus,
3259 4128 3432 4184 neque
3469 4117 3571 4171 sub
3599 4133 3688 4172 re-

2103 4194 2276 4263 gibus.
2314 4193 2392 4248 Ac
2422 4210 2519 4264 per
2547 4196 2647 4249 hoc
2675 4210 2849 4267 vespae
2887 4200 3001 4254 isne
3027 4201 3199 4257 aculei
3231 4203 3440 4260 timoris
3482 4204 3683 4261 intelli-

2103 4284 2259 4353 gendi
2298 4293 2453 4349 sunt,
2499 4284 2728 4341 fertassc
2754 4286 2950 4355 quibus
2991 4291 3336 4359 agitabantur
3371 4305 3684 4353 memoratae

2104 4385 2310 4444 gentes,
2341 4385 2397 4431 ut
2423 4378 2675 4432 cederent
2702 4379 2827 4434 ﬁliis
2856 4381 3039 4438 Israel.
3066 4384 3206 4440 Deus
3232 4386 3378 4441 enim
3404 4387 3679 4458 loquitur:

2103 4466 2154 4518 in
2186 4466 2338 4535 cujus
2363 4474 2610 4524 sermone
2632 4468 2678 4522 si
2708 4467 2932 4540 ﬁgurate
2957 4472 3160 4542 aliquid
3187 4476 3305 4530 diea
3332 4492 3416 4541 ur,
3444 4480 3680 4546 quodad

2100 4559 2480 4625 proprietatem
2512 4575 2616 4613 non
2640 4561 2717 4617 sit
2743 4563 3038 4632 impletum,
3067 4581 3171 4621 non
3199 4566 3420 4637 impedit
3441 4570 3678 4628 historia

2100 4640 2263 4701 ﬁdem"
2303 4650 2355 4702 in
2396 4666 2500 4720 qua
2545 4654 2869 4723 perspicitur
2915 4657 3113 4712 veritas
3160 4661 3477 4716 narratorls.
3524 4662 3677 4718 Sicut

2099 4752 2197 4791 nec
2221 4742 2669 4808 evangelistarum
2698 4748 2938 4801 narratio
2968 4751 3261 4805 secundum
3290 4753 3673 4823 proprietatem

2098 4824 2402 4893 impeditur,
2436 4829 2480 4883 si
2507 4830 2709 4886 aliou‘id
2738 4849 2764 4886 a
2798 4835 3013 4891 Christo
3045 4839 3243 4894 dicitur
3266 4842 3509 4912 ﬁgurate.

2707 4939 2934 5002 CAPUT
2977 4949 3037 5003 V.

2094 5026 2193 5119 Uin
2218 5040 2436 5119 enarrat.
2458 5034 2848 5119 se‘emissurum
2884 5039 3162 5119 crabrones
3195 5054 3315 5119 ante
3341 5044 3539 5119 Israel,
3577 5052 3668 5119 qui

2159 5100 2335 5168 fugent
2364 5100 2684 5173 alienigenas
2712 5118 2889 5159 coram
2914 5110 3022 5173 eis;
3052 5122 3102 5164 et
3126 5113 3190 5167 de
3221 5100 3667 5172 benedirtlc-n'ejde

2156 5178 2293 5222 terra
2322 5172 2733 5239 repromissionis
2752 5172 3092 5245 possidenda.

2160 5276 2283 5331 Non
2311 5278 2522 5347 ejiciam
2555 5295 2642 5335 eos
2676 5300 2710 5336 a
2747 5283 2885 5354 facie
2909 5295 3000 5340 tua
3027 5305 3164 5342 ιιηηο
3191 5306 3315 5357 uno,
3348 5309 3413 5346 ne
3438 5302 3579 5348 terra
3607 5296 3661 5350 in

2085 5369 2419 5423 solitudinem
2462 5372 2750 5443 redigatur,
2794 5387 2843 5430 et
2886 5391 3119 5434 crescant
3154 5393 3337 5439 contra
3374 5395 3425 5439 te
3462 5386 3652 5441 bestias

2086 5458 2355 5513 Paulatim
2391 5461 2645 5531 expellam
2680 5478 2769 5521 eos
2802 5468 2868 5521 de
2900 5483 3173 5540 conspectu
3213 5482 3323 5541 tuo,
3363 5476 3527 5532 donec
3563 5498 3654 5534 au-

2084 5549 2255 5617 gearis
2297 5558 2344 5601 et
2379 5550 2647 5618 possideas
2688 5562 2884 5608 terram
2929 5556 3124 5628 (Exod.
3153 5563 3333 5634 mu).
3375 5564 3659 5622 Manifesta

2084 5636 2344 5693 Dominus
2368 5640 2612 5710 designat
2636 5642 2706 5697 ob
2730 5658 2893 5713 quam
2920 5661 3138 5705 causam
3177 5663 3385 5723 gentes,
3426 5672 3652 5727 quarum
