3992 6182
330 270 427 326 155

1274 267 1769 326 COMMENTARIA
1809 268 1874 323 IN
1919 263 2222 324 EXODLTM.
2258 301 2326 311 —
2366 268 2491 323 LIB.
2534 268 2617 324 IlI.

3466 275 3571 330 {35

326 401 519 444 terram
546 387 850 444 Israelitico
875 387 1067 459 populo
1091 402 1148 441 se
1173 387 1418 441 daturum
1443 387 1710 456 promisit,
1735 386 1893 440 simul
1928 396 1983 452 Α.
2001 385 2285 439 struentia.
2314 380 2735 438 Justilicationcs
2764 396 2892 437 sane
2917 382 3097 438 Latini
3128 384 3450 457 interpretes
3476 404 3571 441 eas

323 480 514 549 ejicere
544 478 717 532 noluit
748 495 763 532 :
796 479 979 548 utique
1010 486 1066 530 ut
1107 479 1444 547 experiretur
1482 485 1537 531 et
1572 477 1810 532 erudiret
1839 476 1890 530 in

322 570 400 624 eis
422 568 615 631 Israel;
661 576 721 621 ut
745 576 926 622 essent
960 568 1049 636 qui
1087 576 1373 636 peccantes
1397 575 1710 637 arguerent,
1741 573 1797 620 et
1828 566 1893 619 ad

324 657 613 711 timendum
639 656 811 710 Deum
835 657 1106 726 improbos
1132 655 1534 724 eompellerent.
1562 654 1779 725 Mystice
1806 667 1897 707 au-

323 759 447 809 tem,
475 747 679 802 electos
704 762 834 801 suos
858 747 922 800 de
949 746 1395 815 corruptibilitate
1426 745 1624 806 carnis,
1657 743 1893 813 expulsis

323 838 497 891 multis
533 839 789 891 vitiorum
822 837 1013 897 turbis,
1043 836 1311 904 aliquibus
1348 835 1606 889 Dominus
1633 835 1894 903 permittit

322 928 638 998 impugnari.
683 935 953 996 quatenus
990 927 1223 979 hdieant
1265 940 1476 994 semper
1520 925 1570 978 in
1614 926 1807 993 qui‘.us
1836 939 1894 976 se

320 1026 627 1081 exerceant,
656 1033 724 1071 ne
748 1017 887 1069 forte
916 1032 1013 1086 per
1040 1017 1288 1070 inertiam
1317 1017 1367 1069 in
1398 1015 1651 1084 majorem
1682 1016 1890 1069 ruinam

321 1117 660 1176 trecentorum
680 1106 895 1159 cadant.
926 1105 1075 1160 Unde
1100 1114 1154 1157 et
1175 1104 1381 1159 doctori
1404 1105 1640 1174 gentium
1668 1104 1893 1172 petenti,

322 1208 377 1252 ut
411 1197 668 1253 Dominus
711 1212 741 1250 a
771 1213 831 1251 se
861 1196 1107 1265 angelum
1137 1194 1351 1249 Satana)
1380 1195 1469 1263 qui
1499 1210 1620 1249 eum
1652 1195 1893 1262 colaphi-

320 1287 472 1341 zabat
491 1285 751 1351 auferret,
777 1300 1091 1356 responsum
1114 1293 1197 1338 est
1219 1303 1231 1337 :
1255 1284 1449 1355 Sit/ﬁcit
1477 1284 1567 1337 tibi
1588 1287 1756 1354 gratia
1780 1301 1890 1337 mm

321 1377 403 1444 (11
429 1376 552 1431 Cor.
585 1376 708 1447 xu).
759 1375 893 1429 Nam
935 1375 1107 1428 virtus
1154 1374 1207 1428 in
1252 1374 1561 1427 inﬁrmitate
1596 1373 1887 1442 perficitur.

322 1464 519 1518 Ponant
555 1475 734 1517 autem
762 1464 1010 1517 terminos
1038 1472 1154 1516 tuos
1193 1479 1222 1514 a
1252 1463 1386 1515 mari
1419 1461 1596 1514 Rubro
1638 1478 1798 1530 usque
1823 1461 1891 1513 ad

320 1573 459 1609 mare
500 1552 946 1617 I’alwstinorum;
989 1562 1037 1606 et
1075 1570 1107 1605 a
1147 1552 1346 1606 deserto
1378 1568 1539 1622 usque
1566 1553 1634 1604 ad
1675 1554 1890 1621 ﬂuvium

318 1648 524 1700 tradant
556 1647 800 1700 manibus
834 1646 1014 1698 vestris
1053 1646 1369 1698 habitatores
1398 1654 1580 1708 terrm;
1609 1654 1655 1696 et
1680 1645 1889 1713 ejiciam

1995 488 2117 530 esse
2146 474 2420 538 dixerunt,
2450 487 2569 542 qua:
2596 472 2768 527 Grzcci
2799 471 3120 543 δικαιώματα
3142 475 3428 544 appellant.
3458 477 3567 532 No-

1994 563 2215 617 tandum
2257 571 2342 617 est
2387 563 2529 631 quod
2575 562 2767 616 iterum
2816 562 3043 632 populus
3087 564 3187 617 ista
3234 568 3568 634 respondet:

1994 645 2187 708 Omnia
2219 653 2369 707 verba
2407 660 2524 723 qua:
2568 652 2769 705 locutu:
2811 662 2885 705 est
2930 652 3199 717 Dominus,
3244 655 3495 723 faciemus
3523 669 3569 712 et

1993 741 2289 806 audiemus,
2316 758 2438 797 cmn
2464 743 2709 795 videatur
2736 744 2868 795 ordo
2898 743 3168 811 postulare
3197 753 3251 796 ut
3281 745 3567 812 direretur,

1994 831 2272 885 audiemus
2298 839 2351 885 et
2378 830 2653 885 faciemus.
2684 831 2789 885 Sed
2821 832 3010 884 mirum
3039 833 3138 885 nisi
3168 834 3356 901 aliquis
3384 851 3571 889 sensus

1994 922 2081 975 hic
2103 922 2248 974 latet.
2280 921 2410 975 Nam
2442 921 2485 975 si
2516 922 2809 985 audiemus,
2837 938 2933 990 pro
2962 937 3025 975 eo
3052 924 3280 990 positum
3304 934 3404 984 est,
3428 926 3568 991 quod

1993 1020 2077 1065 est
2105 1011 2470 1080 intelligemus,
2514 1012 2661 1079 prius
2703 1020 2974 1080 oporteret
2998 1015 3179 1064 verbis
3220 1013 3311 1065 Dei
3348 1014 3572 1067 reddere

1993 1100 2221 1155 faciendi
2251 1102 2597 1163 servitutem,
2633 1108 2689 1152 ut
2716 1100 2780 1152 ad
2818 1100 3225 1169 intelligentiam
3255 1116 3442 1154 earum
3480 1117 3567 1155 re-

1996 1209 2111 1245 rum
2152 1207 2272 1260 qua:
2316 1192 2429 1260 ipso
2478 1192 2820 1260 prt'etipiente
2860 1190 2993 1244 liunt
3032 1193 3224 1244 merito
3270 1194 3575 1247 devotionis

1994 1298 2099 1351 qua
2144 1298 2247 1335 non
2287 1292 2595 1351 contempta
2631 1282 2724 1336 sed
2766 1280 2905 1335 facta
2948 1291 3103 1347 sunt,
3150 1283 3262 1351 ipse
3305 1285 3566 1353 perducit.

1995 1371 2099 1423 Sed
2126 1371 2406 1424 videndum
2438 1382 2519 1424 est
2551 1382 2729 1424 utrum
2757 1371 2858 1425 iste
2887 1371 3111 1440 populus
3136 1371 3208 1425 illi
3241 1370 3350 1427 ﬁlio
3379 1373 3575 1428 similis

1994 1463 2317 1526 inveniatur,
2343 1464 2430 1531 qui
2464 1463 2603 1530 patri
2626 1462 2833 1529 jubenti
2862 1464 2999 1516 dixit
3028 1481 3039 1516 :
3075 1462 3168 1516 Ibo
3193 1464 3245 1516 in
3272 1465 3494 1529 vincam,
3521 1475 3570 1518 et

1993 1569 2094 1605 non
2120 1554 2210 1605 ivit
2244 1551 2459 1624 (Matth.
2490 1552 2627 1621 XXI).
2661 1551 2860 1606 Gentes
2888 1552 3031 1606 enim
3061 1567 3182 1621 quae
3219 1553 3385 1605 Demu
3416 1553 3570 1620 peni-

1995 1653 2082 1696 tus
2126 1650 2588 1711 contempserunt,
2635 1651 2821 1712 postea
2868 1657 2965 1713 per
3012 1645 3169 1696 unius
3211 1643 3568 1697 obedientiam

315 1753 398 1789 eos
424 1736 492 1788 dc
512 1744 790 1804 conspectu
816 1744 925 1787 tuo.
974 1734 1095 1787 Non
1133 1734 1285 1787 inibis
1311 1750 1428 1787 cum
1457 1734 1531 1810 eis
1573 1733 1758 1802 (trdus,
1801 1751 1892 1788 nec
1920 1728 1966 1785 B
1988 1733 2320 1801 justilicatae,
2367 1748 2486 1802 qute
2527 1749 2632 1788 non
2676 1735 3020 1788 sectabantur
3053 1734 3338 1804 justitiam,
3380 1747 3574 1802 appre-

316 1843 427 1878 cutn
456 1826 560 1878 diis
595 1840 796 1877 eorum.
842 1824 968 1878 Non
1003 1824 1229 1877 habitent
1257 1824 1312 1876 in
1340 1834 1479 1876 terra
1507 1834 1617 1888 tua,
1664 1840 1726 1877 ne
1753 1824 1886 1892 forte

315 1935 523 1988 peccare
550 1928 601 1971 te
625 1916 823 1985 faciant
846 1919 899 1970 in
921 1933 1023 1980 me,
1049 1917 1094 1971 si
1117 1917 1356 1970 sarrieris
1379 1916 1478 1969 diis
1501 1932 1679 1969 eorunt
1702 1930 1722 1968 :
1748 1916 1886 1987 quod

316 2012 401 2065 tibi
428 2021 568 2065 certo
596 2011 696 2064 erit
722 2011 776 2063 in
810 2008 1139 2063 scandalum.
1183 2008 1238 2063 Si
1269 2008 1524 2063 servietis
1547 2008 1650 2063 diis
1674 2022 1883 2072 eorum,

315 2111 469 2155 emat
492 2100 586 2154 tibi
612 2099 1013 2154 oﬂ‘endiculum.
1044 2099 1142 2154 Hie
1166 2098 1385 2155 Graecus
1409 2099 1698 2160 δουλεύσας
1725 2099 1884 2155 habet

315 2207 414 2243 non
442 2188 760 2262 λατρεύσεις.
800 2189 951 2244 Unde
983 2189 1315 2259 intelligitur,
1350 2191 1477 2259 quia
1515 2198 1568 2244 et
1607 2190 1751 2244 dulia
1794 2191 1885 2244 de-

315 2279 469 2333 betur
498 2280 610 2333 Deo
658 2287 911 2347 tanquam
938 2277 1183 2332 Domino.
1222 2278 1404 2331 Latria
1447 2294 1578 2332 vero
1626 2295 1731 2333 non
1782 2279 1885 2334 nisi

316 2368 437 2431 Deo,
467 2375 725 2437 tanquam
756 2367 884 2420 Deo.
918 2365 1089 2436 Moysi
1115 2384 1316 2438 quoque
1345 2368 1477 2421 discit
1508 2387 1519 2422 :
1553 2368 1785 2423 Ascende
1815 2369 1884 2439 ad

316 2456 593 2509 Dominum
619 2466 677 2509 tu
704 2467 750 2509 et
774 2456 970 2518 Aaron,
1004 2457 1194 2511 Nadab
1217 2469 1263 2510 et
1287 2458 1421 2510 Abiu
1441 2475 1461 2512 :
1482 2469 1530 2512 et
1560 2460 1885 2529 septuaginta

315 2565 455 2603 senes
478 2565 544 2602 ea:
568 2547 761 2613 Israel,
783 2559 829 2601 et
859 2548 1147 2602 adorabitis
1177 2548 1357 2618 procul
1377 2563 1395 2601 :
1416 2549 1657 2621 solusque
1680 2550 1883 2619 Moyses

316 2642 547 2695 ascendet
584 2642 653 2694 ad
686 2640 1014 2694 Dominum:
1042 2651 1089 2694 et
1117 2641 1193 2695 illi
1234 2658 1336 2695 non
1374 2642 1879 2713 appropinquabant,

316 2749 405 2785 nec
432 2744 651 2802 populus
678 2733 919 2785 ascendet
944 2748 1061 2785 cum
1102 2748 1161 2785 eo
1195 2730 1388 2802 (Exod.
1422 2733 1591 2803 sxw).
1634 2732 1770 2798 Quid
1799 2740 1885 2787 est

315 2822 449 2890 quod
474 2823 732 2877 Dominus
752 2822 986 2891 primum
1008 2821 1267 2892 prmcipit,
1291 2830 1349 2875 ut
1373 2822 1580 2892 Moyses
1600 2831 1655 2876 et
1678 2823 1880 2886 Aaron,

317 2912 493 2967 Nadab
516 2923 573 2968 et
597 2911 759 2977 Abiu,
786 2920 841 2966 et
867 2913 1202 2984 septuaginta
1231 2928 1388 2968 senes
1415 2928 1481 2968 ex
1506 2913 1670 2968 Israel
1698 2928 1884 2968 ascen-

315 3004 439 3057 dant
466 3004 535 3057 ad
566 3002 884 3067 Dominum,
915 3011 969 3056 et
1000 3003 1183 3057 statim
1212 3001 1513 3071 subjungit,
1554 3004 1696 3073 quod
1734 3004 1881 3058 solus

316 3094 518 3166 lioyses
541 3095 798 3149 ascendat
826 3094 893 3148 ad
924 3094 1228 3160 Dominum,
1254 3096 1432 3149 caateri
1457 3104 1633 3149 autem
1662 3112 1768 3149 non
1793 3111 1884 3166 ap-

315 3184 694 3254 propinquent,
734 3183 830 3238 sed
860 3184 1085 3239 adorent
1113 3183 1329 3253 procul,
1362 3185 1465 3239 nisi
1494 3186 1634 3254 quod
1665 3186 1882 3239 morali—

316 3285 392 3330 ter
429 3289 530 3329 nos
558 3274 808 3338 instruit,
841 3282 900 3327 ut
929 3274 1293 3343 unusquisque
1332 3274 1627 3343 perpendat
1651 3274 1883 3330 discrete

317 3367 451 3421 vires
476 3380 625 3430 suas,
659 3373 717 3418 et
746 3364 983 3433 vigorem
1007 3364 1191 3428 animi,
1222 3373 1283 3418 ut
1306 3362 1447 3418 ultra
1475 3380 1635 3432 quam
1663 3380 1719 3418 se
1747 3379 1884 3435 prai-

318 3457 488 3512 valere
516 3456 781 3525 conspicit
822 3455 889 3509 ad
920 3455 1181 3508 virtutum
1214 3469 1428 3517 arcem,
1459 3454 1542 3509 vel
1575 3455 1639 3507 ad
1670 3454 1881 3508 culmen

318 3544 778 3616 mntemplationis
802 3558 860 3599 se
885 3544 1094 3613 erigere
1119 3558 1225 3598 non
1247 3552 1569 3613 praesumat;
1598 3543 1694 3597 sed
1716 3558 1885 3611 quan-

318 3644 421 3688 tutn
460 3635 640 3689 divina
670 3634 952 3689 clementia
994 3649 1117 3687 eum
1161 3644 1447 3705 provocat,
1477 3633 1561 3689 vel
1604 3632 1883 3703 Scriptura

321 3741 463 3781 saera
484 3726 697 3790 edocet,
723 3732 927 3778 tantum
949 3724 1359 3794 progrediatur?
1388 3724 1539 3791 Quod
1563 3733 1744 3779 autem
1767 3723 1886 3791 qui-

318 3818 436 3870 dam
460 3817 535 3871 ait
566 3834 581 3870 :
612 3816 673 3870 In
696 3815 1050 3885 praecipitium
1076 3816 1266 3886 pedem
1292 3816 1462 3885 ponit,
1490 3815 1581 3885 qui
1608 3829 1885 3870 mensura-

319 3923 429 3960 rum
457 3906 681 3961 suarum
713 3907 937 3962 limitem
975 3907 1206 3961 discreto
1245 3922 1351 3961 non
1392 3908 1661 3962 attendit:
1694 3907 1886 3976 Sequi-

318 4006 439 4048 tur:
472 3993 707 4065 Populus
734 4008 908 4048 autem
946 4011 1049 4048 non
1086 3994 1333 4048 ascendat
1369 4012 1486 4049 cum
1511 4013 1590 4050 eo.
1625 3995 1883 4065 Populum

321 4086 556 4140 intirmos
582 4086 857 4141 auditores
896 4084 1150 4155 appellat,
1196 4101 1289 4141 seu
1330 4086 1421 4156 qui
1449 4087 1624 4141 adhuc
1656 4087 1884 4142 terrenis

317 4176 696 4246 cupiditatibus
736 4175 1101 4246 implicantur.
1147 4174 1352 4241 Quibus
1391 4176 1661 4230 interdicit
1696 4176 1883 4231 ascen-

317 4267 439 4320 dere
461 4283 583 4320 cum
620 4266 822 4337 Moyse,
853 4266 978 4336 quia
1007 4266 1075 4320 ad
1108 4268 1290 4320 arcem
1320 4267 1559 4320 scientia:
1584 4267 1777 4321 divinae
1809 4267 1882 4320 le-

318 4356 393 4425 gis
415 4356 721 4426 pertingere
747 4370 853 4408 non
887 4362 1173 4424 poterunt,
1209 4371 1345 4424 quos
1373 4371 1526 4410 amor
1552 4364 1797 4410 terrenus
1826 4356 1878 4409 in

320 4446 656 4503 inferioribus
685 4450 846 4503 tenet.

392 4538 537 4593 Venit
573 4556 695 4609 ergo
733 4539 965 4610 Moyses,
1000 4550 1047 4594 et
1087 4540 1319 4595 narravit
1349 4539 1485 4609 plebi
1520 4540 1694 4592 omnia
1730 4538 1880 4592 verba

322 4629 520 4684 Durnini
554 4641 711 4701 atque
738 4631 967 4700 judicia.
1005 4630 1383 4701 Responditque
1409 4638 1624 4683 cunctus
1660 4627 1881 4700 populus

318 4737 416 4776 ima
448 4739 569 4775 voce
600 4738 619 4775 :
655 4719 842 4775 Omnia
873 4722 1023 4775 verba
1061 4721 1269 4775 Domini
1297 4736 1415 4790 qua:
1443 4719 1645 4774 locutus
1674 4729 1770 4784 est,
1800 4719 1885 4789 {a-

315 4812 501 4863 ciemus
515 4821 563 4864 et
590 4811 863 4864 audiemus
882 4811 990 4881 (Ea:
1014 4810 1349 4881 Augustino.)
1369 4810 1547 4878 Usque
1563 4809 1784 4864 adhunc
1799 4811 1879 4861 lo-

313 4916 431 4954 cum
449 4901 761 4971 Scriptor-aa,
771 4901 1186 4970 justiIlCatidnes
1208 4901 1580 4971 intelliguntur
1607 4914 1727 4969 qua:
1742 4901 1804 4954 da
1814 4910 1878 4953 ue

314 4999 430 5042 sunt
458 4990 654 5059 populo
673 4990 742 5045 ad
766 4991 1165 5045 observandum
1187 5008 1200 5043 :
1228 4989 1490 5059 incipiunt
1510 4995 1687 5043 autem
1708 5003 1878 5057 quan-

315 5086 423 5131 una
451 5080 561 5149 ipsa
587 5082 750 5135 verba
778 5080 1071 5150 Seriptura:
1096 5080 1354 5145 indicant,
1385 5080 1526 5134 unde
1553 5079 1656 5134 hoc
1682 5094 1879 5133 nomen

311 5166 748 5233 iustiﬁcationum
790 5185 1057 5229 exorsum
1083 5180 1195 5233 est,
1229 5172 1297 5223 ab
1340 5169 1431 5225 illo
1466 5183 1624 5224 servo
1655 5168 1880 5222 llebraro

311 5258 393 5311 eui
424 5259 569 5313 auris
602 5262 668 5316 ad
693 5270 901 5330 pestem
929 5261 1287 5329 pertunditur.
1318 5260 1375 5314 In
1406 5261 1600 5331 quibus
1630 5261 1880 5329 omnibus

309 5345 775 5415 jnstilicationibus
819 5351 1268 5405 considerandum
1310 5360 1423 5417 est,
1469 5368 1589 5421 qua:
1637 5352 1762 5406 inde
1810 5351 1879 5406 ad

312 5441 563 5509 agendam
595 5445 779 5509 vitam,
810 5454 865 5500 et
888 5444 1099 5499 morum
1126 5446 1387 5500 bonorum
1415 5446 1877 5500 conversationem

313 5529 427 5584 duci
453 5546 698 5602 possunt.
730 5535 899 5591 Multa
939 5537 1134 5606 quippe
1161 5538 1215 5591 in
1259 5537 1339 5592 eis
1379 5546 1506 5592 sunt
1538 5547 1877 5592 sacramenta

313 5619 657 5691 signiﬁcantia
691 5628 874 5699 potius
900 5626 1125 5694 aliquid,
1155 5642 1315 5695 quam
1340 5628 1506 5680 vitam
1534 5636 1769 5680 nostram
1799 5627 1878 5679 in-

1992 1823 2293 1877 ltenderunt
2318 1822 2637 1891 injustitiam

2606 1933 2833 1989 CAPUT
2873 1932 2962 1987 V'I.

1986 2024 2065 2079 De
2084 2042 2143 2078 co
2158 2038 2293 2094 quoa
2313 2024 2588 2092 (adiﬁcavit
2605 2023 2811 2093 Moyses
2829 2023 2997 2077 altare
3017 2023 3083 2094 ad
3107 2023 3333 2076 radicem
3356 2024 3577 2088 montis,

2328 2104 2375 2147 et
2407 2096 2471 2148 de
2505 2094 2764 2147 oblatione
2794 2094 2848 2147 in
2876 2110 2935 2146 eo
2966 2093 3238 2145 holocasti.

2059 2184 2281 2255 Scripsit
2310 2194 2484 2237 autem
2514 2183 2719 2253 Moyses
2745 2183 3009 2236 universos
3033 2198 3292 2234 semtones
3323 2180 3577 2247 Domini;

1984 2284 2034 2329 et
2060 2293 2212 2329 mone
2238 2290 2553 2344 consurgens
2582 2274 2860 2342 ardiﬁcavit
2882 2273 3068 2337 altare,
3100 2271 3168 2325 ad
3196 2271 3393 2325 radices
3421 2287 3569 2325 mon-

1984 2368 2074 2430 tis,
2119 2375 2167 2419 et
2206 2365 2481 2418 duodecim
2523 2363 2705 2417 titulos
2746 2380 2840 2433 per
2877 2362 3150 2416 duodecim
3188 2361 3353 2415 tribus
3396 2360 3574 2415 Israel

1986 2455 2185 2528 (Exod.
2218 2454 2387 2523 xxw).
2420 2452 2726 2508 Notandum
2757 2454 2900 2522 quod
2929 2452 3138 2521 Moyses
3173 2450 3461 2505 aedificavit
3488 2451 3569 2504 al-

1986 2554 2105 2599 tare
2134 2545 2233 2599 sub
2266 2551 2464 2605 monte,
2509 2551 2565 2598 et
2610 2543 2893 2597 duodecim
2936 2542 3141 2612 lapides
3187 2542 3241 2595 in
3284 2541 3570 2596 duodecim

1988 2634 2160 2688 tribus
2189 2634 2373 2691 Israel.
2409 2632 2735 2700 Intelligitur
2772 2633 2918 2686 enim
2960 2647 3027 2686 ex
3063 2631 3345 2686 duodecim
3376 2630 3567 2700 lapidi-

1984 2725 2085 2779 bus
2114 2724 2283 2777 altare
2316 2723 2675 2785 aediﬁcatum,
2721 2720 3057 2791 significasse
3099 2721 3272 2789 ipsum
3310 2719 3564 2790 populum

1983 2828 2104 2867 esse
2140 2814 2311 2866 altare
2350 2812 2480 2876 Dei,
2519 2813 2660 2866 sicut
2694 2820 2777 2865 est
2806 2810 3060 2880 templum
3090 2811 3205 2864 Dei.
3245 2810 3455 2865 Aliter:
3483 2810 3567 2864 Ad

1985 2894 2197 2957 radices
2234 2903 2433 2956 montis
2472 2903 2677 2970 Moyses
2704 2900 2875 2954 altare
2900 2900 3159 2963 aediﬁcat,
3199 2908 3255 2953 et
3284 2900 3565 2956 duodecim

1991 2992 2169 3048 titulos
2195 3008 2293 3063 per
2319 2993 2603 3047 duodecim
2634 2992 2805 3046 tribus
2831 2992 2980 3061 ponit
3004 2991 3189 3054 Israel,
3218 3007 3338 3047 cum
3368 2992 3453 3047 lex
3483 2993 3566 3046 di-

1908 3073 1952 3133 C
1985 3084 2107 3137 vina
2143 3090 2268 3136 ante
2293 3096 2578 3137 ascensum
2604 3082 2864 3135 virtutum
2891 3095 3038 3137 aram
3068 3080 3192 3135 ﬁdei
3225 3081 3280 3135 in
3308 3081 3563 3139 cordibus

1984 3172 2186 3228 nostris
2221 3170 2377 3241 jubet
2419 3187 2517 3227 nos
2554 3180 2814 3237 statuere,
2843 3179 2898 3225 et
2935 3170 3229 3226 secundum
3257 3172 3563 3227 doctrinam

1984 3261 2266 3318 duodecim
2309 3261 2675 3332 apostolorum
2707 3301 2723 3327 ,
2773 3262 2938 3314 ritum
2979 3260 3256 3331 religionis
3300 3260 3565 3318 formare.

1986 3353 2232 3424 Misitque
2251 3353 2469 3423 juvenes
2498 3353 2562 3407 de
2590 3352 2717 3422 [iliis
2748 3351 2943 3415 Israel,
2987 3361 3035 3406 et
3077 3351 3371 3406 obtulerunt
3415 3353 3571 3409 holo-

1983 3455 2169 3499 onusta
2196 3458 2215 3496 :
2247 3444 2746 3515 immolaveruntque
2783 3446 3018 3499 victimas
3060 3444 3309 3515 paciﬁcos
3339 3445 3572 3501 Domino

1982 3535 2191 3590 vitulos.
2223 3532 2604 3607 Ilolocaustmn
2634 3535 2861 3589 Domino
2886 3535 3044 3589 otfert
3065 3535 3157 3603 qui
3187 3536 3420 3605 seipsum
3451 3535 3569 3590 Deo

1983 3626 2214 3678 dedicat.
2266 3624 2330 3677 Et
2377 3625 2512 3679 bene
2550 3625 2778 3694 juvenes
2824 3623 2890 3678 de
2938 3624 3061 3678 liliis
3102 3625 3265 3679 Israel
3311 3626 3563 3680 dicuntur

1983 3711 2175 3766 offerre
2215 3712 2550 3777 holocausta,
2582 3713 2709 3781 quia
2752 3729 2857 3767 non
2906 3715 3007 3768 nisi
3056 3715 3271 3768 lortimn
3317 3726 3402 3769 est
3436 3717 3567 3771 vilic

1982 3792 2367 3871 perfectionem
2401 3811 2677 3872 appetere.
2719 3802 2984 3857 Czetermn
3023 3804 3113 3867 qui
3159 3805 3339 3859 adhuc
3382 3806 3570 3861 infans

1983 3907 2096 3962 est,
2130 3898 2230 3952 hoc
2256 3906 2340 3952 est
2375 3899 2526 3953 rudis
2552 3898 2605 3952 in
2636 3898 2761 3966 ﬁde,
2790 3897 2877 3953 vel
2892 3912 3061 3966 quem
3093 3906 3342 3954 senectus
3368 3900 3569 3954 debili-

1986 4002 2096 4058 tat,
2135 3993 2186 4047 id
2223 4003 2339 4058 est,
2375 4010 2537 4064 quem
2566 3996 2898 4051 consuetudo
2925 3996 3160 4069 carnalis
3189 3997 3417 4068 premit,
3452 4006 3563 4053 non

1983 4094 2067 4140 cst
2115 4080 2310 4141 habilis
2353 4087 2420 4141 ad
2469 4087 2784 4144 holocausta
2837 4091 3065 4147 Domino
3111 4092 3415 4157 offerenda,
3464 4095 3569 4149 Sed

1982 4176 2236 4249 mandata
2280 4176 2415 4247 legis
2456 4176 2710 4232 inferiora
2757 4188 2953 4241 servet,
2997 4196 3093 4248 per
3131 4197 3252 4251 qum
3299 4182 3553 4236 salvetur.

1983 4263 2137 4319 Unde
2169 4265 2283 4334 ipsa
2319 4266 2531 4320 Veritas
2561 4267 2615 4320 in
2653 4266 2942 4337 Evangelia
2969 4269 3264 4323 sciscitanti
3293 4271 3360 4325 de
3383 4272 3565 4327 Salute

1985 4371 2101 4418 sua,
2128 4356 2362 4424 primum
2397 4357 2672 4425 respondit
2700 4373 2713 4410 :
2750 4355 2809 4411 Si
2839 4358 2935 4422 eis,
2964 4358 3168 4426 inquit,
3202 4359 3273 4412 ad
3293 4360 3451 4413 vitant
3477 4363 3560 4414 in-

1910 4421 1957 4478 υ
1985 4421 2151 4515 gredi,
2188 4462 2334 4499 serva
2359 4421 2629 4499 mandatu.
2668 4446 2737 4501 Et
2776 4447 2934 4517 paulo
2972 4421 3094 4516 post
3125 4447 3195 4502 de
3230 4448 3569 4518 perfectione

1988 4537 2166 4590 taliter
2200 4535 2357 4590 docet
2385 4550 2401 4589 :
2434 4536 2494 4591 Si
2529 4537 2629 4601 vis,
2659 4537 2863 4605 inquit,
2894 4536 3155 4607 per/edas
3184 4555 3322 4603 esse,
3355 4541 3482 4594 vade
3509 4552 3563 4595 es

1986 4630 2143 4684 vende
2171 4631 2349 4683 omnia
2377 4646 2494 4701 qua:
2524 4630 2702 4695 habes,
2737 4640 2783 4684 et
2813 4631 2880 4684 da
2909 4632 3241 4701 pauperibus,
3272 4633 3565 4686 et'hab‘ebls

1985 4724 2287 4775 thesaurum
2314 4722 2371 4774 in
2395 4720 2521 4775 caelo
2543 4735 2561 4772 :
2586 4731 2635 4775 et
2661 4722 2792 4785 seni,
2819 4726 3031 4791 sayuere’
3060 4734 3141 4775 me
3168 4721 3386 4793 (Matth.
3410 4722 3564 4792 xta);

1991 4812 2245 4867 Vit-timus
2288 4825 2419 4882 ergo
2460 4813 2713 4882 paciﬁcus
2743 4812 2968 4866 Domino
2995 4810 3154 4866 dﬁ‘crt
3192 4810 3423 4877 vitulos,
3467 4814 3563 4882 qui

1980 4902 2305 4971 compressis
2335 4902 2616 4955 incentivis
2642 4901 2894 4955 vitiorum
2912 4899 3351 4968 ,jtictmditatem
3380 4903 3559 4957 bono-

1978 5008 2200 5060 operum
2222 4991 2443 5061 paciﬁca
2472 4999 2651 5045 meme
2680 4991 2898 5046 exhibet
2925 4991 3053 5046 Deo.
3081 4990 3190 5062 (Ea:
3216 4991 3537 5062 Augustino-

1981 5082 2283 5139 Notandum
2326 5091 2507 5138 autem
2547 5082 2689 5152 quod
2730 5084 3022 5137 secundum
3067 5082 3226 5136 aliain
3266 5082 3563 5138 editit‘meln

1982 5174 2052 5227 ita
2078 5173 2273 5245 legitur
2304 5189 2319 5230 :
2351 5172 2419 5228 Et
2457 5174 2855 5231 immolaverunt
2890 5174 3116 5227 hostiam
3148 5173 3398 5228 salutaris
3423 5173 3553 5227 Deo.

1981 5265 2095 5319 Non
2126 5266 2263 5322 dixit
2288 5266 2520 5322 hostiam
2549 5265 2873 5329 salutarem,
2904 5266 2999 5320 sed
3027 5265 3255 5319 hostiam
3280 5264 3561 5326 salutaris,

1981 5355 2121 5423 quod
2148 5355 2560 5410 Ormcusltabet
2584 5360 2855 5434 σωτηρίου.
2892 5355 3045 5411 Unde
3066 5356 3129 5409 in
3164 5355 3368 5424 psalmo
3402 5371 3416 5407 :
3447 5351 3559 5407 (Ia-'-

1981 5444 2152 5509 licem,
2182 5446 2376 5515 inquit,
2404 5446 2653 5500 salutaris
2675 5447 2931 5516 accipiam
2953 5443 3126 5517 (Psal.
3152 5443 3298 5513 cxv).
3328 5442 3444 5498 Non
3473 5444 3563 5498 dio

1983 5534 2061 5589 xit
2093 5535 2314 5591 calicem
2344 5535 2656 5591 salutarem.
2699 5534 2799 5591 Ubi
2837 5535 3123 5590 videndum
3151 5541 3270 5597 est,
3309 5548 3378 5588 ne
3415 5533 3564 5589 forte

1984 5626 2071 5680 ille.
2101 5625 2450 5694 signiﬁcetur,
2480 5625 2546 5680 de
2578 5640 2686 5695 quo
2725 5625 2859 5680 dixit
2886 5623 3107 5678 Simeon
3132 5639 3151 5675 ι
3176 5619 3441 5687 Quoniam
3471 5624 3555 5679 ύ-
