3992 6182
377 213 475 269 135

1004 206 1060 260 Β.
1101 203 1353 258 RABANI
1396 203 1608 259 MAURI
1649 200 1965 257 ARCIIIEP.
2010 196 2321 254 MOGUNT.
2361 193 2648 251 OPERUM
2692 193 2870 248 PARS
2908 192 2948 245 I.

3513 192 3616 247 I36

374 331 557 382 derunt
582 323 720 380 oculi
747 323 865 385 mei,
895 320 1124 374 salutare
1150 331 1294 372 tuum
1327 319 1475 390 (Luc.
1495 318 1576 386 ιι).
1610 318 1764 371 Ilunc
1792 317 1934 370 enim
1965 317 2012 376 Α
2037 321 2091 367 et
2123 313 2258 365 novit
2293 311 2541 364 Dominus
2567 310 2654 378 qui
2680 317 2800 360 sunt
2837 307 2950 375 ejus
2978 304 3150 373 (Rern.
3185 303 3282 368 tv).
3319 303 3371 356 In
3418 316 3613 371 magna

372 427 429 471 et
469 413 704 486 psalmus
747 409 1086 466 commendat
1131 409 1219 462 ubi
1268 409 1503 476 legitur:
1545 406 1683 460 Bene
1713 406 1948 458 nuntiate
1997 408 2006 420 '

373 505 508 558 diem
551 518 615 556 ex
660 501 764 564 die,
807 499 1038 553 salutare
1085 499 1199 568 ejus
1261 495 1432 567 (I’sal.
1493 496 1636 565 xcv).
1687 495 1827 561 Quid
1866 502 1952 549 est

373 595 517 650 enim
547 592 689 646 aliud
724 591 769 645 si
798 589 1108 661 diligentius
1143 588 1508 651 attendamus,
1538 587 1682 655 quod
1708 587 1783 640 ait
1807 585 1949 640 diem

375 700 443 739 ex
472 682 580 747 die,
608 681 711 734 nisi
739 680 914 734 lumen
943 695 1008 734 ex
1036 678 1255 742 lumine,
1285 679 1388 732 hoc
1412 688 1495 730 est
1519 677 1684 730 Deum
1715 692 1782 731 ex
1819 677 1948 739 Deo,

377 771 467 840 qui
493 779 577 824 est
601 769 906 837 unigenitus
935 767 1134 821 Filius?
1172 766 1395 820 Sumens
1421 775 1591 818 autem
1633 763 1840 835 Moyses
1872 765 1955 816 di—

378 861 594 913 midiam
621 867 818 928 partem
843 856 1134 926 sanguinis,
1160 854 1353 922 infudit
1379 854 1432 907 in
1457 864 1735 916 crateram,
1759 862 1805 906 et
1831 870 1955 922 par—

380 960 480 1002 tem
512 949 761 1016 reliquam
789 944 1057 1014 sanguinis
1087 943 1140 996 in
1170 942 1372 1006 altare;
1405 954 1454 995 et
1489 942 1742 1011 accipiens
1764 941 1955 995 librum

381 1034 700 1098 testamenti,
739 1033 969 1086 recitavit
1009 1032 1062 1083 in
1093 1047 1244 1084 aures
1279 1029 1475 1100 populi.
1524 1029 1826 1084 Notandum
1873 1038 1957 1084 est

383 1143 525 1182 nunc
554 1127 784 1196 primum
823 1124 1132 1179 sacriﬁcare
1171 1121 1681 1193 Moysen,,evidctur
1710 1121 1957 1190 Scriptu-

384 1236 497 1274 ram
531 1219 732 1280 dicere,
761 1233 826 1270 ex
852 1231 958 1284 quo
984 1230 1049 1268 ex
1087 1213 1320 1283 Egypto
1346 1213 1571 1266 eductus
1601 1221 1683 1266 est
1713 1212 1955 1280 populus.

380 1312 563 1367 Primo
584 1310 724 1362 enim
750 1310 812 1362 de
833 1306 1020 1361 Ietbro
1044 1305 1243 1360 dictum
1265 1314 1385 1359 erat
1407 1319 1593 1358 socero
1619 1301 1755 1370 ejus,
1779 1317 1962 1370 quam-

382 1403 466 1456 vis
500 1416 620 1454 cum
651 1399 826 1466 aliqua
857 1395 1232 1466 ambiguitate,
1261 1395 1403 1462 quod
1447 1392 1804 1447 immolaverit
1830 1392 1957 1445 Deo.

383 1493 451 1544 Et
500 1489 884 1544 advertendum
937 1487 1130 1540 librum
1181 1485 1488 1540 testamenti
1534 1499 1656 1538 cum
1705 1483 1962 1552 sanguine

387 1581 575 1636 hostiae
605 1580 818 1632 recitari
845 1597 858 1630 :
887 1579 938 1630 in
966 1592 1072 1647 quo
1099 1577 1234 1630 libro
1262 1577 1380 1630 illas
1395 1575 1810 1644 justiﬁéationes
1836 1589 1963 1628 con-

2049 411 2227 456 antem
2258 401 2416 454 domo
2444 411 2568 452 sunt
2595 399 2696 451 alia
2724 413 2850 450 vasa
2880 397 2930 448 in
2959 397 3235 454 honorem,
3275 393 3378 446 alia
3410 393 3459 446 iu
3485 410 3618 446 eon—

2049 490 2343 544 tumeliam.
2379 488 2639 553 Quoniam
2665 503 2794 556 quos
2819 495 2938 537 ante
2977 482 3252 554 pra'scivit,
3281 490 3326 534 et
3353 483 3625 550 pra'desti-

2051 581 2226 644 navit;
2272 596 2399 650 quos
2445 588 2617 630 autent
2663 575 3082 644 pra'destinavit,
3132 571 3250 624 illos
3299 581 3346 624 et
3385 572 3624 632 vocavit;

2049 684 2179 739 quos
2211 678 2382 720 autem
2424 666 2638 728 vocarit,
2671 662 2788 716 illos
2833 673 2879 717 et
2898 661 3212 732 justiﬁcavit
3237 678 3255 725 ;
3281 677 3408 730 quos
3450 670 3626 714 autem

2043 756 2375 828 justi/icavit,
2406 753 2524 807 illos
2553 761 2600 805 et
2631 751 2959 820 gloriﬁcarit.
2994 749 3171 820 (Rom.
3199 748 3342 812 vm).
3379 747 3629 803 Profecto

2053 845 2119 898 de
2147 843 2335 896 electis
2363 840 2527 894 Israel
2571 855 2676 893 non
2706 839 2971 893 dissonuit
3008 854 3106 892 nec
3151 853 3310 891 unus.
3346 837 3633 906 Signiﬁca-

2057 939 2146 984 tnr
2175 939 2352 984 autem
2377 929 2757 998 qnaternarius
2779 943 3035 981 numerus
3059 927 3111 980 in
3142 926 3320 997 Moyse
3350 937 3405 980 et
3426 927 3633 989 Aaron,

2057 1019 2242 1075 Nadab
2271 1029 2325 1074 et
2359 1019 2519 1082 Abiu,
2547 1027 2765 1088 propter
2793 1026 3026 1086 quatuor
3053 1019 3436 1087 evangelia,-et
3466 1019 3636 1071 totius

2056 1111 2205 1166 orbis
2229 1111 2320 1182 qui
2359 1110 2413 1164 in
2449 1119 2684 1179 quatuor
2709 1119 2890 1178 partes
2911 1109 3168 1163 dividitur
3196 1111 3634 1178 promissionem.

2058 1201 2131 1255 Et
2165 1200 2506 1270 septuaginta
2535 1199 2600 1253 de
2629 1199 2933 1252 senioribus
2958 1197 3139 1251 Israel.
3168 1198 3402 1252 Numero
3430 1198 3641 1251 scilicet

2061 1290 2370 1358 septenario
2399 1289 2681 1357 decuplato
2707 1308 2718 1342 :
2748 1290 2838 1358 qui
2870 1289 3104 1356 pertinet
3137 1288 3205 1342 ad
3227 1288 3641 1359 significandum

2063 1379 2326 1449 Spiritum
2359 1387 2626 1434 sanctum.
2661 1377 2928 1448 Sapphiro
2952 1386 3130 1432 autem
3167 1379 3504 1448 significatur
3533 1379 3643 1431 vita

2065 1470 2323 1534 cmlestis,
2364 1470 2601 1524 maxime
2650 1470 2774 1539 quia
2817 1469 3019 1524 dictum
3054 1477 3152 1532 est,
3204 1470 3344 1524 sicut
3387 1480 3647 1540 aspectus

2067 1561 2411 1616 ﬁrmamenti.
2452 1559 2878 1614 Firmamentum
2924 1567 3101 1613 autem
3145 1559 3342 1614 caelum
3385 1559 3646 1630 appellari

387 1671 617 1739 scriptas
646 1669 901 1722 debemus
942 1669 1206 1736 accipere.
1242 1665 1374 1720 Nam
1405 1665 1716 1734 decalognm
1746 1664 1878 1733 legis
1907 1663 1959 1715 in

2081 1651 2183 1720 [uis
2223 1650 2462 1704 nesciat?
2499 1649 2565 1703 Et
2592 1648 2764 1704 forma
2808 1648 2992 1704 lateris
3029 1649 3081 1703 in
3127 1651 3315 1703 eodem
3366 1649 3648 1719 sapphiro,

391 1758 585 1812 tabulis
625 1757 847 1826 lapideis
893 1756 1057 1810 fuisse
1098 1756 1462 1824 conscriptum
1505 1762 1690 1824 postea
1740 1753 1966 1807 manife-

390 1855 530 1899 stum
558 1855 659 1898 est.
691 1845 756 1898 Et
788 1845 1031 1898 dixerunt
1055 1860 1072 1898 :
1103 1844 1293 1898 Omnia
1322 1861 1640 1913 qua'cunque
1668 1844 1870 1896 locutus
1892 1853 1967 1896 est

392 1936 664 1997 Dominus,
696 1936 949 2004 faciemus
992 1947 1037 1988 et
1071 1936 1362 1989 audiemus.
1396 1935 1509 1988 Non
1552 1935 1707 1988 aliter
1749 1951 1970 2004 respou-

391 2025 521 2078 dent
547 2040 673 2078 ecce
707 2025 818 2093 jam
857 2025 1036 2076 tertio.
1073 2023 1172 2076 Ille
1199 2041 1317 2076 vero
1348 2034 1607 2094 sumptum.
1643 2025 1967 2093 sanguinem,

394 2112 629 2182 respersit
660 2114 713 2165 in
747 2112 993 2181 populum
1027 2121 1073 2164 et
1104 2112 1174 2164 ait
1206 2126 1224 2163 :
1260 2111 1359 2164 llic
1390 2122 1462 2165 est
1495 2113 1708 2182 sanguis
1743 2111 1969 2178 fmderis,

393 2201 530 2272 quod
555 2202 744 2270 pepigit
772 2200 1023 2253 Dominus
1065 2200 1345 2262 vobiscum,
1375 2217 1530 2269 super
1555 2201 1754 2252 cunctis
1779 2217 1974 2253 seruta-

397 2289 544 2341 nibus
573 2289 671 2342 his.
705 2288 857 2342 I‘Iunc
888 2289 1062 2342 locum
1091 2289 1287 2343 Paulus
1323 2289 1615 2358 apostolus,
1649 2290 1700 2342 in
1739 2289 1972 2358 Epistola

396 2378 464 2432 ad
506 2377 776 2440 Hebraeos,
807 2379 1076 2447 quomodo
1117 2379 1409 2432 Dominica:
1451 2379 1716 2446 passionis
1761 2379 1976 2449 sangui-

398 2479 519 2518 nem
546 2463 839 2532 signiﬁcet,
882 2464 1318 2520 manifestissime
1347 2467 1583 2534 exponit.
1629 2466 1766 2531 Quia
1800 2468 1976 2521 omnia

399 2571 527 2625 pene
551 2555 606 2608 in
635 2556 888 2624 sanguine
912 2556 1231 2610 inundantur
1253 2558 1537 2611 secundum
1563 2558 1719 2628 legem
1746 2573 1764 2610 :
1791 2569 1838 2612 et
1868 2560 1979 2612 sine

399 2645 670 2714 sanguinis
701 2645 954 2713 effusione
995 2663 1097 2700 non
1124 2647 1182 2714 ﬁt
1224 2647 1458 2701 remissio
1485 2647 1672 2718 (Hebr.
1703 2648 1801 2717 Ix).
1846 2648 1979 2702 Nam

401 2736 620 2806 sanguis
649 2736 737 2790 ille
777 2753 882 2805 quo
921 2737 1128 2808 Moyses
1156 2739 1407 2810 populum
1447 2741 1714 2809 aspergit,
1745 2756 1809 2794 ac
1837 2741 1980 2809 puri-

401 2823 528 2879 ficat
575 2825 768 2881 librum
818 2827 951 2896 legis
1001 2835 1054 2883 et
1106 2829 1508 2883 tabernaculum
1554 2830 1884 2892 testamenti,
1927 2838 1982 2885 et

403 2917 584 2970 omnia
610 2934 728 2986 qua:
753 2919 805 2972 in
831 2934 896 2972 eo
921 2927 1074 2973 erant
1109 2921 1289 2976 dicens
1321 2937 1335 2975 :
1370 2921 1602 2992 Sanguis
1631 2923 1740 2987 hic,
1768 2923 1983 2994 sangui-

404 3005 490 3061 nis
516 3008 843 3074 testamenti,
870 3009 1096 3064 miriﬁce
1117 3009 1331 3065 Domini
1358 3009 1483 3066 Iesu
1511 3013 1828 3083 sanguinem
1855 3027 1986 3082 prae-

405 3095 588 3152 dicare
624 3107 974 3164 monstratur,
1020 3115 1126 3168 quo
1168 3101 1407 3154 omnium
1449 3103 1782 3156 credentium
1821 3103 1985 3156 corda

403 3197 726 3258 purgantur,
759 3206 866 3259 quo
899 3190 1030 3244 ﬁdes
1065 3191 1315 3245 Ecclesia:
1345 3193 1608 3262 signatur,
1645 3208 1753 3262 quo
1781 3193 1982 3257 omnia,

408 3278 463 3331 id
489 3287 571 3332 est
596 3293 793 3349 corpus
821 3294 978 3334 omne
1004 3280 1334 3335 tabernaculi
1363 3283 1751 3347 sanctiﬁcatnr,
1777 3283 1989 3337 dicente

408 3363 638 3419 Domino
669 3366 945 3436 discipulis
990 3385 1004 3421 :
1055 3367 1157 3420 llic
1202 3371 1416 3439 sanguis
1445 3386 1588 3424 meus
1631 3369 1767 3424 Novi
1811 3371 1990 3424 Testa-

411 3456 571 3509 menti
593 3469 610 3508 :
635 3458 724 3527 qui
744 3474 838 3526 pro
860 3457 1036 3511 multis
1056 3458 1353 3527 emendetur
1373 3458 1589 3530 (Matth.
1614 3459 1783 3532 XXVI).
1808 3461 1990 3515 Adim-

411 3547 612 3617 pletum
637 3545 691 3602 in
719 3549 944 3605 veritate
972 3550 1042 3615 id,
1071 3553 1215 3622 quod
1242 3567 1337 3622 per
1364 3551 1581 3624 Moysen
1608 3553 1786 3608 fuerat
1809 3564 1991 3609 osten-

412 3650 533 3692 snm
560 3638 612 3691 in
641 3637 888 3708 imagine.

485 3725 839 3782 Ascenderunt
879 3726 1083 3800 Moyses
1117 3741 1167 3786 et
1200 3731 1403 3798 Aaron,
1445 3731 1636 3788 Nadab
1666 3743 1714 3790 et
1748 3735 1903 3802 Abiu,
1943 3746 1991 3790 et

415 3814 745 3883 septuaginta
800 3816 862 3868 de
901 3817 1108 3871 senibus
1162 3817 1362 3886 Israel,
1423 3830 1471 3875 et
1517 3823 1756 3876 uiderunt
1822 3825 1992 3878 Deum

419 3901 611 3957 Israel.
659 3902 766 3958 Sub
793 3905 1006 3975 pedibus
1043 3908 1157 3977 ejus
1193 3911 1344 3974 quasi
1388 3927 1516 3980 opus
1560 3911 1752 3982 lapidis
1781 3915 1992 3984 sapphi-

422 3992 522 4045 rini
539 4005 558 4044 :
585 4003 632 4046 et
661 3996 810 4065 quasi
839 3996 1021 4048 caelum
1047 4014 1164 4050 cum
1193 4015 1428 4053 serenum
1455 4010 1548 4054 est.
1585 4000 1696 4055 Nec
1723 4019 1881 4073 super
1904 4021 1992 4058 eos

416 4082 506 4152 qui
550 4083 732 4152 procul
769 4096 1084 4140 recesserunt
1126 4088 1191 4142 de
1215 4088 1341 4158 ﬁliis
1371 4089 1562 4156 Israel,
1592 4093 1735 4146 misit
1778 4111 1992 4149 manum

419 4187 592 4225 suam.
629 4171 981 4246 Videruntque
1005 4175 1193 4244 Deum,
1209 4187 1256 4231 et
1285 4179 1618 4234 comederunt
1641 4199 1704 4236 ac
1733 4183 1989 4240 biberunt.

422 4261 529 4332 (Ea:
556 4262 891 4339 Augustino.)
931 4265 1158 4324 Constat
1202 4269 1346 4324 inter
1371 4287 1466 4327 eos
1495 4273 1585 4343 qui
1617 4284 1762 4329 recte
1801 4277 1993 4333 intelli-

422 4360 571 4418 gunt,
609 4352 755 4408 nullo
791 4353 958 4409 Deum
995 4358 1260 4414 contineri
1301 4360 1440 4428 loco,
1485 4377 1584 4419 nec
1621 4364 1802 4434 aliquo
1847 4368 1994 4423 velut

423 4442 530 4495 situ
566 4445 810 4513 corporis
843 4449 1088 4503 membra
1114 4465 1336 4519 ponere,
1370 4453 1528 4509 sicuti
1563 4463 1645 4510 est
1675 4458 1844 4512 nostri
1875 4474 1998 4514 cor-

423 4531 574 4600 poris
599 4533 808 4598 sedere,
833 4533 1037 4601 jacere,
1069 4546 1236 4604 stare,
1265 4548 1320 4594 et
1343 4541 1387 4594 si
1414 4543 1542 4610 quid
1566 4541 1868 4612 huiusmodi
1889 4555 1992 4602 est.

426 4619 553 4674 Huic
607 4621 752 4676 enim
798 4638 903 4677 non
942 4634 1068 4680 sunt
1119 4628 1222 4682 nisi
1273 4643 1599 4699 corporum;
1631 4634 1775 4690 Deus
1815 4646 1995 4691 autem

428 4707 653 4779 spiritus
680 4717 782 4764 est.
812 4710 964 4778 Quod
993 4727 1121 4785 ergo
1151 4729 1209 4770 se
1237 4718 1474 4774 ostendit
1497 4721 1677 4790 specie
1705 4726 1994 4793 corporali,

427 4797 513 4851 vel
538 4797 708 4868 signis
727 4802 1082 4870 corporaliter
1097 4807 1392 4874 expressis,
1424 4824 1529 4863 non
1562 4809 1864 4867 substantia
1884 4813 2000 4882 ejus

429 4897 670 4960 apparet,
705 4907 825 4960 quae
859 4902 943 4948 est
971 4894 1086 4965 ipse
1113 4897 1255 4966 quod
1284 4907 1368 4954 est
1390 4917 1404 4955 :
1429 4901 1524 4957 sed
1568 4905 1866 4973 assumptio
1893 4905 2002 4960 for-

432 4995 641 5035 marum
665 4982 979 5049 visibilium,
1002 4985 1118 5056 ejus
1139 4989 1542 5058 omnipotentiae
1562 4991 1821 5062 subiacet.
1845 4995 1912 5049 Et
1934 4996 2000 5052 de

431 5070 618 5126 electis
655 5071 818 5126 Israel
867 5090 972 5130 non
1015 5075 1280 5132 dissonuit
1323 5095 1423 5135 nec
1452 5099 1609 5148 unus,
1639 5091 1696 5139 et
1737 5099 2003 5154 apparue-

433 5173 560 5220 runt
603 5170 656 5217 In
698 5164 815 5218 loco
865 5167 979 5232 Dei,
1023 5177 1077 5222 et
1129 5170 1590 5227 manducaverunt
1628 5182 1684 5229 et
1726 5175 1998 5232 biberunt.

434 5255 565 5321 Quis
593 5256 796 5310 dubitet
838 5257 956 5311 illos
981 5274 1118 5326 quos
1155 5261 1470 5316 nominatim
1498 5265 1782 5334 expressit,
1825 5274 1881 5320 et
1918 5282 2002 5321 se-

435 5347 712 5418 ptuaginta
757 5348 1000 5404 seniores
1038 5365 1182 5406 nunc
1219 5353 1514 5422 appellatos
1559 5356 1760 5412 electos
1794 5358 1996 5413 Israel:

437 5441 526 5505 qui
556 5440 744 5509 procul
773 5441 933 5496 dubio
953 5457 1234 5512 personam
1263 5447 1519 5514 gerebant
1539 5461 1748 5512 eorum,
1772 5451 1862 5520 qui
1894 5450 2002 5506 ele-

440 5529 510 5581 cti
536 5541 660 5584 sunt
684 5533 734 5586 in
762 5534 956 5602 populo
989 5533 1115 5588 Dei?
1151 5533 1264 5589 Non
1291 5537 1434 5591 enim
1460 5540 1699 5593 omnium
1728 5550 1808 5595 est
1833 5541 1996 5596 ﬁdes:

2021 4327 2072 4386 D

2065 1738 2452 1808 quadraturam
2500 1737 2670 1806 ipsam
2727 1737 2812 1792 vel
2858 1738 3226 1803 stabilitatem,
3269 1738 3352 1791 vel
3401 1739 3648 1808 ejusdem

2072 1826 2405 1896 quaternarii
2431 1827 2642 1880 numeri
2681 1835 3078 1880 sacramentum
3112 1826 3324 1896 ﬁgurat.
3356 1827 3509 1894 Quod
3557 1844 3653 1880 auo

2072 1927 2182 1973 tem
2230 1918 2563 1972 manducant
2591 1925 2646 1972 et
2679 1917 2870 1971 bibunt
2911 1919 2962 1971 in
3005 1918 3124 1972 loco
3166 1918 3282 1983 Dei,
3327 1919 3652 1972 suavitatem

2071 2007 2520 2076 saturitatemqne
2549 2007 2818 2076 signiﬁcat
2866 2009 2919 2061 in
2967 2007 3057 2062 illo
3103 2023 3268 2077 regno
3304 2010 3650 2063 aeternitatis.

2073 2099 2224 2153 Beati
2253 2100 2388 2152 enim
2413 2099 2502 2169 qui
2530 2100 2764 2152 esuriant
2793 2109 2840 2152 et
2863 2101 3045 2153 sitiunt
3063 2101 3330 2169 justitiam
3355 2113 3372 2150 :
3398 2102 3651 2170 quoniam

2073 2189 2170 2258 ipsi
2195 2188 2575 2242 saturabuntur
2606 2187 2820 2259 (Matth.
2850 2188 2924 2257 v).
2971 2189 3122 2244 Unde
3159 2197 3214 2243 et
3240 2189 3499 2243 Dominus
3523 2190 3655 2242 dicit

2074 2289 2332 2336 venturos
2361 2282 2578 2336 multos.
2611 2281 2758 2348 Quos
2783 2282 2967 2351 utique
2996 2282 3094 2336 nisi
3119 2281 3319 2336 electos
3352 2283 3658 2351 przeseitos,

2077 2373 2508 2442 prtedestinatos,
2550 2381 2794 2437 vocatos,
2839 2373 3186 2441 justiﬁcatos,
3226 2371 3581 2442 gloriﬁeatos,
3609 2380 3660 2424 et

2079 2464 2417 2518 recubituros
2446 2479 2569 2518 cum
2605 2463 2895 2525 Abraham,
2922 2472 2977 2516 et
3003 2462 3170 2524 Isaac,
3199 2471 3255 2516 et
3293 2461 3456 2516 Iacob
3490 2462 3543 2515 in
3582 2477 3670 2514 re-

2080 2575 2185 2632 gno
2214 2559 2514 2614 caelorum?
2541 2559 2606 2612 Et
2637 2559 2741 2612 alio
2768 2557 2886 2612 loco
2916 2559 3028 2627 ipse
3058 2559 3160 2612 hoc
3191 2556 3455 2632 promittit
3485 2555 3663 2608 litleli~

2080 2629 2182 2706 bus
2229 2651 2360 2714 suis,
2388 2650 2524 2720 quod
2570 2649 2730 2717 faciat
2759 2666 2845 2702 eos
2876 2649 3190 2713 recumbere,
3235 2629 3282 2701 et
3323 2656 3582 2708 transeat,
3617 2657 3664 2699 et

2081 2741 2338 2794 ministret
2393 2740 2468 2794 eis
2495 2739 2646 2811 (Luc.
2691 2738 2808 2810 ιιι).
2850 2738 2988 2804 Quid
3036 2739 3136 2793 sibi
3187 2738 3302 2791 vult
3349 2738 3491 2807 quod
3531 2735 3665 2791 Iesu

2085 2832 2232 2887 Nave
2278 2848 2386 2888 non
2431 2831 2982 2900 commemoratusiin
3041 2829 3146 2884 illis
3184 2837 3434 2898 quatuor,
3483 2828 3668 2882 subim

2085 2938 2210 2979 cum
2255 2921 2435 2993 Moyse
2471 2931 2714 2991 apparet,
2741 2930 2796 2974 et
2833 2935 2956 2974 cum
3005 2919 3094 2974 illo
3123 2919 3363 2973 ascendit
3416 2919 3467 2972 in
3511 2934 3668 2972 mon-

2037 3007 2055 3051 λ
2090 3020 2220 3076 tem,
2251 3012 2318 3066 ad
2354 3011 2696 3081 accipiendas
2732 3009 2943 3065 tabulas
2969 3009 3122 3080 legis,
3169 3017 3224 3062 et
3271 3007 3448 3062 subito
3477 3023 3672 3061 rursus

2088 3100 2244 3156 Iesus
2277 3101 2646 3165 absconditur,
2675 3102 2728 3155 id
2753 3111 2836 3156 est
2872 3110 3103 3164 tacetur,
3127 3109 3182 3153 et
3221 3099 3429 3168 Moyses
3455 3101 3672 3168 accepit

2089 3191 2267 3262 legem
2295 3191 2348 3244 in
2377 3191 2586 3246 duabus
2617 3190 2834 3255 tabulis,
2859 3200 2914 3246 et
2939 3206 3063 3246 cum
3084 3205 3150 3245 eo
3180 3191 3374 3244 iterum
3411 3188 3674 3260 apparet?

2088 3283 2171 3336 An
2231 3281 2372 3336 forte
2421 3280 2693 3352 signiﬁcat
2745 3279 2952 3334 Novum
3003 3281 3404 3334 Testamentum
3451 3280 3675 3332 nomine

2089 3373 2238 3439 Iesu,
2267 3381 2320 3427 et
2365 3372 2734 3427 absconditum
2764 3386 2884 3426 esse
2913 3371 2966 3425 in
2997 3371 3134 3441 lege,
3165 3378 3219 3424 et
3253 3369 3542 3439 aliquando
3577 3385 3675 3438 ap-

2090 3477 2283 3536 parere
2321 3462 2781 3535 intelligentibns?
2822 3462 2974 3529 Quod
3009 3478 3138 3517 vero
3167 3461 3324 3517 Iesus
3366 3461 3480 3531 jam
3512 3478 3676 3516 voca-

2093 3563 2202 3619 tur,
2232 3569 2354 3609 cum
2379 3554 2434 3607 in
2468 3553 2606 3608 libro
2644 3553 3000 3608 Numerorum
3031 3553 3245 3623 quando
3273 3553 3324 3607 id
3352 3568 3546 3608 nomen
3581 3568 3675 3607 ac-

2092 3646 2297 3716 ceperit
2327 3644 2603 3716 Scriptura
2641 3652 2891 3709 testatur,
2920 3644 3061 3714 quod
3087 3645 3199 3714 jam
3243 3659 3410 3715 prope
3438 3652 3588 3699 esset
3615 3653 3673 3698 ut

2092 3744 2294 3791 terram
2336 3734 2713 3807 promissionis
2756 3735 3049 3800 intrarent,
3085 3751 3184 3805 per
3230 3735 3522 3805 prolepsin,
3573 3736 3678 3790 hoc

2092 3837 2178 3884 est
2208 3842 2302 3898 per
2336 3826 2854 3898 praeoccupationem
2895 3826 3156 3896 anticipat
3197 3825 3496 3897 Scriptura,
3528 3826 3676 3896 quod

2093 3930 2281 3990 postea
2318 3919 2652 3980 factum,est.
2698 3917 2891 3974 Omnia
2928 3919 3125 3988 quippe
3163 3918 3268 3972 ista
3296 3927 3483 3989 postea
3509 3933 3674 3987 quam

2093 4008 2236 4064 facta
2265 4017 2412 4074 sunt,
2441 4009 2643 4080 scripta
2680 4016 2843 4062 sunt:
2878 4023 2941 4062 ac
2968 4023 3062 4078 per
3099 4009 3201 4063 hoc
3223 4008 3438 4079 quando
3470 4007 3675 4064 factum

2094 4110 2179 4158 est
2221 4102 2362 4171 quod
2395 4102 2554 4158 modo
2581 4110 3055 4165 commemoratur,
3104 4103 3345 4157 nondum
3374 4103 3676 4158 vocabatur

2093 4190 2280 4256 Iesus;
2315 4192 2409 4246 sed
2435 4191 2649 4261 quando
2671 4191 2930 4262 scriptum
2959 4199 3062 4256 est,
3079 4192 3191 4262 jam
3224 4194 3327 4249 hoc
3354 4195 3673 4249 vocabatur.

2101 4280 2294 4337 Omnia
2322 4290 2519 4345 autem,
2547 4281 2690 4336 sicut
2717 4280 3006 4352 Apostolus
3037 4283 3131 4347 ait,
3163 4284 3219 4336 in
3256 4283 3427 4354 ﬁgura
3467 4287 3675 4339 contin-

2097 4373 2284 4442 gebant
2328 4371 2695 4442 illis:scripta
2741 4382 2863 4426 sunt
2910 4382 3084 4427 autem
3117 4385 3328 4444 propter
3375 4391 3468 4428 nos
3498 4378 3675 4429 omnia

2099 4461 2152 4532 (ι
2181 4459 2304 4516 Cor.
2339 4461 2415 4534 x)‘,
2442 4461 2691 4516 videlicet
2717 4476 2824 4516 non
2859 4461 3032 4517 solum
3055 4461 3196 4518 facta
3221 4464 3304 4518 vel
3339 4465 3527 4526 verba,
3554 4479 3677 4536 qua:

2098 4551 2270 4606 sacris
2307 4551 2503 4607 litteris
2531 4552 2896 4617 continentur,
2927 4567 3116 4606 verum
3159 4554 3323 4608 etiam
3355 4555 3594 4610 locorum
3622 4563 3679 4611 et

2099 4660 2380 4709 aurarum.
2419 4655 2474 4701 et
2497 4656 2798 4717 temporum
2829 4647 2966 4702 sitns
2991 4655 3088 4728 εει,
3124 4649 3358 4718 ipsarum
3384 4664 3599 4718 quoque
3621 4650 3675 4704 in

2099 4734 2295 4804 quibus
2323 4743 2474 4807 gesta
2503 4736 2618 4794 sive
2656 4736 2799 4791 dicta
2830 4745 2978 4804 sunt,
3009 4738 3417 4794 circumstantia
3468 4754 3673 4794 rerum.

2695 4847 2925 4906 CAPUT
2970 4849 3080 4904 VII.

2099 4935 2177 4990 De
2204 4937 2507 5012 ascensione
2537 4935 2712 5012 Moysi
2754 4939 3062 5012 iamautem
3096 4953 3149 4994 ut
3169 4945 3340 5011 legem
3359 4946 3612 5012 acciperet
3643 4960 3675 4998 ιι

2245 5005 2490 5070 Domino,
2521 5005 2768 5076 scriptam
2809 5010 2862 5061 in
2889 5009 3078 5064 tabulis
3104 5025 3121 5061 :
3141 5005 3280 5080 quod
3321 5024 3369 5064 et
3392 5005 3531 5081 fecit.

2172 5094 2318 5148 Dixit
2349 5105 2522 5148 autem
2561 5095 2814 5152 Dominus
2842 5099 2911 5152 ad
2944 5099 3201 5170 Moysen:
3225 5103 3457 5156 Ascende
3493 5104 3565 5157 ad
3595 5120 3678 5158 me

2102 5185 2159 5238 in
2192 5193 2435 5248 montem,
2467 5193 2514 5238 et
2538 5194 2644 5240 esto
2672 5187 2782 5252 ibi;
2805 5188 3038 5261 daboque
3064 5192 3157 5245 tibi
3183 5193 3388 5248 tabulas
3419 5194 3677 5265 lapideas,

2103 5283 2151 5325 et
2191 5272 2352 5342 legem
2393 5289 2455 5325 ac
2497 5275 2747 5329 mandata
2789 5293 2908 5346 qute
2962 5281 3164 5349 scripsi,
3208 5290 3264 5334 ut
3314 5283 3500 5336 doceas
3539 5284 3677 5352 ﬁlias

2106 5361 2278 5416 Israel
2311 5361 2508 5432 (Exod.
2541 5364 2709 5432 xxiv).
2735 5363 2846 5435 [Ex
2882 5367 3074 5440 Beda.)
3101 5369 3334 5427 Datnrus
3354 5388 3482 5444 ergo
3506 5373 3677 5444 legem

2106 5450 2272 5521 Moysi
2294 5451 2570 5518 Dominus,
2601 5454 2772 5522 primo
2791 5454 2942 5508 illum
2969 5456 3022 5510 in
3044 5459 3303 5514 verticem
3329 5463 3527 5516 montis
3554 5479 3681 5516 evo-

2106 5548 2216 5606 cat,
2247 5548 2306 5593 ut
2328 5541 2382 5595 in
2409 5541 2519 5599 alto
2546 5556 2726 5598 secum
2747 5542 3054 5600 demoratus
3080 5545 3302 5604 liberius
3325 5550 3529 5610 audiat.
3560 5568 3678 5620 qun
