3992 6182
253 259 340 319 ιόἶ

1198 248 1697 309 COMMENTARIA
1736 249 1804 306 l.\'
1844 248 2152 306 EXODUM.
2194 282 2264 293 —
2305 246 2440 303 LIB.
2476 249 2559 302 lll.

3377 251 3479 306 158

250 377 308 430 ad
339 370 584 428 inferiora
616 367 830 422 rediens
870 365 1121 436 populum
1167 374 1431 436 prmcepta
1470 364 1679 419 doceat.
1713 362 1804 415 Sic
1830 367 1880 426 Α
1906 371 1960 417 et
1990 359 2125 424 llur,
2153 362 2255 415 ltoc
2289 369 2369 415 est
2393 368 2629 413 montem
2667 357 2995 413 fortitudinis
3016 369 3067 414 et
3107 360 3284 416 lumen
3321 362 3479 435 ignis,

250 477 295 521 et
317 464 365 517 in
393 458 679 532 Evangelio
708 452 983 518 Dominus,
1015 469 1181 509 novos
1210 456 1397 529 gratia:
1436 468 1713 524 praecones
1749 453 1803 508 in

250 565 466 613 montem
502 564 831 611 convocans,
871 547 1155 617 praeceptis
1200 545 1525 600 salutaribus
1551 542 1803 607 instituit,

249 662 302 706 ut
326 663 387 701 ex
412 644 514 698 loci
554 641 721 695 etiam
753 639 857 693 situ
884 644 1210 707 putesceret,
1242 635 1367 704 quia
1407 632 1657 688 sublimia
1702 630 1807 686 illis

249 741 320 795 vel
342 736 584 792 mandata
637 728 868 794 vivendi,
918 727 1002 781 vel
1051 727 1319 797 promissa
1367 725 1521 779 daret
1558 737 1808 778 remune—

252 829 405 885 rauzli.
438 826 506 880 Et
534 824 671 895 legis
699 835 830 889 ergo
868 828 922 874 et
947 816 1226 888 Evangelii
1253 822 1520 885 praecepta
1550 812 1808 895 Dominus

252 922 297 974 in
322 924 494 971 monte
524 914 694 974 dedit,
740 918 800 964 ut
845 906 1229 963 sublimitatem
1263 919 1360 973 per
1390 905 1491 956 hoc
1530 903 1808 969 utriusque

252 1003 565 1062 ‘l‘estamenti
596 980 1019 1055 commendaret.
1052 997 1249 1052 Verum
1273 994 1397 1065 quia
1427 993 1705 1062 Scriptura
1729 992 1807 1045 lc-

251 1097 423 1170 gisuni
451 1106 579 1150 tunc
608 1091 806 1165 populo
831 1089 996 1144 Israel
1036 1087 1446 1151 committenda,
1479 1086 1657 1166 gratia
1679 1099 1809 1139 vero

253 1166 507 1258 Evangelii
538 1166 625 1240 ad
652 1198 844 1239 omnes
885 1197 984 1251 per
1021 1179 1205 1234 orbem
1255 1178 1505 1232 nationes
1538 1175 1809 1245 apostolis

251 1278 654 1353 praedicantibus
705 1281 822 1328 erat
844 1279 1186 1342 perventura.
1215 1276 1363 1323 recte
1392 1268 1459 1321 ad
1497 1267 1809 1322 discendam

250 1369 708 1442 accipiendamque
749 1363 917 1437 legem
942 1401 958 1429 ,
1004 1359 1151 1416 solus
1210 1357 1421 1429 Moyses
1468 1356 1712 1410 ascendit
1755 1354 1809 1409 in

250 1470 511 1516 montem:
542 1454 843 1510 doctrinam
883 1466 1012 1505 vero
1054 1448 1349 1519 Evangelii,
1382 1445 1610 1516 apostoli
1649 1445 1809 1500 simul

247 1564 414 1605 omnes
442 1548 494 1601 in
528 1553 710 1600 monte
737 1557 860 1597 cum
895 1540 1123 1596 Domino
1156 1537 1336 1607 positi,
1377 1534 1809 1590 auscultantibus

248 1642 391 1696 etiam
423 1638 600 1693 turbis
634 1620 940 1691 audierunt.
993 1631 1102 1686 Sed
1130 1639 1186 1686 et
1230 1631 1519 1684 audierunt
1551 1643 1651 1698 per
1685 1643 1807 1698 gra-

1801 894 1868 931 kz

1905 452 1959 505 in
1981 451 2371 521 campestribus
2392 450 2460 505 ad
2484 450 2721 520 regimen
2750 450 2929 520 populi
2958 450 3260 522 dereliquit.
3284 453 3352 508 Et
3381 470 3481 510 nos

1907 543 1954 599 si
1979 542 2231 600 doctores
2271 551 2483 598 nostros
2526 542 2595 607 ad
2626 542 2966 597 altitudinem
3008 541 3202 597 divina:
3239 552 3482 600 contem-

1905 635 2158 705 plationis
2192 635 2342 705 sequi
2381 650 2488 689 non
2512 650 2814 705 possumus,
2842 650 3093 689 curemus
3135 635 3371 701 solliciti,
3413 653 3483 693 ne

1908 725 2086 796 aliqua
2130 740 2229 779 nos
2265 724 2496 779 tentatio
2521 741 2551 779 a
2590 725 2789 779 vicinia
2820 725 3019 779 montis
3063 725 3154 779 Dei
3193 727 3479 793 retrahat;

1909 816 2002 869 sed
2030 815 2184 885 juxta
2213 814 2487 869 modulum
2535 824 2778 869 nostrum
2814 815 3073 869 virtutum
3108 816 3361 887 operibus
3401 817 3486 872 in-

1910 907 2189 972 sistamus,
2218 906 2545 965 inhaerentes
2586 906 2766 961 stabili
2805 908 2967 961 corde
3009 909 3365 964 sacramentis
3391 925 3487 965 no-

1910 995 2008 1049 stri
2042 994 2420 1065 Redemptoris
2457 996 2652 1065 quibus
2697 995 2887 1050 imbuti
2926 986 3129 1064 sumus,
3164 1008 3220 1053 et
3252 1001 3482 1071 gratiam

1910 1085 2135 1154 spiritus
2160 1085 2280 1155 ejus
2303 1102 2409 1156 qua
2451 1086 2646 1157 signati
2689 1103 2874 1142 sumus
2903 1089 3278 1144 intemeratum
3309 1092 3363 1147 in
3389 1108 3487 1146 no—

1910 1173 1994 1228 bis
2019 1190 2339 1230 conservare
2373 1187 2626 1232 curantes
2651 1195 2665 1242 ;
2698 1184 2752 1232 et
2771 1179 2815 1232 si
2846 1194 2951 1248 qua
2976 1195 3074 1235 nos
3097 1181 3488 1238 adversitatum

1890 1264 2135 1330 ‘quzestio
2159 1263 2473 1333 pulsaverit,
2512 1280 2633 1319 ntox
2652 1267 2978 1343 atljutorium
3010 1270 3321 1326 invocemus
3336 1272 3484 1343 ejus-

1911 1354 2032 1406 dem
2057 1357 2229 1410 nostri
2256 1355 2654 1427 Redemptoris,
2680 1360 2771 1427 qui
2797 1358 2982 1415 ﬁdeles
3013 1377 3139 1417 suos
3161 1379 3259 1433 per
3283 1364 3485 1419 donum

1911 1443 2086 1497 sancti
2133 1440 2370 1514 Spiritus
2401 1458 2685 1519 protegere
2720 1465 2749 1503 a
2800 1450 2956 1505 malis
2994 1454 3263 1520 omnibus,
3314 1472 3379 1512 ac
3423 1456 3489 1511 li-

1911 1533 2101 1589 berare
2130 1538 2425 1591 consuevit.
2471 1537 2702 1611 Cumque
2731 1541 3045 1595 ascendisset
3085 1540 3315 1614 Moyses,
3361 1563 3486 1616 ope-

1912 1627 2015 1679 ruit
2042 1628 2200 1681 nubes
2222 1638 2466 1682 montem.
2498 1628 2649 1683 Sicut
2684 1647 2839 1687 mons
2868 1631 2923 1686 in
2954 1649 3060 1702 quo
3084 1633 3255 1705 legem
3278 1637 3488 1706 accepit

246 1735 359 1787 tiam
386 1731 562 1787 sancti
605 1724 859 1798 Spiritus,
887 1740 994 1795 quo
1018 1726 1134 1779 huic
1158 1724 1345 1777 eadem
1370 1722 1544 1794 gratia
1575 1729 1631 1776 et
1667 1720 1813 1775 veri-
1834 1709 1883 1768 Β
1912 1711 2120 1784 Moyses
2149 1714 2483 1770 altitudinem
2522 1716 2873 1787 perfectionis
2900 1736 3019 1790 quae
3059 1722 3113 1776 in
3143 1724 3331 1779 eadem
3370 1724 3489 1797 lege

249 1829 320 1874 tas
353 1819 632 1889 Evangelii
683 1815 1025 1871 manifestius
1076 1813 1333 1869 Ecclesiae
1378 1813 1504 1867 data
1555 1820 1659 1878 est,
1702 1827 1809 1867 non

251 1909 467 1981 apostoli
494 1907 851 1970 solummodo,
880 1921 1066 1961 verum
1088 1905 1250 1959 etiam
1275 1904 1505 1975 plurima
1530 1903 1690 1958 simul
1720 1918 1810 1958 ca-

248 2009 377 2056 terva
427 1999 690 2063 ﬁdelium,
735 1997 951 2068 quando
1001 1997 1057 2050 in
1100 1995 1378 2050 caenaculo
1428 1995 1626 2049 montis
1680 1993 1808 2049 Sion

248 2091 523 2146 constituta
571 2089 841 2158 suscepit;
886 2088 1077 2143 ethoc
1126 2087 1180 2141 in
1228 2087 1505 2141 variarum
1547 2086 1809 2141 divisione

248 2181 556 2251 linguarum,
598 2188 658 2235 ut
692 2180 797 2234 tali
837 2178 1099 2234 miraculo
1146 2174 1447 2232 Ecclesium
1491 2184 1808 2232 cunctarum

250 2287 332 2340 per
360 2272 547 2326 orbem
578 2271 840 2342 gentium,
886 2269 1083 2339 linguis
1115 2269 1288 2323 Deum
1339 2267 1707 2322 collaudatura
1736 2268 1810 2322 si-

250 2374 503 2433 gnaretur.
538 2361 796 2432 Daboque
826 2362 918 2417 tibi
948 2360 1158 2416 tabulas
1180 2360 1444 2430 lapideas,
1471 2368 1528 2414 et
1547 2359 1717 2431 legem
1745 2374 1810 2416 ac

251 2456 479 2509 mandata
507 2469 632 2524 qua:
658 2454 872 2525 scripsi,
908 2458 968 2507 ut
995 2455 1189 2509 doceas
1222 2469 1334 2509 eos.
1359 2452 1497 2507 Huic
1525 2452 1698 2507 simile
1726 2459 1811 2507 est

249 2543 363 2598 illud
392 2545 670 2616 Evangelii
714 2544 859 2615 quod
903 2545 1067 2614 supra
1096 2534 1377 2617 posuimus
1403 2561 1415 2596 :
1446 2542 1696 2596 Docentes
1723 2559 1808 2597 eos

248 2649 437 2687 servare
456 2635 633 2688 omnia
654 2651 974 2707 qua’cunque
997 2634 1241 2688 mandavi
1264 2633 1407 2687 vobis
1431 2631 1645 2704 (Matth.
1662 2633 1805 2703 ult.).

246 2722 358 2777 Non
381 2738 508 2796 ergo
541 2724 771 2795 Moyses,
806 2740 913 2779 non
955 2724 1201 2793 apostoli,
1235 2739 1343 2778 non
1374 2722 1602 2794 quilibet
1625 2721 1811 2778 docto-

248 2829 359 2867 rum
391 2815 494 2868 alia
540 2814 693 2871 debet
726 2815 983 2887 populum
1013 2816 1107 2871 Dei
1137 2816 1333 2872 docere
1358 2831 1520 2886 quam
1548 2831 1668 2885 qua!
1696 2815 1811 2885 ipse

249 2903 494 2961 Dominus
532 2906 735 2970 docuit,
766 2912 993 2976 quaeque
1035 2904 1247 2962 consilii
1272 2906 1357 2962 sui
1403 2906 1626 2962 decreto
1653 2905 1811 2960 nobis

248 2994 566 3049 observanda
624 2997 1039 3066 prtrscripserit,
1090 3005 1144 3052 et
1190 2997 1245 3052 in
1291 3012 1518 3066 quorum
1557 2996 1813 3051 observa-

251 3082 381 3139 tione
406 3082 573 3139 vitam
602 3057 701 3139 nos
732 3057 931 3141 habere
955 3096 1212 3142 :cternam
1236 3087 1422 3163 voluit.
1452 3087 1683 3158 Scripsit
1710 3102 1811 3144 au-
1837 3057 1885 3120 ί)

250 3184 346 3229 tem
368 3175 481 3232 hac
517 3177 571 3231 in
606 3174 805 3232 tabulis
833 3175 1075 3246 lapideis,
1108 3178 1234 3246 quia
1259 3179 1313 3232 in
1335 3178 1588 3235 cordibus
1613 3178 1814 3235 electo-

248 3281 356 3320 rum
402 3266 508 3321 ﬁde
551 3263 800 3331 fortibus,
834 3266 939 3320 ﬁxa
984 3266 1284 3322 intentione
1321 3268 1671 3323 custodienda
1719 3268 1812 3324 ﬁr-

249 3360 435 3413 mavit:
465 3374 701 3430 quorum
734 3358 978 3427 exempla
1007 3373 1133 3413 cum
1176 3359 1333 3414 nobis
1381 3359 1451 3415 ad
1488 3360 1812 3415 imitandum

248 3457 505 3524 proponit,
555 3454 712 3524 quasi
737 3454 939 3523 scripta
981 3453 1035 3508 in
1076 3453 1254 3522 lapide
1296 3461 1497 3508 statuta
1542 3471 1653 3510 sum
1678 3453 1813 3525 legis

248 3545 488 3599 ostendit.
510 3528 655 3598 Nam
688 3552 742 3599 et
771 3543 957 3599 Daniel
982 3542 1117 3598 vidit
1143 3543 1430 3599 Dominum
1455 3544 1507 3598 in
1535 3544 1703 3615 ﬁgura
1736 3545 1813 3599 la-

249 3636 373 3703 pidis
409 3637 583 3692 excisi
631 3637 698 3692 de
743 3636 1016 3692 montibus
1045 3636 1163 3692 sine
1200 3636 1449 3691 manibus
1490 3634 1814 3692 contrivisse

250 3739 482 3795 pompam
526 3727 679 3797 regni
725 3726 1035 3793 mundialis,
1080 3736 1140 3781 ut
1184 3743 1405 3805 regnum
1439 3727 1606 3797 ipsius
1640 3726 1812 3781 solum

251 3815 358 3869 sine
388 3815 491 3872 ﬁne
519 3829 838 3887 permaneat
855 3815 1017 3891 (Dan.
1049 3818 1133 3890 ιι).
1165 3817 1230 3873 Et
1259 3817 1452 3872 Petrus
1482 3816 1671 3872 ﬁdeles
1714 3817 1811 3872 ad-

253 3920 421 3963 monet
467 3910 695 3965 dicens:
723 3908 792 3963 Et
831 3926 921 3964 vos
964 3919 1215 3981 tanquam
1244 3908 1443 3979 lapides
1467 3908 1587 3973 vivi,
1626 3908 1814 3979 super-

252 3998 579 4066 adiﬁcansini
610 4000 797 4054 domus
835 3998 1134 4071 spirituales
1165 3998 1216 4072 (ι
1242 3997 1389 4053 Petr.
1439 3998 1523 4071 tt).
1573 3996 1815 4053 Surrexit

248 4086 463 4159 Moyses,
484 4101 536 4145 et
561 4092 725 4146 Iosue
744 4092 979 4146 minister
999 4092 1133 4162 ejus.
1161 4090 1324 4147 Josue
1349 4092 1597 4147 minister
1621 4091 1812 4164 Moysi,

252 4175 526 4237 Dominum
549 4183 895 4249 salVatorem,
926 4194 980 4238 et
1001 4185 1217 4239 nomine
1237 4184 1485 4255 designat
1501 4191 1557 4238 et
1581 4185 1811 4239 actione.

249 4266 341 4338 Qui
364 4273 616 4328 minister
641 4273 808 4345 Moysi
848 4283 998 4329 recte
1035 4282 1261 4328 vocatur
1304 4275 1428 4345 quia
1466 4289 1731 4345 apparens
1760 4274 1814 4329 in

1908 1813 2026 1858 erat
2062 1806 2471 1873 conscribenda,
2523 1809 2597 1864 ita
2634 1811 2805 1866 nubes
2851 1826 2957 1881 qua
2990 1828 3147 1868 mons
3189 1823 3363 1870 tectus
3400 1826 3489 1872 est

1909 1894 2133 1965 gratiam
2166 1895 2360 1951 divinae
2382 1898 2616 1953 insinuat
2640 1903 3016 1970 protectionis,
3044 1920 3149 1974 qua
3180 1916 3330 1963 tanto
3362 1924 3482 1964 am-

1907 1984 2049 2055 plius
2097 1988 2326 2057 quisque
2369 1988 2588 2056 fruitur,
2642 2004 2846 2063 quanto
2884 1996 3049 2052 altius
3084 1998 3152 2053 ad
3191 2004 3484 2058 scrutanda

1908 2070 2176 2125 mirabilia
2213 2072 2279 2127 de
2323 2072 2439 2144 lege
2466 2074 2561 2130 Dei
2608 2079 2859 2135 revelatis
2888 2082 3057 2137 oculis
3083 2086 3262 2140 cordis
3287 2105 3482 2144 ascen-

1908 2159 2006 2215 dit.
2031 2158 2273 2231 Namque
2294 2177 2394 2219 nec
2426 2174 2663 2221 montem
2689 2169 3028 2227 solummodo
3060 2173 3113 2228 in
3142 2190 3249 2244 quo
3276 2177 3485 2250 Moyses

1907 2252 2170 2317 ascendit,
2202 2255 2372 2309 nubes
2395 2257 2626 2324 operuit,
2658 2259 2753 2313 sed
2782 2268 2833 2314 et
2861 2262 3114 2330 populum
3140 2276 3239 2335 per
3271 2268 3486 2326 deserta

1908 2338 2263 2408 gradientem,
2289 2344 2382 2413 qui
2405 2359 2744 2416 nequaquam
2769 2349 2837 2404 ad
2858 2347 3048 2407 altiora
3062 2362 3272 2424 poterat
3293 2374 3485 2416 ascen-

1909 2426 2061 2494 dere,
2085 2429 2440 2489 nibilominus
2466 2435 2635 2491 nubes
2673 2436 2887 2495 coalitus
2920 2443 3088 2497 missa
3118 2444 3481 2505 obumbravit.

1912 2517 2065 2574 Unde
2091 2522 2351 2592 scriptum
2378 2532 2461 2580 est
2487 2543 2501 2579 :
2526 2525 2796 2598 Expandit
2823 2531 3007 2586 nubem
3036 2534 3091 2588 in
3116 2539 3486 2602 protectionem

1910 2623 2091 2662 eorum
2128 2609 2300 2681 (Psal.
2340 2614 2508 2686 cxxv).
2537 2615 2676 2682 Quia
2712 2619 2973 2676 nimirum
3013 2624 3272 2683 Dominus
3298 2644 3488 2686 omnes

1910 2697 2172 2758 timentes
2201 2718 2281 2769 se,
2305 2707 2528 2775 pusillos
2547 2724 2669 2764 cum
2695 2710 3009 2782 majoribus,
3026 2717 3235 2775 C(Blesti
3265 2721 3492 2779 benedi-

1910 2800 2090 2856 ctione
2115 2807 2368 2877 protegit.
2398 2807 2467 2863 Et
2494 2810 2747 2867 habitavit
2779 2813 2948 2884 gloria
2980 2817 3193 2874 Domini
3219 2840 3374 2895 super
3400 2824 3489 2882 Si-

1912 2897 2020 2963 nai,
2046 2908 2219 2969 tegens
2248 2902 2398 2958 illum
2429 2906 2562 2960 nube
2586 2925 2678 2962 sea:
2707 2910 2906 2966 diebus.
2936 2915 3166 2985 Septimo
3196 2931 3371 2975 autem
3403 2922 3490 2977 die

1914 2988 1981 3044 de
2018 2993 2188 3048 medio
2226 2995 2486 3068 caliginis.
2528 2998 2643 3056 Non
2692 3010 2899 3059 tantum
2942 3008 3267 3075 sublimitas,
3300 3029 3491 3071 verum

1914 3080 2081 3139 etiam
2114 3099 2309 3141 nomen
2346 3090 2545 3145 montis
2573 3092 2627 3146 in
2658 3108 2764 3163 quo
2792 3096 2916 3151 data
2950 3107 3035 3153 est
3075 3100 3161 3155 lex
3195 3103 3489 3174 perfectio-

1916 3185 2039 3226 nem
2071 3172 2241 3243 ipsius
2267 3176 2404 3247 legis
2443 3178 2670 3250 ﬁgurate
2719 3184 3019 3242 denuntiat.
3068 3172 3217 3246 Sinai
3257 3209 3493 3265 namque

1916 3262 2308 3335 interpretatur
2348 3283 2601 3324 mensura
2631 3288 2771 3338 mea,
2802 3275 2916 3331 sive
2945 3280 3207 3348 ampliora
3234 3299 3373 3338 mea.
3403 3262 3496 3340 Di-

1914 3354 2120 3412 vinitus
2147 3371 2276 3428 ergo
2304 3369 2652 3430 procuratum
2677 3374 2762 3420 est
2788 3377 2846 3422 ut
2887 3383 3046 3427 mons
3071 3370 3124 3425 in
3154 3388 3262 3443 quo
3291 3374 3373 3429 lex
3402 3375 3495 3431 da-

1915 3454 2086 3511 retur,
2118 3449 2378 3518 amphora
2423 3467 2541 3507 tnea
2567 3464 2875 3523 vocaretur,
2907 3461 3059 3528 quasi
3097 3461 3215 3532 ipso
3263 3465 3494 3523 Domino

1914 3548 2012 3606 per
2038 3536 2141 3592 hoc
2164 3539 2483 3594 vocabulum
2511 3542 2852 3614 signiﬁcante
2879 3542 3023 3618 quod
3050 3550 3136 3606 lex
3181 3569 3276 3608 sua
3314 3556 3493 3625 perfe-

1916 3634 2058 3681 ctam
2087 3629 2299 3684 vivendi
2331 3632 2593 3701 regulam,
2637 3639 2889 3693 omnibus
2924 3644 3308 3715 promulgaret.
3345 3648 3495 3707 Bene

1918 3727 2100 3772 autem
2151 3719 2350 3776 dicitur
2382 3725 2547 3792 quod,
2590 3724 2773 3798 Moyse
2823 3736 3169 3803 ascendente,
3220 3742 3391 3798 nubes
3436 3756 3493 3798 et

1916 3809 2086 3881 gloria
2118 3811 2330 3870 Domini
2378 3828 2473 3870 sex
2502 3817 2692 3876 diebus
2730 3832 2967 3879 montem
2996 3832 3229 3898 operuit,
3260 3836 3492 3903 septimo

1918 3911 2101 3957 autem
2129 3903 2215 3958 die
2254 3904 2403 3960 illum
2450 3908 2517 3963 ad
2561 3909 2753 3966 altiora
2801 3915 3003 3970 montis
3052 3924 3340 3978 vocaverit.
3384 3925 3494 3984 Sex

1918 4006 2150 4064 namque
2186 3997 2374 4054 diebus
2405 4000 2458 4054 in
2504 4001 2619 4072 lege
2646 4007 2880 4074 operari,
2917 4007 2971 4063 in
3011 4014 3240 4082 septimo
3280 4020 3495 4087 requie-

1918 4102 2070 4142 scere
2090 4088 2364 4158 jubemur.
2400 4091 2819 4166 Ascendensque
2852 4111 3091 4156 tnontcm
3139 4105 3365 4177 Moyses,
3397 4126 3492 4165 sex

1919 4178 2109 4235 diebus
2130 4183 2272 4237 nube
2303 4193 2358 4238 et
2386 4185 2557 4254 gloria
2598 4190 2809 4245 Domini
2827 4193 3027 4263 tegitur
3060 4214 3072 4248 :
3100 4207 3156 4250 ut
3190 4198 3497 4255 insinuetur

1919 4272 2164 4342 mystice,
2197 4276 2320 4343 quia
2364 4278 2672 4350 quicunque
2701 4278 2949 4336 mandata
2988 4285 3205 4341 Domini
3236 4290 3497 4360 operibus

251 4374 419 4426 carne,
458 4362 710 4419 Massica:
732 4346 863 4435 legis
902 4365 956 4418 in
989 4380 1047 4420 se
1069 4365 1408 4421 acrimonias
1433 4365 1709 4434 suscipere
1736 4365 1817 4419 di-
1843 4397 1896 4457 Ι)
1914 4359 2078 4429 justis
2106 4367 2443 4434 exsequitur,
2488 4368 2668 4424 divina
2716 4371 2903 4441 utique
2928 4377 3264 4444 protectione
3302 4382 3500 4452 dignus

250 4461 433 4519 gnatus
456 4464 564 4519 est,
593 4454 720 4525 quia
752 4471 859 4510 non
890 4455 1097 4509 solvere
1123 4455 1295 4524 legem
1318 4455 1490 4519 venit,
1515 4456 1609 4510 sed
1646 4454 1818 4510 adim-

249 4542 404 4610 plere.
438 4544 609 4615 Μογεί
640 4547 693 4599 in
734 4546 985 4602 omnibus
1011 4547 1243 4617 vestigia
1290 4547 1536 4616 sequitur
1564 4564 1575 4599 :
1608 4546 1735 4615 quia
1763 4546 1816 4600 in

248 4636 447 4689 cunctis
492 4652 614 4706 (tua:
640 4634 883 4706 loquitur
908 4637 987 4691 vel
1030 4638 1219 4692 scribit
1247 4636 1478 4709 Moyses,
1510 4638 1598 4692 ille
1632 4638 1715 4692 vel
1744 4647 1821 4709 ty-

248 4724 376 4791 pice,
406 4726 496 4781 Vel
527 4729 811 4783 manifeste
841 4729 1169 4801 designatus,
1218 4732 1372 4799 quasi
1409 4745 1591 4785 comes
1626 4732 1819 4786 indivi-

249 4814 376 4870 duus
408 4817 455 4871 si
478 4818 619 4872 bene
640 4820 921 4889 qumritur,
950 4822 1244 4876 invenitur.
1286 4821 1423 4877 Hinc
1450 4823 1648 4876 etenim
1688 4824 1819 4878 dicit

245 4900 480 4961 indicis:
514 4907 573 4962 Si
621 4909 896 4963 crederetis
948 4909 1138 4982 Moysi,
1192 4913 1469 4966 crederetis
1512 4914 1734 4982 forsitan
1769 4926 1815 4969 et

242 4992 385 5046 mihi.
409 4994 492 5048 De
526 5012 607 5049 me
628 4997 767 5050 enim
793 4995 881 5050 ille
907 5000 1114 5069 scripsit
1146 4998 1328 5071 (Joan.
1361 5001 1434 5072 v).

306 5104 711 5180 Ascendensque
758 5111 961 5182 Moyses
1000 5114 1056 5169 in
1098 5126 1321 5170 montem
1370 5116 1489 5181 Dei,
1529 5118 1816 5171 senioribus

243 5192 314 5246 ait
340 5210 360 5248 :
390 5194 706 5267 Exspectate
748 5200 853 5265 hic,
881 5202 1044 5257 donec
1070 5213 1389 5259 revertamur
1413 5207 1482 5259 ad
1506 5225 1611 5261 vos.
1646 5206 1819 5261 flabe-

239 5281 305 5335 tis
329 5284 514 5338 Aaron
540 5296 589 5339 et
616 5286 736 5342 Ilur
754 5290 1032 5347 vobiscum.
1060 5291 1117 5349 Si
1146 5295 1273 5365 quid
1298 5305 1477 5351 natum
1505 5298 1662 5366 fuerit
1685 5315 1822 5369 qucr-

238 5374 461 5439 stiom’s,
501 5376 733 5443 referetis
775 5380 844 5432 ad
892 5398 998 5436 eos.
1043 5382 1227 5437 Aaron
1270 5401 1424 5440 mons
1465 5386 1814 5451 fortitudinis,

238 5461 351 5516 llnr
391 5465 786 5536 interpretatur
835 5473 975 5542 ignis
1016 5475 1129 5529 sive
1184 5476 1364 5532 lumen
1407 5462 1595 5534 z'unde
1637 5480 1819 5535 Aaron

238 5552 577 5611 Salvatorem
612 5560 919 5625 Dominum,
953 5564 1067 5620 llnr
1104 5567 1352 5638 designat
1393 5569 1653 5639 Spiritum
1694 5587 1819 5626 san—

234 5655 408 5697 ctum.
461 5646 772 5705 Ascendens
798 5667 929 5722 ergo
954 5653 1162 5724 Moyses
1199 5657 1265 5710 ad
1306 5657 1614 5718 Dominum,
1638 5659 1818 5715 Aaron

562 5737 838 5803 PLTBOL.
884 5743 1103 5809 CVlll.

1921 4452 2128 4508 existit.
2162 4454 2404 4524 Septimo
2428 4467 2607 4512 autem
2635 4460 2721 4515 die
2741 4474 2900 4517 vocat
2923 4464 2989 4521 ad
3016 4466 3205 4524 altiora
3237 4471 3501 4530 Dominus

1922 4541 2161 4615 Moysen,
2209 4548 2335 4616 quia
2382 4557 2500 4619 post
2537 4566 2761 4637 operum
2804 4554 3214 4625 perfectionem,
3255 4563 3498 4633 requiem

1922 4636 2078 4690 nobis
2102 4636 2185 4692 lex
2213 4639 2484 4708 promittit
2506 4650 2764 4696 teternani
2794 4660 2807 4709 ;
2832 4654 2890 4697 ut
2913 4646 3002 4715 qui
3035 4647 3085 4701 in
3111 4647 3393 4707 altitudine
3413 4670 3499 4710 re-

1920 4735 2021 4781 cta:
2064 4727 2292 4783 actionis
2330 4729 2557 4785 Domino
2599 4733 2852 4788 assistere
2899 4738 3227 4803 curavimus,
3259 4740 3372 4809 jam
3424 4728 3517 4798 a.l'

1921 4818 2038 4888 ejus
2070 4822 2333 4876 visionem
2379 4833 2540 4893 atque
2582 4824 2907 4895 colloquium
2952 4833 3245 4888 ascendere
3282 4851 3493 4890 merea-

1924 4928 2063 4965 mur.
2112 4913 2341 4969 Medium
2381 4931 2613 4984 namque
2654 4918 2898 4988 caliginis
2946 4922 3085 4976 unde
3129 4934 3351 4980 vocatus
3379 4942 3499 4984 esse

1923 5004 2141 5067 dicitur,
2175 5020 2280 5058 non
2307 5006 2481 5059 inesse
2512 5006 2619 5063 Deo
2651 5010 2899 5064 tenebras
2928 5010 3062 5066 ullas
3085 5014 3371 5084 signiﬁcat,
3403 5020 3498 5074 sed

1922 5094 2049 5162 quia
2078 5094 2248 5149 lucem
2285 5096 2494 5151 habitat
2522 5098 2971 5156 inaccessibilem.
3005 5105 3071 5159 Et
3100 5107 3240 5162 sicut
3273 5109 3399 5164 item
3423 5111 3498 5165 di-

1925 5185 2004 5237 dit
2028 5184 2315 5253 Apostolus
2342 5204 2354 5237 :
2384 5185 2549 5251 Quem
2573 5188 2698 5243 vidit
2736 5191 2909 5247 nulius
2947 5194 3240 5263 hominum,
3277 5200 3367 5254 sed
3404 5217 3497 5254 nec

1923 5277 2099 5329 videre
2118 5287 2279 5346 potest
2296 5278 2347 5349 (ι
2376 5278 2507 5331 'l'im.
2532 5279 2630 5349 vt).
2653 5278 2835 5353 Caligo
2863 5302 3093 5357 namque
3121 5289 3232 5356 illa,
3252 5292 3495 5345 obscuri-

1924 5377 2007 5420 tas
2025 5377 2108 5422 cst
2134 5384 2452 5424 arcanorum
2475 5371 2798 5440 cmlestium,
2826 5380 3055 5433 terrenis
3082 5381 3297 5449 quidem
3321 5380 3496 5435 cordi.

1923 5461 2022 5514 bus
2052 5460 2460 5528 inaccessibilis,
2482 5465 2575 5520 sed
2603 5463 2769 5538 Moysi
2800 5477 2854 5524 et
2884 5473 3097 5526 cmteris
3116 5472 3313 5526 mundo
3333 5474 3499 5528 corde

1925 5553 2117 5620 beatis,
2152 5557 2331 5612 divina
2363 5568 2638 5613 reseruate
2657 5560 2858 5629 gratia,
2889 5561 3257 5629 penetrabilis.

1999 5655 2130 5708 Erat
2166 5668 2336 5710 autem
2372 5660 2565 5727 species
2586 5659 2768 5729 gloria?
2797 5658 3027 5719 Domini.
3050 5675 3207 5727 quasi
3238 5661 3373 5731 ignis
3411 5681 3508 5716 ar-

2985 5749 3023 5808 5
