3992 6182
484 201 552 257 39
1093 195 1152 249 Β.
1198 193 1452 249 RABANI
1492 190 1715 249 MAURI
1758 190 2080 245 ARCHIEP.
2126 180 2433 273 MOGUXT.
2478 192 2761 248 OPERUM
2806 191 2983 247 PARS
3018 191 3056 247 1.
3621 194 3722 252 NO

447 321 574 369 deus
610 326 766 383 super
807 311 1043 364 verticem
1091 310 1322 364 montis:
1373 311 1427 362 in
1477 318 1753 379 conspectu
1795 307 2030 377 filiorum
2060 308 2107 366 Α
2135 306 2370 373 cientque
2398 309 2523 361 mihi
2567 309 2947 371 sanctuarium,
2993 320 3039 361 et
3065 308 3309 361 habitabo
3347 309 3402 362 in
3429 309 3598 365 medio
3633 329 3724 367 eo-

450 402 642 459 Israel.
678 400 842 468 Quasi
889 400 1027 470 ignis
1078 416 1314 469 namque
1363 397 1561 454 ardens
1601 397 1811 468 species
1850 397 2037 469 gloria:
2142 414 2275 450 rum.
2303 397 2508 451 Cuncta
2536 398 2650 467 haec
2679 414 2799 467 qua:
2829 397 3223 453 Dominus'sibi
3260 415 3289 452 a
3321 399 3497 469 priori
3528 401 3725 472 populo

446 493 664 551 Domini
703 491 969 563 apparuit,
1032 491 1160 560 quia
1217 493 1381 545 corda
1434 491 1753 553 electorum,
1797 498 1855 543 et
1892 489 2035 544 dono
2139 488 2205 541 ad
2243 486 2549 543 faciendum
2589 491 2960 544 sanctuarium
2990 491 3347 545 materialiter
3373 490 3554 547 offerri
3588 509 3727 562 pras-

448 584 693 642 scicntite
722 581 959 638 caelestis
998 580 1253 646 illustrat,
1286 589 1341 635 et
1371 581 1567 635 ardore
1612 595 1724 634 sua:
1751 577 2037 649 charitatis
2139 573 2287 643 cipit,
2322 590 2420 627 nos
2448 590 2666 644 quoque
2698 575 2789 644 qui
2820 574 3126 644 spirituales
3159 575 3253 630 ﬁlii
3285 576 3449 631 Israel
3485 578 3727 636 imitato-

451 677 769 749 inﬂammat.
794 675 851 730 ln
879 673 1023 729 nube
1048 689 1199 744 ergo,
1233 673 1462 744 caligine
1492 681 1548 727 et
1580 672 1703 743 igne
1730 671 1898 743 gloria
1932 671 2038 725 Do-
2139 680 2229 718 res
2262 664 2475 717 Domini
2506 665 2741 719 videntis
2771 664 2953 735 populi
3002 680 3121 720 esse
3143 664 3541 732 desideramus,
3564 669 3727 738 spiri-

450 772 583 827 mini
618 772 729 825 visa
776 775 881 824 εει,
907 767 967 822 ιη
1003 768 1146 823 nube
1174 767 1447 832 videlicet,
1481 766 1607 836 quia
1651 780 1750 820 nos
1794 766 1863 821 ab
1902 771 2037 818 ωειιι
2139 757 2269 811 tuali
2338 758 2692 829 intelligentia
2744 760 3004 814 debemus
3060 758 3279 815 oﬂ‘errc.
3324 761 3423 816 Cui
3476 763 3725 818 videlicet

449 863 811 917 tentationum
849 859 1117 931 protegit;
1163 858 1219 912 in
1266 858 1667 929 caligineqvero,
1693 858 1821 927 quia
1848 865 2025 927 poten-

2153 866 2332 903 aurum
2367 849 2665 915 oll‘crimus,
2695 864 2816 905 cum
2842 851 3088 906 claritate
3115 867 3256 905 verae
3282 854 3580 923 sapientiae,
3605 871 3729 923 quae

451 952 521 1006 tia
546 950 870 1022 maiestatis,
902 964 933 1002 a
965 948 1111 1002 nulla
1148 955 1328 1017 potest
1370 957 1621 1003 creatura
1650 947 1720 1001 ad
1763 946 2034 1017 integrum
2139 948 2224 994 est
2253 941 2304 994 in
2338 940 2441 994 ﬁde
2470 949 2638 1005 recta.
2688 942 3130 1012 τεθριεηάεηιιιες
3153 954 3467 1017 argentum.
3495 958 3618 999 cum
3647 960 3733 999 er-

445 1040 854 1113 compxebendi.
885 1040 995 1093 Pax
1027 1040 1171 1094 enim
1212 1038 1311 1093 Dei
1337 1045 1632 1108 exsuperat
1671 1052 1890 1091 omnem
1916 1052 2041 1091 sen-
2138 1047 2263 1088 rore
2285 1040 2469 1088 nostro
2495 1033 2763 1089 confessio
2780 1031 2839 1087 ﬁt
2860 1035 2912 1088 in
2936 1034 3197 1094 salutem;
3225 1052 3314 1096 ws,
3337 1050 3459 1090 cum
3478 1037 3730 1091 eamdem

451 1148 593 1188 sum.
631 1132 687 1185 lu
719 1131 844 1201 igne
878 1139 1061 1184 autem
1091 1128 1338 1194 ardente,
1370 1128 1498 1199 quia
1539 1136 1748 1182 mentes
1796 1127 2034 1182 ﬁdelium
2138 1124 2299 1179 ﬁdem
2326 1124 3001 1197 publicaprmdicatione
3053 1125 3331 1195 divulgare
3391 1128 3725 1196 gaudemus;

451 1237 809 1293 supernorum
854 1220 1119 1275 bonorum
1149 1219 1462 1288 cognitione
1486 1218 1821 1283 irradiat,,et
1849 1233 1943 1288 spe
1972 1234 2037 1274 ac
2138 1215 2501 1286 hyacinthum,
2525 1233 2646 1270 cum
2667 1230 2887 1271 sursum
2915 1217 3076 1271 corda
3110 1216 3379 1281 levamus;
3410 1224 3728 1287 purpuram,

449 1302 739 1367 dilectione
767 1309 1034 1366 accendit.
1068 1310 1134 1364 Et
1164 1310 1306 1364 hanc
1325 1310 1541 1379 quidem
1569 1309 1781 1367 Domini
1808 1307 2037 1387 gloriam
2139 1322 2267 1364 cum
2314 1322 2511 1377 corpus
2562 1308 2803 1377 passioni
2855 1305 3208 1376 subjicimus;
3260 1325 3469 1363 coccum
3513 1309 3593 1363 bis
3632 1310 3732 1364 tin-

457 1403 548 1457 ﬁlii
597 1402 763 1456 Israel
792 1402 858 1456 de
918 1401 1074 1470 longe
1120 1409 1175 1455 et
1229 1400 1297 1455 ab
1348 1397 1699 1455 inferioribus
1749 1399 2036 1469 aspiciimt,
2139 1407 2300 1465 ctum,
2329 1413 2452 1453 cum
2480 1399 2714 1470 gemina,
2742 1398 2796 1454 id
2824 1408 2927 1465 est,
2951 1400 3047 1454 Dei
3070 1408 3127 1453 et
3155 1400 3388 1470 proximi
3413 1400 3728 1463 tlilcc2ione,

455 1494 666 1567 Moyses
691 1509 819 1547 vero
842 1492 1004 1547 altius
1030 1491 1370 1546 ascendendo
1402 1490 1840 1561 penetratzquia
1881 1489 2040 1543 nimi—
2141 1487 2464 1559 ﬁagramus;
2525 1491 2755 1560 byssum,
2807 1507 2929 1546 cum
2971 1491 3153 1545 carnis
3205 1492 3510 1545 castitatem
3559 1493 3733 1547 senti-

454 1600 572 1639 rum
613 1583 794 1638 abdita
821 1583 1205 1653 mysteriorum
1237 1580 1542 1634 divinorum
1568 1579 1769 1649 quique
1793 1575 2036 1648 perfecte
2142 1594 2292 1645 mus;
2322 1579 2455 1649 pilos
2500 1596 2803 1651 caprarum,
2842 1597 2965 1636 cum
3019 1576 3262 1635 baliiium
3293 1582 3636 1651 poenitentia:
3664 1598 3730 1635 ac

452 1690 517 1729 ac
539 1673 845 1732 sublimiter
868 1673 1083 1738 vident;
1116 1678 1212 1725 aut
1250 1685 1351 1725 nos
1387 1678 1587 1724 nostrae
1614 1682 1884 1723 memores
1923 1665 2035 1721 fra—
2061 1665 2108 1725 B
2136 1670 2314 1727 luctus
2364 1673 2687 1739 induimus;
2728 1674 2889 1744 pelles
2933 1665 3161 1728 arietum
3213 1675 3532 1740 rubricatas,
3602 1692 3730 1731 cum

451 1766 675 1836 gilitatis
702 1774 756 1821 et
801 1765 1028 1829 inertim,
1079 1771 1133 1818 et
1183 1762 1229 1816 si
1270 1763 1387 1817 haec
1434 1761 1640 1817 intrare
1683 1759 2039 1830 comprehen-
2144 1762 2288 1834 ipsos
2316 1762 2582 1820 Dominici
2612 1765 2792 1837 gregis
2818 1765 3097 1831 ductores,
3121 1782 3220 1820 suo
3246 1767 3509 1838 sanguine
3554 1767 3733 1839 ικιριῑ.

452 1856 630 1911 δοτιάο
660 1855 968 1924 nequimus,
1019 1851 1212 1907 saltem
1249 1849 1541 1917 credendo,
1586 1849 1873 1927 sperando.
1916 1847 2040 1903 dili-
2143 1863 2293 1909 zatos
2330 1855 2611 1921 videmus;
2651 1855 2809 1926 pelles
2857 1856 3245 1927 hyacinthinus,
3292 1874 3414 1911 cum
3460 1874 3562 1914 nos
3610 1856 3735 1930 post

455 1949 650 2018 gendo,
692 1948 746 2003 in
795 1946 1041 2017 proximo
1091 1959 1313 1999 manere
1359 1951 1523 2013 atque
1553 1941 1850 2012 aspectare
1883 1955 2042 1996 cure-
2142 1956 2371 2002 mortem
2407 1948 2712 2018 spiritualia
2750 1948 2804 2002 in
2844 1948 3000 2003 caelis
3026 1964 3253 2017 corpora
3303 1951 3585 2003 habituros
3613 1966 3737 2006 (‘5st

456 2057 594 2097 mus.
621 2040 1001 2111 Ingressusque
1028 2036 1235 2106 Μουεεε
1276 2035 1503 2090 medium
1536 2032 1763 2099 ηεθυίαεν
1804 2031 2042 2087 ﬂuendi!
2143 2052 2455 2109 speramus;
2489 2034 2633 2109 ligna
2654 2040 2858 2104 sethim,
2886 2055 3009 2093 cum
3040 2041 3354 2111 expurgatis
3378 2050 3733 2110 peccatorum

450 2143 719 2188 montem:
750 2139 797 2184 et
838 2129 936 2200 fuit
970 2127 1041 2182 ibi
1080 2126 1435 2198 quadraginta
1483 2124 1688 2187 diebus.
1725 2133 1774 2177 et
1807 2122 2042 2193 quadra-
2116 2127 2390 2199 spinetis,
2423 2130 2622 2184 munda
2649 2144 2813 2184 carne
2847 2138 2901 2184 et
2922 2130 3127 2193 anima,
3167 2131 3265 2185 soli
3299 2132 3525 2186 Domino
3562 2133 3733 2186 servi—

449 2232 597 2293 ginta
650 2223 908 2279 noctibus.
954 2220 1166 2292 Moyses
1198 2220 1451 2279 ,medium
1494 2216 1703 2272 nebulae
1740 2216 2025 2286 ingressus,

2165 2236 2265 2275 nus
2291 2237 2305 2287 ;
2338 2220 2510 2274 oleum
2536 2219 2605 2273 ad
2632 2219 2918 2273 luminaria
2947 2221 3335 2287 concinnanda,
3385 2238 3509 2275 cum
3540 2221 3738 2277 fructi-

456 2313 699 2373 ascendit
723 2311 778 2367 in
807 2320 1067 2375 montem,
1095 2325 1220 2364 cum
1252 2308 1635 2377 praedicatores
1662 2306 1855 2376 divina:
1882 2303 2032 2375 legis,

2162 2327 2245 2367 )US
2276 2311 2559 2366 charitatis
2586 2318 2639 2365 et
2670 2311 3056 2369 misericordiae
3077 2309 3443 2381 refulgemus;
3488 2321 3738 2366 aromata

450 2408 508 2461 in
538 2405 734 2475 quibus
760 2404 874 2474 ipse
902 2402 1114 2474 Moyses
1134 2401 1367 2457 eximius
1392 2409 1532 2465 erat,
1570 2399 1637 2453 ad
1668 2398 1927 2454 intuenda
1951 2412 2044 2451 su-
2144 2401 2199 2455 in
2230 2410 2589 2471 unguentum,
2620 2410 2675 2456 et
2716 2402 3011 2473 thymiama
3052 2400 3178 2455 boni
3223 2402 3426 2465 odoris,
3459 2393 3587 2456 etim
3622 2406 3740 2474 opi-

453 2496 691 2550 hlimiter
720 2495 928 2550 incerta
976 2503 1031 2548 et
1074 2491 1286 2548 occulta
1335 2491 1615 2562 sapientiae
1650 2490 1866 2555 divinae,
1910 2488 2046 2542 invi-
2144 2493 2363 2546 nionem
2386 2492 2541 2546 bona;
2575 2498 2777 2546 nostra:
2804 2490 3054 2553 actionis,
3081 2491 3310 2545 multum
3334 2493 3399 2546 ad
3423 2477 3739 2562 exemplum

456 2594 603 2640 unite
651 2601 713 2640 ac
764 2585 996 2640 ducente
1038 2583 1288 2648 Domino,
1335 2591 1643 2653 penetrant.
1694 2582 1820 2635 Fuit
1861 2588 2043 2635 autem
2072 2566 2099 2579 ’
2144 2585 2289 2639 ὺειιθ
2324 2583 2566 2648 vivendi,
2617 2583 2775 2653 longe
2822 2575 3037 2651 lateque
3092 2579 3476 2645 dimtndimus;
3531 2582 3739 2654 lapides

455 2695 579 2733 cum
605 2677 834 2733 Domino
872 2662 1083 2749 Moyses
1109 2676 1470 2747 quadraginta
1498 2676 1692 2730 diebus
1717 2683 1773 2729 et
1811 2674 2043 2744 quadra-
2145 2675 2430 2746 onychino:
2473 2682 2521 2727 et
2563 2662 2795 2745 gemmas
2841 2673 2913 2726 ad
2937 2666 3234 2727 ornandum
3264 2664 3431 2744 ephori
3472 2691 3534 2727 ac
3575 2676 3743 2727 ratio-

455 2773 606 2842 ginta
655 2772 930 2835 noctibus,
976 2779 1037 2824 ut
1074 2771 1177 2825 hoc
1230 2784 1457 2823 numero
1484 2768 1759 2838 temporis
1788 2767 2043 2832 disceret,
2146 2762 2291 2829 nale,
2332 2759 2771 2842 cummiracula-
2797 2771 3110 2817 sanctorum
3138 2762 3334 2832 quibus
3379 2763 3743 2841 cogitationes

455 2865 599 2933 quod
628 2863 705 2917 illi
732 2863 1067 2919 solummodo
1091 2861 1407 2932 decalogum
1435 2860 1588 2932 legis,
1614 2843 1775 2930 quem
1801 2876 1923 2916 cum
1948 2874 2045 2914 suo
2148 2854 2260 2911 Deo
2294 2855 2538 2921 devotas,
2569 2864 2625 2933 et
2665 2871 2837 2927 opera
2861 2855 3122 2910 virtutum
3152 2856 3315 2924 digna
3354 2856 3512 2912 laude
3541 2859 3745 2928 praedio

456 2954 652 3025 papula
684 2962 984 3024 acceperat,
1015 2962 1237 3024 possent
1272 2952 1519 3022 implere,
1557 2950 2047 3020 quos_evangelic:e
2146 2963 2355 3013 camus,
2391 2956 2555 3017 atque
2598 2949 2714 3003 haec
2760 2948 2813 3002 in
2866 2948 3197 3019 adjutorium
3237 2957 3438 3012 nostra:
3481 2950 3609 3018 ﬁdei
3650 2953 3743 3006 ubi

455 3046 626 3116 gratia
682 3044 947 3106 veritatis,
1005 3059 1125 3113 quae
1181 3052 1413 3111 quatuor
1468 3041 1621 3122 libris
1671 3048 1790 3094 erat
1837 3035 2114 3096 descri-C
2146 3053 2282 3108 opus
2330 3039 2534 3105 fuerit,
2605 3034 2951 3116 aSsnmimus.
3011 3040 3147 3107 Quia
3193 3042 3339 3096 enim
3388 3042 3441 3096 in
3493 3044 3746 3099 humeris

457 3137 654 3201 benda,
674 3136 910 3208 juvarct.
2149 3144 2315 3183 onera
2356 3139 2572 3201 gestare
2603 3130 2858 3195 solemus,
2894 3140 2951 3185 et
2976 3140 3123 3187 recte
3162 3148 3261 3203 per
3286 3134 3487 3203 ephod,
3530 3135 3587 3189 id
3635 3146 3741 3198 est,

1057 3222 1284 3278 CAPUT
1327 3221 1456 3278 VIII.
2149 3221 2613 3290 superbumcralc.
2646 3238 2811 3293 opera
2836 3221 3130 3291 iustorum,
3156 3232 3211 3280 et
3250 3226 3327 3295 pii
3369 3242 3470 3296 pro
3507 3226 3746 3284 Domino

462 3317 542 3372 De
569 3333 628 3371 eo
658 3316 799 3388 quod
822 3315 1028 3398 locutus
1059 3324 1134 3369 est
1168 3313 1423 3398 Dominus
1455 3312 1523 3367 ad
1552 3311 1766 3383 Moysen
1795 3311 1860 3366 de
1894 3311 2042 3366 obla-
2149 3309 2384 3376 labores,
2422 3312 2785 3368 insinuantur.
2819 3313 2956 3381 Quia
3002 3330 3129 3381 vero
3167 3315 3220 3370 in
3263 3327 3487 3386 pectore
3526 3321 3746 3390 cogita-o

977 3393 1118 3440 ιῖοηε
1145 3393 1522 3455 Ρτῖηιίηαηιηιο
2150 3402 2355 3457 tinuum
2387 3406 2543 3460 sedes
2569 3414 2673 3471 est,
2717 3416 2865 3480 recte
2903 3407 2959 3462 in
3002 3408 3253 3463 rationali
3282 3410 3375 3479 qui
3404 3420 3487 3464 est
3519 3412 3745 3468 habitus

534 3503 758 3556 Locutus
788 3509 863 3555 est
909 3498 1162 3553 Dominus
1193 3498 1262 3551 ad
1310 3494 1529 3571 Moysen
1561 3495 1740 3550 dicens
1762 3510 1781 3547 :
1813 3494 2046 3568 Loquere
2145 3494 2389 3563 pectoris
2412 3494 2791 3562 sacerdotalis,
2839 3498 3053 3552 munda:
3100 3498 3403 3554 electorum
3446 3503 3745 3573 cogitatio-

460 3594 587 3663 ﬁliis
619 3591 813 3656 Israel,
841 3601 895 3645 ut
942 3589 1131 3644 tollant
1179 3589 1307 3643 mihi
1342 3587 1619 3659 primitias.
1658 3587 1735 3642 Ab
1762 3588 1905 3642 omni
1945 3588 2045 3642 ho-
2149 3599 2247 3639 nes
2294 3586 2691 3656 exprimuntur.
2742 3587 3077 3660 Lapidesque
3115 3592 3371 3662 onychini
3409 3602 3463 3646 et
3508 3610 3745 3664 gemma:

460 3686 602 3739 utine
632 3683 721 3743 aui
769 3683 922 3755 o/fcrt
964 3680 1253 3744 ultroneus,
1300 3681 1565 3751 accipietis
1604 3668 1865 3752 primitias
1916 3682 2046 3735 mihi
2147 3683 2342 3745 ornant
2371 3675 2544 3745 epbod
2572 3693 2635 3732 ac
2668 3679 2950 3739 rationale.
2981 3695 3105 3734 cum
3137 3682 3355 3739 eximiis
3396 3700 3742 3754 summorum

465 3775 669 3847 (Exod.
703 3774 851 3846 xxv).
888 3775 953 3830 Et
982 3788 1081 3829 nos
1120 3773 1392 3843 primitias
1428 3774 1694 3829 honorum
1734 3782 2044 3831 nostrorum
2148 3764 2369 3823 Patrum
2415 3760 2713 3824 actibus'ct
2756 3770 3194 3840 c0gitatiouibus,
3239 3773 3403 3827 etiam
3444 3774 3740 3832 miraculo.

462 3866 695 3922 Domino
720 3865 1018 3931 oﬁ‘erimus,
1049 3867 1267 3935 quando
1305 3865 1349 3919 si
1382 3864 1511 3933 quid
1548 3864 1675 3919 boni
1705 3865 1937 3935 agimus,
1966 3871 2048 3918 to-
2150 3874 2269 3913 rum
2299 3857 2529 3931 insignia
2547 3860 2870 3932 junguntur.

463 3968 579 4013 tum
607 3960 712 4014 hoc
746 3956 942 4011 divina:
988 3955 1173 4027 gratiae
1218 3954 1524 4018 tribuimus,
1567 3953 1835 4008 veraciter
1863 3963 1918 4012 et
1960 3953 2046 4008 in-
2684 3954 2689 3957 ’
2767 3953 2995 4011 CAPUT
3035 3955 3125 4009 IX.

464 4053 598 4107 timo
622 4065 690 4105 ex
720 4049 882 4106 corde
916 4048 1235 4120 proﬁtentes
1271 4047 1415 4116 quod
1456 4061 1525 4102 ne
1575 4047 1788 4101 initium
1829 4046 2047 4116 quidem
2183 4046 2262 4101 De
2295 4057 2550 4117 pra'cepm
2586 4050 2847 4118 quomodo
2874 4053 3237 4105 sanctuarium
3266 4052 3416 4122 jubet
3446 4029 3708 4109 construi.

461 4144 619 4199 bona:
644 4140 873 4197 actionis
898 4149 992 4215 aut
1012 4137 1356 4210 cogitationis
1386 4137 1609 4207 aliquid,
1634 4136 1737 4190 nisi
1765 4152 1795 4190 a
1822 4136 2048 4191 Domino
2220 4139 2542 4211 Facicnrque
2567 4141 2716 4206 nubi,
2751 4143 2947 4212 inquit,
2983 4145 3367 4209 sanctuarium,
3417 4156 3462 4201 et
3489 4146 3744 4201 habitabo

464 4232 735 4303 possimus
772 4232 993 4295 haltere,
1024 4229 1166 4284 mala
1195 4242 1323 4284 vero
1351 4238 1561 4293 nostra,
1592 4242 1804 4310 semper
1833 4242 1863 4282 a
1895 4226 2050 4281 nobis
2149 4232 2203 4286 in
2230 4233 2397 4286 medio
2419 4249 2598 4286 eorum
2626 4247 2641 4285 .‘
2658 4244 2818 4303 juxta
2843 4252 3044 4290 onmem
3076 4238 3472 4293 similitudinem
3498 4240 3747 4295 taberna-

453 4325 600 4394 'ipsis
642 4321 856 4378 diabolo
889 4321 1200 4393 instigante,
1246 4328 1300 4376 et
1328 4328 1507 4391 empta
1554 4329 1608 4374 et
1651 4327 2046 4386 consummata,
2083 4382 2125 4395 λ
2154 4323 2260 4378 culi
2287 4324 2427 4395 quod
2457 4324 2729 4380 ostendam
2767 4328 2882 4392 tibi,
2913 4338 2960 4382 et
3002 4331 3236 4384 omnium
3268 4348 3508 4385 vasorum
3544 4334 3600 4387 in
3628 4334 3747 4387 cul-

452 4431 565 4471 ‘ticc
609 4416 712 4470 nisi
760 4415 989 4470 Domino
1037 4415 1292 4479 donante,
1348 4414 1579 4470 laxanda
1627 4430 1746 4469 esse
1795 4413 2046 4470 fatemur.
2083 4382 2128 4441 Β
2154 4423 2265 4469 tum
2299 4415 2435 4485 ejus.
2468 4414 2716 4471 Ostendit
2746 4417 2912 4489 Moysi
2945 4420 3204 4476 Dominus
3240 4420 3651 4477 tabernaculum
3686 4425 3745 4478 in

456 4506 608 4560 Bene
635 4512 813 4559 autem
840 4505 1150 4573 praecipitur
1181 4504 1391 4575 Moyses
1416 4505 1484 4560 ab
1526 4505 1744 4559 homine
1771 4504 1862 4575 qui
1892 4503 2053 4560 offert
2156 4514 2361 4571 monte,
2412 4516 2467 4560 et
2513 4522 2642 4561 vasa
2680 4509 2733 4562 in
2770 4508 2972 4564 cultum
3011 4522 3365 4567 consecrata:
3393 4514 3518 4582 quia
3561 4515 3744 4570 eidem

454 4597 747 4651 ultroneus
771 4596 1017 4666 accipere
1049 4595 1318 4666 primitias
1348 4615 1360 4649 :
1393 4596 1615 4651 hilarem
1644 4598 1789 4652 enim
1819 4597 2056 4651 datorem
2153 4612 2336 4653 secum
2368 4607 2521 4654 tanto
2565 4608 2809 4671 tempore
2843 4601 3148 4671 demoranti
3190 4604 3475 4659 manifeste
3514 4606 3749 4672 demon-

465 4688 639 4760 diligit
675 4689 836 4743 Deus.
868 4688 935 4742 Et
966 4688 1301 4760 Apostolus:
1332 4689 1454 4743 Non
1482 4707 1546 4744 ex
1594 4692 1809 4744 tristitia
1846 4708 1937 4745 nos
1965 4703 2055 4745 aut
2154 4690 2368 4756 stravit,
2421 4678 2623 4761 quanta
2682 4686 2906 4763 pietate,
2969 4695 3292 4761 humilitate,
3341 4708 3397 4751 et
3447 4694 3746 4766 munditia,

473 4780 799 4841 necessitate,
846 4779 937 4833 sed
978 4780 1246 4851 proposito
1290 4780 1464 4834 cordis
1513 4780 1647 4835 bona
1693 4780 1867 4850 facere
1904 4781 2057 4851 jubet
2154 4772 2385 4855 virtutes
2407 4785 2665 4855 angelica:
2694 4802 2791 4842 suo
2814 4786 3056 4844 Creatori
3084 4790 3317 4858 gaudent
3342 4790 3588 4856 obedire,
3620 4806 3753 4861 qua:

469 4873 556 4942 (II
579 4871 703 4927 Cor.
728 4872 826 4944 ix).
850 4872 1003 4939 Quod
1032 4887 1090 4927 sc
1115 4870 1301 4927 facere
1325 4872 1503 4928 sciens
1531 4872 1829 4944 Pr0pheta,
1856 4874 2053 4944 gloria-
2156 4882 2281 4927 sunt
2306 4874 2610 4943 perfectum
2647 4876 2700 4931 in
2738 4878 2991 4933 omnibus
3022 4879 3424 4935 tabernaculum
3455 4878 3607 4947 ejus;
3646 4884 3749 4952 qui

469 4975 558 5020 tur
618 4963 847 5018 Domino
914 4963 1100 5018 dicens
1159 4978 1173 5017 :
1226 4962 1529 5019 Valuntarie
1590 4965 1901 5034 sacriﬁcabo
1962 4968 2059 5023 tibi
2156 4981 2429 5035 nunquam
2463 4967 2516 5021 in
2548 4968 2628 5022 eis
2673 4984 2741 5023 ex
2773 4984 2881 5040 quo
2915 4972 3117 5026 conditi
3152 4982 3293 5035 sunt,
3324 4988 3542 5027 manere
3577 4983 3753 5044 atque

468 5055 644 5128 (Psol.
678 5054 814 5124 ι.ιιι).
870 5054 997 5109 lltec
1027 5065 1147 5110 sum
1184 5064 1361 5110 autem
1408 5073 1527 5128 qua:
1559 5057 1795 5127 accipere
1820 5058 2054 5115 debetis:
2157 5058 2462 5113 inhabitare
2483 5060 2735 5113 cessavit.
2766 5060 3199 5117 Tabernaculum
3247 5080 3375 5133 ergo
3403 5065 3544 5133 quod
3571 5064 3750 5136 Moysi

470 5150 691 5213 Aurum,
721 5158 994 5218 argentum
1027 5157 1073 5201 et
1115 5164 1208 5212 tes,
1256 5146 1596 5218 hyacinthum
1638 5165 1700 5203 ac
1728 5165 2055 5219 purpuram;
2155 5148 2211 5203 ia
2246 5157 2427 5202 monte
2470 5159 2833 5207 monstratum
2871 5163 2975 5219 est,
3018 5171 3249 5225 superna
3285 5166 3368 5210 est
3415 5156 3503 5209 illa
3546 5156 3752 5211 civitas

471 5258 782 5312 caecumque
813 5241 888 5295 bis
918 5242 1135 5296 tinctum
1165 5251 1211 5296 et
1250 5240 1479 5311 byssum,
1500 5241 1637 5312 pilos
1666 5258 1968 5313 caprarum,
2008 5254 2053 5297 et
2157 5247 2209 5291 ct
2237 5240 2410 5309 patria
2435 5241 2693 5309 caelestis,
2725 5260 2844 5315 quae
2871 5245 2961 5301 ἱΙῙο
2983 5247 3198 5316 quidem
3228 5255 3491 5316 ῑθηψθτθν
3520 5262 3588 5301 ΒΧ
3611 5247 3755 5303 SOliS

468 5330 629 5400 pelles
649 5331 873 5384 arietant
904 5330 1217 5395 rubricatas,
1245 5329 1402 5400 pelles
1428 5330 1819 5402 hyacinthinus,
1844 5341 1890 5386 et
1915 5332 2055 5403 ligna
2157 5332 2433 5387 exstitisse
2480 5335 2722 5393 creditur
2765 5338 2971 5408 angelis
3012 5339 3234 5393 sanctis.
3266 5339 3393 5394 Post
3428 5338 3752 5408 passiouent

471 5424 679 5491 set/tim,
708 5421 877 5477 oleum
900 5421 969 5476 ad
996 5421 1284 5477 luminaria
1309 5422 1697 5488 concinnanda,
1730 5434 1971 5479 aromata
2001 5426 2056 5479 in
2157 5437 2310 5487 vero,
2338 5426 2816 5494 resurrectionem,
2849 5429 3222 5484 ascensionem
3263 5431 3317 5485 in
3342 5430 3509 5486 caelos
3537 5432 3759 5486 media-

473 5525 818 5581 onquentnm,
850 5523 899 5569 et
920 5513 1206 5584 thymiama
1231 5513 1351 5568 boni
1378 5512 1574 5579 odoris,
1616 5511 1815 5584 lapides
1843 5515 2056 5585 onychi-
2159 5514 2290 5568 toris
2326 5513 2420 5571 Dei
2451 5525 2504 5571 ct
2545 5517 2847 5584 hominum,
2893 5528 2949 5575 et
2995 5520 3395 5578 multitudinem
3423 5522 3757 5592 praeclaram

477 5623 591 5670 nos,
616 5617 667 5661 et
689 5624 918 5677 gemmas
946 5609 1018 5662 ad
1043 5606 1336 5662 ornandum
1358 5605 1528 5679 ephod
1549 5623 1612 5660 ac
1636 5606 1912 5662 rationale.
1944 5607 2053 5681 Fa-
2155 5616 2208 5663 et
2229 5608 2501 5685 copiosam
2533 5618 2845 5665 sanctarum
2878 5610 3064 5681 rcc’pit
3087 5613 3412 5668 animarum.
3444 5614 3581 5670 Vasa
3610 5628 3760 5668 veto
