3992 6182
306 163 397 218 lii

1265 163 1766 221 COMMENTARIA
1807 166 1870 221 IN
1911 168 2222 225 EXODUM.
2267 204 2334 212 --
2372 172 2500 229 LIB.
2546 174 2629 230 ill.

3466 187 3570 240 iii

300 274 638 333 tabernaculi
706 276 873 340 illius,
926 276 1153 347 singula:
1196 294 1422 350 qumque
1474 288 1600 335 sunt
1635 296 1881 351 persona:
1910 286 1959 344 Α
1986 281 2194 347 blimia,
2223 285 2452 341 necdum
2484 298 2643 356 prout
2667 290 2887 361 dignum
2919 301 3065 359 erat,
3096 311 3288 367 capere
3332 300 3564 359 valebat.

297 370 586 439 spirituum
613 368 920 434 beatorum,
945 384 1012 424 ex
1033 371 1230 438 quibus
1245 373 1498 429 omnibus
1527 374 1641 443 ipsa
1661 371 1882 428 Jerusa-

297 457 402 511 lem
426 471 548 524 quze
570 465 665 511 est
701 465 878 512 mater
906 466 1154 517 nostrum
1178 462 1459 525 omnium,-
1483 462 1536 516 in
1583 478 1709 517 vera
1750 479 1885 533 pace

295 558 351 603 et
375 549 586 602 unitate
619 548 888 602 consistit.
922 547 1337 620 Notandumque
1374 552 1702 621 diligentius,
1741 555 1883 623 quod

295 640 670 696 sanctuarium
700 640 928 694 Domino
943 640 1123 696 facere
1153 642 1251 695 lilii
1274 642 1437 698 Israel
1464 642 1740 711 jubentur,
1777 662 1883 701 non

294 744 357 781 ex
390 737 547 797 parte
576 727 774 787 simile,
812 728 903 782 sed
922 727 1076 796 juxta
1113 745 1328 784 omnem
1368 732 1775 789 similitudinem
1803 743 1885 790 ta-

294 820 595 881 bernaculi,
639 821 783 889 quod
836 821 1072 875 ostendit
1112 822 1300 892 Moysi,
1337 826 1685 895 omniumque
1727 832 1884 881 vaso—

293 927 415 964 rum
446 912 499 964 in
549 912 758 965 cultum
795 910 929 978 ejus.
957 911 1112 979 Quod
1156 914 1203 967 si
1254 913 1395 969 forte
1424 916 1656 984 requiris
1692 917 1743 970 in
1775 933 1883 986 quo

292 1003 401 1056 hoc
422 1002 837 1074 tabernaculum
873 1004 1116 1068 cmicste,
1147 1021 1180 1059 ο
1210 1007 1369 1059 homo
1398 1007 1691 1077 terrigena,
1723 1010 1882 1079 spiri-

295 1094 515 1147 tualiter
543 1093 750 1147 imitari
776 1094 981 1157 valcas,
1006 1094 1279 1165 diligendo
1304 1099 1470 1151 Deum
1497 1107 1551 1152 et
1574 1102 1878 1168 proximos,

293 1182 397 1236 hoc
424 1183 674 1247 imitare;
708 1183 1077 1238 subveniendo
1112 1186 1347 1263 miseris,
1374 1196 1429 1241 et
1454 1188 1498 1241 si
1532 1203 1636 1241 non
1676 1189 1881 1260 angelis

289 1274 384 1343 qui
413 1288 607 1328 omnes
630 1274 777 1327 beati
805 1283 954 1339 sunt,
977 1286 1123 1331 certe
1148 1276 1476 1341 hominibus,
1511 1279 1612 1333 hoc
1642 1281 1877 1335 imitare.

294 1362 541 1416 Humiles
576 1373 726 1427 sunt,
757 1364 917 1418 mites
942 1375 1087 1426 sunt,
1130 1367 1359 1437 invicem
1398 1369 1592 1438 placati
1620 1382 1765 1435 sunt,
1799 1366 1880 1427 di-

290 1454 436 1505 vinis
494 1463 690 1522 parent
718 1452 889 1520 jussis
927 1456 1075 1510 :hoc
1125 1459 1176 1511 in
1220 1469 1479 1527 quantum
1525 1461 1674 1517 vales
1700 1503 1714 1527 ,
1764 1464 1882 1518 imi-

293 1550 432 1596 tare.
461 1541 608 1597 Nihil
626 1544 781 1608 mali,
808 1545 941 1598 nihil
964 1546 1144 1610 otiosi,
1180 1549 1314 1602 nihil
1338 1549 1632 1619 loquuntur
1654 1552 1872 1622 injuste,

1988 372 2145 427 Unde
2169 383 2226 428 et
2252 376 2319 429 de
2345 378 2666 447 quibusdam
2696 383 2939 452 mysticis
2978 385 3094 455 ejus
3136 389 3343 445 actibus
3383 404 3569 462 aperte

1988 462 2191 516 dictum
2222 472 2323 518 est.
2361 464 2489 519 Haec
2523 484 2625 520 non
2666 483 3013 539 cognoverunt
3050 474 3294 547 discipuli
3316 481 3430 550 ejus
3452 483 3566 554 pri-

1989 570 2154 619 mum,
2195 556 2285 609 sed
2314 559 2524 626 quando
2555 559 2875 629 gloriﬁcatus
2910 574 2984 617 cst
3033 565 3187 621 Jesus
3236 569 3415 640 (Iona.
3444 577 3566 646 xu).

1990 643 2252 699 Similiter
2282 657 2336 701 et
2378 649 2443 702 de
2491 649 2650 704 dictis
2682 651 2822 705 illius
2860 653 3304 714 sublimioribus:
3340 661 3408 716 ετ
3453 643 3569 720 erat

1986 736 2196 790 verbum
2238 738 2378 791 istud
2405 739 2767 796 absconditum
2794 749 2858 796 ab
2889 746 2982 809 eis,
3003 756 3051 801 et
3081 765 3184 802 non
3211 750 3568 823 intelligebant

1966 836 2106 892 ‘quw
2130 828 2443 895 dicebantur
2469 830 2621 903 (Luc.
2654 834 2736 904 ιι).
2769 835 3012 891 Habebat
3039 854 3164 894 arca
3198 844 3330 897 duos
3360 846 3571 900 cubitos

1987 917 2360 986 longitudinis,
2393 924 2518 991 quia
2551 926 2810 982 Dominus
2833 928 2884 982 in
2914 945 3079 985 carne
3107 932 3288 989 clarus
3317 937 3483 991 verbo
3515 951 3571 993 et

1986 1006 2196 1061 aetibus
2223 1013 2538 1079 apparebat.
2572 1014 2814 1071 Habebat
2844 1027 2898 1072 et
2927 1020 3203 1077 dimidium
3233 1025 3568 1097 cubiti,quia

1983 1099 2144 1152 ctiam
2182 1102 2487 1157 tarditatem
2522 1103 2903 1177 discipulorum
2922 1151 2936 1173 ,
2963 1113 3052 1180 qui
3083 1114 3311 1168 necdum
3337 1118 3565 1188 perfecti

1986 1191 2127 1244 dicta
2160 1192 2242 1246 vel
2270 1202 2389 1248 acta
2434 1197 2604 1263 ipsius
2646 1215 2840 1268 capere
2883 1211 3161 1270 poterant,
3192 1206 3572 1277 longanimiter

1982 1280 2207 1335 ferebat.
2244 1283 2412 1340 Unius
2441 1297 2559 1341 erat
2588 1289 2753 1344 cubiti
2785 1291 3012 1347 latitudo
3057 1311 3196 1351 arca:
3239 1299 3309 1353 ob
3352 1301 3570 1371 dispen-

1982 1373 2244 1428 sationem
2293 1377 2460 1446 ipsius
2503 1379 2795 1437 Dominicze
2847 1385 3163 1454 charitatis,
3213 1406 3320 1459 qua
3366 1392 3569 1450 electos

1980 1478 2108 1519 suos
2140 1466 2192 1519 in
2230 1466 2338 1522 Deo
2368 1469 2606 1526 adunare
2637 1475 2863 1528 curavit.
2915 1475 3040 1532 Hice
3084 1495 3211 1550 ergo
3247 1496 3370 1537 arca
3400 1500 3567 1539 unum

1980 1554 2219 1610 cubitum
2264 1558 2427 1613 habet
2469 1568 2523 1615 et
2565 1562 2895 1619 dimidium:
2931 1567 3056 1636 quia
3112 1567 3370 1627 Dominus
3404 1576 3564 1631 unica

292 1639 482 1701 agunt,
508 1633 770 1703 cogitant,
809 1635 1006 1689 divinis
1043 1637 1297 1703 indefessi
1327 1638 1594 1707 laudibus,
1624 1644 1792 1699 verbo
1819 1657 1873 1700 et
1905 1643 1950 1701 ll
1978 1659 2077 1699 nos
2110 1646 2310 1715 pietate
2349 1650 2453 1704 sibi
2492 1656 2557 1706 ac
2580 1652 2727 1708 Patri
2764 1633 3113 1713 associandos
3141 1661 3337 1733 diligit,
3365 1673 3420 1719 et
3466 1682 3567 1720 no-

289 1732 477 1779 men“:
517 1724 800 1783 assistunt.
856 1726 970 1781 lloe
1017 1736 1276 1798 quantum
1311 1734 1499 1803 potes,
1542 1733 1788 1801 imitare;
1826 1745 1882 1790 et

289 1815 668 1869 sanctuarium
716 1816 944 1873 Domino
972 1819 1126 1887 juxta
1172 1823 1479 1891 exemplum
1528 1826 1672 1895 quod
1713 1827 1880 1898 Moysi

289 1910 348 1963 in
396 1918 581 1962 monte
618 1919 989 1966 monstratum
1035 1923 1140 1979 est,
1192 1916 1491 1971 aediﬁcasti.
1539 1918 1882 1990 Veniensque

290 2000 553 2056 Dominus
580 2000 920 2060 et'Salvator
949 2015 1135 2061 noster
1168 2023 1290 2062 cum
1324 2008 1504 2075 Patre,
1537 2013 1879 2067 mansionem

291 2093 434 2161 apud
463 2103 517 2147 te
558 2091 724 2163 facit;
764 2095 896 2163 quin
941 2104 996 2150 et
1021 2106 1144 2167 post
1191 2100 1333 2155 hanc
1369 2103 1536 2156 vitam
1565 2103 1619 2156 in
1651 2098 1778 2157 illud
1827 2113 1880 2158 te

297 2187 713 2241 tabernaculum
742 2189 887 2257 quod
918 2190 1239 2256 imitaberis,
1265 2202 1529 2262 perpetuo
1552 2195 1767 2249 beatum
1796 2197 1880 2250 iu-

290 2279 564 2333 troducet.
597 2277 888 2348 Sequitur:
1410 2296 1427 2314 '

920 2372 1147 2430 CAPUT
1188 2373 1254 2430 Χ.

287 2460 590 2540 Descriptio
617 2479 769 2540 arcte
796 2466 1056 2540 quomodo
1100 2466 1345 2534 facienda
1379 2479 1490 2522 erat
1521 2487 1538 2522 :
1569 2473 1877 2540 propitiato-

398 2596 399 2599 η
543 2533 1129 2604 ι’ῑιιτηψήεηιὸἰηικηεὲ
1165 2554 1270 2590 non
1307 2549 1354 2591 et
1392 2533 1629 2594 vectium.

363 2643 555 2715 Sicque
578 2647 780 2715 facietis
807 2648 940 2703 illud
964 2664 982 2701 .'
1011 2651 1203 2705 Arcam
1238 2653 1301 2705 de
1330 2652 1486 2723 lignis
1522 2654 1705 2708 sethim
1734 2674 1875 2710 com-

286 2736 510 2806 pingite.
555 2736 692 2791 Arca
737 2754 861 2808 qtae
898 2741 1074 2810 primo
1122 2743 1363 2796 omnium
1414 2744 1469 2796 in
1522 2746 1874 2801 tabernaculo

291 2825 409 2879 ﬁeri
427 2823 671 2893 iubetur,
692 2844 803 2883 non
832 2830 1128 2902 incongrue
1149 2832 1319 2901 ipsam
1361 2833 1572 2887 Domini
1601 2833 1659 2888 et
1686 2832 1875 2889 Salva—

289 2917 429 2970 toris
456 2918 627 2971 nostri
672 2919 1101 2976 incarnationem
1142 2921 1389 2994 designat
1439 2937 1453 2977 :
1499 2924 1552 2978 in
1589 2939 1695 2993 quo
1746 2934 1874 2979 sunt

1981 1743 2108 1789 strue
2151 1750 2364 1807 quoque
2424 1744 2779 1810 capacitatem
2827 1747 3565 1829 dilectionis,qualiscunque

1960 1824 2034 1877 in
2060 1825 2161 1881 hac
2192 1829 2301 1882 vita
2329 1845 2450 1886 esse
2476 1840 2683 1901 potest,
2713 1851 2865 1906 teque
2907 1840 2993 1909 pia
3040 1842 3376 1915 benignitate
3418 1824 3567 1903 coin-

1978 1914 2253 1982 plectitur,
2285 1920 2455 1977 donec
2479 1925 2545 1978 ad
2576 1926 2692 1994 ejus
2721 1928 3003 1995 visionem,
3033 1934 3122 1987 ubi
3157 1914 3280 1991 eum
3333 1953 3399 1993 ex
3445 1930 3564 1995 toto

1979 2007 2163 2072 corde,
2197 2017 2304 2063 tota
2345 2012 2556 2078 anima,
2592 2018 2712 2070 tota.
2741 2019 2944 2075 virtute
2993 2024 3278 2094 diligamus
3302 2070 3316 2092 ,
3360 2030 3564 2085 intrare

1979 2111 2305 2155 mereamur.
2339 2104 2580 2159 Altitudo
2610 2123 2824 2179 quoque
2848 2126 2988 2167 arca:
3012 2115 3291 2185 aptissime
3321 2129 3439 2175 erat
3467 2137 3563 2176 cu-

1977 2187 2076 2241 biti
2105 2189 2265 2245 unius
2302 2199 2356 2246 et
2396 2194 2605 2249 dimidii
2634 2219 2645 2248 ι
2677 2198 2929 2255 videlicet
2952 2188 3561 2277 pmptersignillcatio-

1977 2291 2101 2332 nem
2132 2280 2307 2335 unica:
2329 2284 2464 2353 spei,
2494 2298 2601 2354 qua
2628 2285 2711 2342 vel
2739 2289 2998 2345 Dominus
3024 2292 3138 2361 ipse
3166 2309 3287 2349 cum
3326 2306 3470 2353 esset
3508 2299 3562 2353 iu

1976 2386 2140 2426 carne
2170 2373 2448 2429 nobiscum
2486 2377 2683 2434 futura:
2725 2383 3142 2439 resurrectionis
3168 2393 3221 2440 et
3245 2390 3560 2455 posterioris

1976 2461 2161 2532 gloria
2189 2466 2607 2533 praestolabatur
2630 2479 2904 2538 eventum,
2936 2474 3019 2528 vel
3040 2491 3139 2529 nos
3167 2476 3310 2531 inter
3329 2478 3556 2535 adversa

1976 2552 2177 2619 saeculi,
2191 2565 2411 2627 prepter
2441 2557 2744 2628 futurorum
2774 2564 2994 2632 prtemia
3026 2563 3561 2640 bonorum,gaudere

1978 2658 2197 2716 semper
2221 2648 2497 2706 admonet.
2883 2653 2887 2656 ’
3154 2660 3159 2664 ’

2046 2733 2116 2787 Et
2145 2735 2427 2794 deaurabis
2453 2730 2569 2794 eam
2595 2759 2750 2808 auro,
2778 2746 3122 2802 mundissimo
3150 2752 3291 2803 intus
3316 2759 3364 2804 et
3401 2752 3554 2821 foris.

1977 2821 2402 2897 Facies'insuper
2427 2846 2676 2886 coronam
2713 2850 2929 2888 auream
2959 2853 3053 2905 per
3082 2838 3376 2893 circuitum.
3414 2842 3556 2898 Area

1977 2914 2123 2971 intus
2156 2925 2211 2971 et
2240 2917 2374 2975 foris
2410 2936 2544 2976 auro
2573 2925 2929 2980 mundissimo
2958 2928 3276 2995 deauratur,
3312 2933 3436 3001 quia
3465 2951 3556 2991 as-

287 3010 736 3064 omnesthesiuri
758 3011 1034 3081 sapientiae
1060 3022 1115 3067 et
1144 3014 1387 3069 scientia:
1402 3016 1724 3070 absconditi.
1743 3016 1872 3084 Qua:
1898 2994 1943 3056 C
1975 3015 2188 3076 sumpta
2223 3023 2254 3063 ιι
2284 3008 2421 3065 Filio
2451 3011 2547 3066 Dei
2583 3012 2819 3068 humana
2857 3023 3070 3082 natura.
3097 3026 3149 3072 et
3180 3020 3322 3087 intus
3353 3023 3557 3080 virtute

288 3102 542 3159 videlicet
565 3120 695 3159 arca
730 3107 868 3160 bene
891 3108 958 3161 de
1002 3107 1164 3177 lignis
1189 3111 1385 3164 sethim
1415 3112 1685 3184 compingi
1710 3114 1871 3185 jube-

288 3201 395 3247 απ.
450 3192 619 3263 Ligna
660 3195 859 3266 quippe
899 3196 1099 3251 sethim
1141 3198 1273 3254 levis
1316 3207 1478 3271 atque
1528 3201 1874 3272 imputribilis

288 3282 540 3337 feruntur
562 3298 688 3339 esse
712 3293 920 3339 naturae
939 3327 953 3350 ,
984 3302 1092 3341 non
1123 3289 1354 3347 multum
1387 3306 1418 3344 a
1453 3292 1716 3361 qualitate
1737 3294 1873 3350 albae

287 3371 454 3440 spina:
480 3372 760 3427 distantia.
783 3373 924 3430 Arca
950 3391 1081 3447 ergo
1108 3378 1175 3433 de
1202 3378 1360 3451 lignis
1384 3383 1580 3436 sethim
1601 3382 1743 3439 facta
1766 3394 1869 3451 est,

288 3463 415 3530 quia
445 3478 647 3532 corpus
676 3464 1015 3524 Dominieum
1045 3484 1113 3523 ex
1143 3471 1402 3527 membris
1416 3475 1705 3530 constabat
1722 3478 1870 3531 omni

287 3555 540 3609 vitiorum
566 3555 689 3611 labe
721 3559 1052 3615 carentibus.
1082 3561 1148 3614 Et
1176 3562 1291 3616 haec
1316 3565 1507 3620 eadem
1548 3576 1675 3621 sunt
1723 3568 1870 3639 ligna

290 3644 456 3713 spinis
488 3646 808 3702 simillima:
838 3649 962 3719 quia
996 3658 1051 3705 et
1104 3652 1151 3705 si
1203 3668 1307 3707 non
1348 3654 1405 3708 in
1446 3673 1606 3711 carne
1648 3660 1866 3728 peccati,

287 3744 455 3791 tamen
491 3740 548 3791 in
590 3740 939 3799 s’militadine
980 3743 1114 3796 venit
1165 3745 1340 3809 carnis
1379 3748 1612 3817 peccati,
1638 3757 1698 3803 ut
1732 3749 1872 3818 Apo-

286 3827 453 3881 stolus
482 3829 560 3896 ait
593 3828 778 3901 (Rom.
806 3829 882 3901 γ).
916 3831 1214 3903 Sequitur:
1243 3834 1410 3904 Cujus
1453 3834 1724 3906 longitudo
1768 3846 1868 3892 tia-
1902 3844 1907 3849 '

282 3915 415 3969 bebit
443 3918 578 3973 duos
611 3921 768 3974 semis
804 3920 1005 3975 cubitos
1037 3939 1057 3977 :
1078 3922 1312 3977 'latitudo
1357 3925 1587 3978 cubitum
1619 3936 1667 3980 et
1713 3927 1869 3981 dimi-

283 4006 427 4060 dium
450 4027 469 4062 :
504 4009 732 4072 altitudo
753 4010 984 4066 cubitum
1013 4015 1255 4069 similiter
1276 4020 1351 4069 'ac
1387 4018 1670 4072 semissem.
1701 4018 1866 4090 Cujus

284 4106 461 4153 antem
491 4102 816 4171 quantitatis
838 4103 910 4157 sit
942 4104 1156 4160 cubitus
1194 4106 1302 4169 ille,
1329 4105 1595 4177 Iosephus
1625 4110 1678 4164 in
1708 4112 1863 4165 Anti-

282 4190 547 4256 quitatum
574 4189 716 4245 libro
748 4191 1036 4249 manifeste
1060 4196 1299 4250 ostendit
1328 4196 1516 4251 dicens
1546 4216 1559 4251 :
1591 4198 1754 4255 Facta
1781 4209 1866 4255 est

285 4290 462 4335 autem
488 4291 545 4339 et
570 4297 700 4338 arca
724 4283 1079 4352 longitudinis
1105 4286 1345 4356 quinque
1391 4288 1714 4357 palmorum,
1744 4290 1865 4345 lati-

1974 3099 2147 3152 sancti
2174 3097 2410 3170 Spiritus
2441 3101 2598 3173 plena
2628 3112 2821 3159 eratet
2846 3104 2997 3171 foris,
3032 3108 3336 3167 hominibus
3367 3125 3555 3184 aperte

1975 3185 2212 3257 Spiritus
2240 3192 2412 3246 sancti
2439 3207 2603 3263 opera
2649 3197 3119 3264 prmmonstrabat.
3167 3200 3260 3256 Cui
3299 3203 3557 3260 nimirum

1973 3290 2115 3336 arca:
2138 3281 2275 3338 bene
2297 3299 2497 3341 corona
2522 3300 2686 3340 aurea
2700 3301 2860 3357 supra
2878 3289 3200 3346 circumdari
3223 3296 3556 3367 prmcipitur,

1971 3374 2097 3444 quia
2123 3391 2389 3446 apparens
2416 3378 2469 3433 in
2496 3394 2690 3445 carne,
2722 3388 2885 3451 atque
2914 3383 2981 3437 ad
3009 3384 3429 3456 redemptionem
3461 3391 3560 3446 bu-

1972 3468 2117 3520 mani
2143 3469 2360 3538 generis
2384 3470 2607 3525 vcniens
2629 3470 2798 3527 Filius
2829 3473 2948 3540 Dei,
2975 3484 3179 3530 certum
3208 3482 3559 3548 exspectabat

1973 3548 2187 3625 tempus
2208 3565 2265 3611 et
2285 3557 2478 3615 horam
2499 3561 2716 3628 quando
2746 3572 3048 3634 susceptam
3083 3582 3183 3636 pro
3212 3569 3367 3624 nobis
3412 3588 3559 3628 more

1974 3654 2103 3712 tem,
2134 3663 2256 3702 cum
2288 3649 2405 3718 ipso
2447 3653 2640 3707 mortis
2679 3663 2899 3710 auctore
2944 3670 3249 3728 superaret,
3282 3670 3441 3734 atque
3486 3666 3556 3720 ad

1971 3734 2186 3791 Patrem
2212 3738 2388 3793 victor
2412 3738 2465 3793 in
2490 3740 2657 3795 caelos
2685 3744 3019 3799 ascenderet.
3041 3745 3109 3799 Et
3134 3759 3361 3818 quatuor
3386 3753 3552 3807 circu-

1971 3824 2049 3880 los
2072 3843 2262 3882 aureos
2292 3846 2602 3900 quospones
2632 3848 2726 3901 per
2751 3843 2980 3904 quatuor
3001 3853 3139 3891 arca:
3165 3838 3403 3909 angulos.
3432 3841 3552 3898 Duo

1971 3918 2156 3972 circuli
2191 3922 2297 4000 sint
2328 3922 2381 3975 in
2408 3921 2570 3977 latere
2600 3940 2722 3989 uno,
2757 3936 2806 3979 et
2852 3927 2956 3981 duo
3004 3929 3060 3982 in
3099 3929 3285 3985 altera.
3312 3931 3555 4001 Quatuor

1969 4011 2157 4065 circuli
2185 3995 2338 4068 aurei
2367 4024 2599 4083 quatuor
2627 4028 2751 4072 sunt
2794 4018 3206 4091 Evangeliorum
3252 4010 3395 4079 libri.
3448 4026 3551 4093 Qui

1969 4104 2164 4157 merito
2187 4105 2336 4160 aurei
2363 4116 2489 4161 sunt
2515 4117 2734 4178 propter
2779 4110 3078 4166 claritatem
3126 4115 3403 4183 sapientia:
3440 4131 3549 4184 qua

1968 4191 2193 4265 fulgent.
2227 4196 2421 4252 Merito
2461 4200 2682 4255 circulis
2707 4204 3027 4271 comparati,
3061 4204 3183 4274 quia
3233 4216 3437 4260 interna
3464 4219 3551 4261 est

1970 4285 2085 4355 ipsa
2126 4286 2227 4341 Dei
2244 4289 2509 4356 sapientia
2538 4305 2698 4359 quam
2733 4291 3062 4360 priedicant,
3088 4308 3260 4362 neque
3283 4295 3547 4365 incipiens

286 4370 483 4426 tudinis
508 4373 695 4426 trium.
731 4348 886 4428 Unde
930 4382 1081 4445 patet
1105 4376 1413 4442 manifeste,
1444 4378 1569 4446 quia
1596 4376 1746 4432 illum
1773 4378 1863 4434 de-
1887 4348 1941 4409 D
1965 4394 2031 4434 ex
2070 4388 2339 4449 tempore,
2372 4397 2545 4451 neque
2572 4398 2693 4437 esse
2732 4384 2983 4439 desinens
3026 4395 3227 4440 aeterna
3271 4388 3547 4455 divinitas,

280 4462 454 4531 signat
481 4466 749 4529 cubitum,
781 4481 941 4536 quem
965 4468 1070 4522 duo
1104 4469 1266 4538 palmi
1297 4469 1591 4539 complent.
1638 4469 1863 4541 Mystice

281 4563 460 4607 autem
487 4554 767 4625 longitudo
806 4570 968 4620 arcm,
996 4556 1359 4628 longanimem
1389 4558 1602 4614 Domini
1646 4575 1711 4613 ac
1752 4559 1851 4613 Re-

281 4645 573 4715 demptoris
602 4649 773 4703 nostri
801 4650 1140 4718 patientiam,
1166 4666 1269 4719 qua
1294 4651 1440 4705 inter
1468 4652 1717 4706 homines
1736 4668 1861 4708 con-

282 4746 524 4794 versatus
551 4748 654 4805 est,
674 4741 933 4796 insinuat.
968 4740 1235 4805 Latitudo,
1253 4744 1663 4813 amplitudinem
1686 4746 1856 4815 ipsam

278 4825 580 4892 charitatis,
604 4845 711 4899 qua
751 4831 818 4884 ad
850 4847 946 4886 nos
974 4833 1160 4888 venire
1192 4844 1247 4889 et
1283 4836 1426 4889 inter
1468 4851 1572 4891 nos
1620 4836 1868 4892 habitare

277 4920 465 4976 voluit.
505 4922 770 4989 Altitudo,
794 4940 944 4993 spem
991 4925 1183 4981 fultum
1224 4928 1600 4993 sublimitatis,
1635 4945 1743 4998 qua
1781 4936 1865 4989 vel

275 5009 512 5078 seipsam
559 5022 682 5081 post
724 5016 1034 5084 passionem
1079 5033 1233 5071 suam
1283 5018 1698 5088 gloriﬁcandum
1724 5062 1738 5081 ,
1777 5022 1866 5077 vel

272 5101 699 5169 gloriﬁcaturum
725 5122 846 5163 esse
880 5110 1144 5176 prtevidit.
1169 5109 1321 5165 Unde
1352 5120 1407 5166 et
1436 5121 1558 5180 apte
1585 5112 1859 5183 longitudo

272 5207 417 5247 arae
443 5196 669 5252 duorum
698 5209 819 5253 erat
854 5201 1182 5266 cubitorum,
1207 5212 1430 5272 propter
1473 5204 1723 5259 videlicet
1764 5207 1859 5261 do-

273 5285 503 5343 ctrinam
532 5297 589 5344 et
610 5305 779 5358 opera
805 5291 1003 5360 quibus
1044 5293 1343 5365 refulgebat
1373 5295 1425 5348 in
1451 5297 1671 5350 mundo.
1704 5296 1859 5362 Quod

271 5391 407 5431 vero
431 5389 551 5448 post
577 5381 715 5437 duos
741 5383 977 5448 cubitos,
1000 5387 1161 5440 etiam
1193 5386 1472 5441 semissem
1492 5404 1630 5443 arca
1662 5388 1715 5442 in
1740 5390 1859 5443 lon-

270 5467 510 5534 gitudine
537 5472 798 5536 habebat,
830 5483 1006 5541 potest
1036 5474 1103 5529 ad
1136 5476 1385 5529 humanm
1411 5478 1720 5532 tarditatem
1749 5478 1857 5532 fra-

272 5557 494 5626 gilitatis
534 5563 729 5617 referri
763 5581 777 5614 :
804 5578 925 5633 qum
950 5565 1091 5619 dicta
1133 5566 1219 5636 vel
1247 5580 1408 5637 opera
1436 5566 1734 5626 Salvatoris
1767 5586 1856 5623 sn-

1962 4483 2124 4537 quam
2153 4469 2315 4523 homo
2342 4470 2588 4526 Christus
2614 4472 2840 4543 accepit.
2873 4473 3025 4551 _Unde
3054 4476 3369 4532 imminente
3398 4480 3540 4539 hora

1961 4576 2073 4616 sine
2095 4562 2380 4631 passionis,
2410 4574 2665 4635 precatur
2690 4564 2908 4621 Patrem
2937 4567 3158 4623 dicens:
3184 4568 3251 4623 Et
3279 4587 3415 4625 nunc
3438 4573 3548 4626 cla.

1961 4652 2111 4721 ri/ica
2141 4670 2242 4718 me,
2274 4663 2330 4707 tu
2355 4654 2544 4721 Pater,
2569 4656 2711 4726 apud
2738 4658 3081 4725 temetipsum,
3118 4658 3360 4715 claritate
3384 4680 3543 4734 quam

1960 4744 2142 4810 habiti,
2164 4748 2468 4816 priusquam
2498 4749 2724 4801 mundus
2751 4757 2883 4802 esset
2916 4750 3058 4820 apud
3094 4760 3144 4804 te
3172 4750 3352 4822 (Joan.
3386 4758 3542 4824 δίνη).

1969 4833 2214 4902 Quatuor
2239 4838 2463 4907 angulos
2492 4847 2670 4893 autem
2702 4840 2865 4894 habet
2890 4856 3046 4907 arca,
3072 4843 3198 4911 quia
3236 4860 3547 4901 sacramen-

1969 4932 2081 4978 tum
2112 4924 2406 4982 DominiCm
2433 4927 2820 4983 incarnationis
2844 4944 2943 4999 per
2981 4946 3167 4987 omnes
3204 4935 3387 4989 mundi
3429 4936 3545 5006 pla-

1965 5034 2060 5088 gas
2089 5019 2144 5073 in
2189 5020 2384 5089 quibus
2429 5030 2615 5076 sancta
2665 5021 2907 5076 Ecclesia
2962 5021 3237 5088 dilatatur,
3267 5024 3545 5081 celebrare

1963 5125 2069 5163 non
2100 5111 2300 5165 desinit
2330 5130 2340 5164 ε
2375 5121 2429 5167 et
2461 5127 2558 5181 per
2596 5112 2812 5167 eosdem
2860 5114 3083 5184 angulos
3128 5124 3380 5185 quatuor,
3410 5132 3544 5187 qua-

1964 5209 2087 5256 tuor
2116 5202 2300 5256 circuli
2337 5211 2461 5257 sunt
2492 5204 2688 5271 positi,
2724 5205 2849 5272 quia
2881 5205 2932 5258 in
2958 5207 3177 5263 cunctis
3203 5209 3388 5262 mundi
3422 5208 3543 5263 lini-

1958 5291 2060 5347 bus
2092 5293 2433 5364 Evangelinm
2462 5294 2663 5348 Christi
2694 5295 2965 5351 salvandis
2997 5296 3233 5352 ﬁdelium
3260 5298 3537 5364 cordibus,

1958 5384 2303 5457 praedicatur.
2345 5384 2461 5438 Duo
2489 5375 2667 5439 autem
2694 5387 2882 5441 circuli
2923 5388 2974 5441 in
3013 5387 3183 5442 latere
3219 5404 3328 5441 uno
3353 5396 3406 5441 et
3432 5388 3538 5444 duo

1960 5484 2086 5529 sunt
2114 5476 2405 5537 incaltcro:
2439 5478 2522 5533 vel
2546 5480 2673 5548 quia
2716 5480 2823 5534 duo
2849 5480 3192 5549 evangelista:
3242 5480 3536 5551 discipula-

1959 5567 2037 5623 tui
2073 5567 2373 5625 Salvatoris
2400 5568 2452 5623 in
2485 5586 2653 5625 carne
2679 5571 3025 5639 prmzlicantis
3066 5579 3122 5623 et
3157 5570 3415 5629 miracula
3459 5574 3537 5628 fa-
