3992 6182
452 160 560 223 με
857 196 882 237 ί

1108 167 1168 222 Β.
1213 166 1470 222 ΒΑΒΑΧΙ
1510 165 1729 223 MAL'Rl
1771 165 2028 221 ARCHIE

2139 165 2448 225 MOGUNT.
2492 169 2775 229 OPERUM
2818 171 2996 229 PARS
3034 173 3073 228 l.

3617 183 3715 239 Hi

450 287 652 346 cientis
686 255 1036 341 adhaerebant
1055 276 1205 346 {duo
1244 289 1425 336 autem
1484 280 1574 335 alii
1628 289 1751 350 post
1801 296 2041 335 resurrc-
2072 284 2119 343 Λ
2146 278 2315 335 voluit
2341 296 2559 337 auream
2588 292 2818 351 tantam,
2846 296 3102 355 quantam
3144 303 3324 343 aream
3370 299 3550 363 tegere
3577 294 3719 348 sulti-

456 379 694 435 etionem
746 373 1229 441 ascensionemque
1270 371 1387 441 ejus
1423 370 1490 424 ad
1534 369 1736 435 caelos,
1774 370 1841 424 ad
1873 369 2035 423 [item

453 466 574 535 ejus
619 468 915 524 venerunt;
970 459 1053 514 vel
1089 459 1218 528 quia
1257 459 1313 511 in
1352 457 1523 528 figura
1562 464 1802 555 quatuor
1830 457 2038 555 anima:

453 556 610 620 lium,
639 554 745 609 duo
780 550 871 622 qui
928 562 1025 621 per
1074 547 1351 602 hominem
1403 554 1459 601 et
1509 545 1736 600 vitulum
1772 545 2037 616 designati

457 655 604 714 sunt,
626 643 898 715 passionis
950 649 1005 697 et
1046 640 1239 696 mortis
1274 637 1392 708 ejus
1430 639 1627 694 indicia
1659 638 2034 708 praetulerunt,

456 739 563 795 duo
591 751 723 791 vero
759 734 838 789 illi
867 733 960 805 qui
998 747 1094 803 per
1121 730 1333 789 leonem
1357 739 1413 785 et
1443 729 1681 800 aquilam
1706 729 2035 800 prmﬁgurati

457 836 605 893 sunt,
634 825 875 881 victoriae
917 838 1038 893 quae
1066 829 1295 876 mortem
1325 820 1616 885 destruxit,
1663 820 1896 892 insignia
1944 817 2039 873 de-

456 922 847 975 monstrarunt.
871 912 1006 969 Nam
1027 912 1181 982 quasi
1209 911 1401 965 laurum
1435 910 1577 965 latus
1601 925 1742 964 arcte
1769 909 1904 964 duos
1941 908 2040 967 ha-

456 1014 573 1068 buit
617 1008 870 1072 circulos,
899 1022 1023 1062 cum
1069 1005 1419 1075 evangelista:
1464 1004 1570 1059 duo
1606 1002 2037 1058 incarnationem

456 1103 667 1160 Domini
724 1115 787 1155 ac
848 1097 1152 1169 passionem
1206 1096 1525 1166 ﬁgurat-ent.
1578 1092 1841 1151 Similiter
1884 1091 2040 1147 lateri

456 1197 679 1251 dextero
708 1193 813 1248 duo
851 1192 1061 1245 inerant
1089 1187 1298 1253 circuli,
1324 1191 1450 1259 quia
1480 1203 1632 1259 aeque
1672 1188 1777 1243 duo
1815 1199 2042 1253 evange-

457 1289 593 1342 lista‘.‘
620 1283 1079 1341 resurrectionem
1100 1292 1264 1353 atque
1286 1280 1658 1337 ascensionem
1681 1276 1814 1346 ejus,
1831 1291 1952 1346 quae
1972 1275 2039 1330 ad

454 1380 650 1435 futura:
678 1377 904 1450 gloriam
928 1377 1050 1431 vitae
1064 1375 1359 1446 pertinent,
1389 1373 1682 1444 ﬁguraliter
1710 1373 2035 1441 exprimunt.

456 1468 647 1525 Facies
674 1484 874 1540 quoque
900 1477 1062 1521 vectes
1083 1466 1147 1519 de
1168 1464 1327 1535 lignis
1346 1465 1554 1527 sethim,
1572 1474 1619 1518 et
1641 1464 1839 1534 operias
1864 1479 1997 1517 auro
2020 1478 2041 1517 :

454 1563 768 1631 inducesque
794 1577 885 1631 per
910 1558 1156 1623 circulos,
1178 1559 1269 1628 qui
1294 1565 1414 1612 sunt
1446 1558 1502 1611 in
1528 1555 1785 1611 lateribus
1818 1564 1876 1609 ut
1916 1570 2040 1624 por-

2140 381 2307 431 ceret.
2341 371 2497 439 Quod
2517 374 2763 432 videlicet
2797 378 3232 447 propitiatorio!!!
3255 395 3363 436 non
3380 381 3523 439 aliud
3550 400 3741 455 quam,

2139 460 2424 518 Dominum
2464 463 2822 532 Salvatorem,
2851 470 2949 525 sed
2977 472 3266 539 specialius
3295 475 3350 528 in
3397 488 3463 530 eo
3503 477 3717 534 viscera

2138 552 2355 621 pietatis
2382 554 2670 626 designat:
2725 558 2793 615 de
2842 575 2945 629 quc
3003 562 3138 617 dicit
3185 563 3514 633 Apostolus:
3548 569 3718 632 Quem

2137 644 2405 712 proposuit
2434 644 2574 702 Deus
2602 650 3021 720 propitiationem
3045 669 3138 721 per
3163 652 3353 722 ﬁdem,
3374 655 3430 709 in
3464 658 3722 726 sanguine

2137 730 2301 801 ipsius
2326 732 2378 805 (I
2410 732 2574 791 Joan.
2607 738 2706 811 tv).
2757 738 2891 794 Nam
2924 751 2983 796 et
3027 741 3150 797 ideo
3192 744 3425 814 desuper
3477 748 3721 817 ponitur,

2138 821 2266 891 quia
2307 827 2673 895 superexaltat
2721 830 3094 888 misericordia
3136 832 3420 902 judicium.
3478 838 3629 895 Unde
3664 850 3722 897 et

2140 911 2426 971 Psalmista
2468 935 2482 970 :
2539 917 2750 986 Suavis,
2792 923 2990 991 inquit,
3039 924 3294 981 Dominus
3344 931 3628 997 universis,
3671 942 3725 987 et

2141 1006 2501 1062 miserationes
2517 1009 2634 1080 ejus
2650 1028 2807 1082 super
2819 1016 2994 1069 omnia
3016 1032 3172 1085 opera
3192 1019 3308 1089 ejus
3330 1019 3501 1090 (Psal.
3515 1023 3719 1097 cxuv).

2212 1096 2361 1152 Duos
2385 1114 2590 1170 quoque
2618 1101 2867 1156 cherubin
2908 1122 3096 1161 aureos
3134 1116 3183 1161 ct
3212 1110 3532 1178 productiles
3557 1096 3724 1183 facies

2140 1204 2205 1241 ea:
2232 1198 2452 1260 utraque
2476 1201 2624 1261 parte
2661 1193 2885 1248 oraculi.
2933 1195 3139 1250 Cherub
3186 1215 3323 1255 unus
3361 1203 3429 1255 sit
3465 1204 3521 1257 in
3558 1204 3726 1260 latere

2140 1294 2276 1344 uno,
2302 1290 2349 1334 et
2381 1281 2515 1335 alter
2540 1284 2595 1336 in
2642 1283 2829 1338 altero.
2873 1284 3161 1358 Utrumque
3201 1289 3341 1345 latus
3369 1295 3725 1364 propitiatorii

2141 1378 2353 1440 tegant,
2389 1376 2739 1444 expandentes
2787 1378 2922 1446 alas,
2962 1390 3013 1434 et
3065 1385 3350 1454 aperientes
3397 1388 3671 1443 oraculum
3706 1407 3724 1445 :

2143 1462 2523 1535 respiciantque
2545 1482 2600 1521 se
2624 1478 2806 1523 mutuo
2837 1473 2996 1526 versis
3043 1475 3271 1529 vultibus
3314 1478 3368 1531 in
3413 1481 3728 1549 propitiato-

2142 1552 2279 1606 rium
2303 1570 2407 1624 quo
2440 1559 2720 1626 operienda
2762 1571 2836 1615 est
2875 1580 3000 1617 arca
3033 1579 3051 1615 :
3080 1566 3135 1620 in
3171 1583 3275 1637 qua
3314 1573 3729 1638 ponestestimo-
3816 1566 3819 1567 ⁷

455 1665 595 1711 tetur
618 1655 671 1708 in
697 1654 809 1707 eis:
836 1653 926 1722 qui
953 1666 1155 1720 semper
1172 1659 1326 1704 erunt
1355 1649 1411 1704 in
1434 1648 1788 1703 circulismec
1812 1662 2041 1718 unquam
2069 1641 2117 1701 B
2146 1644 2289 1698 nium
2325 1647 2465 1716 quod
2514 1649 2650 1704 dabo
2690 1652 2802 1706 tibi.
2842 1653 3114 1711 Cherubin
3144 1674 3339 1714 nomen
3375 1676 3499 1717 esse
3522 1664 3730 1734 angeli-

455 1746 797 1802 extralientur
824 1743 887 1797 ab
918 1744 1013 1797 eis.
1045 1739 1241 1796 Vectes
1264 1740 1462 1809 quibus
1485 1753 1612 1794 arca
1640 1744 1889 1809 portatur
1918 1750 2038 1790 san-

456 1836 527 1888 eti
559 1843 683 1889 sunt
710 1833 978 1895 doctores,
1008 1830 1099 1901 qui
1122 1830 1411 1885 Dominum
1430 1826 1794 1899 praedicando,
1819 1825 2038 1881 audien-

455 1926 588 1979 tium
620 1923 873 1979 cordibus
906 1920 1164 1975 inferunt.
1195 1920 1295 1990 Qui
1327 1920 1577 1975 videlicet
1609 1929 1802 1974 vectes
1824 1932 2037 1987 semper

454 2032 576 2072 esse
594 2016 852 2088 jubentur
880 2013 935 2067 in
965 2012 1204 2077 circulis,
1232 2011 1322 2081 qui
1354 2012 1612 2065 nimirum
1627 2025 1871 2067 necesse
1915 2018 2032 2075 est,

454 2116 511 2160 ut
536 2107 844 2176 quicunque
887 2104 1009 2158 aliis
1048 2102 1290 2159 coelestia
1338 2110 1676 2157 sacramenta
1716 2101 2033 2170 praedicant,

452 2213 731 2268 nunquam
760 2196 863 2265 ipsi
900 2203 1136 2252 mentem
1168 2210 1203 2249 a
1223 2195 1483 2249 memoria
1514 2209 1685 2250 sacrm
1715 2192 2032 2262 Scriptum,

452 2303 731 2359 nunquam
755 2302 948 2342 manus
974 2302 1007 2341 a
1041 2286 1349 2341 divinorum
1385 2286 1728 2341 observantia
1755 2284 2036 2340 mandato-

454 2393 593 2442 rum,
625 2377 953 2433 contineant.
979 2376 1123 2431 Bene
1149 2384 1335 2431 autem.
1367 2375 1612 2445 sequitur
1639 2392 1653 2427 :
1687 2372 1957 2442 Ponesque
1979 2373 2035 2425 iu

455 2483 634 2521 arcam
689 2467 1107 2535 testiﬁcationem
1142 2482 1300 2537 quam
1337 2466 1474 2520 dabo
1505 2465 1619 2519 tibi.
1660 2465 1798 2532 Quia
1825 2464 1916 2518 illa
1943 2478 2032 2520 so-

454 2558 726 2614 lummodo
754 2559 821 2613 de
847 2558 1219 2613 incarnatione
1244 2557 1368 2612 Filii
1398 2557 1491 2612 Dei
1517 2557 1685 2627 loqui,
1721 2566 1776 2611 et
1810 2557 2034 2611 credere

453 2650 736 2716 debemus,
758 2663 879 2719 qua:
906 2651 1061 2705 nobis
1087 2651 1201 2720 ipse
1228 2650 1491 2705 Dominus
1524 2665 1621 2720 per
1665 2658 1917 2705 auctores
1945 2665 2033 2705 sa-

456 2757 563 2798 crae
606 2740 902 2812 Scriptum
942 2741 1187 2796 revelare
1226 2742 1478 2811 dignatus
1523 2749 1625 2796 est.
1673 2740 1735 2795 Si
1770 2742 1850 2796 vis
1891 2742 2034 2798 scire

452 2847 573 2903 quae
596 2833 667 2886 sit
695 2831 782 2886 illa
814 2830 1142 2897 testiﬁcatio,
1168 2848 1330 2902 quam
1362 2833 1414 2887 in
1451 2848 1638 2888 arcam
1666 2836 1971 2903 ponendam
2000 2850 2031 2888 a

450 2924 680 2979 Domino
705 2922 917 2994 Moyses
942 2924 1168 2994 accepit,
1198 2923 1511 2994 Apostolum
1537 2924 1661 2980 audi
1691 2943 1705 2978 :
1736 2922 1863 2980 Post
1893 2924 2032 2979 vela-

2139 1750 2325 1791 carum
2348 1738 2612 1794 virtutum
2635 1741 2889 1807 Ezechiel
2915 1748 3179 1817 propheta
3213 1750 3502 1808 manifeste
3546 1754 3729 1809 decla-

2138 1834 2249 1881 rat.
2285 1824 2431 1893 Quas
2469 1830 2635 1884 etiam
2671 1832 2827 1903 juxta
2877 1836 3222 1906 exemplum,
3271 1842 3411 1910 quod
3468 1843 3559 1898 hic
3608 1844 3733 1898 ﬁeri

2131 1917 2372 1988 jubetur,
2402 1935 2527 1976 cum
2555 1922 2677 1979 aliis
2702 1925 2806 1981 sibi
2829 1930 3146 1997 apparuisse
3181 1932 3449 2003 designat,
3485 1935 3677 1991 dicens
3713 1956 3726 1990 :

2137 2004 2206 2061 Et
2234 2025 2333 2063 vos;
2361 2010 2569 2066 alarum
2595 2016 2914 2071 audiebatur
2945 2036 3107 2090 usque
3128 2024 3185 2077 in
3204 2026 3421 2080 atrium
3468 2031 3733 2096 exterius,

2135 2099 2270 2152 sicut
2292 2115 2388 2154 vos:
2412 2100 2626 2157 Domini
2652 2103 2929 2175 loquentis.
2953 2109 3023 2165 Et
3044 2113 3263 2181 quidem
3291 2131 3518 2173 numero
3546 2119 3734 2189 singu-

2136 2189 2239 2244 lari
2267 2191 2506 2259 cberub,
2532 2194 2726 2265 plurali
2776 2207 2954 2255 autem
2993 2202 3527 2275 cherubimdicitur,
3556 2220 3615 2265 et
3645 2219 3735 2266 est

2137 2294 2334 2336 nomen
2378 2285 2593 2353 generis
2639 2289 2945 2345 masculini.
3006 2291 3115 2349 Sed
3160 2294 3349 2353 Grteca
3388 2303 3732 2356 consuetum

2134 2382 2325 2429 neutro
2358 2390 2555 2444 genere
2579 2379 2840 2437 cherubin
2864 2385 3066 2453 posuit,
3082 2404 3131 2440 m
3153 2387 3332 2445 littera
3353 2393 3406 2446 in
3436 2410 3468 2448 η
3493 2405 3731 2451 mutata.

2135 2462 2335 2517 Verum
2362 2474 2547 2521 noster
2586 2468 2856 2542 interpres
2898 2474 3197 2533 “mitratum
3236 2491 3455 2537 secutus
3499 2484 3729 2551 idioma,

2134 2555 2431 2612 masculino
2456 2573 2655 2628 genere
2680 2564 2880 2632 posuit.
2914 2566 3058 2623 Duos
3097 2570 3378 2627 cherubim
3429 2591 3627 2632 aureos
3674 2562 3759 2635 eti

2132 2648 2465 2715 productiles
2508 2649 2701 2719 facies,
2734 2671 2841 2711 non
2881 2657 2987 2714 duo
3029 2661 3290 2718 cherubin
3322 2680 3486 2722 aurea
3514 2677 3571 2723 et
3598 2685 3733 2739 pro-

2133 2737 2373 2794 ductilia.
2392 2741 2545 2809 Quod
2567 2746 2892 2816 scriptorum
2916 2749 3123 2807 incuria
3145 2756 3309 2810 credo
3323 2756 3378 2811 in
3400 2757 3517 2826 ejus
3545 2737 3731 2814 trans—

2136 2833 2341 2890 latione
2367 2851 2487 2892 esse
2539 2851 2876 2911 corruptum,
2905 2856 2961 2899 ut
3002 2861 3102 2915 pro
3146 2849 3426 2905 cherubim
3471 2854 3734 2924 antiquo—

2135 2942 2255 2980 rum
2285 2942 2435 2983 more
2460 2930 2792 2987 scriberetur
2812 2937 3097 2992 cherubin.
3120 2938 3511 3011 Interpretatur
3538 2953 3734 3001 autem

449 3025 679 3071 ruentum
699 2986 894 3079 autem,
922 2986 1120 3086 inquit,
1144 2986 1429 3071 secundum
1457 3017 1855 3072 tabernaculum
1888 3016 2029 3088 quod
2058 2986 2109 3049 c
2138 3018 2416 3072 cherubim
2440 3019 2832 3095 sive'cheruhin
2854 3028 3095 3083 scientia:
3117 2986 3428 3098 multitudo,
3443 3034 3525 3088 vel
3547 3036 3732 3091 scien-

447 3105 643 3158 dicitur
662 3114 846 3159 sancta
875 3115 1200 3170 sanctorum,
1226 3122 1444 3159 aureum
1465 3107 1660 3161 habens
1685 3108 2030 3174 thuribulum,

447 3205 493 3248 et
523 3211 703 3248 arcam
741 3194 1060 3259 testamenti,
1084 3194 1473 3247 circumtectam
1495 3211 1559 3249 ea:
1596 3197 1736 3249 omni
1766 3206 1914 3265 parte
1938 3214 2034 3250 au-

448 3300 508 3337 ro
531 3298 550 3335 :
580 3284 633 3336 in
658 3301 764 3354 qua
791 3300 926 3338 urna
951 3300 1115 3338 aurea
1137 3283 1333 3338 habens
1359 3300 1574 3350 manna,
1606 3296 1656 3339 et
1686 3287 1832 3356 virga
1854 3285 2033 3341 Aaron

440 3388 563 3442 quae
583 3372 913 3442 fronduerat,
929 3382 977 3426 et
1000 3372 1194 3427 tabula:
1222 3375 1515 3428 testmuenti
1553 3374 1739 3445 (llebr.
1766 3377 1864 3447 Ix).
1886 3376 2031 3433 Urna

446 3476 578 3531 ergo
607 3477 770 3515 aurea
796 3461 850 3516 in
880 3477 1011 3518 arca
1037 3463 1247 3520 habens
1274 3480 1497 3530 manna,
1524 3466 1705 3520 anima
1734 3476 1816 3522 est
1843 3477 2029 3523 sancta

444 3550 503 3603 in
540 3550 779 3616 Christo,
809 3552 1099 3609 habeusin
1127 3568 1186 3608 se
1211 3569 1424 3609 omnem
1470 3555 1859 3627 plenitudinem
1895 3558 2032 3613 divi-

444 3642 655 3698 nitatis.
692 3642 852 3715 Virga
872 3644 1052 3702 Aaron
1072 3661 1192 3716 qua:
1207 3648 1394 3702 excisa
1424 3647 1761 3717 fronduerat,
1790 3661 2030 3722 potestas

447 3741 533 3787 est
556 3733 755 3789 invicta
780 3734 1071 3793 sacerdotii
1098 3735 1265 3802 illius,
1296 3738 1360 3792 de
1394 3754 1502 3808 qua
1527 3740 1661 3795 dicit
1698 3739 1969 3811 Propheta
2011 3761 2023 3797 :

461 3823 619 3893 Virga
660 3827 944 3896 a’quitatis,
992 3829 1135 3898 virga
1185 3830 1328 3899 regni
1368 3832 1443 3884 tui
1476 3829 1647 3902 (Psal.
1702 3834 1867 3903 XLIV).
1900 3837 2030 3902 Quae

444 3926 731 3982 pOStquam
759 3916 827 3970 ad
854 3926 1064 3985 tempus
1087 3932 1185 3987 per
1215 3928 1446 3973 mortem
1478 3922 1592 3975 visa
1625 3929 1712 3976 est
1737 3937 1857 3978 esse
1906 3940 2029 3980 suc-

442 4004 575 4067 cisa,
607 4004 970 4061 invalesccnte
1011 4021 1170 4060 mane
1204 4011 1639 4076 resurrectionis,
1668 4013 1909 4068 vivacius
1937 4030 2024 4069 re-

434 4093 689 4150 lloruissc
738 4095 954 4150 inventa
986 4105 1090 4162 est,
1117 4114 1180 4153 ac
1214 4110 1474 4169 perpetuo
1504 4101 1826 4167 inviolabilis
1866 4115 2028 4173 atque

443 4185 908 4241 immarcescibilis
936 4202 1285 4256 permansura
1314 4206 1436 4245 esse
1480 4191 1733 4248 innotuit.
1776 4192 2026 4250 Christus

439 4280 584 4332 enim
613 4294 901 4349 resurgens
942 4294 971 4332 a
1018 4281 1269 4343 mortuis,
1297 4280 1411 4349 jam
1458 4299 1565 4338 non
1595 4285 1847 4350 moritur,
1879 4302 2027 4341 mors

444 4367 516 4421 illi
541 4369 676 4425 ultra
698 4385 801 4422 non
820 4370 1203 4426 dominabitur.
1224 4372 1441 4428 Tabulae
1463 4377 1775 4431 testamenti
1799 4377 1852 4430 in
1875 4393 2024 4441 arca,

439 4475 653 4513 omnem
684 4462 737 4514 in
766 4461 984 4516 Christo
1013 4471 1067 4516 et
1093 4463 1378 4519 scientiam
1412 4477 1763 4535 paternorum
1788 4479 2027 4523 secreto-

443 4551 975 4619 rum,etpotcntiam
1002 4550 1332 4620 judiciorum
1374 4555 1679 4624 designant.
1722 4557 1779 4612 ln
1826 4559 2025 4614 tabulis

441 4655 674 4709 namque
703 4644 1013 4695 testamenti
1054 4653 1107 4697 et
1157 4644 1290 4698 lidcs
1332 4653 1452 4698 erat
1501 4647 1760 4717 inscripta
1807 4657 2024 4704 ueterum

439 4730 740 4785 divinitatis
765 4746 886 4802 quae
919 4732 1173 4787 mundum
1203 4742 1416 4788 crearet
1442 4750 1507 4788 ac
1534 4747 1763 4806 regeret,
1792 4746 1846 4790 et
1872 4754 2023 4791 man-

439 4823 562 4877 data
592 4822 788 4895 quibus
819 4823 928 4879 Deo
948 4825 1139 4880 serviri
1161 4834 1453 4895 oporteret,
1471 4835 1525 4879 et
1546 4826 2022 4897 discretiojudicii,

438 4929 541 4983 qua
577 4914 688 4983 ipse
715 4914 1030 4970 obedientes
1077 4933 1135 4972 se
1190 4931 1315 4970 vere
1362 4917 1771 4984 condemnaret,
1800 4929 1855 4974 et
1904 4921 2023 4977 dili¢

2140 3105 2228 3161 tite
2254 3106 2560 3164 intellectus
2585 3128 2597 3164 :
2630 3113 2772 3181 quod
2802 3115 3058 3172 videlicet
3080 3133 3309 3186 nomen,
3331 3128 3484 3177 tanto
3519 3124 3734 3180 rectius

2134 3199 2390 3267 angelicis
2423 3203 2784 3269 potestatibus
2807 3209 3079 3277 congruit,
3121 3219 3325 3279 quanto
3369 3212 3609 3281 perfecte
3653 3217 3733 3271 ab

2133 3291 2280 3345 omni
2313 3291 2544 3361 impulsu
2577 3294 2803 3365 impurae
2826 3299 3172 3368 cogitationis
3197 3301 3381 3369 alieni,
3409 3304 3602 3360 visioni
3636 3309 3731 3364 sui

2133 3381 2431 3437 conditoris
2453 3382 2749 3440 adhaerent.
2774 3386 2982 3445 Idcirco
3004 3400 3184 3447 autem
3204 3394 3338 3457 aias,
3357 3396 3443 3451 vel
3465 3396 3518 3451 in
3546 3397 3731 3470 ﬁgura

2133 3471 2398 3526 cherubin
2447 3471 2660 3544 Moyses
2696 3476 2877 3534 facere
2900 3479 3144 3551 jubetur,
3170 3485 3253 3538 vel
3292 3486 3351 3541 in
3383 3488 3497 3557 ipsa
3528 3504 3733 3546 eorum

2131 3560 2315 3629 specie
2340 3561 2540 3618 vidisse
2571 3580 2630 3620 se
2655 3568 2919 3637 propheta
2957 3579 3204 3627 testatur.
3255 3574 3406 3642 Quod
3442 3579 3619 3632 etiam
3657 3580 3731 3634 li-

2130 3650 2311 3705 ecntia
2338 3651 2478 3707 solet
2500 3654 2698 3710 imitari
2725 3659 3012 3727 pictorum,
3032 3672 3094 3718 ut
3112 3666 3164 3718 in
3188 3665 3298 3721 alto
3317 3668 3500 3723 sedem
3516 3668 3730 3728 habere

2131 3740 2332 3811 angeli,
2351 3750 2406 3798 ct
2433 3746 2588 3815 quasi
2628 3746 2731 3802 levi
2780 3749 2963 3806 volatu
2994 3751 3196 3823 ubique
3224 3755 3530 3813 discurrere
3555 3775 3724 3829 posse

2130 3832 2431 3901 signentur,
2452 3850 2629 3905 neque
2654 3837 2819 3897 ullam
2863 3841 3063 3898 habere
3108 3847 3439 3913 tarditatem,
3463 3852 3553 3918 qui
3582 3864 3723 3907 con-

2129 3922 2308 3978 festim
2341 3926 2648 3998 ubicunque
2676 3931 2947 3988 voluerint:
2971 3936 3166 4001 adsint,
3200 3953 3262 3993 ac
3286 3940 3431 3995 velut
3455 3945 3724 4012 propitia-

2131 4014 2327 4069 torium
2354 4026 2672 4075 contuentes
2684 4023 3033 4090 obumbrant,
3056 4027 3205 4082 idest
3235 4031 3503 4086 honorant
3530 4035 3722 4091 velan-

2129 4104 2198 4158 do
2229 4122 2241 4157 :
2274 4107 2397 4174 quia
2431 4117 2602 4162 totum
2635 4126 2795 4179 quem
2823 4114 3021 4170 habent
3056 4127 3258 4174 statum
3294 4133 3568 4193 perpetua:
3596 4126 3722 4182 feli-

2130 4194 2330 4257 citatis,
2359 4197 2475 4263 ejus
2519 4200 2713 4268 gratim
2748 4202 3041 4272 deputant,
3078 4223 3108 4262 a
3154 4224 3261 4278 quo
3309 4220 3369 4266 ut
3408 4213 3539 4269 nihil
3584 4218 3723 4273 mali

2131 4287 2213 4341 vel
2238 4299 2480 4357 possent,
2521 4305 2867 4362 acceperunt.
2898 4298 3012 4353 Duo
3037 4310 3163 4355 sunt
3182 4313 3371 4358 autem
3394 4316 3616 4377 promer
3639 4311 3722 4364 si-

2131 4379 2488 4449 gniﬁcandam
2531 4384 2845 4440 societatem
2878 4390 3134 4459 angelicae
3160 4397 3339 4461 pacis,
3372 4398 3495 4466 quia
3534 4400 3720 4456 minus

2128 4485 2289 4539 quam
2318 4470 2462 4527 inter
2488 4474 2623 4529 duos
2649 4476 2833 4531 haberi
2865 4480 3103 4537 charitas
3126 4499 3232 4539 non
3257 4494 3455 4555 potest.
3485 4489 3633 4547 Unde
3659 4481 3721 4548 et

2125 4574 2247 4617 sese
2273 4564 2545 4634 respicere
2564 4577 2770 4633 mutuo,
2794 4579 2850 4625 ct
2877 4572 2928 4625 in
2954 4577 3389 4644 propitiatorium
3410 4582 3590 4639 vultus
3617 4585 3717 4640 ha-

2123 4651 2528 4722 berejubentur
2568 4676 2581 4712 :
2625 4662 2750 4728 quia
2803 4662 3059 4719 nimirum
3113 4668 3164 4720 in
3208 4670 3602 4740 gloriﬁcatione
3630 4677 3719 4731 di-

2122 4749 2263 4803 vinat
2286 4750 2512 4807 visionis
2525 4754 2743 4810 sibimet
2763 4757 3084 4837 alterutrum
3111 4778 3430 4822 consonant.
3457 4765 3590 4823 item
3613 4786 3720 4840 per

2127 4842 2235 4897 duo
2255 4846 2535 4900 cherubim
2561 4858 2787 4915 possunt
2815 4852 2921 4905 duo
2954 4862 3276 4912 testamenta
3304 4858 3544 4929 ﬁgurari,
3577 4878 3713 4932 quo-

2122 4948 2242 4986 rum
2269 4949 2434 4988 unum
2464 4935 2700 4990 futuram
2726 4938 2936 4996 Domini
2976 4943 3434 5014 incarnationem,
3461 4951 3606 5006 aliud
3633 4953 3711 5006 fa-

437 5016 624 5079 gentcs
661 5023 719 5062 se
750 5010 1124 5064 misericordia
1164 5019 1557 5066 reuulncraret.
1598 5009 1784 5065 Facies
1814 5022 1862 5065 et
1907 5031 2024 5084 rro-
2048 5011 2103 5085 μ
2124 5033 2268 5077 ctam
2293 5025 2511 5079 clamat.
2545 5025 2970 5101 ltespicinntque
2999 5050 3058 5090 se
3097 5046 3304 5103 mutuo,
3334 5041 3459 5108 quia
3492 5042 3543 5095 in
3570 5051 3721 5097 atte-

434 5098 762 5165 pitiatorimn
805 5100 868 5152 de
894 5117 1025 5152 nuru
1055 5101 1430 5166 mundissimo;
1461 5103 1593 5157 (luas
1634 5106 1834 5159 cubitos
1864 5119 1908 5159 et
1941 5106 2022 5159 di-

434 5191 656 5245 midium
693 5192 882 5244 tenebit
925 5191 1196 5262 longitudo
1240 5194 1352 5263 ejus
1374 5235 1388 5257 ,
1418 5197 1681 5250 semissem
1707 5207 1755 5250 et
1784 5198 2016 5251 cubitum

435 5282 677 5337 latitudo.
705 5281 883 5349 Qttzuri
912 5269 1054 5338 solet
1080 5285 1206 5354 quid
1248 5287 1681 5356 propitiatorium
1715 5289 1880 5352 dicat,
1910 5306 2017 5361 quo

435 5371 725 5439 Operienda
753 5372 823 5427 sit
860 5388 1005 5426 arca.
1052 5374 1156 5428 Sed
1182 5391 1303 5429 cum
1335 5377 1400 5431 de
1431 5392 1565 5431 auro
1590 5379 1703 5433 ﬁeri
1731 5378 1933 5448 iubeat,
1965 5392 2019 5438 et

418 5461 972 5531 [tantmlongitudinis
996 5479 1061 5518 ac
1091 5465 1411 5533 latitudinis,
1445 5478 1662 5539 quantae
1691 5486 1872 5527 arcam
1902 5475 2016 5529 ﬁeri

441 5564 784 5625 prmccporat,
818 5566 1029 5613 constat
1052 5560 1235 5628 procul
1269 5560 1451 5627 dubio,
1477 5563 1601 5632 quia
1633 5565 1866 5621 tabulam
1902 5570 2013 5624 ticri

2124 5115 2357 5168 statione
2382 5115 2622 5171 veritatis
2645 5134 2810 5187 quam
2840 5124 3153 5191 praedicant,
3184 5126 3234 5180 in
3272 5128 3419 5183 nullo
3458 5129 3528 5184 ab
3569 5131 3717 5185 invi-

2124 5220 2240 5257 rem
2256 5205 2580 5275 discrepant.
2598 5206 3016 5269 Vcrtuntvultus
3037 5216 3087 5269 in
3108 5218 3563 5288 prapitiatorium,
3581 5223 3714 5291 quia

2122 5306 2178 5349 et
2214 5297 2641 5356 miscricordiam
2670 5301 2883 5359 Domini
2920 5307 2973 5361 in
3013 5323 3117 5377 qua
3162 5311 3320 5366 unica
3354 5314 3554 5369 mundo
3582 5322 3713 5385 spes

2124 5398 2210 5444 cst
2237 5391 2389 5445 valde
2419 5397 2817 5463 commendant,
2844 5408 3004 5469 atque
3034 5404 3152 5456 ideo
3191 5415 3319 5460 sunt
3364 5422 3431 5461 ex
3476 5416 3715 5477 utraque

2124 5490 2279 5545 parte
2307 5485 2532 5549 oraculi,
2563 5488 2686 5557 quia
2719 5490 2772 5542 in
2802 5493 3161 5559 praecedentia
3206 5505 3333 5552 ante
3379 5498 3715 5555 incarnatio-

2129 5588 2247 5627 nem
2282 5574 2621 5632 Dominicam
2655 5589 3721 5659 tempora,ctscqucntia,puriﬁcatione;
