4052 6184
289 451 389 511 H5

287 560 583 636 spiritualis
636 559 876 613 scientias
928 556 1154 626 replent.
1200 554 1406 622 Quibus
1460 554 1621 609 etiam
1666 567 1860 606 nomen
1890 558 1938 614 Α

288 653 528 711 scientia:
555 646 939 713 multitudinis,
970 646 1053 701 vel
1080 645 1320 700 scientia:
1345 642 1715 713 multiplicata:
1738 655 1865 693 con—

285 742 457 805 venit,
479 741 623 810 quod
644 738 893 793 videlicet
918 736 1200 806 Scriptura
1228 750 1383 789 sacra
1404 731 1667 803 spirituali
1697 746 1761 783 ac
1787 730 1866 781 di-

287 837 412 890 vina
443 833 669 890 scientia
698 831 854 900 plena
879 837 989 895 est;
1045 828 1340 897 eademque
1380 824 1607 882 scicntia
1650 839 1717 878 ex
1760 835 1866 891 quo

287 930 404 999 ipsa
435 928 718 995 Scriptura
748 922 905 978 condi
932 921 1116 992 erepit,
1148 920 1331 990 augeri
1361 933 1574 987 semper
1609 931 1671 970 ac
1723 912 1863 967 mul-

288 1018 523 1090 tiplicari
556 1033 663 1071 non
693 1012 1089 1070 desinit.Recte
1111 1011 1387 1067 cherubim
1410 1009 1591 1081 gloriae
1618 1006 1868 1076 propitia-

290 1110 493 1167 torium
518 1104 845 1163 obumbrare
885 1105 1157 1169 dicuntur,
1201 1101 1325 1172 quia
1379 1106 1703 1154 testamento
1744 1112 1864 1150 cre-

290 1209 479 1259 scente
519 1215 619 1269 per
668 1186 898 1267 tempus,
926 1205 983 1251 et
1021 1193 1371 1266 multiplicata
1411 1190 1655 1251 scientia,
1689 1187 1869 1257 prepi-

294 1293 572 1346 tiationem
595 1288 751 1343 nobis
778 1287 988 1341 Domini
1016 1282 1314 1339 Salvatoris
1334 1279 1869 1352 praedicant,ethanc

290 1383 459 1453 gratis
506 1395 719 1448 semper
765 1378 1009 1442 vocibus,
1046 1375 1200 1445 quasi
1242 1371 1493 1442 expansis
1532 1370 1598 1423 ad
1632 1367 1866 1423 volatum

244 1470 251 1473 ⁷
295 1473 394 1528 alis
416 1474 688 1527 honorare
724 1486 831 1525 non
868 1476 1104 1523 cessant.
1136 1465 1273 1532 Quia
1303 1464 1446 1518 enim
1490 1461 1653 1516 verba
1701 1458 1867 1513 collo-

293 1561 570 1631 quentium
598 1560 795 1628 quibus
820 1556 1048 1612 volando
1087 1569 1184 1625 per
1212 1568 1391 1607 aerem
1435 1551 1502 1605 ah
1544 1565 1639 1604 ore
1680 1548 1865 1603 dicen-

294 1652 428 1705 tium
452 1651 519 1705 ad
543 1665 640 1704 cor
662 1647 982 1718 perveniunt
1007 1643 1361 1708 audientium,
1393 1640 1588 1695 merito
1615 1637 1868 1707 expansis

294 1742 575 1798 cherubim
618 1740 738 1805 alis,
769 1738 917 1793 velut
961 1736 1029 1791 ad
1070 1732 1357 1789 velandum
1402 1730 1618 1801 aptatis,
1643 1736 1872 1800 possunt

296 1832 583 1902 designari.
622 1829 757 1882 Inde
804 1828 1108 1898 pra'cipiam
1164 1834 1213 1878 et
1261 1823 1448 1895 loquar
1495 1820 1563 1874 ad
1608 1829 1679 1885 te,
1708 1834 1869 1888 supra

1248 440 1747 500 COMMENTMHA
1789 436 1854 493 lN
1896 433 2208 493 EXODUH.
2252 464 2323 475 —-
2359 433 2488 489 LIB.
2530 433 2612 489 lll.

3443 435 3545 491 ηε

3176 499 3235 536 ..χ

2577 547 2804 605 CAPUT
2849 547 2935 603 XI.

1967 638 2045 691 De
2078 654 2268 694 meum
2295 639 2527 712 factura,
2557 655 2802 712 uasorum
2829 640 2967 712 ejus.
2994 649 3041 693 et
3068 640 3133 712 de
3176 641 3398 709 panibus
3416 657 3549 712 pro-

2354 710 2647 780 pitiationis
2678 709 2732 763 in
2764 725 2829 763 ea
2862 710 3161 779 oﬂ'erendis.

2040 816 2228 874 Facies
2288 829 2336 874 et
2400 835 2633 874 mensam
2690 820 2754 873 de
2812 818 2965 889 lignis
3024 821 3229 883 sethim.
3277 819 3549 875 habentem

1968 908 2102 963 duos
2164 912 2362 965 cubitus
2424 909 2768 980 longitudinis
2823 923 2840 960 :
2890 920 2937 965 et
2999 912 3054 964 in
3113 911 3393 965 latitudine
3457 929 3552 965 cu—

1970 999 2135 1053 bitum
2192 1017 2352 1054 unum
2386 1017 2403 1054 :
2442 1010 2490 1054 et
2543 1001 2599 1053 in
2657 998 2935 1054 altitudine
2984 1001 3215 1055 cubitum
3260 1012 3308 1055 et
3364 1001 3549 1056 semis-

1969 1107 2079 1145 sem
2136 1091 2333 1161 (Exod.
2373 1089 2518 1162 xxv).
2590 1090 2771 1146 Mensa
2825 1092 2892 1147 de
2936 1091 3095 1161 lignis
3141 1093 3337 1147 sethim
3384 1094 3550 1156 facta,

1972 1183 2255 1253 Scriptura
2292 1189 2373 1237 est
2414 1197 2591 1247 saera,
2622 1182 2688 1237 de
2719 1180 2951 1237 fortibus
2981 1190 3293 1237 sanctorum
3328 1182 3548 1238 Patrum

1971 1278 2153 1332 verbis
2179 1276 2499 1345 actibusque
2536 1283 2836 1344 compacta.
2873 1269 3003 1341 Quae
3053 1277 3179 1330 dum
3228 1274 3384 1331 nobis
3434 1289 3554 1345 qua:

1971 1368 2084 1421 sint
2114 1376 2334 1423 aeternae
2374 1366 2572 1436 gaudia
2609 1365 2982 1431 beatitudinis,
3014 1368 3282 1436 quomodo
3322 1368 3554 1424 πάλιωο

1970 1459 2319 1529 perveniatur
2344 1456 2599 1522 ostendit,
2613 1457 2793 1512 cibum
2821 1457 3068 1526 profecto
3097 1458 3251 1513 nobis
3280 1457 3472 1514 salutis
3492 1474 3555 1513 ac

1974 1549 2100 1603 vita:
2138 1547 2396 1618 suggerit.
2431 1545 2558 1601 [late
2596 1546 2761 1601 habet
2807 1546 3197 1617 longitudinem
3221 1562 3344 1601 cum
3369 1562 3557 1616 persc-

1974 1643 2271 1697 verantiam
2294 1648 2485 1711 empta:
2514 1640 2815 1711 religionis,
2838 1641 3175 1705 latitudinem
3205 1657 3327 1696 cum
3370 1643 3557 1711 ampli-

1977 1731 2215 1785 tudinem
2242 1731 2545 1796 charitatis,
2575 1730 2917 1786 altitudinem
2960 1746 3080 1785 cum
3113 1746 3260 1801 spem
3285 1741 3559 1801 perpetua:

1977 1823 2432 1877 remunerationis
2463 1823 2721 1877 insinuat.
2749 1823 2816 1877 Et
2846 1824 2982 1878 bene
3008 1822 3287 1893 longitudo
3327 1824 3553 1879 duorum

297 1921 713 1991 nropitiatorium
729 1917 947 1981 scilicet,
970 1931 1030 1969 ac
1062 1915 1125 1969 de
1146 1914 1318 1968 medio
1332 1913 1557 1966 duorum
1582 1908 1868 1973 cherubim,
1902 1904 1948 1963 Β
1975 1921 2060 1967 est
2080 1911 2387 1967 cubitorum
2417 1930 2429 1964 :
2459 1913 2585 1982 quia
2617 1912 2847 1967 actualis
2888 1921 3073 1968 nostra
3114 1912 3455 1968 conversatio
3503 1913 3557 1967 in

296 2028 409 2081 quis
435 2018 587 2063 erunt
618 2026 780 2078 supra
805 2023 986 2061 arcam
1018 2003 1340 2069 testimonii,
1368 2010 1556 2056 cuncta
1584 2016 1700 2071 qute
1722 2015 1874 2053 man-

306 2103 428 2155 ‘labo
466 2118 562 2171 per
586 2111 636 2154 te
660 2098 787 2169 ﬁliis
819 2097 1009 2152 Israel.
1050 2096 1188 2165 Quia
1229 2111 1325 2166 per
1356 2095 1587 2166 gratiam
1616 2091 1874 2163 propitia-

298 2172 455 2247 tionis
508 2192 602 2246 Dei
658 2191 859 2245 factum
906 2198 1009 2253 est,
1053 2196 1113 2242 ut
1151 2187 1459 2242 hominibus
1497 2193 1620 2255 post
1660 2183 1872 2253 culpam

292 2281 754 2350 praevaricationis
782 2294 1064 2350 apparere,
1096 2288 1152 2333 et
1184 2279 1264 2333 eis
1290 2278 1431 2331 viam
1477 2275 1727 2329 veritatis
1755 2282 1876 2344 post

292 2388 531 2427 errorem
555 2374 949 2435 demonstrare,
973 2370 1226 2440 dignatus
1247 2377 1352 2433 est,
1379 2368 1444 2421 de
1471 2366 1650 2421 medio
1680 2363 1874 2419 ehem-

292 2462 381 2517 bin
420 2461 685 2530 loqu-itur,
721 2462 846 2531 quia
885 2477 983 2531 per
1016 2459 1317 2530 angelicam
1364 2457 1653 2521 visionem,
1677 2464 1732 2508 et
1767 2469 1873 2510 non

292 2555 344 2608 in
387 2569 487 2609 sua
535 2554 836 2609 substantia
870 2553 1015 2608 Deus
1063 2552 1312 2622 apparuit
1363 2570 1375 2606 :
1425 2560 1480 2606 et
1527 2550 1739 2605 locutus
1790 2558 1874 2604 est

291 2640 455 2715 Moysi
482 2650 772 2698 attestante
795 2643 1051 2713 Apostolo
1090 2661 1102 2695 :
1136 2643 1275 2708 Quia
1319 2641 1404 2696 lex
1444 2649 1656 2712 propter
1698 2648 1874 2696 trans-

284 2735 581 2804 gressiones
617 2735 789 2805 posita
831 2744 928 2801 est,
965 2733 1129 2788 donec
1170 2734 1365 2787 veniret
1393 2749 1588 2797 semen,
1628 2735 1713 2786 cui
1751 2750 1873 2803 pro-

288 2826 536 2891 miserat,
566 2826 811 2880 ordinata
853 2843 946 2898 per
992 2825 1203 2896 angelos
1250 2826 1306 2879 in
1357 2840 1517 2877 manu
1569 2824 1872 2879 mediatoris

287 2914 489 2987 (Galat.
522 2921 628 2987 ιιι).
654 2917 787 2972 item
815 2917 881 2972 de
912 2918 1089 2972 medio
1118 2917 1346 2971 duorum
1386 2913 1646 2969 cherubin
1695 2914 1873 2983 loqui-

232 3018 237 3023 ‘
290 3016 379 3063 tur
407 3007 690 3072 Dominus,
724 3010 849 3078 quia
880 3024 976 3079 per
1015 3007 1178 3062 verba
1207 3007 1486 3075 utriusque
1517 3005 1869 3070 Testamenti,

287 3117 525 3157 consona
547 3115 646 3155 nos
673 3115 802 3154 voce
825 3101 891 3154 ad
915 3099 1075 3154 ﬁdem
1102 3094 1345 3154 veritatis
1372 3098 1571 3152 erudit.
1602 3094 1699 3153 Vel
1724 3106 1874 3153 certe

288 3196 353 3249 de
393 3193 574 3249 medio
622 3192 882 3248 cherubin
925 3191 1181 3261 loquitur,
1220 3191 1347 3260 quia
1391 3204 1490 3259 per
1533 3188 1869 3259 unigenitum

288 3302 467 3350 suum,
485 3285 579 3355 qui
602 3271 656 3339 iu
679 3283 855 3338 medio
877 3282 1102 3337 duorum
1126 3281 1595 3337 Testamentorum
1624 3280 1681 3334 in
1707 3293 1872 3334 carne
1897 3250 1943 3313 Ο

286 3375 559 3445 apparuit,
573 3375 810 3429 humano
823 3373 1007 3444 generi
1026 3374 1166 3428 Deus
1188 3373 1349 3426 Pater
1361 3370 1696 3425 voluntatem
1719 3385 1872 3426 suam

289 3465 641 3521 manifestare
667 3467 917 3536 dignatus
946 3476 1047 3520 est.
1066 3464 1250 3519 Potest
1273 3473 1453 3518 autem
1483 3463 1537 3517 in
1562 3478 1687 3518 arca
1709 3463 1871 3518 etiam

291 3568 479 3612 sancta
506 3556 750 3611 Ecclesia
781 3555 1080 3626 figuraliter
1104 3554 1294 3624 accipi,
1325 3569 1445 3624 qua:
1480 3552 1547 3607 de
1576 3554 1736 3625 lignis
1772 3554 1873 3608 im-

288 3645 657 3717 putrihilibus,
685 3644 787 3699 hoc
808 3651 891 3699 est
922 3643 1207 3698 animabus
1227 3643 1431 3699 sanctis
1458 3644 1790 3709 :edificatur;
1818 3651 1873 3699 et

290 3736 345 3789 in
370 3734 474 3789 fide
501 3736 676 3790 sancti
707 3735 982 3806 Evangelii
1027 3751 1126 3806 per
1172 3743 1407 3805 quatuor
1450 3737 1636 3791 mundi
1684 3736 1872 3808 plagas

284 3825 544 3891 distenta,
578 3842 832 3882 coronam
863 3828 986 3882 vitae
1026 3840 1057 3882 a
1104 3829 1215 3883 Deo
1255 3836 1534 3897 exspectat
1584 3836 1867 3891 aeternam,

285 3917 495 3974 habens
523 3919 578 3974 in
608 3935 666 3974 se
696 3919 904 3975 tabulas
931 3920 1260 3983 testamenti,
1289 3919 1342 3973 in
1367 3919 1716 3973 meditatione
1738 3932 1862 3973 con-

285 4009 437 4062 tinua
462 4008 598 4081 legis
618 4009 733 4064 Dei.
751 4010 966 4066 Habens
989 4019 1044 4065 et
1067 4026 1256 4065 urnam
1271 4025 1492 4066 auream
1520 4026 1642 4066 cum
1670 4026 1867 4088 manna

286 4097 341 4151 in
374 4096 478 4154 fide
509 4099 803 4155 Dominicm
834 4100 1240 4157 incarnationis.
1295 4100 1513 4157 Habens
1556 4110 1613 4157 et
1662 4103 1867 4173 virgam

283 4190 463 4246 Aaron
509 4208 629 4262 quae
672 4192 1005 4260 fronduerat,
1057 4195 1109 4248 in
1160 4194 1572 4265 participatione
1613 4195 1788 4265 regni,
1815 4203 1869 4249 et

284 4284 574 4338 Sacerdotii
613 4284 909 4349 Dominici,
954 4285 1170 4341 dicente
1215 4285 1460 4354 apostolo
1503 4284 1713 4341 Petro:
1763 4284 1865 4339 Vos

279 4382 455 4427 autem
468 4392 630 4444 genus
646 4374 886 4442 electum,
904 4375 1075 4447 regale
1089 4377 1439 4432 sacerdotium
1461 4377 1513 4450 (Ι
1536 4377 1646 4433 Pet.
1668 4378 1750 4449 ιι).
1767 4378 1867 4431 Ha-

282 4464 418 4519 bens
442 4466 874 4535 propitiatorium
904 4468 1162 4538 desuper,
1190 4477 1249 4522 ut
1300 4481 1493 4524 cuncta
1533 4485 1653 4538 quae
1703 4471 1866 4525 habet

281 4552 441 4615 bona,
476 4554 739 4626 largiente
769 4558 949 4612 divina
980 4560 1180 4629 gratia,
1211 4574 1330 4615 sese
1361 4560 1637 4630 accepisse
1674 4561 1866 4615 memi-

1976 2002 2183 2057 duabus
2206 2003 2441 2057 maxime
2462 2002 2757 2081 virtutibus
2787 2003 3057 2067 consistit,
3083 2003 3455 2059 misericordia
3489 2003 3561 2056 vi-

1976 2094 2173 2150 delicet
2197 2102 2252 2149 et
2280 2095 2846 2161 innocentia,dicente
2876 2096 3119 2167 apostolo
3147 2095 3349 2153 Jacobo
3384 2114 3397 2149 :
3425 2094 3560 2149 Reli-

1974 2187 2059 2256 gio
2083 2186 2279 2241 munda
2301 2195 2347 2241 et
2372 2187 2716 2241 immaculata
2746 2188 2887 2258 apud
2916 2187 3086 2241 Deum
3109 2197 3156 2241 et
3186 2188 3401 2241 Patrem
3447 2188 3559 2241 lure

1974 2285 2050 2331 est
2073 2294 2092 2331 .'
2116 2278 2326 2332 visitare
2361 2276 2584 2347 pupillos
2614 2295 2676 2332 ac
2703 2279 2885 2333 viduas
2918 2281 2973 2333 in
3014 2279 3351 2334 tribulatione
3375 2296 3557 2334 eorum

1973 2379 2023 2424 et
2050 2369 2442 2424 immaculatum
2464 2386 2519 2425 se
2548 2371 2811 2426 custodire
2831 2371 2895 2426 ab
2921 2373 3018 2426 hoc
3042 2372 3237 2426 smculo
3255 2371 3464 2442 (Iacob.
3490 2372 3552 2443 ι).

1973 2463 2129 2531 Quod
2151 2480 2280 2519 vero
2305 2478 2489 2521 mensa
2520 2481 2685 2520 unum
2716 2465 2880 2520 habet
2906 2467 3146 2522 cubitum
3177 2467 3229 2520 in
3252 2466 3558 2531 latitudine,

1972 2555 2237 2610 unitatem
2292 2554 2597 2611 dilectionis
2644 2571 2807 2626 quam
2855 2564 2966 2611 tota
3013 2557 3171 2612 nobis
3223 2555 3558 2612 Testamenti

1977 2647 2185 2703 Veteris
2214 2655 2271 2703 et
2312 2648 2446 2703 Novi
2481 2651 2649 2705 series
2684 2650 3055 2714 commendat,
3086 2650 3312 2721 ﬁgurate
3356 2651 3560 2705 denun-

1974 2736 2076 2790 tiat
2103 2751 2118 2790 :
2146 2752 2362 2807 unaque
2388 2748 2474 2793 est
2514 2740 2788 2803 charilas,
2813 2740 2917 2796 hoc
2944 2749 3028 2795 est
3056 2740 3284 2810 simplex
3321 2750 3374 2794 et
3414 2756 3551 2809 para

1974 2828 2172 2883 mentis
2209 2830 2407 2898 pietas,
2447 2846 2553 2900 qua
2596 2840 2653 2885 et
2690 2831 2860 2886 Deum
2906 2840 2963 2887 et
3008 2833 3306 2902 proximos,
3330 2843 3385 2886 et
3417 2833 3561 2902 ipsos

1973 2933 2188 2987 quoque
2218 2919 2469 2976 inimicos
2508 2936 2694 2976 amare
2732 2923 2989 2993 juhemur
3019 2939 3033 2975 :
3064 2924 3313 2991 quamvis
3362 2936 3559 2993 magna

1974 3005 2228 3061 distantia
2270 3021 2335 3063 ac
2381 3008 2728 3064 distinctione
2768 3009 3069 3064 rectissima
3115 3009 3282 3078 ipsius
3330 3011 3553 3073 amoris.

1974 3098 2142 3152 Deum
2175 3098 2352 3167 primo
2382 3098 2525 3165 loco,
2549 3099 2795 3155 inimicos
2824 3099 3049 3169 diligere
3077 3101 3390 3154 debeamus.
3421 3098 3558 3171 ipsis

1973 3204 2189 3260 quoque
2221 3190 2486 3260 proximis
2514 3207 2614 3262 pro
2640 3189 2945 3247 dill‘erentia
2989 3192 3303 3247 meritorum
3328 3233 3344 3257 .
3372 3193 3560 3262 dispar

1975 3279 2049 3336 sit
2071 3281 2265 3337 modus
2290 3281 2683 3353 impendendus
2719 3282 2942 3337 amoris.
2975 3280 3142 3337 Porro
3165 3283 3305 3351 quod
3334 3283 3559 3338 altitudo

1973 3371 2216 3428 cubitum
2243 3387 2309 3427 ac
2330 3372 2609 3428 semissem
2639 3372 2892 3437 habebat,
2915 3386 3065 3440 teque
3093 3372 3226 3427 utin
3253 3371 3555 3436 latitudine,

1972 3463 2191 3517 cubitus
2223 3463 2487 3519 unitatem
2520 3463 2689 3534 ipsius
2739 3464 2852 3533 spei
2904 3471 3102 3518 nostra:
3144 3463 3386 3519 caelestis
3431 3463 3558 3517 iusi-

1974 3565 2107 3609 nuat
2137 3575 2149 3608 :
2181 3557 2305 3626 quia
2334 3565 2713 3628 erspectamus
2740 3556 3023 3610 Dominum
3054 3564 3316 3620 nostrum,
3341 3556 3556 3626 quando

1974 3657 2281 3703 revertatur
2302 3648 2368 3703 de
2392 3648 2565 3712 cmlis,
2596 3656 3041 3702 remuneraturus
3067 3662 3276 3709 servos,
3303 3662 3439 3715 quos
3469 3645 3550 3698 vi-

1972 3738 2200 3809 gilantes
2226 3738 2483 3793 accinctis
2508 3738 2724 3803 lumbis,
2742 3746 2798 3792 et
2816 3736 3129 3792 ardentibus
3152 3738 3414 3792 bonorum
3429 3752 3554 3806 ope-

1972 3843 2090 3882 rum
2123 3826 2387 3892 lucernis,
2422 3827 2709 3882 invenerit.
2752 3825 2887 3879 Nam
2932 3824 3035 3879 etsi
3084 3840 3182 3895 pro
3237 3823 3552 3881 diversitate

1971 3919 2291 3973 meritorum
2321 3918 2500 3973 multa:
2529 3924 2655 3973 sunt
2696 3918 3004 3973 mansiones
3048 3918 3101 3972 in
3145 3917 3305 3972 domo
3336 3916 3513 3971 Patris
3534 3959 3549 3982 ,

1969 4026 2137 4066 unum
2169 4019 2348 4065 tamen
2382 4019 2467 4066 est
2516 4026 2742 4081 regnum
2790 4010 2935 4077 cteli,
2963 4010 3015 4064 in
3043 4026 3150 4081 quo
3197 4024 3387 4065 omnes
3416 4010 3555 4064 reci-

1970 4104 2189 4173 piantur
2239 4104 2417 4159 electi.
2452 4103 2707 4160 Semissis
2743 4117 2880 4159 vero
2922 4104 3013 4173 qui
3040 4111 3305 4173 superest,
3338 4102 3550 4156 initium

1972 4197 2097 4251 vitae
2120 4196 2550 4266 contemplativa:
2572 4211 2680 4266 quo
2700 4195 2943 4251 nonnulli
2968 4203 3281 4250 sanctorum
3304 4196 3467 4248 etiam
3494 4195 3551 4248 in

1969 4301 2132 4342 carne
2158 4288 2335 4342 adhuc
2364 4286 2525 4357 positi
2567 4284 2675 4340 frui
2701 4292 3035 4350 meruerunt,
3068 4284 3273 4339 indicat
3306 4301 3318 4337 :
3352 4281 3553 4351 quibus

1970 4395 2076 4435 non
2108 4378 2279 4433 solum
2303 4391 2524 4449 sperare
2547 4374 2791 4431 coelestia
2819 4375 3065 4446 praemia,
3082 4389 3268 4430 verum
3291 4374 3455 4429 etiam
3479 4387 3547 4430 ex

1968 4476 2121 4539 parte
2142 4467 2389 4533 vivendo,
2403 4474 2737 4539 praegustare
2758 4466 3016 4521 donatum
3042 4475 3123 4521 est
3151 4483 3164 4519 :
3194 4464 3260 4519 Et
3280 4464 3550 4521 inaurabis

1967 4575 2083 4613 eam
2111 4573 2244 4612 auro
2279 4557 2579 4629 purissimo.
2624 4555 2807 4612 Mensa
2851 4556 3184 4611 tabernaculi
3230 4555 3546 4620 inauratur,

281 4646 445 4699 nerit.
474 4646 689 4702 Habens
714 4655 769 4702 et
797 4619 1058 4703 cherubin
1085 4650 1269 4720 gloria:
1291 4653 1341 4704 in
1362 4619 1759 4722 propitiatorio,
1779 4652 1864 4707 vel
1890 4619 1945 4680 Β
1970 4653 2096 4723 quia
2132 4659 2187 4706 et
2233 4619 2511 4721 scriptura
2554 4659 2763 4715 sancta,
2805 4649 3079 4720 sapientia:
3128 4649 3332 4705 caelesti
3386 4619 3547 4704 sensu

278 4739 523 4810 angelica
555 4741 804 4796 videlicet
846 4730 1119 4813 praesidia,
1151 4747 1242 4814 qui
1271 4761 1302 4800 a
1340 4746 1448 4802 Deo
1470 4762 1685 4818 semper
1713 4748 1865 4819 adju-

277 4837 439 4882 vetur
457 4831 713 4902 propitio,
727 4832 811 4886 vel
832 4831 1197 4900 Testamenta,
1213 4837 1409 4905 quibus
1430 4837 1662 4908 qualiter
1684 4837 1865 4893 vivere

277 4928 333 4973 et
354 4924 630 4991 quomodo
658 4925 915 4980 auxilium
947 4934 1093 4982 recte
1114 4928 1331 4982 vivendi
1352 4944 1383 4983 a
1404 4930 1583 4984 divina
1604 4930 1863 4999 propitia-

274 5011 422 5066 tione
450 5029 695 5083 quaerere
710 5016 922 5083 debeat,
935 5018 1266 5075 instituatur.
1287 5018 1379 5075 Sic
1390 5029 1571 5076 autem
1588 5030 1714 5077 sunt
1735 5022 1863 5077 che-

272 5104 455 5160 rubim
483 5120 647 5176 super
671 5109 1109 5179 propitiatorium
1138 5112 1325 5183 positi,
1363 5114 1634 5182 quomodo
1662 5115 1858 5170 civitas

268 5190 502 5261 Christi,
532 5196 583 5250 id
610 5207 696 5252 est
727 5207 915 5254 sancta
948 5200 1187 5257 Ecclesia
1218 5217 1382 5272 super
1409 5212 1667 5270 montem,
1687 5203 1754 5260 'id
1775 5215 1858 5261 est

271 5303 440 5356 super
484 5288 659 5359 ipsum
704 5290 980 5347 Cltn'stum
1012 5309 1131 5350 esse
1166 5295 1458 5351 constituta
1483 5296 1681 5352 dicitur
1707 5317 1719 5351 :
1750 5315 1856 5354 non

267 5381 418 5449 quod
468 5380 632 5435 altior
680 5382 772 5438 illo
820 5387 989 5455 possit
1031 5401 1150 5442 esse
1190 5387 1385 5444 civitas
1431 5404 1557 5454 sua,
1592 5390 1685 5445 sed
1713 5390 1856 5460 quod

265 5470 387 5538 ejus
433 5471 678 5527 subsilio
721 5483 1018 5534 sustentata
1063 5477 1330 5548 proficiat.
1372 5478 1644 5536 Cherubin
1696 5497 1857 5552 supra

266 5559 713 5629 propitiatorium
756 5563 920 5620 habet
966 5581 1093 5622 arca
1115 5609 1129 5633 ,
1154 5568 1281 5638 quia
1311 5568 1395 5624 vel
1434 5570 1671 5641 angelica
1708 5572 1861 5626 mini-

263 5649 460 5716 steria,
485 5650 568 5705 vel
592 5652 807 5724 eloquia
834 5655 1016 5712 divina
1051 5672 1117 5714 eo
1164 5660 1411 5715 veracius
1454 5660 1738 5716 ecclesiam
1776 5661 1861 5731 ju-

263 5748 422 5806 vant,
447 5756 555 5811 quo
585 5743 700 5813 ipsa
730 5745 784 5800 in
811 5745 1164 5807 fundamento
1193 5767 1415 5810 summa:
1457 5754 1703 5812 veritatis
1748 5764 1859 5812 sta-

263 5831 423 5888 bilita
455 5833 782 5889 consistunt.

1970 4742 2117 4797 clara
2141 4739 2400 4812 refulget;
2433 4748 2490 4796 et
2524 4740 2624 4810 ipsi
2651 4741 2741 4809 qui
2787 4754 2906 4794 eam
2935 4741 3224 4796 condidere
3246 4740 3544 4811 prophetae,

1967 4835 2215 4905 przeclari
2236 4834 2346 4890 vita
2370 4849 2431 4890 ac
2455 4848 2703 4889 sermone
2729 4832 2969 4888 fuerunt.

2041 4928 2089 4983 F
2093 4930 2331 5001 aciesque
2386 4927 2465 4983 illi
2503 4928 2699 4982 labium
2753 4943 2972 4981 aureum
3011 4942 3104 4996 per
3147 4925 3443 4990 circuitum,
3498 4936 3543 4978 et

1967 5019 2066 5091 ipsi
2094 5018 2232 5073 labia
2270 5035 2517 5073 coronam
2553 5016 2922 5081 interrasilem,
2952 5015 3115 5071 altam
3149 5024 3377 5087 quatuor
3410 5015 3547 5085 digi-

1962 5110 2051 5164 tis.
2089 5109 2315 5164 Labium
2358 5123 2582 5163 aureum
2619 5107 2678 5162 tit
2716 5122 2915 5161 mensae
2952 5122 3050 5176 per
3088 5107 3394 5172 circuitum,
3418 5105 3543 5175 quia

1964 5200 2209 5256 doctrina
2233 5199 2375 5254 sacri
2406 5198 2606 5269 eloquii
2636 5213 2735 5268 per
2764 5197 3117 5253 mundissima
3156 5197 3313 5252 nobis
3350 5196 3544 5267 praedi-

1963 5302 2208 5348 catorum
2258 5290 2495 5347 ﬁdelium
2554 5305 2649 5344 ora
2707 5289 3077 5354 ministratur,
3119 5303 3294 5358 neque
3328 5286 3539 5342 illorum

1962 5383 2163 5439 locutio
2189 5384 2280 5454 qui
2306 5383 2482 5438 divina
2503 5381 2657 5436 nobis
2686 5395 2882 5435 arcana
2911 5382 3263 5444 tradiderunt,
3294 5380 3540 5433 humana:

1964 5477 2414 5534 confabulationis
2435 5475 2775 5531 sermonibus
2791 5475 3061 5530 ullatenus
3080 5470 3387 5528 attaminari
3411 5484 3540 5523 cor.-

1960 5570 2245 5626 sentiebat.
2279 5569 2418 5636 Quin
2471 5567 2652 5638 potius
2674 5609 2687 5630 ,
2727 5582 2833 5621 non
2874 5575 3081 5621 tantum
3115 5564 3322 5625 nociva,
3364 5561 3457 5616 sed
3484 5569 3539 5614 et

1961 5662 2133 5718 otiosa
2163 5660 2442 5715 hominum
2470 5658 2630 5735 verba
2654 5660 2895 5730 graviter
2932 5658 3074 5711 ferre
3112 5670 3174 5708 ac
3214 5653 3538 5725 redarguere

1959 5754 2241 5810 curabant.
2267 5753 2363 5809 Vel
2394 5762 2543 5809 certe
2592 5752 2794 5807 lahium
2828 5752 2887 5805 tit
2931 5764 3153 5804 aureum
3204 5762 3402 5803 mensa:
3441 5763 3536 5818 per

1962 5845 2267 5911 circuitum,
2299 5844 2423 5916 quia
2447 5842 2726 5913 Scriptura
2759 5851 2941 5896 sancta
2972 5839 3115 5895 onmi
3146 5856 3209 5894 ex
3239 5847 3394 5911 parte
3422 5854 3533 5894 sua:
