3992 6182
525 391 627 447 ΗἹ

1180 392 1239 444 Β.
1283 391 1535 446 RABANI
1580 391 1800 449 MAURI
1840 391 2161 448 AllClllEP.
2206 393 2518 453 MOGUNT.
2559 396 2844 453 OPERUM
2884 396 3064 453 PARS
3103 396 3144 453 Ι.

3694 399 3792 455 HS

517 504 807 563 locutionis
852 518 975 557 cum
1014 513 1163 557 recte
1215 502 1555 575 intelligitur,
1601 501 1904 558 claritatem
1946 502 2105 560 nobis
2131 516 2181 575 Α
2210 506 2368 560 modo
2395 506 2621 577 populus
2647 506 2813 561 Israel
2842 523 2910 562 ex
2939 507 3173 580 Egypto
3199 509 3438 564 salvatus
3471 510 3795 569 tabernacu-

517 598 798 671 sapientize
823 596 1063 652 caelestis
1085 596 1319 651 insonat.
1338 595 1436 651 Cui
1461 596 1711 652 videlicet
1738 596 1882 652 labio
1904 612 2101 654 corona

518 691 757 753 additur,
782 690 907 760 quia
943 688 1123 760 lingua
1162 688 1573 759 prtedicantium
1609 690 1726 744 suis
1765 690 2101 746 auditoribus

519 780 933 837 retributionem
972 780 1096 835 vitm
1127 781 1401 850 promittit
1443 790 1680 837 aeterna}.
1713 780 1781 837 Et
1817 781 1953 836 bene
1982 781 2098 850 ipsa

516 888 721 928 corona
741 879 973 941 quatuor
987 871 1172 937 digitis
1195 871 1303 925 alta
1335 871 1451 926 fieri
1478 872 1787 943 praecipitur
1803 914 1817 938 ,
1844 873 1970 941 quia
1996 873 2101 928 cel-

514 964 699 1019 situdo
749 964 905 1018 nobis
947 978 1162 1018 coronae
1207 963 1482 1033 perennis,
1515 979 1614 1034 per
1647 972 1883 1034 quatuor
1924 966 2099 1020 sancti

514 1055 791 1126 Evangelii
816 1055 987 1109 libros
1015 1054 1344 1120 ostenditur,
1372 1054 1456 1109 vel
1487 1056 1613 1125 quia
1659 1070 1757 1125 per
1799 1057 2098 1111 custodiam

511 1146 836 1219 evangelica:
860 1148 981 1202 ﬁdei
1009 1157 1064 1203 et
1108 1148 1444 1218 operationis
1471 1148 1538 1202 ad
1573 1164 1830 1204 coronam
1856 1165 1956 1206 nos
1976 1150 2100 1206 vitae

510 1238 799 1308 pervenire
824 1246 1059 1308 oportet.
1085 1239 1425 1308 l‘ulchreque
1457 1255 1557 1311 per
1586 1240 1784 1310 digitos
1804 1241 1930 1299 libri
1955 1241 2097 1297 desi-

514 1335 769 1396 gnantur,
803 1327 931 1397 quia
985 1327 1244 1382 nimirum
1285 1335 1343 1382 et
1389 1327 1583 1381 tabula:
1630 1327 1767 1399 legis
1807 1329 1975 1400 digito
2002 1328 2097 1384 Dei

514 1438 637 1479 esse
657 1422 874 1493 scripta;
896 1422 1227 1487 referuntur,
1248 1429 1303 1476 et
1324 1423 1379 1476 in
1396 1422 1687 1493 Evangelio
1709 1422 1968 1478 Dominus
1989 1424 2099 1479 dis-

512 1517 829 1572 tinctionem
878 1516 1015 1586 legis
1063 1523 1494 1585 temperaturus,
1534 1516 1697 1585 digito
1741 1515 2000 1570 scribebat
2041 1517 2097 1569 in

510 1616 652 1660 terra
677 1604 859 1677 (Joan.
887 1604 1025 1675 vin).
1061 1603 1205 1658 Bene
1250 1611 1428 1675 autem
1476 1605 1663 1659 eadem
1702 1618 1901 1659 corona
1930 1604 2098 1660 inter—

509 1695 692 1751 rasilis
716 1695 829 1750 fieri
852 1694 1186 1765 prateipitur,
1212 1693 1339 1763 quia
1365 1692 1623 1747 nimirum
1648 1693 1837 1747 aeterni
1867 1688 2098 1747 retribu-

512 1789 588 1843 tio
620 1787 769 1859 rcgui
809 1803 917 1842 non
972 1785 1339 1841 indiderenter
1386 1783 1638 1839 omnibus
1671 1784 1848 1849 datur,
1877 1784 1971 1838 sed
1997 1798 2098 1853 pro

2206 597 2313 652 lum
2348 597 2574 651 Domino
2624 596 2817 651 fecisse
2853 599 2906 652 in
2957 599 3171 653 deserto
3216 610 3489 655 narratur.
3518 601 3793 673 Allegoria

2202 700 2306 755 est,
2332 706 2455 745 cum
2483 689 2664 744 verbis
2695 690 2808 745 sive
2836 691 2998 745 rebus
3025 692 3289 762 mysticis,
3316 694 3601 763 praesentia
3629 694 3792 749 Chri-

2202 781 2347 836 stiet
2398 780 2655 835 Ecclesia:
2708 790 3048 835 sacramenta
3098 782 3399 851 signantur.
3428 782 3619 838 Verbis
3646 784 3768 839 vide

2201 873 2328 928 licet
2355 882 2414 927 ut
2441 871 2609 926 Isaias
2656 873 2733 926 ait
2765 892 2777 925 :
2808 871 3121 942 Egredietur
3165 868 3309 943 virga
3332 874 3397 927 de
3426 874 3601 927 radice
3618 873 3790 940 Iesse,

2199 975 2247 1020 et
2300 967 2398 1036 ﬂos
2444 965 2508 1019 de
2556 965 2733 1019 radice
2784 965 2899 1035 ejus
2946 966 3189 1020 ascendet
3216 964 3353 1037 (lsa.
3388 965 3486 1037 XI).
3515 967 3667 1034 Quod
3706 976 3793 1023 est

2201 1066 2387 1128 aperte
2406 1057 2585 1113 dicere
2616 1075 2629 1111 :
2662 1057 2925 1113 Nascetur
2946 1058 3095 1129 virgo
3116 1056 3281 1112 Maria
3307 1058 3373 1113 de
3387 1059 3553 1127 stirpe
3574 1058 3745 1112 David
3771 1078 3784 1112 :

2201 1159 2254 1204 et
2286 1148 2537 1204 Christus
2568 1149 2635 1203 de
2670 1149 2839 1219 stirpe
2887 1146 3003 1217 ejus
3032 1149 3253 1203 orietur.
3289 1149 3470 1204 Rebus
3502 1157 3708 1215 autem,
3730 1161 3794 1206 ut

2200 1242 2430 1313 populus
2458 1241 2525 1296 de
2554 1241 2807 1312 Egyptia
2850 1241 3112 1297 servitute
3158 1257 3256 1312 per
3304 1244 3621 1313 sanguinem
3660 1243 3790 1315 agni

2201 1332 2458 1397 salvatus,
2493 1332 2790 1387 Ecclesiam
2820 1331 3107 1403 signiﬁcat,
3138 1333 3391 1401 passione
3412 1332 3612 1387 Christi
3634 1334 3792 1389 adte-

2202 1423 2443 1476 monirca
2471 1423 2835 1476 dominatione
2888 1422 3189 1476 liberatam.
3218 1421 3568 1493 Tropologica
3614 1423 3667 1477 id
3702 1431 3790 1478 est

2203 1515 2421 1570 moralis
2458 1515 2657 1570 locutio
2706 1515 2772 1568 ad
2831 1515 3221 1568 institutionem
3281 1523 3339 1568 et
3389 1515 3787 1569 correctionem

2203 1621 2432 1670 morum,
2461 1600 2575 1660 sive
2608 1605 2809 1675 apertis
2830 1620 2921 1659 seu
2953 1606 3195 1675 figuratis
3225 1604 3430 1675 prolata
3445 1604 3789 1661 sermonibus

2201 1695 2443 1764 respicit.
2474 1696 2693 1766 Apertis
2720 1695 2992 1758 videlicet,
3025 1702 3085 1748 ut
3124 1692 3358 1749 Joannes
3403 1695 3656 1750 admonet
3703 1696 3790 1749 di-

2201 1802 2330 1843 cens
2363 1805 2375 1839 :
2408 1785 2593 1840 Filioli
2631 1786 2753 1851 mei,
2780 1803 2883 1839 non
2925 1785 3206 1856 diligamus
3249 1785 3401 1839 verbo
3447 1803 3538 1839 nec
3578 1785 3782 1855 lingua,

510 1878 772 1947 qualitate
827 1877 1205 1947 accipientium
1248 1875 1506 1931 distincto
1548 1873 1807 1928 divinitus
1848 1872 2100 1927 examine
2128 1874 2172 1933 B
2202 1878 2292 1932 ιεά
2337 1894 2489 1948 opere
2513 1887 2563 1932 er
2591 1878 2806 1932 ueritate
2827 1875 2877 1947 (I
2904 1875 3068 1930 Joan.
3098 1875 3203 1945 ιιι).
3233 1875 3503 1945 Figuratis
3534 1891 3686 1940 vero,
3724 1884 3787 1929 ut

509 1966 737 2037 singulis
772 1968 1075 2035 quibusque
1107 1964 1468 2019 distribuitur.
1498 1962 1710 2019 Corona
1762 1962 1962 2018 etenim
2000 1977 2096 2016 au-

510 2072 603 2110 rca
628 2073 829 2112 mensa:
855 2056 1066 2113 Domini
1092 2072 1227 2125 pura
1265 2065 1321 2110 et
1353 2070 1459 2110 non
1508 2053 1834 2112 interrasilis
1860 2063 2024 2121 esset,
2049 2055 2095 2109 si

511 2147 734 2202 claritas
761 2147 955 2201 lutum
978 2146 1251 2215 iustorum
1278 2144 1653 2201 retributionis
1673 2144 1895 2214 :cqualis
1927 2143 2097 2198 omni-

509 2238 613 2292 bus
648 2236 977 2308 panderetur
1009 2255 1020 2290 :
1059 2237 1231 2291 instar
1270 2235 1523 2290 videlicet
1571 2234 1731 2304 hujus
1776 2233 1908 2289 solis
1946 2249 2098 2289 mun-

509 2331 663 2397 dum,
691 2329 846 2399 cujus
874 2329 1212 2399 splendorem
1242 2328 1385 2384 Deus
1419 2325 1789 2382 indill‘erenter
1812 2341 1977 2396 super
2004 2327 2097 2379 bo-

510 2438 611 2477 nos
639 2431 693 2477 et
729 2422 898 2477 malos
925 2422 1058 2476 facit
1093 2421 1245 2476 oriri.
1275 2420 1345 2474 At
1392 2420 1520 2490 quia
1554 2419 1694 2473 sicut
1741 2417 1894 2472 stella
1925 2417 2095 2472 stellae

509 2515 691 2569 dill‘ert
715 2516 766 2568 in
790 2515 1057 2578 claritate,
1087 2514 1159 2568 ita
1181 2514 1286 2568 erit
1309 2521 1364 2567 et
1379 2513 1707 2567 resurrectio
1728 2520 2091 2574 mortuorum,

512 2621 711 2661 corona
742 2622 943 2660 mensa:
988 2604 1221 2669 Domini,
1272 2603 1437 2657 variis
1480 2602 1737 2657 distincta
1776 2600 2092 2670 sculpturis,

508 2699 603 2752 sed
629 2705 997 2767 competenter
1019 2696 1303 2760 ordinatis,
1336 2694 1579 2764 apposita
1608 2700 1709 2749 est.
1739 2692 1856 2747 Una
1892 2690 2093 2746 etenim

505 2790 616 2843 vita
652 2788 857 2853 futura,
886 2788 1136 2842 omnibus
1156 2795 1241 2841 est
1270 2786 1535 2855 promissa
1572 2783 1756 2853 iustis,
1780 2782 1874 2837 sed
1905 2780 2092 2839 multi-

511 2881 701 2943 formis
734 2882 787 2935 in
815 2880 902 2934 illa
943 2895 1043 2950 pro
1072 2880 1386 2949 diversitate
1431 2878 1751 2932 meritorum
1796 2874 1967 2947 gloria
2012 2882 2095 2928 est

505 2972 863 3044 singulorum.
891 2972 1043 3038 Quod
1091 2986 1219 3025 vero
1254 2969 1524 3042 descripta
1556 2968 1707 3038 prius
1756 2983 1861 3022 una
1891 2981 2093 3022 corona

506 3061 872 3133 subiungitur,
895 3070 949 3115 et
977 3076 1139 3130 super
1180 3059 1325 3112 illam
1379 3058 1548 3112 altera
1595 3072 1797 3112 corona
1850 3054 2089 3118 aureola,

506 3152 574 3205 de
602 3150 816 3205 illorum
838 3157 1014 3219 potest
1034 3147 1258 3219 praemio
1286 3156 1432 3202 recte
1471 3146 1721 3217 intelligi,
1748 3145 1838 3214 qui
1863 3157 2092 3214 genera-

2198 1968 2451 2023 Salomon
2473 1968 2552 2024 ait
2584 1987 2596 2024 :
2631 1966 2787 2022 Omni
2810 1978 3038 2037 tempore
3074 1967 3176 2020 sint
3208 1967 3510 2019 vestimenta
3542 1975 3632 2018 tua
3656 1983 3788 2019 can-

2195 2059 2321 2114 dida
2344 2074 2361 2111 :
2383 2069 2430 2114 et
2461 2059 2630 2114 oleum
2670 2060 2734 2114 de
2758 2060 2925 2129 capite
2966 2068 3055 2112 tuo
3079 2075 3181 2111 non
3212 2057 3413 2126 deﬁciet
3440 2057 3637 2128 (Ercle.
3677 2058 3782 2127 ιχ).

2196 2150 2349 2219 Quod
2374 2159 2459 2206 est
2512 2159 2700 2220 aperte
2728 2150 2907 2204 dicere
2940 2166 2955 2203 :
2986 2138 3145 2203 Omni
3174 2155 3414 2216 tempore
3458 2148 3566 2201 sint
3613 2163 3786 2221 opera

2197 2250 2288 2298 tua
2315 2241 2538 2306 munda,
2566 2248 2623 2294 et
2650 2239 2890 2295 charitas
2929 2238 2995 2293 de
3036 2239 3201 2294 corde
3236 2246 3347 2311 ltuo
3377 2227 3482 2311 nbn
3536 2236 3780 2293 deficiet.

2195 2333 2471 2403 Anagoge,
2500 2331 2551 2384 id
2577 2339 2660 2385 est
2681 2330 2747 2383 ad
2773 2328 3049 2399 superiora
3066 2302 3267 2383 ducetis
3289 2308 3488 2383 locutio
3508 2336 3610 2393 est,
3658 2344 3786 2398 quae

2195 2426 2261 2481 de
2278 2422 2517 2493 praemiis
2538 2421 2758 2486 futuris,
2775 2429 2829 2475 et
2850 2435 2913 2474 ea
2937 2434 3056 2488 qua:
3072 2419 3127 2473 in
3156 2418 3308 2473 cmlis
3333 2426 3416 2473 est
3438 2419 3546 2472 vita
3570 2416 3782 2484 futura,

2194 2516 2310 2571 sive
2330 2513 2575 2585 mysticis
2606 2527 2699 2566 seu
2727 2510 2929 2581 apertis
2955 2510 3296 2565 sermonibus
3318 2504 3572 2578 disputat.
3605 2508 3786 2578 Aper-

2196 2608 2264 2661 tis
2304 2606 2533 2669 scilicet,
2590 2611 2670 2667 ut,
2728 2601 2879 2655 Beati
2926 2601 3119 2655 mundo
3172 2601 3346 2668 corde,
3376 2600 3623 2670 quoniam
3681 2602 3786 2670 ipsi

2194 2700 2360 2754 Deum
2388 2698 2626 2752 videbunt
2654 2695 2869 2767 (Matth.
2920 2696 2997 2767 v).
3029 2696 3267 2768 Mysticis
3304 2711 3453 2759 vero,
3481 2703 3541 2749 nt‘
3575 2714 3588 2749 :
3623 2696 3782 2750 Beati

2191 2792 2281 2862 qui
2300 2790 2479 2844 lavant
2510 2788 2672 2842 stolas
2698 2804 2822 2841 suns
2844 2827 2857 2852 ,
2890 2797 2946 2840 ut
2979 2787 3045 2840 sit
3091 2796 3317 2857 potestas
3369 2784 3472 2840 illis
3527 2787 3581 2839 in
3631 2786 3782 2856 ligno

2192 2883 2330 2945 vita’,
2353 2890 2401 2934 et
2421 2896 2513 2950 per
2544 2888 2722 2949 portas
2749 2878 2944 2931 intrent
2991 2879 3045 2931 in
3079 2878 3354 2931 civitatem.
3387 2877 3537 2943 Quod
3565 2884 3649 2932 est
3679 2891 3782 2945 pa-

2193 2978 2370 3026 tenter
2398 2969 2577 3023 dicere
2612 2986 2624 3021 :
2657 2966 2808 3021 Beati
2835 2968 2927 3036 qui
2965 2969 3225 3021 mundant
3268 2982 3395 3021 suas
3419 2967 3781 3037 cogitationes

2190 3072 2244 3118 et
2267 3073 2441 3126 actus,
2489 3069 2551 3115 ut
2577 3067 2902 3129 potestatem
2934 3059 3169 3113 habeant
3214 3058 3429 3112 videndi
3488 3057 3778 3111 Dominum

2190 3154 2485 3217 Christum,
2521 3153 2614 3221 qui
2664 3153 2739 3206 ait
2784 3169 2796 3204 ε
2836 3150 2947 3223 Ego
2993 3167 3110 3204 sum
3152 3150 3259 3213 via,
3313 3148 3526 3212 veritas,
3574 3158 3622 3200 et
3672 3149 3780 3201 vita

505 3241 574 3295 lia
602 3240 893 3311 Scriptura:
919 3248 1120 3294 sancta:
1142 3239 1395 3293 mandata
1427 3244 1729 3308 spontanea
1747 3235 1870 3289 vita:
1910 3232 2087 3303 perfe-
2114 3219 2159 3281 C
2196 3245 2376 3317 (ιοαη,
2411 3219 2553 3315 πως
2572 3245 2637 3299 [ει
2657 3260 2753 3315 per
2781 3219 3079 3298 docirinam
3115 3226 3276 3312 nume
3308 3240 3551 3311 exempla
3574 3255 3780 3308 pmw

507 3333 711 3389 ctionis
749 3332 1014 3386 electione
1049 3328 1466 3393 transcendunt,
1518 3326 1747 3395 ideoque
1797 3324 2087 3400 specialem

505 3438 616 3494 pra:
644 3421 855 3477 ueteris
884 3419 1130 3475 fidelibus
1156 3417 1568 3473 retributionem
1594 3415 1914 3470 voluntaria:
1936 3413 2087 3468 obla-

507 3515 673 3570 tionis
719 3521 1054 3584 exspectant.
1109 3510 1204 3567 Vel
1263 3518 1412 3565 certe
1480 3524 1679 3564 corona
1734 3523 1899 3562 aurea
1945 3506 2090 3563 labio

506 3621 710 3661 mensa:
739 3604 950 3660 Domini
973 3603 1278 3673 apponitur,
1300 3618 1422 3657 cum
1454 3602 1507 3655 in
1537 3599 1720 3656 verbis
1745 3614 1917 3654 saera:
1944 3597 2092 3653 Scri-

505 3704 680 3766 ptura:
738 3696 996 3751 discimus
1062 3693 1401 3766 egredientes
1453 3708 1484 3747 e
1537 3703 1704 3746 carne
1765 3690 1977 3745 animas
2021 3688 2090 3743 ad

508 3797 709 3842 aeterna
742 3788 797 3841 in
836 3785 989 3841 caelis
1027 3785 1246 3855 praemia
1276 3799 1397 3838 esse
1441 3782 1799 3852 recipiendas.
1826 3781 1893 3834 Et
1930 3795 2091 3849 super

509 3879 657 3933 illam
703 3879 874 3932 altera
917 3877 1137 3933 aureola
1191 3874 1576 3943 superadditur
1624 3886 1842 3934 corona,
1868 3886 1989 3926 eum
2036 3870 2089 3924 in

511 3973 700 4026 eadem
752 3970 1030 4039 Scriptura
1079 3967 1365 4037 reperitur,
1394 3965 1539 4035 quod
1596 3965 1675 4018 eis
1727 3962 2007 4017 sublimior
2036 3962 2090 4015 in

510 4062 618 4117 fine
646 4061 822 4117 surculi
853 4061 1023 4132 gloria
1054 4060 1107 4114 in
1154 4073 1440 4127 corporum
1470 4069 1685 4129 quoque
1706 4053 2087 4109 immortalium

512 4154 823 4223 receptione
850 4160 1115 4213 servetur.
1300 4139 1379 4217 ἦ)
1626 4132 1629 4137 Α

584 4243 826 4310 Quatuor
853 4259 1054 4314 quoque
1083 4241 1309 4296 circulos
1330 4255 1517 4294 aureos
1542 4234 1890 4309 pra'parabis,
1918 4242 1966 4288 et
1998 4248 2093 4303 po-

512 4354 601 4393 nes
625 4354 710 4392 eos
739 4338 794 4390 in
821 4347 1047 4406 quatuor
1077 4333 1284 4405 angulis
1309 4332 1543 4406 ejusdem
1571 4345 1764 4384 meum
1791 4342 1883 4397 per
1905 4325 2089 4395 singu-

511 4428 590 4481 los
618 4427 790 4498 pedes.
818 4426 945 4482 Ilaec
988 4435 1048 4480 ut
1090 4441 1251 4495 supra
1279 4424 1345 4479 de
1371 4434 1497 4479 arca
1526 4419 1894 4491 exposuimus,
1923 4415 2087 4470 ctiam

514 4515 603 4571 hic
629 4514 938 4585 accipienda
969 4524 1112 4569 sunt.
1140 4514 1382 4580 Quatuor
1407 4526 1641 4581 namque
1680 4507 1866 4564 circuli
1910 4506 2081 4571 aurei,

514 4613 749 4675 quatuor
773 4614 898 4659 sunt
927 4604 1338 4672 Evangeliorum
1364 4603 1510 4665 libri,
1541 4616 1640 4670 per
1652 4610 1895 4677 auorum
1928 4596 2091 4650 fidem

515 4697 741 4767 contigit
766 4705 825 4751 ut
850 4697 1026 4750 omnis
1049 4695 1330 4764 Scriptura
1376 4700 1562 4748 sancta
1608 4706 1705 4759 per
1732 4687 1992 4745 mundum
2016 4686 2094 4741 le-

513 4798 750 4859 geretur,
798 4796 853 4842 et
903 4787 1292 4857 intelligeretur
1339 4785 1672 4841 universum.
1710 4782 1954 4848 Quatuor
1993 4794 2093 4835 au-

517 4891 623 4935 tem
653 4880 817 4948 pedes
842 4878 1003 4934 habet
1028 4894 1214 4934 mensa
1238 4919 1252 4943 ,
1282 4878 1407 4947 quia
1454 4873 1811 4946 quadriformi
1860 4874 2090 4937 ratione,

515 4971 694 5027 omnis
719 4971 1023 5031 divinorum
1050 4970 1386 5040 eloquiorum
1428 4967 1598 5022 series
1640 4965 2003 5036 distinguitur.
2036 4964 2094 5019 In

517 5062 677 5118 libris
696 5076 949 5130 ‘namque
975 5061 1228 5117 omnibus
1265 5059 1467 5115 sanctis
1496 5056 1693 5112 intueri
1727 5064 1959 5126 oportet,
1974 5070 2094 5126 qua:

520 5157 595 5214 ibi
620 5168 822 5213 aeterna
849 5157 1186 5221 intimentur,
1216 5171 1335 5226 quae
1360 5155 1504 5210 facta
1532 5160 1841 5218 narrentur,
1860 5166 1982 5222 quae
2014 5150 2095 5205 la-

517 5261 675 5306 ctura
726 5249 1162 5320 pronuntientur,
1197 5264 1316 5319 quae
1361 5247 1565 5318 agenda
1599 5246 1984 5316 praecipiantur
2010 5243 2096 5298 vel

519 5351 860 5399 moneantur.
899 5340 1029 5395 Item
1086 5355 1274 5396 mensa
1305 5337 1636 5395 tabernaculi
1668 5346 1900 5408 quatuor
1931 5336 2097 5392 habet

518 5434 702 5505 pedes,
730 5434 853 5504 quia
894 5434 1058 5487 verba
1084 5432 1321 5489 omlestis
1348 5430 1579 5496 oraculi,
1608 5429 1692 5484 vel
1717 5429 1976 5484 historico
2006 5428 2093 5483 in-

521 5529 758 5592 tellectu,
789 5526 871 5581 vel
903 5524 1217 5596 allegorice,
1243 5523 1329 5578 vel
1353 5522 1703 5593 tropologico,
1730 5521 1784 5575 id
1810 5528 1893 5576 est
1919 5534 2096 5574 mora-

521 5618 579 5682 li,
604 5619 685 5673 vel
722 5628 870 5674 certe
900 5616 1196 5689 auagogico
1241 5615 1417 5669 solent
1465 5614 1656 5684 accipi.
1683 5613 1919 5668 Ilistoria
1948 5627 2090 5665 nam-

519 5722 626 5776 que
645 5718 748 5770 est,
777 5724 899 5762 cum
925 5723 1012 5762 res
1039 5706 1216 5776 aliqua
1246 5704 1517 5775 quomodo
1544 5702 1839 5758 secundum
1861 5700 2095 5754 litteram

526 5796 663 5852 lana
701 5798 812 5854 sive
856 5798 994 5853 dicta
1029 5798 1117 5863 sit,
1151 5796 1311 5867 plano
1360 5809 1606 5851 sermone
1650 5791 1881 5848 refertur
1917 5807 1929 5844 :
1963 5804 2095 5857 quo-

2194 3335 2443 3391 dentium
2465 3333 2712 3398 Patrum,
2741 3334 2946 3388 intrent
2970 3334 3033 3387 in"
3058 3347 3280 3402 regnum
3310 3331 3591 3385 cmlorum.
3627 3329 3770 3385 Sub-

2194 3437 2272 3481 ter
2304 3444 2551 3483 coronam
2572 3435 2722 3480 erunt
2754 3424 2937 3480 circuli
2985 3424 3155 3488 aurei,
3192 3432 3247 3477 ut
3279 3422 3558 3476 mittantur
3606 3431 3775 3476 vectes

2186 3536 2283 3588 per
2306 3536 2411 3583 eos,
2438 3528 2493 3571 ut
2523 3518 2685 3588 possit
2723 3533 2902 3571 mensa
2945 3515 3165 3587 portari.
3198 3514 3346 3585 Ipsos
3374 3530 3577 3586 quoque
3607 3524 3775 3567 vectes

2195 3608 2356 3678 facies
2376 3608 2441 3661 de
2461 3607 2617 3678 lignis
2642 3606 2826 3660 sethim
2851 3619 2869 3657 :
2899 3604 2948 3659 et
2972 3605 3325 3659 circumdabis
3345 3620 3476 3657 auro
3495 3603 3565 3656 ad
3582 3604 3772 3657 subre—

2191 3699 2415 3753 hena’am
2437 3714 2688 3753 mensam.
2722 3696 2858 3767 Apte
2874 3697 3061 3752 subter
3088 3710 3343 3750 coronam
3371 3703 3532 3750 erunt
3557 3694 3770 3756 circuli,

2192 3790 2316 3859 quia
2348 3789 2500 3845 libris
2526 3788 2697 3844 sancti
2728 3787 3002 3860 Evangelii
3026 3788 3078 3842 in
3106 3789 3208 3842 hac
3230 3788 3339 3841 vita
3362 3788 3587 3850 utimur,
3617 3800 3773 3840 coro-

2193 3897 2317 3934 nam
2346 3896 2474 3934 vero
2502 3880 2625 3935 vita:
2651 3894 2899 3949 superna:
2929 3878 3167 3933 futuram
3194 3878 3248 3931 in
3275 3876 3429 3932 cmlis
3464 3890 3768 3947 speramus.

2193 3970 2296 4026 Per
2346 3988 2481 4041 quos
2532 3970 2779 4025 videlicet
2820 3969 3050 4027 circulos
3075 3970 3440 4024 immittuntur
3482 3976 3668 4023 vectes
3702 3967 3771 4021 ad

2192 4061 2589 4115 subvehendam
2621 4076 2883 4126 mensam,
2912 4061 3037 4130 quia
3060 4060 3311 4115 doctores
3340 4060 3535 4123 sancti,
3564 4067 3625 4114 ut
3652 4073 3772 4112 ver-

2191 4154 2276 4209 bis
2301 4154 2439 4208 sacri
2466 4153 2665 4223 eloquii
2687 4153 2848 4207 corda
2881 4153 3213 4208 audientium
3250 4140 3517 4215 reficiant,
3546 4151 3644 4220 ipsi
3675 4166 3773 4221 per

2191 4246 2371 4301 omnia
2400 4254 2636 4300 mentem
2658 4260 2810 4299 suam
2833 4260 3053 4300 necesse
3074 4254 3158 4300 est
3178 4245 3231 4299 in
3256 4243 3566 4314 evangelica
3590 4242 3775 4298 lectio-

2192 4353 2260 4393 ne
2282 4338 2441 4392 fixam
2483 4344 2721 4402 teneant,
2751 4344 3019 4406 quatenus
3044 4335 3112 4390 ad
3140 4335 3301 4390 fidem
3338 4332 3668 4402 sebsumque
3709 4331 3775 4385 il—

2192 4430 2298 4485 lius
2324 4443 2540 4484 omnem
2570 4428 3034 4497 interpretationis
3076 4443 3140 4481 ac
3185 4427 3442 4482 doctrina:
3466 4440 3575 4481 suae
3601 4425 3773 4478 inten-

2194 4522 2394 4577 tionem
2419 4521 2671 4591 dirigant.
2696 4516 2922 4573 Parabis
2947 4528 2995 4572 et
3018 4518 3289 4573 acetabula
3316 4535 3379 4571 ac
3403 4516 3632 4587 phialas,
3655 4517 3773 4569 thu-

2195 4612 2365 4666 ribula
2395 4622 2443 4666 et
2474 4611 2706 4681 cyathos,
2733 4611 2787 4664 in
2808 4611 2993 4681 quibus
3019 4610 3285 4680 offerenda
3330 4619 3451 4663 sunt
3494 4608 3770 4670 libamina,

2192 4719 2257 4756 ex
2284 4719 2414 4756 auro
2442 4703 2743 4773 purissimo.
2772 4701 2932 4755 Varia
2957 4715 3086 4755 vasa
3106 4716 3225 4769 qua!
3253 4700 3320 4754 ad
3347 4698 3621 4754 olI'erenda
3648 4703 3775 4773 sunt

2192 4791 2448 4847 libamina
2484 4791 2646 4856 facta,
2677 4791 2841 4844 varia:
2888 4798 3014 4845 sunt
3057 4790 3428 4845 distinctiones
3464 4787 3665 4855 eloquii
3698 4787 3777 4840 di-

2194 4883 2323 4944 vini,
2350 4897 2449 4953 pro
2472 4882 2673 4951 dispari
2714 4880 3016 4952 rapacitate
3072 4879 3428 4934 audientium.
3467 4877 3582 4931 Non
3626 4877 3776 4929 enim

2196 4988 2304 5026 una
2339 4972 2635 5039 eademque
2686 4970 2938 5025 omnibus
2976 4976 3155 5039 potest
3186 4967 3477 5023 convenire
3500 4965 3769 5020 doctrina.

2195 5064 2365 5119 Aliter
2414 5078 2648 5132 namque
2690 5062 2979 5133 sapientes,
3039 5061 3197 5114 aliter
3244 5054 3779 5127 insipientes.aliter

2197 5157 2413 5221 divites,
2454 5155 2611 5209 aliter
2638 5169 2924 5224 pauperes,
2968 5153 3126 5207 aliter
3173 5150 3308 5210 sani,
3343 5148 3497 5202 aliter
3545 5143 3777 5209 inﬁrmi,

2197 5249 2353 5304 aliter
2377 5263 2553 5313 senes,
2578 5247 2736 5302 aliter
2754 5245 2998 5316 juvenes,
3026 5243 3182 5297 aliter
3195 5241 3319 5306 viri,
3345 5239 3503 5312 aliter
3531 5236 3777 5300 feminae,

2196 5340 2352 5397 aliter
2377 5340 2616 5403 caelibes,
2649 5339 2806 5393 aliter
2828 5336 3118 5407 conjugati,
3156 5335 3314 5389 aliter
3346 5330 3575 5405 praelati,
3613 5329 3783 5383 aliter

2197 5433 2396 5488 subditi
2453 5431 2679 5487 docendi
2731 5437 2874 5484 sunt.
2932 5422 3061 5495 Quai.
3089 5434 3272 5481 tamen
3322 5440 3453 5479 vasa
3490 5422 3676 5477 omnia
3709 5419 3783 5474 ad

2197 5538 2441 5578 mensam
2466 5521 2819 5585 tabernaculi,
2844 5518 3028 5574 omnia
3076 5518 3143 5572 ad
3198 5515 3473 5571 offerenda
3519 5512 3784 5566 libamina

2198 5596 2470 5684 pertinent
2499 5632 2511 5667 :
2542 5613 2666 5683 quia
2690 5624 3021 5680 quaacunque
3050 5606 3287 5679 prudens
3329 5606 3519 5660 doctor
3561 5602 3788 5656 diversa

2200 5720 2299 5775 pro
2349 5703 2665 5758 diversitate
2716 5699 3048 5755 audientium
3111 5698 3373 5767 loquitur,
3422 5693 3680 5748 universa
3730 5693 3789 5747 in

2205 5795 2381 5867 regula
2429 5809 2594 5848 sacrae
2626 5792 2921 5863 Scriptum
2961 5789 3327 5859 reperiuntur,
3362 5794 3521 5856 atque
3557 5783 3626 5839 ad
3653 5783 3795 5839 olfe-
