4052 6184
286 375 387 433 “9

1251 370 1760 430 COMMENTABIA
1797 372 1861 423 IN
1904 369 2217 425 exoouu.
2262 404 2331 412 -
2368 370 2499 428 Lm.
2538 358 2625 428 ut.

3452 371 3554 427 130

286 491 453 548 renda
478 489 711 545 Domino
745 496 869 544 vota
890 490 1155 545 honorum
1184 506 1409 561 operum
1436 491 1601 547 corde
1622 489 1863 546 excitant
1888 484 1942 545 Α
1965 501 2129 556 super
2170 488 2306 545 alios
2353 506 2521 560 panes
2565 491 2940 560 adjiciebatur.
2980 490 3399 561 huponebautur
3425 504 3558 562 ergo

280 582 619 637 auditorum.

355 671 426 724 Et
453 686 616 741 pones
638 686 797 740 super
827 686 1062 725 mensam
1082 689 1243 742 panes
1265 674 1635 744 propositioms
1663 689 1716 726 tn
1741 689 1868 725 con-

285 774 463 836 spectu
485 780 599 817 meo
615 780 839 834 semper.
858 761 1032 819 Panes
1044 766 1425 836 propositionis
1446 780 1609 835 super
1630 779 1872 821 mensam

285 855 451 927 positi
479 869 713 924 semper,
736 854 988 910 doctores
1022 864 1151 911 sunt
1188 855 1518 925 spirituales,
1556 856 1645 925 qui
1673 856 1725 909 in
1758 854 1875 926 lege

288 947 506 1002 Domini
537 947 624 1001 die
654 961 718 1002 ac
748 956 908 1001 nocte
959 947 1281 1003 meditantes
1322 946 1535 1003 eunetis
1574 947 1875 1003 Ecclesiam

291 1038 625 1094 intrantibus
649 1032 997 1093 refectionem
1032 1040 1183 1095 verbi
1215 1039 1454 1094 cmlestis
1492 1037 1745 1095 offerunt.
1773 1039 1879 1106 Qui

289 1137 441 1184 recte
464 1128 853 1199 propositionis
886 1144 1055 1198 panes
1086 1138 1349 1184 vocantur
1381 1147 1394 1183 :
1425 1130 1549 1199 quia
1599 1130 1652 1184 in
1682 1144 1879 1201 propa—
1912 1138 1917 1144 '

291 1221 404 1276 tulo
434 1236 652 1291 semper
671 1236 792 1276 esse
822 1221 982 1277 debet
1015 1223 1288 1278 universis
1314 1222 1562 1278 ﬁdelibus
1583 1238 1763 1278 sermo
1792 1238 1880 1277 sa-

293 1310 444 1375 lutis,
472 1324 652 1380 neque
678 1327 919 1381 unquam
948 1312 1000 1366 in
1028 1312 1269 1367 Ecclesia
1309 1313 1500 1368 deesse
1527 1319 1742 1383 oportet
1775 1313 1881 1382 piis

295 1404 634 1459 auditoribus
664 1404 884 1458 verbum
921 1403 1122 1459 solatii.
1163 1404 1239 1459 De
1273 1405 1363 1459 his
1383 1404 1613 1473 panibus
1636 1405 1692 1458 in
1720 1402 1879 1459 Levi-

296 1494 405 1549 tieo
430 1494 646 1564 plenius
668 1501 802 1563 quot
829 1500 883 1549 et
923 1485 1113 1565 quales
1166 1494 1421 1560 faciendi,
1474 1494 1560 1549 vel
1606 1496 1881 1565 quomodo

295 1584 530 1654 ponendi
552 1584 768 1649 fuerint,
790 1585 1042 1650 refertur,
1060 1586 1271 1640 dicente
1286 1586 1513 1641 Domino
1533 1586 1600 1640 ad
1629 1585 1845 1657 Moysen
1867 1604 1879 1639 :

296 1677 535 1746 Accipies
577 1694 781 1747 quoque
823 1676 1076 1742 similam,
1105 1688 1152 1731 et
1196 1695 1383 1749 coques
1410 1695 1475 1733 ea:
1512 1696 1574 1733 ea
1604 1679 1884 1732 duodecim

296 1785 478 1839 panes,
527 1768 618 1837 qui
659 1766 853 1837 singuli
888 1767 1117 1821 habeant
1169 1768 1303 1822 duas
1351 1768 1585 1823 decimas
1613 1782 1630 1820 :
1658 1783 1883 1840 quorum

296 1878 447 1915 senos
469 1859 783 1914 altrinsecus
837 1877 995 1931 super
1030 1856 1263 1915 mensam
1317 1864 1654 1933 purissimam
1703 1880 1881 1917 coram
1912 1839 1958 1898 Β

297 1949 524 2004 Domino
561 1958 781 2004 statues.
834 1949 905 2004 Et
933 1966 1096 2021 pones
1121 1968 1277 2023 super
1313 1968 1399 2006 eos
1444 1952 1564 2006 thus
1612 1952 1879 2029 lucidissi—

298 2061 462 2110 mum,
488 2053 547 2097 ut
565 2044 633 2097 sit
670 2045 820 2113 panis
849 2044 905 2098 in
928 2046 1304 2099 monimentum
1338 2044 1616 2100 oblationis
1645 2044 1880 2100 Domini.

300 2133 407 2188 Per
426 2134 638 2205 singula
667 2127 885 2189 sabbata
923 2137 1268 2191 mutabuntur
1292 2134 1469 2191 caram
1493 2137 1742 2204 Domino,
1769 2120 1889 2192 sus-

297 2227 430 2295 cepti
445 2243 480 2278 a
500 2220 626 2290 ﬁliis
650 2224 821 2280 Israel
836 2226 1027 2296 findere
1051 2228 1363 2298 sempiterno
1393 2239 1685 2300 :eruntque
1706 2229 1885 2284 Aaron

296 2324 345 2369 et
382 2314 617 2385 ﬁliorum
640 2316 775 2385 ejus,
807 2325 864 2370 ut
900 2316 1189 2370 comedunt
1211 2332 1299 2371 eos
1327 2317 1382 2370 in
1403 2316 1519 2372 loco
1557 2328 1740 2373 sancto
1766 2317 1889 2391 (Le-

301 2406 386 2461 sit.
410 2404 586 2477 sxw).
610 2405 902 2463 Duodecim
947 2422 1079 2477 ergo
1131 2423 1303 2478 panes
1328 2409 1385 2464 in
1418 2425 1606 2465 mensa
1634 2411 1888 2466 taberna-

299 2498 427 2561 culi,
453 2497 742 2553 duodecim
779 2508 904 2554 sunt
933 2500 1185 2571 apostoli,
1213 2510 1267 2557 et
1295 2516 1486 2557 omnes
1532 2501 1796 2559 doctrinm
1826 2502 1890 2557 il-

301 2586 479 2642 lorum
503 2601 765 2658 sequaces
811 2589 865 2644 in
894 2590 1135 2646 Ecclesia
1165 2610 1177 2645 :
1209 2592 1301 2661 qui
1342 2594 1600 2663 quoniam
1623 2609 1794 2663 usque
1821 2593 1889 2648 ad

302 2678 829 2734 consummationem
887 2682 1068 2736 saeculi
1126 2683 1381 2752 populum
1455 2684 1551 2738 Dei
1620 2684 1892 2741 alimoniis

232 2776 250 2827 γ’
305 2770 461 2825 verbi
490 2769 856 2827 reﬁcere'non
886 2773 1159 2839 desinunt,
1184 2790 1355 2846 panes
1383 2775 1666 2830 duodecim
1682 2792 1890 2846 .propoo

303 2862 518 2917 sitionis
558 2879 834 2934 nunquam
886 2865 953 2920 de
1008 2858 1194 2922 mensa
1241 2867 1453 2922 Domini
1502 2869 1781 2923 recedunt.
1826 2869 1893 2922 Et

304 2954 441 3010 bene
467 2955 632 3011 iidem
681 2971 851 3025 panes
878 2974 985 3013 non
1010 2957 1077 3014 de
1106 2959 1346 3029 qualibet
1380 2959 1574 3021 farina,
1608 2961 1703 3014 sed
1734 2961 1799 3014 de
1821 2960 1894 3014 si-

305 3045 432 3100 mila
456 3045 576 3100 ﬁeri
610 3045 912 3115 iubentur:
945 3050 1072 3119 quia
1110 3042 1364 3104 nimirum
1421 3052 1729 3123 quicunque
1772 3052 1894 3108 aliis

304 3136 529 3191 verbum
576 3137 1075 3204 vitae-ministrant,
1107 3142 1284 3209 primo
1342 3142 1488 3211 ipsos
1537 3157 1758 3197 necesse
1809 3153 1893 3199 est

1973 594 2142 648 panes
2168 581 2394 636 sabbato
2432 584 2485 637 in
2539 599 2784 638 mensam
2816 581 3052 647 Domini,
3077 597 3142 636 ea
3164 581 3353 649 utique
3382 581 3560 635 inten—

1974 669 2122 726 tione
2158 673 2494 740 ponentium,
2525 683 2584 728 ut
2632 682 2907 729 transacto
2943 673 3193 738 sabbato,
3222 671 3421 726 ibidem
3461 686 3559 740 per

1976 770 2185 832 septem
2232 763 2350 819 dies
2383 766 2645 833 operandi
2671 772 2974 820 manerent.
3002 764 3098 818 llis
3128 778 3343 833 quoque
3384 771 3563 817 trans-

1976 854 2180 920 missis,
2204 854 2377 910 altero
2416 858 2837 927 superveniente
2865 857 3111 920 sabbato,
3130 855 3182 910 in
3211 854 3562 910 refectionem

1977 945 2174 998 summi
2202 946 2502 1001 sacerdotis
2525 956 2581 1001 et
2610 947 2844 1001 ﬁliorum
2869 944 2985 1015 ejus
3007 953 3520 1003 cousummarentur
3549 963 3561 998 :

1977 1035 2103 1104 quia
2127 1036 2385 1092 nimirum
2426 1038 2484 1092 in
2536 1038 2836 1108 primordio
2868 1039 3025 1093 nobis
3073 1037 3182 1092 Deo
3209 1038 3417 1092 devotas
3437 1051 3568 1090 cou-

1981 1128 2304 1183 versationis
2341 1129 2658 1199 accipienda
2718 1130 2936 1200 requies
2962 1137 3018 1185 et
3056 1129 3165 1184 vita
3203 1137 3406 1184 acterna
3437 1142 3567 1198 pro—

1980 1218 2233 1284 mittitur,
2267 1234 2333 1274 ea
2372 1228 2557 1276 tamen
2609 1220 2956 1286 conditione,
3007 1230 3068 1275 ut
3103 1236 3200 1291 per
3256 1219 3471 1274 labores
3515 1225 3573 1272 et

1979 1304 2143 1382 opera
2206 1302 2349 1371 bona
2381 1314 2511 1372 vita:
2556 1317 2869 1388 temporalis
2906 1317 2974 1373 ad
3014 1332 3136 1373 eam
3166 1316 3444 1387 pertinere
3466 1315 3563 1370 de-

1980 1403 2226 1460 beamus.

2586 1541 2818 1599 CAPUT
2858 1541 2973 1597 ΧΠ.

2551 1652 2631 1707 De
2662 1653 2999 1709 candelabro.

1986 1770 1989 1773 λ
2057 1762 2250 1820 Facies
2280 1775 2330 1820 et
2365 1765 2742 1821 candelabrum
2782 1765 2978 1822 ductile
3008 1767 3072 1821 de
3102 1784 3235 1821 auro
3288 1767 3571 1838 purissimo

1988 1856 2185 1929 (Exod.
2200 1855 2353 1929 xxv).
2366 1855 2768 1912 Candelabrum
2784 1856 3119 1913 tabernaculi
3136 1857 3273 1912 sicut
3286 1865 3343 1913 et
3362 1872 3573 1921 mensa,

1984 1948 2349 2004 universalcm
2374 1950 2659 2018 praesentis
2691 1948 2952 2019 temporis
2974 1948 3270 2004 Ecclesium
3303 1948 3572 2018 designat.

1985 2038 2109 2095 [deo
2144 2052 2377 2109 namque
2407 2048 2533 2093 sunt
2555 2048 2682 2095 ante
2706 2040 2883 2094 velum
2908 2040 3053 2094 intra
3078 2039 3222 2111 quod
3249 2055 3376 2094 arca
3411 2046 3577 2097 testa-

1986 2132 2157 2187 menti
2182 2133 2357 2205 posita
2388 2141 2494 2197 est,
2522 2133 2649 2204 quia
2680 2133 2909 2188 necdum
2937 2133 3002 2187 ad
3026 2133 3289 2188 visionem
3314 2132 3368 2186 in
3400 2130 3574 2195 caelis,

1988 2225 2073 2280 sui
2103 2224 2486 2294 Redemptoris
2517 2224 2717 2278 meruit
2746 2224 3053 2278 intromitti.
3084 2221 3193 2279 Sed
3218 2240 3425 2290 mensa,
3448 2224 3577 2294 quia

1988 2314 2075 2369 bis
2104 2314 2197 2383 qui
2227 2314 2477 2369 esuriunt
2503 2323 2558 2368 et
2585 2314 2777 2369 sitiunt
2787 2314 3080 2385 justitiam,
3105 2315 3307 2369 victum
3337 2314 3580 2384 quotidie

1989 2404 2291 2467 cmlcstem,
2342 2419 2413 2460 ne
2466 2405 2523 2459 in
2560 2403 2954 2460 tentationibus
2985 2405 3264 2471 deliciant,
3296 2405 3576 2475 impendit.

1988 2496 2386 2552 Candelabrum
2412 2506 2517 2563 est,
2541 2498 2666 2567 quia
2689 2497 2792 2553 iter
2823 2497 2961 2553 lucis
2981 2498 3292 2554 errantibus
3320 2497 3576 2553 ostendit.

1992 2589 2174 2645 Mensa
2236 2590 2445 2660 pariter
2489 2599 2547 2645 et
2601 2590 2987 2646 candelabrum
3034 2598 3141 2656 est,
3194 2591 3324 2660 quia
3374 2592 3583 2647 sanctis

1991 2680 2183 2735 edocta
2213 2680 2433 2746 litteris,
2464 2689 2520 2736 et
2539 2681 2777 2735 animam
2800 2682 3129 2736 esurientem
3169 2680 3373 2736 satiare
3400 2682 3576 2746 bonis,

1992 2782 2048 2827 et
2075 2773 2390 2829 sedentibus
2411 2774 2467 2827 in
2490 2773 2730 2828 tenebris
2756 2781 2920 2845 atque
2950 2774 3140 2828 umbra
3168 2774 3377 2838 mortis,
3406 2774 3581 2828 lucer-

1995 2880 2122 2918 nam
2156 2864 2309 2919 verbi
2338 2864 2758 2937 subministrare
2776 2904 2791 2929 ,
2821 2863 3015 2918 didicit
3044 2882 3059 2918 :
3092 2863 3301 2918 Hastile
3324 2865 3464 2935 ejus,
3487 2882 3579 2918 ca-

1994 2946 2182 3019 lamos,
2206 2953 2448 3023 scyphos,
2473 2962 2521 3007 et
2551 2950 2929 3023 sphwrulas,et
2956 2951 3070 3006 lilia
3091 2969 3156 3007 ea:
3181 2951 3272 3007 illo
3299 2954 3585 3023 proceden-

1994 3045 2089 3099 tia.
2126 3043 2336 3100 Hastile
2379 3036 2693 3099 candelabri
2724 3045 2840 3114 ipse
2870 3044 2961 3113 qui
2993 3054 3079 3100 est
3109 3054 3271 3115 caput
3306 3045 3580 3110 Ecclesiae,

1997 3138 2263 3193 mediator
2275 3138 2373 3193 Dei
2395 3145 2451 3192 et
2467 3136 2772 3203 hominum,
2800 3136 2963 3192 homo
2983 3136 3233 3207 Christus
3246 3135 3404 3194 Iesus
3425 3138 3586 3194 debet

302 3224 567 3280 virtutum
599 3225 845 3300 frugibus
895 3246 1117 3300 operam
1174 3232 1323 3299 dare,
1356 3241 1624 3301 quatenus
1668 3249 1732 3289 ea
1772 3250 1893 3303 qua:
1919 3211 1965 3274 (ἶ
1998 3229 2226 3301 intelligi
2250 3249 2262 3284 :
2283 3229 2351 3284 de
2374 3228 2529 3299 cujus
2554 3244 2783 3300 corpore
2811 3229 2956 3300 quod
2981 3244 3081 3284 nos
3105 3245 3312 3296 sumus,
3337 3231 3492 3301 quasi
3518 3231 3584 3285 de

303 3318 651 3386 praedicando
695 3320 989 3375 admonent
1016 3321 1176 3376 etiam
1206 3323 1452 3378 faciendo
1490 3324 1890 3379 cuminendent.

304 3405 455 3462 Bene
491 3409 657 3463 etiam
688 3411 851 3465 iidem
882 3428 1050 3482 panes
1081 3414 1195 3468 seni
1221 3414 1545 3471 altrinsecus
1567 3431 1729 3485 super
1749 3432 1896 3471 men-

301 3514 423 3552 sam
441 3501 608 3554 statui
633 3504 1051 3572 praecipiuntur,
1066 3514 1292 3576 propter
1312 3509 1656 3563 concordiam
1685 3509 1895 3565 scilicet

302 3589 596 3661 charitatis
629 3600 685 3646 et
735 3594 1033 3651 societatis.
1090 3596 1222 3651 Nam
1252 3607 1308 3654 et
1341 3598 1601 3654 Dominus
1637 3600 1794 3656 binos
1827 3601 1895 3655 ad

307 3685 710 3753 praedicandum
739 3688 1032 3759 discipulos
1073 3692 1285 3747 misisse
1314 3694 1630 3764 perhibetur
1656 3713 1668 3748 :
1700 3694 1898 3766 ﬁgura-

308 3773 440 3828 liter
468 3776 765 3844 insinuans,
791 3781 915 3849 quia
940 3783 1113 3837 sancti
1144 3783 1395 3839 doctores
1420 3800 1690 3853 nunquam
1718 3784 1788 3839 ab
1815 3785 1899 3838 in-

307 3865 509 3931 vicem,
537 3869 621 3923 vel
653 3869 707 3923 in
764 3873 1063 3929 assertione
1104 3875 1369 3939 veritatis,
1404 3877 1485 3930 vel
1515 3876 1566 3930 in
1597 3875 1790 3931 affectu
1818 3877 1899 3931 di-

308 3955 563 4011 lectionis
587 3959 921 4031 discrepant.
953 3964 1019 4018 Et
1047 3967 1173 4020 thus
1194 3966 1587 4021 lucidissimum
1621 3983 1785 4038 super
1804 3984 1899 4039 pa-

307 4059 411 4099 «es
423 4047 642 4114 ponitur
664 4049 719 4127 in
744 4052 1131 4107 monimentum
1155 4053 1442 4125 oblationis
1461 4055 1695 4122 Domini,
1723 4072 1897 4125 quan-

311 4135 383 4189 do
411 4135 514 4205 pia:
544 4147 857 4195 sanctorum
918 4130 1116 4198 actiuni
1148 4160 1210 4198 ac
1238 4145 1498 4201 doctrinm
1545 4148 1723 4202 oratio
1753 4164 1887 4217 pura

311 4224 534 4281 additur
565 4245 578 4280 :
612 4243 843 4299 quoper
876 4231 991 4286 haec
1020 4240 1249 4302 utraque
1266 4234 1371 4289 rite
1410 4235 1641 4301 sociata,
1682 4251 1899 4306 semper

311 4315 580 4375 memoria
631 4332 800 4372 sacrae
841 4320 1129 4377 oblationis
1181 4323 1234 4377 in
1273 4333 1565 4393 conspectu
1593 4326 1788 4379 summi
1812 4342 1899 4380 ar-

311 4403 445 4458 bitri
473 4416 751 4476 appareat.
782 4396 928 4467 Bcn'e
956 4422 1143 4468 autem.
1173 4431 1272 4484 per
1309 4417 1516 4487 singula
1549 4419 1773 4473 sabbata
1798 4434 1897 4487 pa-

315 4508 416 4548 nes
443 4509 629 4555 coram
657 4498 886 4555 Domino
932 4505 1131 4559 mutari
1171 4508 1512 4561 mandantur.
1545 4507 1721 4563 Panes
1744 4524 1899 4563 nam-

1996 3321 2221 3377 calamis
2262 3335 2329 3377 ex
2370 3321 2555 3376 hastili
2599 3321 3022 3392 procedentibus
3055 3320 3189 3376 dicit
3230 3321 3523 3392 Apostolus
3564 3340 3577 3376 :

1999 3410 2082 3465 Ex
2104 3429 2206 3482 quo
2233 3421 2399 3465 totum
2423 3428 2611 3483 corpus
2636 3428 2731 3482 per
2768 3428 3037 3467 connexus
3092 3421 3140 3466 et
3184 3413 3580 3482 conjunctione:

1996 3503 2449 3557 subministratum
2475 3512 2525 3558 et
2545 3513 2923 3570 constructum,
2954 3504 3136 3559 crescit
3161 3504 3214 3558 in
3245 3515 3607 3575 augmentum-

1999 3592 2095 3647 Dei
2119 3592 2316 3664 (Colos.
2350 3594 2429 3661 ιι).
2461 3593 2671 3648 Calami
2717 3609 2849 3665 ergo
2892 3596 3247 3664 procedentes
3279 3597 3344 3650 de
3376 3597 3581 3659 hastili,

1996 3684 2380 3753 przedicatores
2408 3693 2550 3749 sunt,
2570 3685 2660 3753 qui
2687 3685 2917 3756 instituti
2942 3702 2971 3738 a
2994 3686 3243 3751 Domino,
3269 3687 3477 3741 dulcem
3492 3681 3579 3740 ευ.

1998 3779 2125 3831 num
2169 3776 2222 3830 in
2278 3776 2480 3832 mundo
2528 3777 2861 3832 ediderunt:
2893 3778 3141 3834 videlicet
3184 3779 3454 3833 canticum
3492 3796 3586 3834 no-

1996 3886 2144 3923 vum.
2176 3868 2381 3925 Calami
2419 3878 2546 3925 sunt
2582 3886 2772 3925 omnes
2805 3870 3061 3925 Ecclesia:
3096 3870 3211 3935 lilii,
3246 3872 3456 3927 dicente
3480 3872 3585 3926 δίμί

1998 3961 2265 4032 Propheta
2283 3981 2299 4016 :
2317 3959 2540 4017 Cantate
2555 3961 2783 4016 Domino
2806 3962 3067 4016 canticum
3098 3979 3282 4017 norum
3302 3980 3319 4017 .'
3336 3962 3453 4017 laus
3467 3964 3583 4033 ejus

1998 4054 2062 4108 ab
2100 4056 2344 4108 extremis
2389 4064 2543 4109 terra:
2580 4053 2985 4126 (Psal.cxux).
3029 4052 3165 4120 Quia
3218 4070 3347 4127 vero
3394 4056 3583 4125 scyphi

2000 4145 2126 4200 vino
2157 4146 2351 4216 repleri
2381 4147 2581 4212 solent,
2626 4162 2733 4201 non
2791 4146 3063 4204 immerito
3093 4162 3191 4216 per
3219 4163 3333 4211 eos,
3354 4155 3584 4201 .meutes

1999 4235 2334 4291 audientium
2361 4236 2737 4307 designantur,
2779 4238 2872 4306 qui
2925 4238 2993 4291 ad
3040 4251 3228 4291 vocem
3274 4237 3580 4305 praedican-

1998 4328 2156 4392 tium,
2179 4328 2306 4382 vino
2359 4327 2602 4382 scientiae
2651 4326 2947 4396 replentur.
2972 4327 3039 4381 Et
3087 4327 3343 4397 quoniam
3390 4327 3583 4383 eodem

1996 4417 2125 4491 vino
2150 4417 2375 4471 internae
2404 4416 2709 4471 dilectionis
2729 4416 2994 4471 inebriata
3025 4416 3187 4472 corda
3217 4417 3475 4484 fidelium,
3502 4419 3584 4472 iu-

2000 4507 2259 4578 l‘atigahili
2292 4507 2563 4562 desiderio
2586 4508 2653 4562 ad
2698 4507 2865 4561 Deum
2916 4508 3164 4575 tendunt,
3195 4517 3340 4564 recte
3371 4509 3424 4563 in
3452 4525 3584 4564 can-

312 4599 423 4653 quc
448 4589 540 4657 qui
562 4598 662 4660 per
680 4596 895 4662 septem
927 4596 1043 4650 dies
1089 4579 1347 4667 operandi
1388 4601 1439 4655 in
1471 4617 1655 4656 mensa
1682 4602 1895 4658 Domini
1921 4572 1974 4632 D
2000 4572 2221 4657 delahro
2243 4609 2363 4670 post
2399 4600 2632 4669 scyphos
2672 4598 2950 4669 sphaerulae
2981 4572 3390 4670 ﬁuntrSphaera
3434 4602 3581 4657 enim

314 4679 536 4734 fuerant
562 4683 742 4752 positi,
773 4686 995 4741 sabbato
1027 4691 1179 4744 novis
1224 4698 1518 4752 mutantur,
1538 4709 1674 4753 cum
1712 4692 1898 4749 docto-

317 4781 409 4820 res
428 4769 627 4839 quique
674 4783 874 4830 sanctae
924 4777 1194 4844 Ecclesize,
1238 4782 1505 4850 completo
1551 4790 1789 4854 tempore
1815 4785 1898 4841 sui

313 4858 495 4911 sancti
523 4858 744 4927 laboris,
775 4874 973 4920 arterna
999 4868 1052 4921 in
1083 4869 1236 4924 cmlis
1252 4872 1430 4939 quiete
1457 4883 1895 4947 remunerantur,

311 4957 373 5002 et
404 4949 540 5017 alios
567 4963 688 5022 post
722 4972 781 5011 se
808 4959 860 5013 in
901 4960 1044 5015 idem
1091 4977 1227 5034 Opus
1282 4964 1560 5020 laborandi
1612 4968 1663 5022 in
1710 4971 1893 5035 verbo,

313 5041 423 5096 sub
447 5044 684 5113 ejusdem
712 5065 806 5119 spe
829 5052 1203 5110 retributionis
1230 5056 1556 5127 relinquunt.
1581 5058 1897 5129 Coquehan-

313 5146 414 5192 tur
444 5148 622 5196 autem
647 5159 817 5213 panes
858 5156 984 5203 ante
1000 5149 1309 5216 'Sabhatum,
1339 5150 1400 5206 ut
1423 5151 1688 5224 Iosephus
1710 5155 1900 5210 scribit

313 5229 450 5293 duo,
477 5238 530 5284 et
555 5231 659 5287 duo
674 5235 896 5290 .divisim
923 5245 1052 5294 ante
1080 5239 1398 5307 sabbatum;
1426 5251 1481 5297 et
1499 5245 1725 5299 sabbato
1739 5237 1898 5299 mane

311 5319 490 5374 oblati
534 5338 696 5393 super
740 5342 955 5382 sacram
994 5346 1262 5397 mensam,
1293 5334 1635 5402 ponebantur
1679 5336 1794 5390 seni
1833 5335 1900 5389 ad

312 5410 615 5467 alterutros
645 5418 915 5484 conversi,
962 5421 1167 5476 duabus
1204 5425 1406 5492 pateris
1434 5425 1615 5480 aureis
1648 5441 1901 5496 superpo-

311 5500 444 5555 sitis
472 5503 632 5560 thure
668 5506 860 5576 plenis.
886 5511 978 5579 qui
1005 5514 1394 5580 permanebant
1437 5515 1503 5569 ad
1535 5515 1677 5570 aliud
1706 5517 1900 5573 sabba-

312 5601 456 5648 tum.
487 5592 555 5648 Et
591 5603 720 5651 tunc
764 5614 864 5668 pro
893 5600 1000 5657 illis
1036 5603 1125 5658 alii
1174 5606 1621 5674 deportabantur,
1663 5607 1736 5661 illi
1769 5623 1899 5665 vero

309 5687 694 5744 sacerdotibus
718 5692 1131 5749 exhibebantur.
1166 5697 1232 5751 Et
1260 5699 1415 5752 thure
1448 5699 1666 5755 incenso
1695 5701 1744 5755 in
1778 5702 1898 5771 igne

310 5792 478 5834 Sacro
533 5781 583 5834 in
643 5798 750 5851 quo
785 5785 961 5839 omnia
996 5786 1305 5843 holocausta
1346 5790 1570 5856 llt‘ll'dlll,
1603 5790 1742 5845 aliud
1774 5793 1896 5847 thus

2000 4705 2065 4745 ex
2092 4690 2238 4744 omni
2286 4697 2439 4760 parte
2470 4689 2724 4754 volvitur,
2751 4689 2880 4758 quia
2929 4689 3184 4744 nimirum
3234 4700 3440 4747 mentes
3467 4693 3581 4747 ele-

1999 4788 2232 4845 ctorum,
2260 4796 2359 4835 nec
2384 4780 2811 4849 adversitalibus,
2845 4779 3023 4833 δεῖευιί
3060 4779 3182 4835 ullis
3213 4781 3451 4847 retineri,
3482 4796 3583 4837 nec

1999 4871 2452 4941 prosperitatibus
2478 4877 2702 4939 possunt
2729 4870 3005 4940 corrumpi
3030 4887 3045 4936 ;
3076 4870 3205 4940 quin
3246 4871 3300 4927 in
3329 4875 3582 4932 euntibus

2002 4979 2123 5035 qua:
2152 4971 2468 5029 occurrunt,
2493 4964 2559 5017 ad
2588 4960 2758 5019 Deum
2790 4976 2888 5031 per
2908 4946 3096 5017 sancta
3123 4963 3390 5020 desideria
3417 4968 3581 5038 proti-

2002 5059 2165 5113 ciant.
2199 5048 2265 5112 Et
2292 5059 2428 5113 bene
2456 5064 2579 5127 post
2611 5048 2866 5120 calamos,
2900 5058 3134 5127 scyphos
3165 5066 3225 5129 et
3260 5061 3577 5129 sphazrulas,

2004 5148 2058 5202 in
2088 5147 2412 5203 candelabro
2439 5126 2549 5200 lilia
2597 5126 3151 5217 deformantttr,quia
3179 5126 3303 5216 post
3347 5126 3576 5220 gratiam

2003 5238 2424 5308 praedicationis,
2457 5244 2579 5306 post
2611 5236 3028 5291 inebriationem
3061 5246 3219 5306 potus
3261 5240 3595 5310 spiritualis,,

2000 5328 2554 5399 postirrevocabilem
2602 5336 2803 5383 sanctae
2844 5314 3176 5399 operatioms
3237 5346 3599 5401 procurstun,,

2000 5422 2092 5477 illa
2122 5421 2303 5476 virens
2322 5420 2498 5491 patria
2528 5420 2790 5491 sequitur,
2812 5436 2932 5491 quae
2966 5422 3249 5477 animabus
3271 5423 3495 5484 sanctis,
3526 5425 3579 5481 id

2002 5520 2087 5568 est
2107 5511 2327 5566 ﬂoribus
2353 5520 2544 5566 vernat
2590 5502 2835 5566 azternis.
2870 5511 2977 5567 Sex
3015 5512 3207 5566 calami
3250 5513 3597 5581 egrediantur,

2004 5604 2067 5659 de
2105 5602 2373 5667 laferibus,
2420 5613 2522 5656 tres
2551 5619 2615 5656 ea:
2665 5620 2767 5655 uno
2799 5602 2959 5659 latere
2984 5642 2998 5667 ,
3034 5611 3082 5655 et
3132 5611 3233 5653 trcs
3285 5618 3349 5655 et:
3386 5603 3577 5661 altero.

2004 5698 2227 5754 Constat
2251 5696 2465 5767 quidem
2499 5711 2782 5751 numerum
2831 5694 3126 5759 senarium,
3157 5694 3207 5748 in
3251 5710 3357 5769 quo
3401 5697 3588 5757 lactus

2004 5800 2080 5847 est
2127 5790 2385 5855 mutulos,
2425 5802 2647 5858 operum
2691 5786 3076 5860 perfectionem
3120 5785 3422 5859 designare.
3470 5792 3578 5848 Sed
