3992 6182
469 332 565 388 fil

1114 329 1177 385 Β.
1222 329 1473 384 RABANI
1515 329 1731 385 MAURI
1767 328 2084 385 ARCiiiEi‘.
2127 328 2433 386 MOGUNT.
2471 328 2756 385 OPERUM
2800 326 2979 383 PARS
3017 327 3056 381 i.

3614 324 3713 379 liii
3732 364 3739 369 ι

467 448 721 521 quoniam
750 447 824 503 ita
851 445 1061 516 positus
1088 447 1253 501 estin
1292 446 1658 515 descriptione
1687 447 2040 506 calamorum.
2072 448 2121 509 Α
2148 457 2230 502 sto
2256 447 2535 503 adhaerere
2578 446 2871 512 curaverit,
2908 452 3057 498 tanto
3103 443 3321 498 vicinior
3378 442 3430 499 in
3463 443 3553 497 illa
3584 445 3711 510 vita,

468 549 527 594 ut
558 539 642 594 bis
673 539 726 592 in
758 546 943 592 ternos
971 538 1263 603 dividatur,
1296 538 1469 608 magis
1504 539 1570 593 de
1595 539 1829 593 ternario
1854 538 2040 592 dicen-

468 630 615 683 dum.
646 625 779 682 Tres
810 642 1043 697 namque
1071 627 1264 681 calami
1292 625 1358 681 de
1387 643 1495 681 uno
1526 626 1697 682 latere
1725 627 1959 693 hastilis,
1987 636 2042 682 et

468 730 581 774 tres
622 719 972 791 egrediuntur
1019 719 1083 773 de
1129 718 1320 782 altero,
1347 720 1471 791 quia
1535 718 1755 773 fuerunt
1799 720 2045 777 doctores

465 818 594 863 ante
626 807 916 862 adventum
954 807 1163 861 Domini
1196 807 1248 861 in
1289 822 1471 871 carne,
1501 808 1592 878 qui
1642 808 1803 863 ﬁdem
1844 817 2045 863 sancta:

467 896 754 951 Trinitatis
781 896 1008 967 mystica
1032 910 1162 951 voce
1193 896 1563 967 designarent,
1586 906 1642 953 et
1664 908 1926 967 quantum
1962 915 2047 952 ru-

467 988 563 1043 des
593 990 770 1043 adhuc
814 1003 1009 1059 capere
1056 996 1327 1058 poterant,
1355 989 1731 1059 praedicarent.
1786 989 1936 1045 Unde
1963 997 2047 1043 est

469 1080 598 1134 illud
629 1079 926 1134 Psalmistae
965 1097 976 1132 :
1017 1077 1185 1133 Verbo
1210 1078 1549 1132 Dominicoeli
1576 1080 1775 1147 ﬁrmati
1805 1088 1967 1132 sunt:
1995 1089 2043 1133 et

468 1177 653 1247 spiritu
696 1176 801 1230 oris
848 1176 961 1245 ejus
996 1176 1162 1229 cumis
1202 1176 1367 1229 virtus
1409 1192 1588 1229 eorum
1634 1174 1807 1246 (Psal.
1846 1177 2040 1248 xxx“).

470 1269 607 1322 Sunt
628 1267 786 1322 modo
815 1268 1085 1330 doctores,
1125 1268 1215 1337 qui
1242 1266 1483 1321 eamdem
1510 1267 1668 1322 [idem
1708 1275 1908 1323 sanctae
1931 1268 2044 1323 Tri-

469 1356 651 1409 nitatis
675 1366 863 1424 aperte
892 1356 1205 1425 praedicent,
1236 1356 1309 1409 ita
1352 1365 1412 1409 ut
1462 1372 1651 1411 omnes
1674 1356 1766 1426 qui
1799 1357 1867 1411 ad
1893 1356 2047 1412 Chri-

468 1456 610 1501 stum
635 1447 928 1517 pertinent,
957 1446 1143 1501 eadem
1191 1448 1426 1501 debeant
1473 1447 1577 1502 ﬁde
1606 1447 1935 1513 consecrari,
1966 1449 2046 1503 di-

468 1545 626 1591 cente
657 1535 914 1605 apos'olis
939 1535 1171 1593 Domino
1203 1553 1216 1587 :
1256 1534 1456 1591 Ertutes
1486 1550 1629 1605 ergo,
1666 1535 1845 1589 docete
1867 1551 2044 1589 omnes

464 1635 661 1697 gentes,
688 1626 1006 1697 baptizantes
1032 1642 1119 1681 eos
1157 1627 1210 1681 in
1253 1627 1460 1683 nomine
1491 1623 1689 1689 Patris,
1718 1635 1766 1680 et
1805 1623 1950 1691 Filii,
1992 1634 2043 1680 et

467 1717 695 1788 Spiritus
722 1718 889 1770 sancti
939 1716 1151 1789 (Matth.
1200 1716 1345 1789 ult.).
1396 1716 1530 1771 item
1577 1724 1688 1771 tres
1742 1715 1933 1770 calami
1973 1731 2041 1771 ex

2145 539 2262 608 eius
2291 539 2497 592 visione
2526 536 2754 591 fruetur.

2219 626 2343 680 Tres
2370 626 2548 696 scyphi
2570 625 2722 696 quasi
2746 625 2802 678 in
2823 624 2969 678 nucis
2992 623 3204 677 modum
3233 639 3326 694 per
3350 622 3579 678 calamos
3600 625 3715 678 sin-

2144 719 2314 792 gulos,
2340 717 2716 788 spha'rula'que
2762 714 2920 769 simul
2962 725 3010 769 et
3040 714 3196 780 lilia;
3241 725 3289 768 et
3324 725 3429 769 tres
3472 715 3716 795 similiter

2145 810 2322 880 scyphi
2360 811 2529 863 instar
2581 809 2728 862 nucis
2780 808 2835 861 in
2865 811 3071 860 calamo
3119 806 3306 871 altero,
3339 806 3717 876 sphazrulaequc

2144 911 2191 954 et
2230 899 2363 953 lilia.
2397 899 2512 953 Hoc
2540 900 2635 954 erit
2666 916 2792 969 opus
2814 915 2904 955 sea:
2924 899 3268 963 calamorum,
3289 898 3377 969 qui
3396 898 3721 969 producendi

2145 998 2263 1042 sunt
2294 988 2358 1042 de
2389 987 2589 1042 hastili.
2622 988 2823 1043 Nucem
2865 988 2917 1041 in
2938 987 3125 1057 ﬁgura
3157 988 3442 1055 praesentis
3464 987 3721 1043 Ecclesia:

2146 1082 2270 1152 poni
2298 1080 2491 1143 solere,
2534 1088 2762 1137 testatur
2792 1077 3076 1145 Salomon,
3119 1080 3210 1149 qui
3252 1096 3318 1133 ex
3358 1095 3585 1150 persona
3623 1080 3720 1135 do-

2146 1180 2359 1226 ctorum
2390 1170 2625 1223 ﬁdelium
2663 1169 2901 1238 loquitur
2934 1186 2947 1222 :
2980 1167 3256 1233 Dcscendi,
3288 1170 3474 1224 dicens
3496 1171 3549 1225 in
3579 1170 3724 1225 Can-

2145 1262 2253 1317 tico
2274 1263 2609 1318 canticorum
2630 1302 2645 1328 ,
2676 1260 2746 1314 ad
2771 1261 2978 1315 hortum
2999 1277 3209 1323 nucum,
3235 1270 3291 1313 ut
3313 1261 3539 1315 viderem
3562 1278 3721 1331 poma

2145 1351 2457 1407 convallium
2487 1350 2664 1422 (Cant.
2693 1350 2789 1422 vt).
2806 1350 2960 1405 Sicut
2976 1350 3120 1405 enim
3144 1367 3251 1404 nux
3267 1349 3476 1405 dulcem
3500 1352 3722 1420 quidem

2144 1444 2307 1499 habet
2335 1443 2569 1498 fructum
2591 1443 2844 1507 interius,
2876 1440 2969 1496 sed
3002 1457 3109 1495 non
3157 1441 3300 1497 hunc
3332 1441 3619 1496 ostendere
3642 1442 3725 1497 lo-

2144 1536 2243 1601 ris,
2293 1537 2395 1593 nisi
2430 1537 2600 1591 fracta
2648 1544 2799 1591 testae
2846 1534 3044 1590 duritia
3090 1542 3287 1604 potest,
3328 1536 3407 1589 sic
3446 1533 3721 1602 iustorum

2142 1630 2253 1683 vita
2284 1645 2548 1699 praesens,
2579 1630 2653 1684 ita
2702 1628 3026 1683 suavitatem
3080 1628 3265 1699 gratize
3292 1627 3591 1698 spiritualis
3637 1629 3726 1682 in—

2144 1720 2276 1774 timo
2301 1721 2463 1776 corde
2488 1727 2794 1782 conservat,
2826 1726 2884 1772 ut
2918 1719 3032 1772 haec
3059 1734 3087 1772 a
3120 1718 3378 1793 proximis
3399 1728 3603 1787 quanta
3627 1719 3722 1781 sit,

465 1826 575 1864 uno
610 1809 779 1865 latere
828 1809 1161 1875 candelabri,
1184 1818 1238 1864 et
1270 1819 1381 1864 tres
1422 1808 1690 1880 prodeunt
1735 1822 1802 1862 ex
1847 1806 2038 1873 altem,
2070 1795 2118 1856 Β
2147 1813 2451 1869 nullatenus
2473 1812 2652 1866 valeat
2672 1810 2930 1881 perspici,
2960 1810 3130 1865 donec
3151 1808 3328 1864 soluto
3352 1809 3600 1878 corporis
3625 1810 3725 1864 do-

464 1900 590 1971 quia
622 1908 675 1955 et
702 1909 825 1955 ante
851 1910 905 1955 et
930 1912 1052 1973 post
1079 1902 1506 1957 incarnationem
1544 1901 1877 1954 Dominicam
1902 1900 2042 1955 terni

464 1992 617 2046 fuere
646 1993 847 2061 gradus
875 2008 1062 2047 eorum
1093 1994 1183 2064 qui
1221 1992 1449 2049 fideliter
1478 1992 1529 2047 in
1559 1992 1799 2048 Ecclesia
1824 1993 2043 2053 domino

465 2083 803 2138 descrvircnt
835 2100 847 2135 :
876 2082 1285 2153 coniugatorum
1335 2081 1604 2146 videlicet,
1652 2082 2042 2138 continentium

462 2183 518 2228 et
539 2182 840 2239 rectorum;
875 2189 1104 2243 quorum
1133 2173 1443 2228 distantiam
1490 2172 1741 2227 Ezechiel
1778 2173 2043 2243 propheta

464 2270 690 2340 mystice
724 2268 1009 2332 describit,
1044 2284 1167 2323 cum
1199 2267 1448 2323 veniente
1482 2266 1759 2338 plagarum
1792 2267 2042 2333 articulo,

463 2370 577 2417 tres
603 2369 813 2415 tantum
835 2359 1001 2425 viros,
1030 2357 1142 2414 Noe
1171 2358 1451 2424 videlicet,
1477 2358 1663 2414 Daniel
1684 2366 1740 2413 et
1764 2356 1887 2423 Job,
1910 2357 2043 2413 lihe-

463 2454 663 2509 randos
695 2468 812 2507 esse
840 2452 1107 2523 prrdixit.
1147 2450 1205 2506 in
1239 2451 1349 2505 Noe
1385 2466 1617 2520 namque
1650 2452 1740 2521 qui
1777 2466 1960 2506 arcam
1987 2451 2043 2506 in

463 2544 622 2599 undis
651 2544 813 2610 rexit,
856 2543 1177 2613 praepositos
1209 2542 1493 2610 Ecclesiae;
1525 2543 1579 2597 in
1620 2542 1839 2599 Daniele
1865 2543 1955 2613 qui
1987 2544 2041 2599 in

464 2634 587 2689 aula
647 2634 792 2705 regia
850 2633 1192 2689 continenter
1223 2633 1405 2689 vivere
1444 2635 1669 2700 studuit,
1704 2636 2043 2690 continentes

463 2726 580 2781 sive
607 2725 878 2797 virgines;
916 2724 971 2779 in
1005 2721 1107 2779 Job
1143 2724 1234 2794 qui
1274 2724 1327 2778 in
1381 2724 1647 2795 coniugali
1698 2726 1808 2779 vita
1837 2725 2044 2795 positus

463 2813 769 2870 mirandum
797 2814 1010 2869 cunctis
1038 2814 1314 2884 exemplar
1349 2814 1625 2886 patientiae
1654 2816 1909 2888 przebuit,
1941 2816 2040 2871 bo-

460 2920 653 2961 norum
667 2905 833 2959 vitam
862 2904 1274 2976 coniugatorum
1298 2905 1552 2961 ostendit.
1569 2906 1703 2963 item
1728 2908 2041 2963 eorumdem

460 2996 516 3050 in
556 2995 705 3051 Novo
733 2995 1084 3051 Testamento
1123 2994 1434 3053 distantiam
1466 2998 1726 3057 Dominus
1746 3000 1845 3054 sub
1872 2998 2042 3070 ﬁgura

2145 1904 2363 1968 micilio,
2413 1903 2580 1958 libere
2639 1918 2698 1957 se
2746 1902 2939 1959 animae
2992 1901 3230 1970 ipsorum
3288 1898 3634 1963 alterutrum,
3666 1900 3723 1953 in

2143 1996 2351 2051 caelesti
2382 1994 2500 2050 luce
2542 1993 2916 2063 conspiciant;
2972 2001 3026 2048 et
3063 2001 3264 2062 quanta
3299 1990 3522 2062 singulae
3546 1990 3727 2061 gratia

2141 2087 2314 2143 sancti
2349 2085 2583 2157 Spiritus
2614 2085 2883 2156 fulgeant,
2920 2095 3183 2155 quantum
3234 2096 3568 2154 unaquaeque
3599 2081 3727 2135 (iiii-

2142 2186 2301 2251 gatur
2326 2178 2395 2233 ab
2429 2177 2626 2241 altera,
2668 2176 2803 2231 nulli
2843 2192 3066 2247 prorsus
3119 2182 3399 2231 remaneat
3426 2172 3724 2231 occultum.

2141 2269 2411 2341 Fiuntque
2438 2270 2622 2340 scyphi
2642 2269 2695 2324 in
2722 2269 3051 2325 candelabro
3074 2268 3139 2323 ad
3156 2270 3311 2323 nucis
3334 2268 3570 2325 modum.
3594 2282 3726 2322 cum

2142 2360 2368 2429 quilibet
2394 2360 2552 2415 electi
2596 2360 2719 2415 vino
2766 2359 3046 2429 sapientiae
3089 2357 3284 2429 repleri
3327 2355 3727 2422 desiderantes,

2143 2453 2209 2506 ad
2234 2452 2539 2522 exemplum
2570 2467 2690 2508 sese
2714 2451 3010 2507 informare
3033 2458 3285 2521 satagunt
3306 2448 3731 2521 praecedentium

2136 2542 2427 2612 iustorum,
2468 2559 2605 2613 quos
2626 2559 2820 2615 magna
2869 2541 3218 2597 invisibilium
3250 2542 3511 2597 bonorum
3541 2538 3733 2596 dulce-

2144 2635 2269 2690 dine
2300 2652 2365 2692 ac
2399 2635 2691 2692 dilectione
2719 2635 2909 2705 plenos
2955 2649 3075 2690 esse
3128 2643 3410 2691 noverunt.
3435 2629 3589 2701 Quod
3632 2649 3734 2688 au-

2145 2738 2254 2784 tem
2283 2744 2383 2798 per
2427 2727 2667 2799 singulos
2700 2727 2937 2783 calamos
2977 2735 3088 2780 tres
3113 2724 3264 2781 fuere
3305 2725 3521 2795 scyphi,
3549 2725 3732 2794 sphae-

2144 2820 2276 2875 rulae
2304 2829 2357 2875 et
2386 2820 2520 2886 lilia,
2545 2819 2815 2892 signiﬁcat
2842 2831 3026 2875 ternas
3048 2827 3350 2889 temporum
3367 2817 3732 2885 dilierentias,

2145 2910 2344 2981 quibus
2397 2908 2577 2976 electi‘,
2622 2918 2677 2966 et
2726 2918 2854 2965 ante
2905 2908 3337 2965 incarnationem
3365 2908 3732 2973 Dominicam,

2146 3008 2202 3055 et
2256 3008 2444 3071 postea
2495 3000 2607 3055 Deo
2655 3000 2846 3054 devote
2890 3000 3166 3055 vixerunt.
3217 2998 3462 3055 Fuerunt
3521 2997 3734 3053 etenim

460 3088 716 3150 insinuat,
759 3102 947 3144 eorum
968 3087 1060 3158 qui
1094 3086 1146 3140 in
1177 3087 1341 3155 lecto,
1370 3089 1425 3143 in
1452 3105 1607 3160 agro,
1636 3091 1691 3144 in
1718 3090 1861 3151 mola
1888 3105 2043 3159 repe-
2088 3158 2102 3160 ᾼ
2140 3086 2270 3156 justi
2296 3096 2421 3143 ante
2447 3087 2652 3160 legem;
2680 3086 2897 3143 fuerunt
2914 3087 3014 3144 sub
3048 3087 3195 3159 lege;
3227 3086 3447 3142 fuerunt
3471 3088 3735 3157 tempori-

464 3180 640 3234 riendi
671 3186 799 3233 sunt
841 3179 896 3232 in
926 3177 1013 3233 die
1041 3178 1228 3257 iudicii
1260 3198 1273 3232 :
1307 3193 1338 3233 e
1366 3158 1563 3251 quibus
1594 3180 1835 3253 singulos
1887 3158 2041 3236 assu-
2070 3158 2115 3220 δ
2146 3178 2247 3234 bus
2286 3158 2674 3249 prophetarum
2704 3194 2718 3233 :
2749 3179 2876 3234 item
2913 3190 3036 3249 post
3066 3158 3440 3235 ascensionem
3488 3178 3737 3235 Domini-

466 3271 713 3332 mendos,
744 3278 800 3324 ct
824 3269 1062 3341 singulos
1090 3270 1222 3326 dicit
1259 3286 1379 3326 esse
1415 3270 1798 3342 relinquendos
1825 3271 2040 3345 (Matth.

460 3360 635 3431 xxiv.)
658 3358 794 3413 Nam
820 3359 874 3413 in
902 3358 1041 3414 lecto
1083 3359 1238 3430 quies
1279 3361 1696 3427 continentium,
1729 3361 1783 3416 in
1814 3362 2045 3434 agricul-

462 3458 583 3504 tura
632 3450 893 3504 industria
930 3450 1377 3519 praedicantium,
1422 3452 1475 3506 in
1511 3468 1644 3524 gyro
1689 3454 1844 3509 molae
1893 3455 2046 3511 labor

462 3543 785 3612 exprimitur
822 3540 1250 3613 coniugatorum.
1296 3542 1361 3597 Et
1398 3543 1525 3613 quia
1564 3544 1619 3599 in
1663 3543 1915 3600 omnibus
1959 3546 2045 3602 his

462 3634 719 3703 gradibus
744 3635 961 3704 quidam
991 3634 1240 3705 eligendi,
1277 3636 1496 3707 quidam
1536 3650 1664 3691 vero
1700 3646 1827 3692 sunt
1862 3653 2046 3707 repro-

462 3726 648 3793 bandi,
679 3734 825 3781 recte
846 3728 913 3781 de
942 3726 1164 3797 singulis
1212 3726 1430 3794 dicitur,
1462 3729 1591 3799 quia
1629 3746 1771 3784 unus
1814 3731 1881 3784 de
1909 3729 2045 3784 duo-

464 3817 564 3871 bus
614 3827 952 3883 assumetur,
985 3826 1040 3873 et
1078 3818 1216 3872 alter
1246 3819 1600 3888 relinquetur.
1644 3820 1780 3886 Quia
1813 3836 1942 3874 vero
1989 3821 2044 3873 in

466 3916 621 3978 parte
661 3909 958 3963 electorum
998 3908 1283 3963 sublimius
1331 3917 1415 3963 est
1453 3910 1705 3965 meritum
1750 3908 2046 3980 praedicau-

466 4000 621 4064 tium,
649 4016 810 4070 quam
845 4016 1032 4056 eorum
1080 4000 1174 4071 qui
1212 3999 1548 4057 solummodo
1584 4001 1951 4067 continentiae,
1989 4009 2045 4056 et

466 4105 576 4145 mu
601 4091 768 4145 etiam
805 4091 958 4163 operi
1000 4090 1261 4145 doctrinae
1309 4090 1545 4154 student,
1594 4091 1724 4147 item
1764 4092 2046 4146 sublimior

466 4180 862 4236 continentium
887 4196 1050 4252 quam
1078 4179 1485 4254 coniugatorum
1512 4183 1873 4248 conversatio,
1899 4192 2045 4238 recte

470 4274 710 4342 supremi
740 4273 935 4328 calami
969 4274 1061 4343 qui
1090 4273 1218 4327 hinc
1242 4281 1297 4327 et
1323 4272 1447 4328 inde
1474 4273 1539 4330 de
1575 4272 1760 4329 hastili
1785 4274 2045 4345 procede-

467 4363 622 4429 bant,
645 4378 740 4418 eos
770 4364 860 4434 qui
888 4365 941 4419 in
976 4373 1205 4435 utroque
1239 4363 1586 4419 Testamento
1633 4365 1775 4421 inter
1816 4366 2045 4423 virtutes

469 4454 622 4516 alias,
663 4455 922 4509 doctrinae
975 4456 1168 4509 studiis
1207 4472 1326 4511 sese
1363 4455 1685 4523 subdidere,
1735 4455 2039 4530 designant.

470 4539 637 4595 Recte
662 4541 947 4597 inferiores
992 4543 1208 4609 calami,
1244 4546 1335 4614 qui
1364 4560 1427 4599 ex
1457 4554 1689 4616 utroque
1728 4546 1939 4603 hastilis
1966 4548 2045 4602 la-

470 4640 585 4684 tere
628 4630 915 4699 prodeunt,
958 4632 1125 4687 vitam
1162 4634 1556 4689 continentium
1612 4634 1724 4690 Deo
1772 4637 2040 4691 devotam.

470 4720 642 4775 Recte
674 4722 843 4776 intimi
872 4722 1085 4787 calami,
1115 4730 1170 4777 et
1195 4723 1295 4792 ipsi
1324 4738 1389 4778 ex
1435 4725 1627 4779 eodem
1671 4726 1829 4780 unius
1849 4727 2047 4781 cande-

468 4811 606 4867 labri
653 4811 834 4880 stipite
876 4812 1015 4874 orti,
1068 4811 1337 4867 bonorum
1388 4812 1556 4867 vitam
1614 4814 1924 4885 coniugum,
1985 4816 2042 4871 in

467 4903 750 4971 utriusque
789 4900 1120 4956 Testameuti
1162 4910 1433 4973 tempore,
1468 4904 1563 4959 uni
1618 4904 1902 4974 eidemque
1943 4904 2046 4961 Do-

467 4991 617 5047 mino
659 4991 890 5047 ﬁdeliter
923 4991 1282 5059 servientem,
1314 4995 1494 5065 typice
1538 4993 1930 5049 demonstrant.
1961 4996 2048 5050 Di-

466 5084 644 5141 versis
664 5099 792 5155 ergo
828 5084 962 5141 locis
988 5085 1183 5141 calami
1213 5087 1512 5157 procedunt
1564 5087 1630 5143 de
1678 5087 1860 5143 hastili
1905 5107 1917 5147 ς
1950 5089 2043 5158 qui

466 5183 654 5231 tamen
692 5190 882 5231 omnes
915 5192 1014 5234 suo
1041 5177 1239 5247 quique
1277 5176 1397 5234 loco
1436 5185 1493 5232 et
1529 5178 1718 5233 ordine
1754 5176 1940 5237 reﬂexi
1989 5180 2044 5236 in

467 5269 637 5326 altum
686 5268 753 5322 ad
806 5282 971 5323 unam
1005 5270 1328 5339 perveniunt
1365 5270 1751 5336 summitatem,
1777 5280 2045 5341 quatenus

468 5360 730 5430 aequalem
762 5374 924 5430 supra
955 5374 1013 5414 se
1068 5361 1389 5429 positionem
1435 5361 1779 5418 lucernarum
1824 5363 2045 5421 valeant

468 5464 816 5507 conservare.
858 5447 994 5517 Quia
1030 5449 1285 5505 nimirum
1330 5451 1485 5507 electi
1540 5459 1596 5508 et
1644 5452 1689 5508 si
1724 5453 2042 5509 meritorum

470 5551 598 5597 sunt
635 5541 890 5613 gradibus
924 5540 1172 5605 discreti,
1224 5557 1332 5596 una
1371 5553 1496 5598 sunt
1529 5542 1633 5598 lide
1666 5544 1916 5599 veritatis
1942 5545 2046 5600 im-

470 5632 612 5693 buti,
650 5632 714 5686 ad
740 5636 899 5688 unam
925 5623 1153 5689 in‘cmlis
1178 5631 1353 5688 lucem
1383 5643 1597 5690 aeternae
1642 5637 1888 5692 veritatis
1920 5653 2047 5710 per-

471 5723 704 5776 vcnturi.
735 5722 799 5776 Et
833 5731 1032 5794 quanto
1061 5725 1292 5796 quisque
1334 5724 1496 5780 altius
1528 5726 1579 5780 in
1612 5727 1711 5783 hac
1750 5728 1860 5784 vita
1891 5729 2045 5785 Chri-

2069 4500 2123 4560 D

2146 3285 2267 3326 cam
2319 3277 2647 3343 congregata
2698 3279 2780 3329 est
2822 3271 3065 3328 Ecclesia
3109 3272 3386 3344 primitiva
3426 3272 3493 3327 de
3538 3270 3731 3327 israel.

2142 3360 2513 3433 Congrcgatur
2564 3378 2710 3418 nunc
2762 3362 3003 3417 Ecclesia
3053 3362 3121 3416 de
3162 3350 3456 3431 gentibus:
3494 3376 3736 3431 congre-

2143 3452 2320 3523 ganda
2350 3459 2434 3506 est
2467 3451 2522 3506 in
2556 3450 2662 3507 line
2701 3451 2909 3517 mundi,
2939 3451 3005 3505 de
3041 3451 3284 3520 reliquiis
3327 3450 3516 3505 israel.
3550 3449 3735 3506 iiabeo

2142 3544 2238 3599 bat
2270 3558 2400 3614 ergo
2422 3541 2665 3598 calamus
2685 3542 2894 3612 primus
2923 3542 2976 3596 in
3006 3557 3113 3597 uno
3137 3541 3307 3597 latere
3329 3549 3438 3597 tres
3466 3541 3725 3613 scyphos,

2146 3636 2447 3711 sphaerulas
2468 3645 2525 3691 et
2549 3635 2692 3700 lilia,
2722 3635 2848 3705 quia
2876 3635 2930 3689 in
2972 3643 3130 3706 parte
3176 3635 3455 3691 doctorum
3494 3643 3620 3690 ante
3647 3635 3732 3689 in-

2143 3729 2514 3784 carnationem
2551 3728 2764 3784 Domini
2805 3737 2960 3784 erant
3004 3735 3115 3785 tres
3163 3729 3386 3784 ordines
3417 3744 3605 3784 eorum
3633 3730 3728 3799 qui

2144 3821 2398 3875 haustum
2445 3820 2632 3891 gratiae
2666 3819 2907 3875 cmlestis
2958 3821 3114 3890 quasi
3173 3822 3359 3890 scyphi
3392 3821 3631 3884 sitirent,
3673 3830 3729 3877 et

2144 3910 2199 3965 in
2220 3911 2308 3965 via
2341 3910 2553 3964 Domini
2595 3910 2998 3981 promptissime
3036 3911 3192 3981 quasi
3240 3909 3518 3978 sphaerulae
3541 3926 3731 3966 curre-

2145 4008 2286 4063 rent,
2313 4015 2561 4069 supernae
2592 4002 2792 4057 donum
2821 4001 3223 4071 retributionis,
3245 4002 3402 4072 quasi
3435 4003 3727 4058 candorem

2145 4090 2380 4145 liliorum
2414 4092 2742 4160 odoremque
2772 4092 3072 4162 gaudenter
3112 4100 3523 4163 exspectarent;
3558 4092 3613 4148 id
3643 4101 3730 4148 est

2144 4189 2270 4235 ante
2301 4180 2497 4249 legem,
2528 4180 2629 4234 sub
2655 4180 2792 4252 lege,
2821 4182 2921 4236 sub
2943 4182 3238 4251 prophetis.
3271 4180 3554 4238 Secundus
3579 4182 3730 4238 cala-

2144 4288 2265 4327 mus
2296 4280 2351 4325 et
2373 4271 2486 4340 ipse
2516 4271 2749 4325 habebat
2780 4280 2888 4327 tres
2910 4272 3162 4343 scyphos,
3191 4272 3489 4344 sphaerulas
3508 4284 3566 4328 et
3591 4273 3726 4340 lilia,

2146 4362 2272 4431 quia
2301 4362 2644 4416 continentes
2688 4361 2832 4417 illius
2862 4363 3121 4432 temporis
3160 4375 3324 4432 teque
3363 4370 3473 4418 tres
3504 4362 3727 4418 ordines

2148 4462 2461 4508 sanctorum
2483 4453 2536 4506 in
2568 4452 2793 4522 praefata
2847 4452 3194 4508 distinctione
3230 4461 3529 4524 temporum
3556 4451 3725 4509 habe-

2148 4545 2296 4608 bant,
2335 4552 2520 4615 potum
2556 4544 2890 4613 spiritualem
2920 4545 3313 4611 desiderantes,
3335 4528 3479 4600 viam
3504 4544 3732 4599 manda-

2148 4645 2326 4690 torum
2355 4635 2568 4691 Domini
2606 4645 2911 4700 currcntes,
2962 4644 3016 4692 et
3063 4636 3304 4692 caelestia
3333 4636 3552 4708 praemia
3589 4651 3731 4706 prae-

2148 4725 2429 4780 stolantes.
2471 4724 2687 4780 Tertius
2738 4726 2988 4778 similiter
3040 4726 3279 4780 calamus
3339 4735 3451 4779 tres
3490 4725 3729 4796 scyphos

2146 4824 2201 4871 et
2236 4816 2553 4885 sphaerulas,
2585 4824 2640 4869 et
2677 4817 2780 4870 tria
2811 4815 3045 4871 habebat
3068 4816 3202 4883 lilia,
3231 4818 3358 4887 quia
3385 4816 3540 4871 multi
3569 4825 3731 4873 erant

2147 4910 2422 4981 coniugati
2445 4917 2569 4963 ante
2609 4909 2803 4979 legem,
2829 4909 2981 4964 multi
3012 4909 3113 4966 sub
3143 4909 3281 4982 lege,
3314 4908 3467 4963 multi
3516 4908 3567 4961 iu
3608 4908 3726 4963 die-

2145 5000 2247 5055 bus
2276 4999 2658 5072 prophetarum
2680 5039 2695 5064 ,
2745 4999 2834 5068 qui
2885 5000 3107 5056 verbum
3142 4999 3354 5055 Domini
3401 4998 3611 5065 audire,
3632 4999 3726 5069 qui

2147 5090 2291 5145 viam
2334 5088 2451 5156 eius
2475 5104 2716 5154 currere,
2745 5090 2835 5160 qui
2876 5090 3141 5145 bonorum
3163 5091 3389 5160 praemia
3403 5088 3629 5160 operum
3657 5088 3731 5145 ab

2148 5181 2266 5251 ipso
2286 5187 2604 5250 exspectare
2626 5181 2944 5250 gauderent.
2976 5181 3109 5237 item
3141 5197 3208 5237 ex
3237 5181 3343 5236 alio
3365 5180 3537 5236 latere
3561 5181 3733 5237 hastie

2148 5274 2235 5340 iis,
2260 5282 2317 5329 et
2349 5274 2558 5344 primus
2591 5274 2831 5331 calamus
2867 5285 2924 5331 et
2960 5276 3227 5332 secundus
3276 5284 3334 5330 et
3370 5276 3588 5339 tertius,
3612 5282 3730 5332 tres

2149 5366 2382 5439 scyphos
2424 5374 2479 5420 et
2522 5367 2844 5437 sphmrulas,
2895 5368 2996 5422 tria
3054 5383 3267 5437 quoque
3316 5366 3429 5420 lilia
3466 5365 3729 5433 habebat,

2146 5457 2272 5528 quia
2306 5456 2358 5510 in
2400 5455 2549 5511 Novo
2583 5474 2799 5530 quoque
2838 5458 3203 5521 Testamento,
3229 5466 3283 5514 et
3311 5458 3365 5512 in
3389 5456 3727 5523 doctoribus,

2146 5558 2203 5605 ct
2227 5549 2280 5604 in
2327 5551 2751 5616 continentibus,
2801 5559 2857 5606 et
2907 5550 2961 5606 in
3015 5550 3317 5622 coniugatis
3354 5551 3467 5607 Deo
3512 5550 3732 5607 devotis

2148 5649 2260 5697 tres
2288 5640 2436 5696 fuere
2458 5642 2677 5696 ordines
2709 5651 2949 5711 tempore
2989 5643 3271 5708 distantes,
3301 5645 3403 5700 hoc
3431 5652 3515 5699 est
3536 5644 3590 5698 in
3618 5644 3730 5714 pri-

2150 5733 2332 5795 mitiva
2359 5733 2593 5787 Ecclesia
2617 5734 2681 5789 de
2707 5733 2890 5802 i:.rael,
2922 5736 2973 5790 in
3003 5745 3184 5792 nostra
3214 5737 3474 5793 electione
3500 5739 3566 5793 dc
3593 5753 3726 5809 gen.
