3992 6182
292 312 393 369 153

1238 314 1731 371 COMMENTARIA
1768 316 1834 370 IN
1874 317 2180 373 EXODL’M.
2222 349 2289 361 —-
2329 319 2455 373 LlB.
2497 321 2580 376 lll.

3430 328 3531 382 liii

292 430 453 496 tibus,
489 430 545 485 in
584 432 778 486 ulti'na
822 431 1135 487 collectione
1165 431 1512 501 reliquiarum
1556 430 1742 494 Israel,
1771 432 1863 500 qui
1892 434 2176 499 Ahabuit,
2219 435 2533 506 priusquam
2580 441 2809 495 mundus
2846 448 2990 496 esset
3031 443 3168 512 apud
3193 442 3424 497 Patrem.
3465 441 3536 499 Et

290 520 526 575 universi
572 537 673 577 suo
705 522 904 592 quique
933 531 1170 594 tempore
1205 523 1367 577 verbo
1396 524 1519 576 vita:
1556 521 1786 576 debituri
1809 521 1862 574 in

291 612 429 667 viam
460 613 615 681 pacis
642 628 956 683 properare,
993 613 1278 667 candoren'
1309 621 1579 683 perpetua:
1618 612 1754 667 lucis
1781 612 1862 665 vi-

292 704 420 756 dere
433 701 831 756 desiderarent.
1287 726 1291 728 γ

362 791 428 846 In
454 793 567 862 ipso
604 803 779 846 autem
824 791 1137 846 candelabro
1164 802 1318 847 erunt
1346 803 1574 865 quatuor
1605 794 1783 863 scyphi
1810 794 1863 849 in

289 883 440 936 suis
485 881 735 947 modum,
782 882 1159 953 sphazrulaique
1203 899 1295 953 per
1334 883 1569 954 singulos
1615 894 1660 938 et
1707 884 1862 938 lilia:

284 973 565 1043 spba'rula:
598 975 696 1027 sub
721 975 922 1028 duobus
947 974 1164 1030 calamis
1184 992 1279 1045 per
1301 976 1405 1029 tria
1430 975 1569 1041 loca,
1592 977 1681 1047 qui
1709 975 1866 1029 simul

284 1081 383 1117 sex
400 1064 557 1131 ﬁunt,
585 1066 923 1134 procedentes
948 1064 1011 1119 de
1036 1065 1215 1118 hastili
1242 1082 1365 1119 uno.
1409 1066 1650 1121 Diximus
1691 1067 1865 1136 ipsum

285 1154 710 1220 candelabrum,
753 1156 807 1209 id
833 1163 947 1218 est,
989 1156 1225 1225 stipitem
1267 1157 1574 1211 candelabri
1608 1158 1865 1221 medium,

287 1249 357 1301 de
386 1262 491 1316 quo
530 1247 723 1303 calami
760 1248 1156 1319 procedebant,
1196 1246 1481 1302 Dominum
1530 1248 1867 1303 Salvatorem

285 1336 613 1409 designare,
648 1339 717 1393 de
754 1336 906 1406 cujus
945 1338 1116 1409 gratia
1151 1338 1284 1409 justi
1313 1338 1575 1408 quidquid
1610 1341 1736 1395 boni
1768 1342 1867 1395 ha-

282 1426 440 1493 bent,
473 1438 819 1499 acceperunt.
847 1429 995 1484 Unde
1021 1430 1135 1499 ipse
1158 1429 1209 1484 in
1234 1429 1523 1500 Evangelio
1553 1446 1674 1485 cum
1702 1431 1870 1486 dixis-

283 1528 377 1573 set
412 1517 693 1588 discipulis
725 1537 737 1570 :
771 1518 883 1588 Ego
936 1536 1053 1573 sum
1094 1520 1247 1585 vitis,
1294 1536 1384 1573 vos
1421 1520 1696 1591 palmites,
1741 1537 1871 1576 con-

286 1610 443 1664 tinuo
469 1609 749 1681 subjunxit
789 1628 802 1662 :
840 1608 990 1663 Sicut
1019 1609 1215 1679 palmes
1250 1628 1351 1664 non
1379 1621 1545 1683 potest
1579 1613 1715 1682 ferre
1756 1612 1870 1681 [ru-

285 1713 428 1755 ctum
450 1718 482 1755 a
504 1701 802 1770 semetipso,
826 1702 927 1756 nisi
940 1702 1186 1754 manserit
1212 1703 1266 1755 in
1295 1702 1413 1768 vite,
1442 1704 1635 1771 sicnec
1662 1720 1747 1757 vos
1770 1704 1871 1758 nisi

1968 534 2115 579 recte
2139 527 2227 581 hic
2255 530 2509 600 scyphus,
2535 532 2799 600 sphzcrula
2827 541 2883 588 et
2908 534 3099 598 lilium,
3126 534 3348 588 calamis
3372 533 3537 590 altior

1965 615 2261 680 eminebat,
2289 619 2416 687 quia
2444 620 2698 674 nimirum
2728 622 2864 677 dona
2903 638 3021 691 qua:
3046 622 3329 677 mediatori
3359 621 3452 677 Dei
3478 630 3538 680 et

1964 707 2265 776 hominum,
2290 712 2493 767 homini
2519 712 2643 768 Jesu
2680 714 2896 771 Christo
2928 718 3067 771 Deus
3101 717 3259 770 Pater
3283 717 3533 784 contulit,

1965 814 2180 854 omnem
2217 802 2465 857 humana:
2510 806 2823 875 capacitatis
2865 807 3080 860 modum
3125 806 3532 863 transcendunt.

1968 887 2256 960 Unicuique
2284 893 2420 944 enim
2469 904 2704 946 nostrum
2751 894 2873 949 data
2913 903 2987 947 est
3029 894 3223 963 gratia,
3249 895 3534 947 secundum

1966 998 2261 1035 mensuram
2284 981 2583 1036 donationis
2608 982 2800 1039 Christi
2826 983 2982 1055 (Eph.
3002 983 3098 1052 Iv).
3130 983 3195 1037 In
3222 985 3333 1053 ipso
3357 992 3538 1039 autem

1966 1074 2205 1138 Christo,
2239 1074 2380 1128 sicut
2402 1074 2688 1145 Apostolus
2714 1075 2823 1139 ait,
2850 1075 3049 1129 habitat
3078 1076 3244 1129 omnis
3270 1074 3538 1145 plenitudo

1964 1164 2254 1217 divinitatis
2278 1165 2620 1234 corporaliter
2649 1163 2785 1234 (Col.
2827 1164 2909 1237 ιι).
2951 1163 3206 1235 Sequitur
3238 1183 3250 1218 :
3278 1164 3344 1217 Et
3374 1164 3540 1234 sphgr-

1967 1253 2098 1308 rule:
2120 1255 2281 1324 igitur
2304 1265 2352 1308 et
2374 1254 2564 1308 calami
2594 1272 2657 1309 ex
2679 1255 2790 1326 ipso
2820 1264 2970 1309 erunt
2997 1271 3015 1310 :
3043 1256 3282 1309 universa
3319 1254 3540 1307 ductilia

1967 1346 2031 1399 de
2055 1364 2187 1399 auro
2213 1348 2511 1418 purissimo.
2541 1346 2711 1403 Omne
2740 1348 2882 1401 enim
2914 1363 3049 1418 opus
3079 1347 3407 1410 candelabri,
3437 1347 3540 1401 hoc

1968 1445 2051 1491 est
2077 1445 2130 1491 et
2158 1438 2322 1507 stipes
2361 1438 2569 1494 medius
2606 1445 2659 1490 et
2693 1438 2884 1491 calami
2925 1452 2991 1493 ex
3020 1438 3137 1507 ipso
3164 1438 3538 1506 procedentes,

1970 1544 2092 1583 cum
2117 1530 2264 1583 omni
2302 1545 2399 1584 suo
2421 1539 2635 1595 ornatu,
2674 1529 2740 1584 de
2769 1545 2902 1585 auro
2935 1530 3101 1595 ﬁunt;
3130 1529 3254 1598 quia
3284 1538 3337 1582 et
3361 1528 3544 1583 Domi-

1970 1635 2072 1673 nus
2102 1618 2217 1689 ipse
2250 1620 2560 1689 specialiter
2596 1621 2849 1675 immunis
2887 1636 2916 1677 a
2945 1628 3188 1691 peccato,
3221 1628 3382 1689 atque
3416 1634 3543 1689 0pc-

1971 1711 2119 1765 ribus
2137 1708 2364 1778 iustitia:
2399 1727 2498 1781 per
2531 1712 2708 1766 omnia
2738 1711 3029 1782 praeclarus
3060 1711 3114 1765 in
3149 1711 3348 1765 mundo
3373 1725 3542 1780 appa-

285 1795 343 1848 ξπ
358 1792 746 1848 memanseritis
760 1789 1069 1862 (Joan.xv).
1088 1791 1144 1845 ln
1158 1806 1264 1861 quo
1279 1792 1532 1846 nimirum
1546 1792 1870 1848 candelabro
1901 1782 1944 1841 Β
1976 1801 2098 1862 ruit,
2129 1810 2183 1856 et
2210 1802 2453 1856 eamdem
2482 1803 2842 1857 innocentiam
2879 1811 3040 1872 atque
3058 1800 3346 1869 justitiam,
3376 1815 3546 1855 mem-

286 1892 522 1954 quatuor
569 1882 759 1952 scyphi
806 1890 933 1936 sunt
975 1880 1137 1947 facti,
1189 1883 1311 1951 quia
1354 1882 1408 1936 in
1459 1892 1692 1952 quatuor
1718 1883 1870 1937 libris

287 1972 463 2030 sancti
495 1970 770 2042 Evangelii
802 1971 893 2040 qui
920 1971 987 2025 de
1010 1970 1238 2026 Domino
1266 1982 1395 2027 sunt
1421 1972 1746 2043 conscripti,
1775 1990 1873 2044 gu-

289 2073 433 2118 stum
458 2063 571 2117 vini
595 2063 741 2126 novi,
769 2063 873 2117 hoc
893 2070 976 2116 est
1002 2061 1261 2118 doctrina:
1284 2063 1522 2119 ccelestis
1546 2064 1867 2131 invenimus,

288 2155 433 2226 quod
463 2169 571 2208 non
597 2162 751 2208 utres
780 2162 1011 2219 veteres,
1039 2153 1144 2209 hoc
1173 2163 1258 2210 est
1279 2164 1488 2217 mentes
1517 2155 1748 2210 terrenis
1777 2155 1874 2210 ad-

288 2248 397 2302 huc
422 2246 715 2301 desideriis
740 2232 1094 2311 iuben-entes,
1128 2247 1223 2301 sed
1252 2254 1459 2301 tantum
1497 2247 1750 2301 innovata
1774 2260 1874 2316 per

289 2337 539 2405 spiritum
570 2336 763 2408 gratia:
784 2337 947 2391 corda
973 2334 1231 2401 ﬁdelium,
1258 2351 1452 2407 capere
1477 2344 1701 2407 queunt.
1734 2335 1874 2392 Sunt

284 2444 386 2499 per
413 2428 659 2500 singulos
703 2430 937 2500 scyphos
965 2428 1249 2498 sphaerulaz
1275 2428 1433 2482 simul
1463 2437 1520 2483 et
1550 2429 1659 2484 lilia
1693 2428 1872 2484 defor-

287 2529 459 2584 mata,
486 2521 613 2590 quia
637 2520 777 2574 idem
798 2520 1054 2575 Dominus
1078 2520 1171 2590 qui
1198 2520 1448 2589 poculum
1478 2521 1635 2576 nobis
1660 2522 1873 2591 sapien-

289 2608 385 2663 tia}
410 2609 708 2678 spiritualis
733 2610 1075 2681 propinavit,
1120 2625 1336 2666 cursum
1381 2626 1594 2682 quoque
1622 2613 1725 2682 pia:
1750 2627 1875 2683 ope-

291 2699 531 2754 rationis
559 2699 873 2756 inoﬁ‘ensum
899 2716 963 2756 ac
990 2710 1315 2772 promptum,
1349 2711 1402 2757 et
1432 2702 1738 2757 habendum
1774 2718 1873 2757 no-

288 2790 382 2845 bis
404 2790 662 2855 ostendit,
694 2800 751 2845 et
797 2799 857 2844 ut
898 2791 1102 2845 habere
1144 2791 1412 2861 possimus
1432 2833 1447 2857 ,
1479 2792 1591 2862 ipse
1621 2792 1867 2857 donavit;

294 2889 350 2936 et
376 2895 449 2935 ne
471 2881 523 2936 in
548 2895 775 2936 vacuum
799 2896 1159 2948 curreremus,
1183 2883 1485 2941 claritatem
1510 2882 1661 2938 nobis
1684 2883 1873 2953 patria:

294 2973 532 3028 cmlestis
569 2973 636 3026 ad
674 2988 833 3042 quam
865 2973 1300 3043 intenderemus,
1325 2975 1602 3045 promisit,
1627 2982 1677 3029 et
1711 2972 1869 3043 hujus

290 3066 450 3121 nobis
473 3067 713 3132 aditum,
754 3052 854 3121 Sua
897 3068 1069 3138 gratia
1111 3067 1383 3136 patefecit.
1438 3068 1532 3124 Vel
1564 3076 1711 3124 certe
1744 3069 1868 3137 quia

288 3160 390 3217 sub
413 3160 624 3214 duobus
650 3158 875 3214 calamis
913 3175 1010 3229 per
1049 3160 1151 3215 tria
1188 3160 1324 3227 loca,
1351 3161 1558 3231 scyphi,
1592 3158 1872 3230 sphaerulac

287 3263 344 3309 et
370 3252 483 3306 lilia
503 3251 852 3306 .mandantur
878 3251 1026 3316 ﬁeri,
1067 3266 1353 3321 possumus
1394 3250 1509 3305 haec
1542 3251 1616 3304 ita
1648 3251 1873 3321 mystice

288 3341 644 3413 interpretari
663 3383 679 3406 ,
726 3343 852 3411 quia
880 3342 1054 3398 tribus
1081 3341 1317 3397 ﬁdelium
1354 3341 1628 3414 gradibus,
1662 3344 1728 3396 de
1754 3342 1874 3413 qui-

289 3433 393 3487 bus
414 3434 615 3504 smpius
638 3433 891 3499 diximus,
916 3433 1324 3505 conjugatorum
1347 3434 1571 3498 scilicet,
1593 3434 1873 3488 continen-

290 3527 427 3579 tium
456 3535 509 3581 et
538 3526 833 3597 virginum,
862 3536 918 3580 et
943 3526 1245 3583 doctrinam
1274 3526 1519 3581 veritatis
1546 3529 1776 3597 aperuit,
1818 3534 1873 3581 et

293 3632 509 3672 cursum
540 3618 670 3671 boni
695 3618 873 3686 operis
894 3618 1198 3688 imperavit,
1229 3628 1281 3674 et
1310 3619 1638 3674 h:ereditatis
1659 3634 1873 3687 semper

294 3709 766 3765 immarcescibilis
828 3718 988 3782 atque
1055 3712 1378 3782 incorruptae
1439 3712 1870 3769 benedictionem

293 3802 543 3871 promisit
565 3811 731 3873 atque
776 3803 1012 3858 donavit.
1069 3804 1137 3859 Et
1174 3813 1297 3874 apte
1339 3804 1545 3875 scyphi,
1590 3804 1873 3874 spharrulte

290 3901 349 3948 et
369 3892 478 3949 lilia
502 3895 835 3961 candelabri,
868 3911 975 3950 non
1000 3911 1161 3967 super
1182 3898 1441 3961 calamos,
1479 3896 1571 3951 sed
1596 3898 1697 3951 sub
1721 3896 1870 3951 cala—

294 3986 400 4040 mis
428 4002 549 4041 esse
592 3985 875 4054 jubentur,
924 3988 1050 4057 quia
1087 3988 1250 4043 corda
1289 3988 1729 4060 praulicantium,
1763 3988 1873 4044 imo

293 4076 535 4131 omnium
566 4077 886 4141 electorum,
913 4072 979 4131 ne
1007 4078 1069 4131 ad
1102 4076 1285 4132 inﬁma
1312 4077 1486 4133 delabi
1509 4078 1738 4148 possint,
1779 4078 1874 4134 (Ιο-

294 4169 399 4232 nis,
442 4169 715 4224 mandatis
753 4178 808 4223 et
848 4168 1295 4239 promissionihus
1329 4168 1624 4224 Dominicis
1662 4176 1872 4223 susten-
1922 4188 1923 4191 ‘

295 4269 501 4327 tantur,
528 4268 690 4328 atque
717 4261 783 4313 ad
820 4262 1046 4323 amanda
1070 4267 1124 4314 et
1152 4258 1441 4330 quaerenda
1469 4259 1710 4314 emlestia
1746 4260 1872 4313 sub—

297 4353 561 4407 levantur.
600 4353 738 4422 Apte
763 4352 969 4422 scyphi,
998 4352 1277 4422 sphtcrula:
1305 4359 1360 4406 et
1384 4352 1513 4417 lilia,
1545 4353 1645 4407 sub
1666 4351 1872 4406 duobus

1969 1894 2067 1947 bra
2098 1892 2214 1961 ejus
2242 1895 2292 1948 in
2323 1896 2424 1950 hac
2465 1895 2677 1949 interim
2710 1896 2852 1959 vita,
2903 1902 3167 1965 quantum
3208 1894 3391 1948 valent
3430 1892 3546 1947 imi-

1972 1990 2177 2049 tantur,
2226 1984 2280 2038 in
2330 1983 2510 2039 futuro
2555 1994 2733 2040 autem
2778 1986 3043 2040 veraciter
3079 1985 3178 2055 ipsi
3223 1984 3545 2039 adhaerendo

1971 2073 2280 2147 proﬁciunt.
2320 2075 2388 2129 Et
2418 2084 2539 2145 apte
2568 2075 2706 2130 idem
2740 2091 2929 2130 aurum
2959 2076 3157 2130 ductile
3179 2075 3298 2130 fuit.
3337 2075 3546 2130 Ductile

1970 2181 2203 2237 namque
2234 2152 2475 2223 feriendo
2499 2166 2837 2236 producitur,
2866 2167 2992 2237 quia
3015 2176 3071 2222 et
3097 2167 3426 2236 Redemptor
3449 2166 3542 2236 qui

1969 2272 2037 2311 ex
2071 2257 2422 2328 conceptione
2460 2266 2514 2312 et
2552 2257 2834 2312 nativitate
2876 2256 3147 2327 perfectus
3192 2265 3276 2312 est
3306 2256 3450 2311 Deus
3488 2263 3546 2310 et

1971 2346 2132 2401 homo
2157 2346 2395 2412 exstitit,
2420 2346 2733 2416 passionum
2762 2346 2974 2401 dolores
3001 2346 3253 2416 pertulit,
3281 2333 3346 2401 ac
3370 2347 3449 2401 sic
3475 2346 3544 2400 ad

1971 2436 2383 2492 resurrectionis
2410 2434 2926 2508 gloriam'pervenit.
2964 2435 3033 2491 Et
3056 2453 3229 2491 omnes
3257 2436 3344 2508 qui
3368 2434 3548 2491 volunt

1968 2525 2050 2596 pie
2071 2526 2234 2581 vivere
2257 2528 2314 2580 in
2335 2525 2446 2593 illo,
2473 2527 2880 2598 persecutionem
2901 2524 3213 2597 patiuntur.‘
3236 2527 3328 2596 qui
3358 2537 3413 2581 et
3442 2524 3546 2596 ipsi

1969 2615 2124 2685 quasi
2150 2615 2371 2672 metallo
2399 2615 2641 2672 feriendo
2677 2615 2911 2682 dilatati,
2940 2630 3039 2686 per
3061 2616 3330 2685 passionis
3356 2625 3549 2671 contu-

1970 2705 2183 2771 melias,
2211 2709 2271 2762 et‘
2292 2706 2716 2762 immortalitatis
2739 2706 2970 2776 gratiam
3002 2706 3310 2777 proﬁciunt.
3353 2704 3543 2760 Facies

1970 2806 2020 2850 et
2048 2796 2291 2852 lucernas
2334 2807 2551 2869 septem,
2596 2808 2644 2853 et
2682 2816 2841 2870 pones
2880 2816 2969 2853 eas
2991 2816 3147 2870 super
3171 2799 3543 2853 candelabrum

1972 2898 2027 2942 ut
2048 2888 2255 2944 luceant
2281 2907 2345 2944 ex
2364 2890 2580 2946 adverso
2609 2890 2695 2963 (II
2720 2891 2856 2945 Tim.
2889 2891 2995 2962 nt).
3037 2893 3296 2948 Lacernae
3317 2883 3575 2964 septem,‘

1971 2985 2183 3048 septem
2207 2988 2335 3033 sunt
2357 2980 2496 3035 dona
2521 2978 2754 3050 Spiritus
2775 2981 2970 3044 sancti,
2999 2996 3120 3051 qua:
3147 2989 3203 3036 et
3230 2982 3285 3036 in
3312 2982 3545 3037 Domino

1973 3082 2038 3121 ac
2064 3067 2425 3137 Redemptore
2455 3075 2642 3122 nostro
2666 3076 2857 3122 cuncta
2886 3083 3100 3137 semper
3124 3077 3460 3135 manserunt,
3491 3078 3546 3125 et

1976 3158 2029 3212 in
2050 3155 2309 3212 membris
2341 3156 2490 3228 ejus,
2531 3158 2635 3212 hoc
2669 3164 2753 3211 est
2783 3158 3033 3212 omnibus
3062 3157 3273 3224 electis,
3310 3172 3410 3228 pro
3431 3157 3551 3227 ejus

1972 3249 2250 3305 voluntate
2289 3250 2579 3305 distributa
2610 3259 2756 3305 sunt.
2813 3248 3096 3305 Ponuntur
3141 3266 3274 3321 ergo
3313 3250 3549 3306 lucernae

1972 3348 2177 3408 septem
2213 3354 2376 3409 super
2413 3340 2794 3396 candelabrum
2831 3357 2843 3393 :
2886 3341 3012 3410 quia
3045 3357 3201 3411 super
3234 3339 3546 3412 Redempto-

1973 3447 2081 3486 rem
2113 3439 2355 3486 nostrum
2386 3432 2801 3503 primogenitum
2837 3432 2904 3487 de
2934 3433 3114 3488 radice
3139 3431 3314 3497 Jcsse,
3349 3437 3551 3505 requie-

1970 3522 2041 3576 vit
2066 3522 2279 3593 spiritus
2300 3522 2571 3594 sapientia:
2599 3532 2646 3576 et
2671 3520 2959 3577 intellectus
2978 3564 2992 3587 ,
3020 3522 3236 3593 spiritus
3263 3525 3468 3578 consilii
3500 3534 3550 3579 et

1972 3613 2329 3682 fortitudinis,
2377 3612 2590 3682 spiritus
2618 3613 2848 3666 scientia:
2882 3623 2930 3666 et
2963 3612 3175 3683 pietatis
3211 3623 3301 3668 :et
3322 3614 3551 3684 implevit

1972 3718 2091 3755 eum
2119 3703 2334 3771 spiritus
2359 3701 2561 3754 timoris
2596 3701 2804 3754 Domini
2831 3701 2986 3773 (Isai.
3014 3705 3114 3772 XI).
3166 3703 3232 3757 Et
3255 3703 3396 3758 sicut
3420 3705 3548 3759 item

1974 3794 2087 3863 ipse
2112 3808 2210 3862 per
2237 3791 2483 3847 eumdem
2511 3792 2750 3862 loquitur
2789 3795 3128 3863 prophetam,
3172 3795 3402 3865 Spiritus
3440 3797 3550 3852 Do-

1973 3888 2101 3940 mini
2131 3903 2286 3956 super
2306 3901 2419 3950 me,
2450 3902 2510 3939 eo
2536 3884 2675 3938 auod
2701 3887 2908 3939 unxerit
2934 3902 3015 3939 me
3045 3886 3181 3956 (Isai
3208 3887 3340 3958 ιιι).
3396 3887 3551 3954 Quod

1975 3988 2152 4033 autem
2186 3978 2416 4044 dicitur,
2466 3988 2520 4031 ut
2544 3977 2752 4031 luceant
2794 3996 2858 4033 ex
2889 3977 3139 4042 adverso,
3173 3979 3275 4033 hoc
3298 3980 3551 4048 estquod

1972 4071 2235 4142 propheta
2281 4070 2671 4140 subsequenter
2711 4068 2957 4140 adjecit:
3009 4068 3089 4123 Ad
3129 4070 3551 4124 annuntiandum

1973 4163 2259 4216 mansuetis
2303 4161 2442 4216 misit
2485 4178 2566 4214 me
2588 4201 2601 4225 ,
2654 4171 2709 4214 ut
2740 4163 2974 4213 mederer
3007 4160 3256 4213 contritas
3286 4159 3470 4221 corde,
3500 4171 3549 4212 et

1971 4253 2309 4322 praedicarem
2335 4252 2550 4320 captivis
2575 4250 2977 4320 indulgentiam,
3016 4258 3064 4303 et
3101 4249 3295 4303 clausis
3325 4251 3551 4318 apertio-

1974 4362 2125 4409 nem;
2178 4354 2234 4397 ut
2272 4342 2615 4412 praedicarem
2656 4358 2852 4396 annum
2891 4339 3199 4410 placabilem
3229 4340 3456 4404 Domini,
3500 4351 3548 4394 et

294 4441 519 4496 calamis
548 4449 697 4505 sunt,
728 4439 854 4509 quia
887 4439 941 4493 in
964 4448 1190 4509 utroque
1224 4439 1571 4494 Testamento
1603 4438 1867 4504 ﬁdelibus,
1897 4465 1950 4524 Β
1974 4434 2113 4524 diem
2142 4433 2355 4524 ultionis
2380 4432 2487 4486 Deo
2513 4442 2696 4486 nostro
2720 4428 2931 4524 (1bid.).

294 4532 541 4601 quamvis
566 4531 907 4586 caeremoniis
932 4529 1274 4594 distantibus,
1305 4531 1493 4583 eadem
1531 4529 1744 4583 devotio
1772 4530 1873 4583 Do-

297 4623 442 4675 mino
464 4619 738 4676 serviendi
763 4619 1039 4683 mandata,
1061 4619 1246 4674 eadem
1278 4627 1361 4674 est
1386 4621 1556 4689 gloria
1588 4620 1738 4690 regni
1764 4635 1873 4677 etn-

298 4718 446 4772 Iestis
472 4726 811 4773 conservata.
848 4715 1083 4782 Quartus
1116 4725 1294 4769 autem
1322 4715 1572 4785 scyphus,
1606 4714 1872 4784 sphzcrula

296 4820 351 4862 ut
378 4809 567 4872 lilium,
596 4823 719 4879 quae
744 4821 905 4875 supra
938 4806 1175 4860 calamos
1203 4821 1392 4860 omnes
1412 4804 1561 4873 juxta
1589 4805 1870 4859 summita-

297 4910 406 4953 tem
432 4898 582 4953 fuere
619 4896 931 4953 candelabri
973 4897 1167 4965 ipsius,
1218 4896 1434 4965 proprie
1474 4897 1540 4950 ad
1583 4895 1868 4951 Dominum

295 4991 528 5061 pertinet
554 4990 916 5053 Salvatorem,
945 4990 1036 5059 qui
1075 5005 1179 5043 non
1208 4988 1380 5043 solum
1404 4988 1593 5042 electis
1621 4987 1734 5042 suis
1761 4988 1872 5041 vir-

299 5091 469 5137 tntum
495 5080 1178 5151 scientiam,operationem
1205 5087 1261 5134 et
1276 5079 1756 5133 remunerationem
1781 5080 1877 5131 tri—

293 5171 621 5235 buit,verum
634 5170 798 5225 etiam
812 5170 865 5224 in
880 5170 1055 5240 seipso
1070 5170 1208 5223 idem
1222 5168 1637 5224 homoChristus
1653 5168 1754 5237 ligo
1764 5183 1877 5221 ram

289 5265 529 5319 ostendit
547 5264 757 5336 scyphi,
792 5279 911 5318 cum
949 5278 1005 5315 sc
1027 5262 1239 5331 plenum
1274 5261 1474 5331 Spiritu
1496 5268 1682 5316 sancto
1697 5259 1878 5315 deela-

292 5354 457 5408 ravit.
493 5354 742 5410 Formam
766 5354 1048 5423 prmtentiit
1068 5353 1366 5422 sphzcrulze,
1392 5368 1514 5406 cum
1536 5366 1798 5421 apparens
1818 5348 1873 5403 in

294 5447 518 5512 mundo,
546 5447 752 5516 absque
775 5444 884 5498 ullo
906 5442 1456 5512 circumstrepentium
1482 5457 1657 5497 rerum
1688 5442 1872 5493 obsta-

292 5534 439 5600 culo,
459 5536 750 5591 exsultavit
765 5542 823 5589 ut
842 5535 992 5605 gigas
1016 5535 1080 5587 ad
1102 5533 1422 5588 currendum
1445 5533 1603 5585 viam.
1628 5530 1874 5600 Speciem

293 5626 625 5681 monstravit
663 5625 800 5689 lilii,
850 5641 973 5680 cum
1018 5639 1306 5693 resurgens
1360 5640 1389 5677 a
1443 5623 1668 5678 mortuis
1712 5631 1875 5689 atque

295 5716 595 5773 ascendens
615 5715 680 5769 ad
705 5713 896 5779 eteius,
925 5713 1246 5768 clariﬁcatus
1263 5721 1423 5767 estea
1440 5712 1686 5767 claritate
1709 5727 1869 5781 (piam

2046 4523 2388 4577 Emunctoria
2412 4538 2636 4592 quoque,
2674 4530 2722 4576 et
2752 4522 2843 4576 ubi
2876 4538 2993 4594 qua:
3036 4532 3276 4576 emuncto
3315 4533 3433 4577 sunt
3459 4540 3551 4578 ea:-

1974 4617 2328 4686 stinguamur,
2356 4612 2485 4681 ﬁant
2505 4612 2570 4669 de
2597 4628 2728 4666 auro
2748 4613 3048 4679 purissimo.
3082 4612 3219 4668 Sunt
3240 4613 3382 4668 enim
3404 4629 3551 4683 qute-

1975 4712 2095 4765 dam
2122 4710 2175 4764 in
2203 4706 2495 4778 Scripturis
2516 4705 2712 4760 divinis
2733 4705 2805 4759 ita
2828 4713 3112 4774 praecepta,
3143 4720 3263 4774 quze
3289 4715 3549 4775 perpetuo

1967 4802 2109 4870 jure,
2145 4812 2199 4857 et
2235 4801 2288 4855 in
2327 4800 2430 4855 hac
2455 4799 2583 4863 vita,
2614 4806 2669 4853 et
2715 4797 2768 4851 in
2808 4797 2988 4851 futura
3031 4812 3245 4866 semper
3271 4799 3547 4854 observari

1974 4896 2224 4958 debeant,
2258 4902 2317 4947 ut
2354 4899 2437 4948 est
2478 4890 2642 4945 illud:
2675 4887 2797 4942 Non
2836 4888 3046 4943 habebis
3087 4888 3209 4942 deos
3245 4890 3443 4945 alienos
3469 4908 3552 4944 co-

1976 4998 2089 5035 ram
2119 4978 2421 5050 me,(E:rod.
2448 4977 2562 5047 xx),
2586 4985 2660 5041 et,
2687 4975 2882 5045 Diliges
2904 4974 3185 5028 Dominum
3205 4974 3373 5029 Deum
3399 4987 3545 5029 tuum

1978 5084 2043 5122 ex
2066 5078 2173 5122 toto
2198 5067 2354 5121 corde
2377 5076 2488 5129 tuo,
2517 5075 2564 5119 et
2592 5082 2656 5119 ea:
2676 5075 2785 5119 tota
2808 5065 2987 5117 anima
3019 5074 3131 5129 tua,
3154 5073 3202 5116 et
3227 5080 3293 5117 ex
3319 5073 3427 5118 tota
3453 5066 3550 5118 vir-

1983 5172 2090 5216 tute
2124 5171 2252 5222 tua;
2303 5170 2352 5214 et
2388 5159 2571 5229 diliges
2616 5159 2908 5228 proximum
2956 5167 3102 5210 tuum
3149 5156 3282 5209 sicut
3327 5157 3546 5225 teipsum

1982 5253 2159 5321 (Deut.
2181 5238 2293 5322 ἠ).
2344 5251 2485 5306 Sunt
2510 5251 2614 5304 alia
2654 5264 2775 5318 quae
2810 5256 2922 5303 toto
2965 5248 3124 5317 hujus
3151 5247 3277 5301 vita:
3308 5254 3547 5312 tenuiore

1979 5344 2311 5400 observanda
2348 5344 2625 5414 jubentur,
2671 5341 2765 5396 sed
2802 5340 2855 5393 in
2887 5338 3064 5393 futura
3103 5338 3209 5391 vita
3243 5334 3547 5390 mercedem

1978 5450 2088 5490 sua:
2112 5432 2509 5489 observationis
2553 5439 2811 5486 :eternam
2848 5430 3181 5499 percipiunt,
3222 5434 3279 5479 ut
3308 5430 3390 5477 est
3418 5422 3547 5479 illud

1975 5526 2288 5597 Evangelii:
2316 5523 2665 5589 Facitevobis
2690 5523 2884 5576 anticus
2918 5522 2983 5573 de
3020 5530 3315 5571 mammona
3350 5514 3548 5583 iniqui-

1974 5619 2118 5681 tatis,
2167 5627 2223 5671 ut
2266 5625 2315 5671 et
2358 5616 2456 5685 ipsi
2503 5615 2753 5684 recipiant
2795 5627 2884 5664 vos
2916 5609 2970 5662 in
2993 5614 3185 5660 a'terna
3207 5601 3547 5657 tabernacula

1974 5710 2124 5781 (Luc.
2156 5707 2287 5779 xvi).
2323 5706 2418 5760 llic
2444 5706 2588 5759 enim
2629 5703 2694 5759 ad
2732 5710 2940 5769 tempus
2963 5696 3318 5765 eleemosyua‘
3349 5694 3549 5749 facien-
