3992 6182
475 353 575 415 153

1122 350 1186 407 Β.
1224 348 1477 406 RABANI
1517 350 1734 407 MAURI
1772 346 2091 405 ARClllEP.
2136 347 2445 404 MOGUNT.
2483 349 2771 407 OPEllUM
2811 352 2991 441 PARS
3028 353 3069 408 l.

3622 358 3728 415 156

472 472 591 526 dae:
626 450 985 541 ibi‘perpetno
1022 469 1489 541 eleemosynarum
1534 480 1617 525 est
1654 470 1862 525 fructus
1905 469 2043 523 reci-
2071 468 2119 526 Α
2146 466 2367 537 singulis
2389 467 2675 521 secundum
2702 484 2856 534 opera
2884 469 3116 538 ipsorum
3147 467 3321 539 (Psat.
3354 470 3485 543 ut).
3518 472 3729 528 Utrum-

473 562 718 633 piendus.
748 561 887 616 Sunt
911 562 1038 615 item
1074 561 1177 615 alia
1205 577 1324 632 qua:
1354 570 1595 631 tempore
1625 558 1835 618 Veteris
1863 558 2045 613 Testa-

473 653 639 708 menti
672 635 973 721 diligenter,
1013 650 1236 720 jubente
1264 652 1492 706 Domino
1513 658 1747 714 servata,
1780 663 1924 704 nunc
1952 665 2045 703 co—

473 754 724 801 ruscante
764 761 861 815 per
895 743 1080 799 orbem
1116 744 1432 815 Evangelio,
1477 758 1582 797 non
1606 741 1757 811 juxta
1779 740 2040 807 litteram,

467 836 565 891 sed
606 835 761 904 juxta
805 852 1022 890 sensum
1057 836 1363 906 mysticum,
1406 835 1459 889 in
1501 833 1738 888 Ecclesia
1783 830 2044 900 jubentur

470 927 774 990 observari,
825 935 884 979 ut
921 935 1005 980 est
1043 926 1284 981 custodia
1323 925 1554 990 sabbati,
1584 935 1642 978 ut
1680 925 1814 979 ritus
1838 924 2041 979 hostia-

466 1030 611 1080 rum,
644 1023 699 1069 et
726 1014 948 1085 sanguis
970 1015 1093 1085 agni
1123 1014 1423 1084 paschalis,
1453 1021 1757 1082 cacteraque
1788 1013 2041 1083 hujusce-

466 1108 612 1162 modi
638 1123 757 1177 quae
784 1122 883 1162 suo
922 1107 1138 1176 quidem
1185 1114 1422 1175 tempore
1462 1105 1691 1161 solerter
1718 1104 1986 1160 custodita
2012 1120 2041 1157 a

465 1198 661 1271 po'pulo
689 1199 819 1262 Dei,
859 1200 1055 1268 quibus
1080 1198 1347 1269 ellycbnia
1381 1199 1435 1254 in
1469 1199 1704 1253 lucernis
1732 1199 2039 1254 candelabri

464 1290 748 1355 ardebant,
780 1290 956 1344 infusa
980 1290 1099 1345 oleo
1116 1292 1229 1361 pia:
1258 1289 1581 1355 devotionis,
1602 1298 1657 1345 et
1678 1290 1895 1345 incensa
1918 1291 2042 1361 igne

463 1380 615 1435 verbi
668 1380 925 1435 cmlestis.
973 1380 1108 1435 Cum
1148 1396 1278 1436 vero
1304 1380 1371 1435 ab
1412 1379 1670 1450 apostolis
1703 1388 1866 1450 atque
1907 1396 2039 1450 apo-

461 1469 669 1524 stolicis
721 1470 852 1524 viris
892 1471 1222 1541 prazdicatur
1242 1471 1327 1525 his
1369 1480 1423 1525 et
1446 1469 1752 1539 hujusmodi
1786 1473 2042 1526 observa-

465 1559 698 1615 tionibus
727 1560 888 1615 ﬁnem
916 1576 947 1614 a
970 1561 1196 1616 Domino
1224 1561 1557 1631 impositum,
1573 1562 2043 1632 cunctaquespiri-

461 1652 683 1706 tualiter
706 1653 879 1723 magis
916 1653 967 1706 in
999 1654 1241 1708 Ecclesia
1281 1669 1445 1723 quam
1475 1648 1630 1721 juxta
1654 1654 1890 1708 litteram
1922 1668 2042 1709 esse

461 1745 726 1798 servanda
750 1786 764 1810 ,
817 1745 1011 1815 quibus
1060 1745 1470 1817 emulgebantur
1496 1745 1763 1817 ellycbnia
1793 1745 2042 1799 candela-

2147 572 2251 628 que
2277 567 2454 613 tamen
2477 566 2532 614 et
2558 558 2835 628 plumbum
2859 559 3068 614 scilicet
3090 568 3147 614 et
3170 575 3385 626 aurum,
3419 561 3601 617 talenti
3629 564 3727 618 ha-

2144 647 2236 703 bet
2261 665 2569 705 mensuram
2592 690 2607 714 ,
2656 651 2780 719 quia
2825 659 2879 705 ct
2915 651 2968 705 in
3001 651 3307 708 damnando
3332 653 3557 724 impios,
3585 663 3639 709 et
3670 655 3729 712 in

2144 739 2404 794 salvando
2433 756 2497 795 ac
2530 742 2841 796 coronaudo
2875 742 3101 808 electos,
3126 742 3271 812 justa
3296 755 3382 799 est
3404 746 3576 801 nostri
3606 762 3715 805 seu

2145 830 2310 884 tentia
2342 829 2640 886 conditoris
2658 850 2670 885 :
2688 830 2895 902 Inspice
2921 842 2970 885 et
3001 832 3088 903 {ac
3118 834 3406 887 secundum
3433 834 3724 905 aremplar,

2141 922 2280 990 quod
2301 922 2394 975 tibi
2420 923 2474 975 in
2500 933 2673 977 oronte
2694 931 3041 977 monstratum
3068 933 3164 978 est.
3197 920 3369 995 Hujus
3405 926 3726 993 mysterium

2142 1012 2393 1080 pneeepti
2406 1052 2419 1076 ,
2442 1011 2694 1067 facillime
2714 1027 2780 1068 ex
2795 1013 2874 1067 eis
2893 1027 3013 1082 quae
3033 1014 3286 1083 superius
3307 1015 3551 1084 exposita
3574 1024 3705 1070 sunt

2141 1109 2309 1171 patet.
2342 1101 2630 1157 Ostensum
2657 1119 2894 1173 namque
2923 1113 3009 1158 est
3034 1103 3203 1175 Moysi
3224 1104 3298 1160 in
3335 1114 3516 1161 monte
3542 1121 3702 1160 exem

2142 1192 2261 1260 plar
2285 1193 2597 1249 candelabri
2621 1195 2765 1264 quod
2793 1193 3032 1261 faceret,
3075 1196 3204 1265 quia
3244 1195 3299 1250 in
3328 1195 3612 1251 altitudine
3639 1199 3719 1251 in-

2144 1281 2288 1335 timae
2348 1283 2861 1353 contemplationis,
2926 1284 3116 1341 didicit
3174 1296 3363 1357 aperte
3427 1282 3727 1344 multifaria

2141 1374 2342 1430 Christi
2382 1384 2436 1429 et
2482 1375 2736 1431 Ecclesia:
2782 1385 3124 1431 sacramenta
3162 1397 3175 1431 :
3223 1394 3343 1448 qua:
3386 1389 3567 1433 tamen
3615 1395 3725 1434 non

2141 1470 2327 1530 aperte
2348 1462 2543 1532 populo
2568 1478 2727 1532 quem
2753 1464 3032 1519 erudiebat
3052 1506 3067 1529 ,
3097 1464 3342 1535 proferre
3366 1466 3597 1533 valebat,
3629 1468 3728 1523 sed

2144 1553 2319 1623 typice
2347 1554 2526 1623 potius
2555 1569 2653 1622 per
2680 1554 2908 1626 ﬁguram
2936 1564 2991 1610 et
3026 1569 3163 1627 Opus
3190 1555 3500 1611 candelabri
3535 1572 3600 1612 ac
3630 1573 3727 1611 va-

2142 1659 2325 1698 sorum
2352 1645 2497 1715 ejus,
2529 1646 2811 1716 signabat,
2861 1648 3033 1702 donec
3069 1648 3282 1703 veniret
3320 1649 3435 1719 ipse
3462 1649 3725 1705 Dominus

2142 1751 2207 1791 ac
2231 1735 2557 1806 Redemptor
2592 1746 2778 1793 noster
2806 1739 2859 1792 in
2888 1753 3068 1813 carne,
3101 1740 3195 1810 qui
3235 1741 3547 1796 interiorem
3576 1739 3725 1808 ejus-

462 1833 566 1897 bri,
600 1842 658 1887 ut
688 1844 938 1903 reparata
968 1836 1159 1890 melius
1188 1814 1457 1900 lacerent,
1500 1814 1625 1905 quia
1652 1836 1936 1891 sublimius
1964 1838 2041 1892 in-
2068 1814 2115 1873 Β
2144 1828 2263 1882 dem
2294 1827 2478 1899 ﬁguris
2500 1843 2744 1894 sensum;
2768 1829 3022 1884 Ενοῖίὶὸίίὲ
3051 1847 3161 1885 διιίὲ
3197 1830 3322 1885 data
3348 1832 3521 1885 sane“
3551 1830 3728 1902 ὃρίνί·

463 1924 671 1979 tellL'cta
703 1941 799 1995 per
827 1926 1076 1995 spiritum
1116 1934 1316 1981 sancta:
1353 1926 1606 1981 Ecclesia:
1640 1926 1811 1980 lucem
1840 1927 2040 1981 doctri-

459 2029 543 2069 na:
566 2015 817 2070 salutaris
840 2017 1171 2085 praebebant.
1210 2017 1556 2071 Emunctoria
1587 2033 1716 2088 ergo
1743 2026 1799 2073 et
1827 2033 1953 2072 vasa
1982 2019 2037 2072 in

459 2105 653 2174 quibus
684 2122 803 2177 qua:
844 2118 1093 2163 cmuncta
1134 2118 1261 2163 sunt
1308 2110 1746 2181 exstinguuntur,
1797 2110 1931 2165 ﬁunt
1972 2112 2039 2167 de

458 2210 592 2249 auro
616 2196 926 2265 purissimo,
978 2198 1101 2265 quia
1144 2205 1200 2252 et
1247 2197 1426 2251 divina
1464 2206 1588 2253 sunt
1614 2201 1799 2266 verba,
1842 2201 2039 2271 quibus

462 2286 695 2339 cessatio
717 2288 1163 2342 caeremoniarum
1193 2287 1441 2358 legalium
1478 2289 1824 2358 praadicatur,
1859 2302 1912 2344 et
1945 2290 2038 2346 llei

457 2376 628 2444 gratia
658 2385 784 2451 sunt
806 2376 1070 2432 illustrata
1101 2393 1290 2433 eorum
1323 2378 1509 2444 corda,
1543 2380 1596 2433 in
1626 2382 1821 2449 quibus
1848 2383 2039 2437 eadem

458 2468 689 2538 ﬁgurata
737 2469 873 2536 legis
924 2472 1267 2527 adumbratio
1314 2471 1473 2527 ﬁnem
1503 2474 1735 2545 accipit,
1770 2484 1825 2529 ut
1854 2492 2042 2531 succe-

458 2558 590 2613 dens
623 2559 895 2631 Evangelii
928 2562 1128 2616 veritas
1155 2562 1354 2617 clarius
1396 2563 1594 2621 mundo
1624 2565 1847 2620 luceret.
1906 2566 2039 2622 Item

457 2652 585 2722 quia
614 2651 764 2706 ﬁnita
795 2653 1028 2717 mortali,
1059 2661 1115 2707 et
1130 2655 1451 2709 succedente
1466 2656 2042 2723 vitaimmortali,ces-

458 2744 658 2798 sabunt
685 2746 919 2799 maxima
956 2762 1021 2801 ex
1051 2756 1203 2817 parte
1233 2763 1398 2821 opera
1432 2750 1520 2804 vel
1559 2751 1697 2804 dona
1727 2752 1883 2815 lucis,
1922 2753 2043 2821 qui-

458 2832 562 2890 bus
582 2852 723 2891 nunc
750 2838 970 2903 utimur,
1002 2846 1061 2892 ut
1085 2848 1383 2909 sequantur
1401 2849 1617 2896 aeternae
1636 2844 1856 2912 pncmia
1882 2843 2039 2923 lucis,

458 2927 514 2983 in
549 2931 837 2999 prmsentia
867 2931 1061 2986 divina:
1094 2933 1347 2997 visionis,
1386 2934 1476 2989 illa
1500 2934 1925 3006 Scripturarum
1960 2946 2041 2993 te-

460 3018 739 3086 sﬁmonia,
772 3035 890 3090 quae
914 3021 1031 3076 haec
1063 3020 1238 3076 futura
1277 3040 1397 3079 esse
1430 3034 1718 3091 testantur,
1757 3035 2039 3081 emuncto-

457 3111 538 3165 ria
567 3112 821 3165 nimirum
853 3123 981 3167 sunt
1010 3130 1175 3169 aurea
1201 3135 1213 3169 :
1243 3117 1368 3185 quia
1406 3118 1519 3186 ipse
1547 3118 1741 3173 futura:
1770 3120 2036 3175 claritatis

456 3203 652 3257 eximia
681 3212 824 3257 sunt.
856 3205 991 3260 Vasa
1013 3222 1226 3274 quoque
1253 3208 1307 3261 in
1335 3208 1531 3277 quibus
1551 3225 1613 3263 ea
1641 3225 1760 3279 qua:
1781 3218 2035 3265 emuncta

456 3302 585 3347 sunt
612 3294 1061 3363 exstinguuntur,
1105 3312 1335 3366 corpora
1375 3299 1557 3368 utique
1593 3309 1749 3366 sunt,
1780 3309 1836 3355 et
1871 3302 2035 3356 corda

457 3382 701 3437 omnium
734 3382 1001 3452 iustorum
1049 3387 1397 3440 immortalia.
1462 3388 1529 3442 Et
1569 3389 1690 3443 ideo
1732 3390 2037 3447 rectissime

455 3490 591 3528 auro
623 3474 936 3543 assimilata,
973 3476 1026 3530 in
1050 3478 1243 3546 quibus
1265 3479 1671 3546 exoptatissima
1702 3481 1815 3534 lucc
1837 3481 2033 3535 immu-

458 3565 594 3619 tatio
633 3566 745 3631 ﬁet,
779 3574 835 3620 ut
862 3576 984 3637 post
1013 3569 1327 3639 temporalia
1360 3570 1452 3624 Dei
1478 3570 1767 3637 beneﬁcia,
1794 3574 1860 3628 ad
1880 3582 2038 3628 aeter—

457 3671 525 3710 na
551 3657 885 3725 perveniant.
930 3656 1094 3714 Omne
1121 3659 1325 3730 pondus
1361 3661 1664 3716 camlelabri
1691 3680 1808 3717 cum
1837 3665 2037 3718 univer-

456 3746 529 3799 sis
583 3748 718 3800 rasis
758 3748 904 3813 suis,
958 3749 1161 3803 habebit
1213 3749 1468 3804 talentum
1510 3753 1630 3805 auri
1676 3754 2030 3810 mundissimi.

456 3840 628 3895 Omne
656 3842 867 3909 pondus
908 3844 1214 3898 candelabri
1255 3861 1375 3898 cum
1416 3846 1684 3901 universis
1716 3850 1860 3903 vasis
1900 3850 2032 3915 suis,

455 3947 625 3986 omne
672 3931 872 3986 Christi
917 3949 1111 4002 corpus
1155 3947 1241 3987 est
1267 3976 1281 3999 ,
1333 3952 1454 3989 cum
1486 3937 1601 4005 ipso
1628 3938 1805 4006 capite
1849 3950 2035 3993 nostro

458 4023 759 4079 mediatore
806 4023 900 4076 Dei
945 4032 999 4077 et
1033 4024 1344 4090 hominum,
1388 4042 1511 4080 cum
1549 4028 1818 4083 universis
1847 4030 2033 4087 electis

459 4111 590 4175 suis,
618 4126 648 4165 a
676 4113 903 4168 summis
933 4129 1101 4183 usque
1126 4115 1194 4168 ad
1219 4114 1454 4181 inﬁmos,
1480 4116 1548 4170 ab
1573 4117 1658 4172 bis
1689 4117 1885 4187 quibus
1914 4137 2034 4174 ma-

456 4218 539 4271 jor
565 4203 703 4256 inter
730 4211 886 4259 natos
923 4204 1204 4260 mulierum
1237 4223 1396 4262 nemo
1418 4217 1533 4276 est,
1562 4225 1733 4280 usque
1759 4212 1826 4265 ad
1848 4227 1943 4267 eos
1967 4212 2034 4268 de

457 4295 652 4362 quibus
678 4295 826 4349 dicit.
872 4296 1080 4363 Videte,
1113 4314 1180 4352 ne
1223 4300 1593 4356 condemnatis
1636 4318 1803 4357 unum
1833 4303 1900 4359 de
1936 4316 2035 4373 pu—

456 4387 594 4441 s.llis
624 4388 743 4443 istis
781 4389 872 4457 qui
907 4389 959 4443 in
988 4407 1071 4445 me
1100 4391 1347 4447 credunt.
1399 4391 1499 4459 Qui
1528 4394 1786 4457 nimirum
1822 4410 2030 4461 omnes,

456 4475 511 4529 in
539 4476 763 4531 diversis
793 4477 916 4531 licet
941 4482 1215 4548 gradibus,
1244 4483 1522 4551 aetatibus,
1553 4486 1772 4542 sexibus
1791 4528 1805 4552 ,
1840 4488 1998 4543 condi
2017 4518 2030 4527 -

458 4569 713 4636 tionibus,
741 4571 989 4641 ingeniis,
1014 4576 1367 4643 temporibus,
1390 4578 1483 4631 nni
1512 4579 1796 4648 eidemque
1820 4582 2031 4636 auctori

456 4677 523 4716 ac
563 4662 736 4717 datori
785 4672 1057 4733 perpetua:
1088 4665 1253 4729 lucis,
1307 4683 1405 4722 suo
1450 4668 1651 4737 quique
1692 4678 1932 4739 tempore
1968 4688 2033 4727 ac

456 4754 577 4808 loco
602 4754 795 4823 quibus
832 4756 1156 4809 candelabro
1187 4773 1350 4811 aureo
1384 4758 1490 4811 ﬁxa
1518 4758 1698 4813 radice
1730 4762 1925 4815 mentis
1955 4763 2037 4815 in-

457 4843 686 4909 haerent,
732 4861 839 4914 quo
866 4846 1104 4915 ejusdem
1144 4848 1433 4916 participes
1477 4847 1614 4902 lucis
1655 4849 1771 4905 ﬁeri
1804 4854 2028 4919 possint.

457 4936 611 5003 Quod
665 4937 915 4991 videlicet
958 4936 1373 5002 candelabrum,
1426 4940 1573 4993 reete
1618 4940 1873 4994 talentum
1914 4944 2030 4997 auri

458 5027 797 5082 mundissimi
846 5026 1047 5081 habere
1090 5026 1290 5082 debere
1338 5038 1687 5083 memoratur.
1748 5031 2029 5087 Talentum

459 5133 694 5187 namque
740 5118 950 5189 pondus
996 5118 1211 5187 plenum
1260 5135 1324 5173 ac
1372 5119 1670 5189 perfectum
1729 5131 1846 5187 est,
1903 5125 2028 5193 quia

451 5207 633 5278 justus
661 5209 917 5264 Dominus
955 5211 1006 5263 in
1050 5212 1301 5266 omnibus
1336 5212 1437 5266 viis
1473 5213 1605 5267 suis.
1646 5214 1714 5266 Et
1747 5214 1838 5285 qui
1878 5232 2031 5271 suam

455 5302 685 5372 gratiam
718 5300 767 5353 in
799 5301 900 5355 hac
923 5302 1033 5355 vita
1061 5301 1305 5356 ﬁdelibus
1336 5312 1395 5356 ut
1432 5302 1569 5357 bene
1606 5316 1896 5374 operentur
1930 5308 2029 5362 tri-

457 5392 595 5454 buit,
624 5393 737 5461 ipse
766 5408 1020 5445 coronam
1048 5392 1273 5461 justiti-.1:
1305 5393 1356 5446 in
1391 5393 1479 5448 illa
1517 5394 1623 5448 vita
1659 5396 1813 5450 bonis
1842 5410 2029 5452 eorum

458 5485 713 5551 operibus
765 5485 959 5538 reddit.
1016 5484 1113 5536 Cui
1149 5494 1337 5537 contra
1383 5484 1675 5538 Zacharias
1728 5487 2029 5556 propheta,

460 5572 785 5643 iniquitatem
832 5591 986 5644 super
1028 5572 1279 5628 talentum
1325 5574 1521 5644 plumbi
1562 5577 1741 5631 sedere
1777 5579 2036 5645 describit

462 5658 648 5731 (Zuch.
674 5665 727 5733 v)
754 5680 768 5718 :
795 5667 921 5735 quia
942 5676 997 5722 et
1019 5666 1262 5737 reprobis
1286 5666 1338 5720 in
1369 5666 1558 5721 eodem
1588 5667 1735 5738 justo
1760 5669 2031 5733 exaniinc,

460 5750 609 5819 juxta
636 5763 785 5808 artus
812 5757 1044 5825 ipsorum
1071 5758 1330 5825 restituit;
1361 5759 1481 5828 quia
1507 5769 1560 5811 tu
1596 5758 1805 5824 reddes,
1835 5758 2028 5828 inquit,

2142 1927 2229 1973 tus
2252 1919 2426 1988 gratia
2457 1929 2747 1974 reseraret.
2804 1920 3234 1975 Taberuaculum
3269 1923 3413 1991 quod
3452 1920 3582 1977 fecit
3619 1923 3732 1977 Do-

2140 2013 2287 2068 mino
2320 2012 2529 2084 Moyses
2570 2014 2623 2067 in
2668 2013 2987 2079 solitudine,
3032 2014 3173 2070 sicut
3201 2021 3255 2069 et
3291 2015 3552 2085 templum
3579 2016 3728 2089 quod

2139 2100 2266 2158 fecit
2295 2101 2551 2157 Salomon
2584 2103 2637 2158 in
2666 2102 3003 2170 Jerusalem,
3038 2112 3237 2159 statum
3278 2114 3481 2160 sancta:
3505 2107 3735 2160 univer-

2138 2194 2268 2250 salis
2305 2195 2562 2251 Ecclesiae
2597 2196 2876 2265 designat,
2912 2211 3033 2266 qua:
3075 2196 3271 2265 partim
3312 2194 3425 2264 jam
3464 2212 3589 2251 cum
3614 2196 3728 2250 Do-

2139 2288 2288 2343 mino
2316 2296 2508 2359 regnat
2529 2288 2582 2341 in
2612 2287 2788 2353 cwlis,
2818 2288 3016 2357 partim
3048 2288 3101 2342 in
3126 2289 3378 2358 praesenti
3408 2288 3587 2342 adhuc
3611 2289 3730 2342 vita

2138 2378 2524 2434 decedentibus
2579 2394 2645 2433 ac
2690 2379 3106 2434 succedentibus
3150 2380 3251 2435 sibi
3294 2379 3555 2433 membris
3586 2379 3736 2441 suis,

2138 2469 2519 2539 peregrinatur
2568 2483 2599 2522 a
2642 2468 2892 2523 Domino.
2957 2467 3028 2523 Et
3076 2469 3295 2539 quidem
3341 2471 3394 2524 in
3438 2470 3734 2538 utriusque

2139 2558 2548 2613 constructione
2578 2558 2789 2623 domus,
2820 2557 2936 2623 haec
2964 2558 3280 2628 principalis
3308 2559 3446 2617 solet
3481 2574 3603 2613 esse
3646 2560 3729 2614 di--

2140 2646 2340 2702 stantia
2390 2636 2726 2716 ﬁgurarum,
2776 2644 2919 2714 quod
2974 2647 3382 2701 tabernaculum
3439 2648 3729 2717 praesentis

2139 2734 2428 2792 mdiﬁeium
2449 2732 2726 2800 Ecclesia),
2760 2751 2870 2805 quo
2894 2737 3137 2805 quotidie
3163 2737 3216 2791 in
3247 2737 3522 2793 laboribus
3560 2754 3727 2794 exer-

2138 2834 2314 2890 cetur,
2340 2824 2598 2893 templum
2631 2823 2826 2880 futura:
2855 2826 3097 2895 requiem
3128 2828 3406 2897 designet,
3434 2845 3553 2898 qua:
3581 2838 3730 2899 quo-

2140 2915 2344 2994 tidiana
2389 2914 2693 2968 animarum
2734 2914 2868 2970 hinc
2900 2925 3023 2985 post
3049 2916 3261 2972 labores
3300 2919 3614 2975 exeuntium
3640 2934 3731 2974 re-

2139 3008 2389 3079 ceptione
2450 3008 2751 3078 perﬁcitur.
2819 3008 2953 3076 Quia
3005 3009 3261 3064 nimirum
3313 2994 3729 3068 tabernaculum

2140 3097 2352 3170 Moyses
2376 3114 2499 3153 cum
2526 3099 2723 3169 populo
2752 3098 2847 3153 Dei
2873 3100 2926 3153 in
2954 3102 3036 3154 via
3058 3101 3235 3159 adhuc
3258 3102 3484 3170 positus,
3515 3119 3620 3171 qua
3659 3106 3728 3159 ad

2143 3196 2346 3242 terram
2378 3188 2815 3257 repromissionis
2844 3190 3123 3259 pergebat,
3149 3193 3389 3247 condidit
3414 3211 3426 3246 :
3459 3194 3725 3249 Salomon

2140 3289 2321 3334 autem
2364 3280 2623 3349 templum
2672 3280 2785 3350 ipsa
2830 3281 2942 3351 jam
2979 3290 3123 3336 terra
3168 3285 3638 3353 repromissionis,
3675 3296 3731 3341 et

2139 3386 2305 3442 regno
2337 3372 2390 3425 in
2421 3386 2483 3425 ea
2524 3371 2724 3440 potitus
2752 3413 2767 3436 ,
2794 3374 3114 3427 construxit.
3167 3374 3378 3445 Moyses
3405 3377 3731 3432 tabernacu-

2138 3460 2249 3515 lum
2295 3461 2349 3515 in
2399 3460 2709 3525 solitudine,
2744 3461 2999 3516 Salomon
3039 3464 3295 3532 templum
3322 3465 3375 3518 in
3398 3464 3723 3531 Jerusalem,

2138 3568 2257 3622 qua:
2288 3552 2682 3621 interpretatur
2723 3553 2848 3606 visio
2886 3554 3049 3622 pacis.
3091 3553 3354 3620 Quoniam
3386 3556 3473 3610 hic
3501 3557 3724 3625 quidem

2136 3645 2378 3701 Ecclesia
2411 3647 2463 3700 in
2491 3642 2672 3701 labore
2714 3656 2769 3700 et
2809 3663 3048 3701 :erumna
3088 3650 3210 3703 vita:
3252 3649 3482 3705 labentis
3503 3691 3518 3715 ,
3549 3651 3602 3703 in
3630 3654 3723 3706 siti

2136 3746 2191 3791 et
2229 3737 2407 3791 csurie
2439 3739 2587 3807 regni
2632 3739 2885 3807 perennis
2930 3739 3231 3794 aediﬁcatur
3259 3756 3273 3794 :
3302 3741 3409 3795 illic
3445 3750 3626 3795 tamen
3668 3743 3723 3796 in

2137 3828 2346 3883 visione
2394 3845 2458 3883 ac
2508 3830 2854 3900 perceptione
2903 3847 3045 3886 vera:
3093 3834 3243 3902 pacis
3287 3844 3717 3889 consummatur.

2139 3918 2292 3973 Unde
2322 3920 2456 3974 bene
2481 3920 2534 3973 in
2573 3921 2755 3990 templi
2785 3924 3187 3978 constructione
3216 3925 3416 3979 dictmn
3444 3934 3550 3988 est,
3574 3926 3722 3996 quod

2136 4011 2365 4065 malleus
2392 4020 2446 4065 et
2468 4013 2693 4077 securis,
2723 3998 2785 4068 et.
2802 4029 2963 4069 omne
2994 4014 3406 4082 ferramentum,
3456 4033 3564 4073 non
3589 4029 3719 4073 sunt

2134 4104 2319 4159 audita
2349 4105 2480 4159 ineo
2501 4121 2621 4159 cum
2645 4106 3025 4162 aediﬁcaretur.
3049 4108 3371 4179 Praeparatis
3389 4119 3543 4163 extra
3564 4106 3723 4179 Jeru-

2137 4194 2539 4276 salcmcuuctis
2561 4198 2830 4267 lapidibus
2853 4215 2917 4254 ac
2938 4200 3116 4271 lignis,
3132 4202 3362 4271 atquein
3391 4202 3718 4272 positionem

2136 4291 2344 4345 ordinis
2374 4291 2455 4345 sui
2480 4292 2735 4357 decenter
2765 4294 2964 4363 aptatis
3002 4308 3123 4364 qua:
3168 4293 3241 4347 ibi
3273 4293 3720 4363 facilliine’atque

2139 4382 2532 4447 indubitanter,
2554 4398 2654 4437 suo
2674 4399 2900 4452 quaeque
2924 4382 3042 4438 loco
3072 4383 3303 4448 reddita,
3331 4393 3424 4437 aut
3452 4394 3719 4439 caemcnto

2137 4483 2483 4530 necterentur
2511 4482 2604 4529 aut
2625 4475 2811 4529 clavis.
2852 4475 2989 4541 Quia
3017 4475 3263 4551 videlicet
3288 4476 3341 4529 in
3365 4490 3499 4545 pace
3528 4490 3719 4546 super-

2140 4583 2221 4620 na:
2248 4566 2628 4629 beatitudinis,
2666 4582 2771 4620 non
2804 4576 2887 4621 est
2910 4567 3347 4623 tribulationibus
3371 4576 3556 4622 nostra
3590 4582 3718 4623 exa-

2139 4660 2391 4714 minanda
2435 4659 2568 4715 ﬁdes
2610 4669 2704 4714 aut
2729 4661 2836 4713 vita
2868 4658 3143 4730 probanda
3171 4701 3186 4724 ,
3218 4659 3313 4714 sed
3342 4674 3461 4729 qum
3490 4659 3543 4712 in
3577 4653 3716 4728 pra:-

2137 4752 2276 4807 senti
2321 4752 2520 4805 saeculo
2564 4753 2862 4822 castigata,
2903 4763 2959 4807 et
3004 4752 3316 4807 cmlestibns
3341 4760 3463 4806 erat
3497 4755 3718 4807 sedibus

2140 4844 2463 4913 regulariter
2515 4853 2695 4913 aptata
2724 4885 2737 4909 ,
2786 4845 2859 4898 ibi
2914 4845 3116 4916 glutine
3157 4854 3212 4900 et
3250 4845 3476 4899 vinculis
3514 4855 3719 4900 mutua:

2139 4937 2441 5000 cbaritatis,
2471 4950 2538 4989 ne
2572 4945 2833 5004 perpetuo
2858 4936 3078 4991 dissolvi
3122 4945 3304 5006 queat,
3340 4937 3391 4990 in
3423 4946 3717 5007 conspectu

2136 5029 2299 5082 etiam
2339 5029 2420 5082 sui
2455 5028 2751 5082 conditoris
2798 5044 2860 5082 ac
2898 5029 3060 5099 regis,
3102 5029 3167 5082 ad
3202 5028 3430 5082 invicem
3457 5029 3721 5097 copulan-

2136 5118 2224 5171 da.
2258 5116 2390 5171 Item
2426 5118 2594 5187 ﬁgura
2626 5119 2908 5187 utriusque
2947 5119 3239 5173 sanctuarii
3273 5127 3455 5188 potest
3490 5135 3717 5188 gener-ao

2141 5208 2264 5262 liter
2294 5210 2363 5262 ita
2388 5209 2665 5280 distingui,
2694 5221 2751 5263 ut
2786 5226 2922 5281 epus
2954 5211 3286 5266 tabernaculi
3318 5220 3531 5280 tempus
3554 5226 3719 5282 syna-

2138 5318 2309 5371 gogm,
2343 5301 2444 5355 hoc
2472 5310 2556 5354 est
2578 5304 2812 5373 antiqua:
2840 5304 2931 5358 Dei
2970 5303 3162 5372 plebis,
3186 5320 3320 5373 opus
3349 5320 3479 5358 vero
3510 5305 3716 5374 templi,

2139 5390 2435 5444 Ecclesium
2461 5431 2474 5452 ,
2522 5390 2573 5443 id
2612 5402 2723 5452 cst,
2758 5392 2902 5445 illam
2941 5393 3235 5447 electorum
3290 5393 3715 5459 nniltitmlincm,

2139 5498 2259 5552 qua:
2286 5494 2405 5552 post
2426 5485 2853 5551 incarnationem
2887 5484 3220 5539 Dominicam
3257 5487 3323 5538 ad
3355 5484 3513 5538 ﬁdem
3546 5486 3715 5549 venit,

2141 5574 2442 5644 signiﬁcet:
2483 5575 2753 5645 quomodo
2786 5574 3033 5628 videlicet
3066 5574 3473 5629 tabernaculum
3505 5572 3718 5643 Moyses

2141 5682 2263 5719 cum
2294 5666 2402 5720 sola
2437 5665 2783 5721 Hebraeorum
2816 5665 2968 5735 plebe
3000 5666 3416 5729 consummavit,
3455 5665 3717 5734 templmn

2142 5774 2270 5813 vero
2327 5755 2581 5813 Salomon
2646 5756 2868 5812 collecta
2930 5757 3320 5826 lil'ti;icl}‘l0flllll
3372 5755 3720 5810 multitudine
