4052 6184
375 346 471 403 £57

1316 348 1806 406 COMMENTARIA
1851 351 1915 405 IN
1958 350 2266 407 EXODIJM.
2306 383 2377 393 -—
2417 354 2541 411 LIB.
2584 356 2669 410 III.

3524 364 3623 420 I38

367 466 631 540 perfecit,
668 467 958 537 adjuvante
984 481 1106 520 cum
1144 482 1268 536 rege
1300 467 1460 538 Tyrio
1489 485 1611 523 cum
1642 469 1943 526 artiﬁcibus
1971 474 2023 530 Α
2047 478 2200 523 extra
2256 470 2435 525 velum
2481 470 2654 526 altare
2712 471 3098 542 thymiamatis.
3166 474 3295 530 Item
3342 476 3395 531 in
3444 480 3624 534 medio

370 561 483 615 suis
510 560 601 629 qui
627 574 801 627 neque
828 567 1017 612 natura
1042 555 1244 623 Judaei,
1276 575 1449 627 neque
1477 561 1810 629 professione
1833 562 1948 616 fue-

369 659 516 706 runt.
558 651 787 705 Constat
811 649 954 704 enim
983 689 998 713 ,
1046 649 1169 718 quia
1209 650 1375 726 priori
1408 649 1501 704 Dei
1538 651 1735 721 populo
1762 652 1947 706 docto-

369 756 489 804 res,
544 757 651 795 non
694 741 797 795 nisi
824 754 888 794 ex
926 740 1039 809 ipsa
1067 746 1254 794 eorum
1296 750 1456 811 gente
1486 742 1837 811 pra-fuerunt.
1877 743 1947 797 At

366 851 497 890 vero
547 833 805 888 Ecclesia:
852 842 1092 887 rectores
1138 832 1298 902 primi
1346 834 1561 902 quidem
1618 833 1835 889 fuerunt
1880 837 1947 891 de

368 924 650 989 Ilebrreis;
680 940 867 979 verum
919 939 1042 978 mox
1098 933 1379 979 crescente
1428 940 1490 979 ea
1538 940 1602 980 ac
1644 925 1808 979 dilata
1849 941 1947 996 per

368 1018 580 1081 orbem,
603 1016 767 1070 etiam
785 1014 849 1067 dc
869 1014 1118 1083 gentibus
1141 1022 1436 1068 structores
1463 1024 1589 1068 sunt
1608 1015 1725 1084 ejus
1744 1017 1944 1080 exorti,

368 1109 503 1164 adeo
535 1116 596 1162 ut
636 1107 751 1177 ipse
799 1121 1014 1175 quoque
1054 1104 1383 1175 evangelista
1428 1105 1635 1171 Lucas,
1685 1115 1738 1160 et
1764 1107 1947 1162 Timo-

367 1202 527 1255 theus
554 1215 619 1253 ac
646 1199 800 1253 Titus
826 1197 927 1252 viri
956 1196 1263 1267 apostolici,
1288 1196 1354 1251 de
1372 1198 1654 1252 vocatione
1678 1200 1941 1269 gentium,

366 1289 434 1345 ad
462 1290 815 1359 praesulatum
862 1287 977 1357 ejus
1008 1288 1372 1356 pervenerint.
1422 1288 1621 1343 Verum
1657 1290 1701 1344 si
1726 1290 1944 1360 diligen-

365 1383 473 1437 tius
519 1380 870 1450 inspiciamus
893 1419 907 1443 ,
958 1378 1238 1446 utriusque
1276 1377 1469 1432 domus
1504 1379 1939 1445 auliﬁcatioucm,

361 1482 419 1527 et
443 1472 625 1526 totius.
645 1469 900 1524 Ecclesia:
943 1469 1224 1538 prtesentis
1254 1477 1454 1523 statum
1485 1475 1708 1541 mystice
1739 1470 1942 1527 descri-

362 1566 464 1627 bit,
511 1580 635 1634 qua:
682 1564 749 1617 ah
794 1562 948 1616 initio
979 1562 1263 1616 mundanae
1301 1562 1643 1629 conditionis,
1682 1579 1849 1632 usque
1873 1564 1942 1634 ad

361 1655 613 1710 ultimum
659 1654 749 1723 qui
798 1654 851 1707 in
897 1652 1002 1706 ﬁne
1029 1651 1209 1707 saeculi
1234 1653 1543 1708 nasciturus
1572 1661 1656 1707 est
1683 1652 1941 1717 electum,

361 1761 579 1815 semper
606 1742 875 1798 :cdiﬁeare
901 1758 1005 1796 non
1033 1740 1251 1806 desinit,
1282 1751 1337 1798 et
1368 1742 1562 1798 futurte
1587 1760 1802 1814 quoque
1826 1746 1940 1815 glo-

2050 562 2222 630 ipsius
2246 563 2553 618 sanctuarii
2583 605 2597 629 ,
2643 564 3028 620 candelabrum
3074 567 3127 620 in
3171 578 3324 635 parte
3352 572 3573 643 australi
3604 591 3620 629 :

2048 668 2232 707 mensa
2275 668 2406 708 vero
2446 654 2623 709 stabat
2668 655 2721 708 in
2766 656 3197 725 septentrionali.
3247 656 3435 714 Altarc
3473 661 3624 717 holo-

2046 743 2218 796 causti
2285 743 2417 798 foris
2468 752 2597 797 ante
2656 745 2962 813 ingressum
3017 748 3311 800 sanctuarii
3340 788 3354 812 ,
3408 749 3618 805 labrum

2044 847 2251 887 ameum
2294 834 2436 887 inter
2461 834 2564 888 hoc
2591 834 2759 889 altare
2803 844 2857 889 et
2901 836 3343 901 tabernaculum;
3392 848 3447 893 ct
3473 841 3619 896 circa

2044 926 2225 979 omnia
2254 926 2453 980 atrium
2484 927 2853 992 tabernaculi,
2900 928 3254 997 longitudinis
3294 931 3500 986 habens
3528 948 3620 986 cu-

2044 1012 2186 1069 hitos
2212 1024 2450 1079 centum,
2484 1015 2781 1072 latitudinis
2809 1018 3220 1088 quinquaginta.
3256 1020 3352 1076 llis
3378 1038 3510 1093 ergo
3542 1023 3622 1078 di-

2043 1105 2311 1162 lucidandi
2350 1108 2522 1179 gratia
2558 1110 2800 1164 breviter
2835 1110 3147 1181 przelibatis,
3180 1114 3460 1169 videamus
3501 1115 3617 1184 ipsa

2042 1200 2207 1254 verba
2230 1200 2489 1265 historiae,
2515 1217 2622 1271 quo
2643 1217 2743 1272 per
2771 1204 2886 1258 hare
2916 1204 3079 1259 altius
3106 1212 3268 1275 atque
3290 1206 3533 1275 apertius
3552 1208 3622 1262 ad

2042 1304 2262 1343 sensum
2298 1290 2569 1361 allegoria:
2618 1295 2900 1363 pervenire
2944 1310 3227 1364 queamus.
3286 1296 3419 1352 Cum
3450 1298 3620 1369 Moysi

2044 1381 2302 1437 Dominus
2330 1398 2515 1439 secum
2558 1385 2611 1438 in
2644 1394 2827 1440 monte
2859 1386 3007 1440 Sinai
3045 1389 3403 1459 quadraginta
3429 1389 3621 1446 diebus

2043 1489 2108 1528 ac
2146 1475 2396 1529 noctibus
2444 1476 2757 1541 constituto,
2787 1477 2921 1547 legis
2957 1478 3312 1533 cmremonias
3361 1488 3416 1533 et
3457 1481 3617 1536 ritum

2041 1564 2255 1619 vivendi
2288 1564 2546 1630 traderet,
2571 1566 2647 1619 ait
2676 1566 2819 1621 inter
2839 1566 2963 1621 alia.

2628 1674 2854 1732 CAPUT
2903 1677 3040 1732 XIII.

2043 1764 2119 1819 De
2149 1765 2357 1834 factura
2400 1766 2759 1830 tabernaculi,
2809 1769 2904 1822 hoc
2940 1779 3014 1823 est
3055 1770 3377 1822 rortiuarum
3418 1770 3618 1833 decem,

361 1839 503 1891 riam
528 1837 652 1890 vita:
678 1876 695 1901 ,
738 1846 842 1905 qua
880 1851 1022 1890 nunc
1046 1849 1110 1889 ex
1142 1827 1295 1903 parte
1328 1835 1546 1901 fruitur,
1577 1837 1671 1892 sed
1696 1846 1818 1906 post
1840 1839 1939 1892 hu-
1966 1840 2013 1899 Β
2111 1827 2357 1910 sagarum
2384 1837 2645 1902 undecim,
2670 1827 2999 1908 operimentis
3022 1841 3161 1893 tertii
3193 1850 3241 1893 et
3264 1840 3439 1910 quarti
3471 1827 3622 1909 pelli;

353 1926 444 1996 jus
472 1925 765 1980 terminum
808 1923 1020 1990 saeculi,
1068 1924 1120 1978 in
1147 1925 1396 1980 omnibus
1426 1926 1537 1980 suis
1572 1920 1848 1990 membris,
1878 1927 1932 1981 in

358 2012 623 2071 attemqu
658 2015 887 2069 fruitura
912 2026 1027 2080 est,
1074 2016 1309 2070 mirabili
1342 2015 1634 2085 ﬁgurarum
1670 2017 1935 2072 varietate

357 2107 621 2177 depingit.
666 2090 817 2161 Unde
860 2121 959 2159 nos
1006 2105 1184 2175 aliqua
1234 2105 1299 2160 de
1330 2105 1678 2161 tabernaculo
1706 2106 1935 2161 Domino

355 2198 655 2268 opitulante
685 2198 901 2263 dicturi,
944 2198 1120 2268 primo
1149 2199 1327 2267 ipsum
1366 2199 1702 2263 invocantes,
1743 2199 1933 2254 humili

353 2291 522 2344 etiam
548 2302 710 2358 prece
735 2289 1106 2358 deposcimus,
1137 2289 1380 2345 revelare
1410 2289 1597 2344 oculos
1624 2289 1801 2345 cordis
1831 2304 1931 2344 uo-

351 2382 478 2446 stri,
513 2389 575 2435 ut
591 2381 939 2443 considerare
966 2396 1233 2449 queamus
1257 2381 1525 2436 mirabilia
1552 2382 1617 2436 de
1648 2381 1765 2453 lege
1791 2379 1929 2450 ejus,

350 2481 405 2529 et
436 2474 492 2527 iu
520 2472 881 2541 pretiosorum
912 2470 1109 2525 decore
1132 2470 1489 2525 metallorum
1533 2486 1599 2525 ac
1641 2470 1933 2525 vestimen-

352 2572 532 2618 torum
580 2561 941 2630 intelligamus
983 2568 1232 2615 ornatum
1278 2561 1434 2616 nobis
1476 2577 1709 2625 morum,
1739 2561 1844 2616 ﬁde
1866 2577 1929 2616 ac

349 2653 640 2708 devotione
692 2651 1007 2723 fulgentium
1034 2693 1049 2717 ,
1088 2668 1209 2708 esse
1253 2653 1708 2707 conuucndatum.
1746 2650 1931 2723 Neque

347 2743 495 2798 enim
526 2742 682 2797 nobis
716 2743 875 2797 aliter
913 2758 1093 2797 sermo
1132 2742 1222 2797 ille
1254 2742 1579 2811 apostolicus
1605 2751 1783 2812 potest
1809 2758 1932 2797 con-

347 2833 558 2895 venire,
590 2847 696 2901 quo
717 2833 793 2887 ait
819 2851 832 2885 :
879 2831 978 2886 Vos
1001 2833 1146 2887 enim
1171 2832 1292 2887 estis
1319 2831 1565 2900 templum
1592 2832 1690 2886 Dei
1715 2833 1811 2887 viri
1829 2834 1931 2888 sic-

347 2932 404 2975 ut
426 2922 554 2975 dicit
582 2922 720 2975 Deus
740 2936 759 2973 :
784 2923 1032 2993 quoniam
1054 2921 1355 2976 inhabitabo
1380 2921 1433 2974 in
1453 2920 1579 2988 illis‘,
1603 2931 1651 2975 et
1675 2923 1811 2977 inter
1840 2941 1928 2978 eos

347 3006 627 3067 ambulabo
654 3013 703 3084 (Ι
730 3012 969 3081 Con-vl).
999 3014 1064 3067 Et
1091 3013 1233 3082 quod
1261 3004 1495 3068 JOanues
1525 3014 1725 3067 audivit
1756 3030 1928 3067 vocem

346 3118 593 3174 magnam
615 3105 679 3156 de
701 3105 886 3157 throno
915 3104 1170 3157 dicentem
1194 3119 1212 3157 :
1240 3102 1375 3157 Ecce
1396 3102 1794 3157 tabernaculum
1829 3102 1927 3157 Dei

2113 1905 2227 1960 bus.

2113 2011 2527 2067 Tabernaculum
2559 2030 2677 2067 vero
2714 2016 2788 2068 ita
2832 2015 3031 2084 facies:
3075 2016 3258 2071 Decem
3300 2019 3528 2072 cortinas
3557 2018 3622 2072 de

2039 2105 2190 2175 bysso
2225 2115 2440 2171 retorta,
2484 2115 2533 2160 et
2574 2107 2853 2175 hyacintho
2891 2125 2954 2161 ac
2979 2125 3232 2179 purpura,
3267 2127 3519 2181 coccoque
3543 2109 3621 2164 bis

2037 2197 2219 2261 tincto,
2260 2198 2491 2258 variatas
2535 2214 2686 2268 opere
2724 2197 2987 2267 plumario
3017 2198 3178 2267 facies
3215 2199 3413 2269 (Exod.
3447 2199 3617 2271 xxvi).

2038 2284 2463 2339 Tabernaculum
2491 2285 2701 2341 Domini
2729 2288 2787 2341 ﬁt
2804 2302 2871 2342 ex
2896 2289 3122 2343 cortinis
3145 2289 3356 2344 diversa
3379 2289 3620 2344 colorum

2035 2376 2216 2446 specie
2255 2376 2567 2447 variegatis,
2592 2378 2718 2448 quia
2758 2387 2946 2434 sancta
2986 2381 3309 2435 universalis
3355 2380 3618 2447 Ecclesia,

2035 2482 2101 2520 ex
2131 2466 2314 2521 multis
2347 2466 2642 2522 electorum
2684 2471 2958 2539 personis,
2987 2486 3055 2526 ex
3092 2471 3276 2526 multis
3311 2488 3409 2541 per
3432 2472 3620 2527 orbem

2033 2558 2295 2624 ecclesiis,
2316 2574 2382 2614 ex
2405 2560 2568 2614 variis
2589 2560 2848 2615 virtutum
2869 2560 3091 2616 ﬁoribus
3113 2563 3429 2618 aediﬁcatur.
3455 2562 3620 2631 Cujus

2032 2651 2209 2706 omnis
2236 2650 2497 2721 perfectio
2525 2652 2577 2705 in
2608 2652 2829 2707 denario
2865 2668 3090 2707 numero
3117 2654 3453 2717 continetur,
3492 2654 3618 2724 quia

2033 2757 2464 2812 quaquaversum
2491 2742 2730 2797 Ecclesia
2754 2758 2853 2813 per
2878 2744 3135 2798 mundum
3156 2744 3211 2798 iu
3234 2745 3465 2800 diversis
3483 2762 3616 2816 gen-

2033 2834 2179 2888 tibus
2204 2842 2258 2888 et
2283 2833 2529 2887 tribubus
2554 2841 2608 2887 et
2634 2833 2843 2902 populis
2870 2843 2924 2888 et
2942 2833 3140 2904 linguis
3158 2833 3348 2889 diffusa
3376 2844 3482 2900 est,
3506 2844 3616 2890 tota

2033 2923 2087 2977 in
2116 2922 2227 2977 sola
2258 2922 2351 2976 Dei
2382 2931 2436 2977 et
2471 2923 2701 2993 proximi
2732 2922 3018 2976 dilectione
3059 2938 3178 2992 quae
3205 2922 3458 2993 decalogo
3484 2924 3616 2992 legis

2032 3023 2114 3069 est
2163 3014 2553 3084 comprehensa
2600 3013 2866 3067 subsistit.
2915 3011 3101 3081 Neque
3146 3013 3303 3067 aliter
3329 3015 3614 3083 quisquam

2030 3113 2211 3174 potest
2238 3105 2501 3159 veraciter
2525 3104 2593 3158 ad
2615 3103 2868 3158 Ecclesiae
2888 3103 3128 3157 membra
3157 3104 3479 3175 pertingere,
3507 3104 3611 3158 nisi

347 3210 467 3248 cum
516 3196 836 3259 hominibus,
884 3205 931 3249 et
971 3195 1225 3249 habitabit
1267 3212 1386 3248 cum
1435 3196 1509 3249 eis
1555 3193 1739 3265 (Apoc.
1778 3194 1919 3266 xxx).
1953 3190 1998 3253 C
2031 3197 2238 3268 integro
2266 3197 2452 3262 corde,
2482 3205 2538 3250 et
2563 3210 2686 3251 eum
2724 3210 2822 3265 per
2848 3209 3006 3264 quem
3049 3196 3383 3257 aediﬁcatur,
3430 3206 3483 3250 et
3518 3211 3614 3251 eos

348 3283 521 3350 Quem
571 3294 820 3341 ornatum
860 3286 973 3340 sive
1017 3285 1348 3339 tabernaculi
1391 3285 1504 3340 sive
1536 3284 1722 3355 templi
1754 3295 1923 3341 mate-

346 3377 561 3443 rialem,
604 3378 844 3457 religiosi
885 3377 1178 3446 mundique
1208 3377 1387 3431 cordis
1424 3385 1479 3431 et
1505 3378 1749 3447 corporis
1777 3377 1924 3431 cultu

348 3460 646 3523 imitemur.
690 3468 796 3523 Sed
846 3477 903 3523 et
940 3468 1143 3523 certius
1169 3469 1235 3523 de
1271 3468 1538 3537 spirituali
1568 3484 1728 3524 sensu
1754 3470 1925 3525 disse-

346 3575 552 3615 ramus.
595 3559 777 3613 Primo
803 3560 870 3614 de
917 3560 1032 3629 ipso
1078 3559 1343 3613 materiali
1367 3567 1516 3613 textu
1545 3560 1761 3625 litterae,
1790 3576 1924 3630 pau-

346 3647 512 3723 lisper
536 3650 835 3704 videamus.
876 3649 1005 3703 Erat
1037 3649 1443 3703 tabernaculum
1477 3650 1668 3704 domus
1694 3648 1923 3703 Domino

348 3752 720 3797 consecratum
748 3784 779 3808 ,.
809 3742 1013 3797 habens
1052 3741 1401 3812 longitudinis
1429 3743 1640 3796 cubitos
1670 3742 1915 3811 triginta,

346 3834 651 3890 latitudinis
682 3834 899 3897 decem,
944 3834 1243 3889 altitudinis
1277 3848 1429 3902 teque
1460 3833 1678 3905 decem,
1715 3830 1920 3887 tectum

344 3926 554 3981 habens
594 3926 801 3995 aequale
848 3941 945 3995 per
985 3934 1180 3992 totum,
1225 3925 1492 3995 quomodo
1518 3926 1570 3979 in
1604 3925 1837 3997 zEgypto
1867 3934 1922 3980 et

342 4016 628 4072 Palaestina
653 4019 840 4073 domus
867 4018 1033 4072 moris
1058 4026 1141 4073 est
1166 4018 1486 4073 aediﬁcandi.
1510 4017 1674 4090 Cujus
1703 4020 1919 4089 quidem

338 4108 578 4177 parietes
620 4116 762 4173 tres,
805 4109 1091 4172 australis,
1135 4111 1571 4178 septentrionalis
1590 4120 1644 4165 et
1674 4112 1920 4166 occiden-

339 4198 491 4264 talis,
521 4198 588 4255 de
620 4201 828 4256 .tabulis
874 4210 1001 4256 sunt
1026 4203 1293 4271 .compacti
1333 4201 1552 4273 ligneis,
1595 4204 1662 4257 ab
1691 4214 1920 4273 utroque

323 4289 512 4346 .latere
535 4289 827 4355 deauratis.
867 4293 1035 4348 Porro
1070 4308 1171 4362 pro
1198 4292 1449 4347 orientali
1483 4303 1637 4362 parte
1670 4311 1808 4349 unus
1835 4310 1919 4349 ve-

339 4383 447 4438 ctis
472 4391 612 4450 erat,
640 4385 781 4439 unde
807 4385 1058 4439 introitus
1078 4384 1198 4448 fuit,
1224 4385 1314 4454 qui
1350 4400 1447 4455 per
1474 4386 1681 4440 medias
1707 4386 1917 4441 tabulas

337 4473 407 4527 ab
429 4474 624 4544 angulo
646 4489 815 4544 usque
839 4475 905 4528 ad
928 4476 1177 4545 angulum
1194 4476 1520 4544 perveniret,
1540 4477 1590 4529 id
1612 4485 1694 4531 est
1713 4494 1741 4531 a
1766 4493 1935 4531 sum-,

2027 3290 2080 3343 iu
2111 3289 2306 3359 quibus
2334 3288 2628 3344 aediﬁcatur
2651 3286 2890 3341 Ecclesia
2914 3327 2928 3352 ,
2973 3285 3076 3341 hoc
3108 3294 3192 3340 est
3218 3286 3386 3339 Deum
3417 3295 3470 3340 et
3499 3285 3611 3340 cle-

2026 3387 2144 3434 ctos
2170 3379 2286 3448 ejus
2310 3394 2494 3433 amare
2520 3378 2786 3433 didicerit.
2818 3377 3012 3432 Varius
3043 3385 3221 3431 autem
3248 3376 3487 3432 colorum
3517 3377 3611 3432 de-

2025 3487 2120 3526 cor
2144 3486 2253 3541 quo
2281 3470 2481 3525 caulem
2508 3482 2635 3525 sunt
2655 3468 2881 3524 cortinae
2908 3468 3198 3532 distinctte,
3232 3468 3611 3522 variarumest

2024 3561 2196 3631 gratia
2225 3560 2502 3623 virtutum,
2536 3561 2732 3631 quibus
2774 3567 2958 3614 sancta
3003 3558 3243 3613 Ecclesia
3281 3559 3513 3614 mirabili
3545 3576 3609 3616 ac

2022 3665 2243 3719 prorsus
2270 3649 2479 3704 cmlesti
2507 3658 2624 3703 arte
2659 3650 2957 3718 composita
2997 3650 3050 3703 in
3090 3661 3381 3720 conspectu
3410 3653 3492 3706 sui
3524 3668 3598 3708 re-

2022 3738 2265 3809 Splendet
2294 3739 2551 3793 auctoris.
2582 3739 2783 3809 Byssus
2810 3756 2939 3810 ergo
2968 3756 3087 3809 qua:
3111 3741 3178 3795 de
3208 3751 3352 3795 terra
3387 3743 3603 3811 quidem

2021 3829 2212 3895 oritur,
2245 3831 2337 3885 sed
2371 3839 2523 3885 eruta
2552 3832 2618 3886 de
2647 3840 2791 3887 terra
2834 3832 2992 3901 longo
3030 3833 3288 3888 exercitio
3331 3833 3565 3888 siccandi
3586 3874 3601 3899 ,

2023 3921 2298 3985 tundendi,
2330 3924 2626 3993 purgandi,
2657 3924 2919 3994 coquendi
2953 3932 3009 3979 et
3044 3925 3233 3990 nendi,
3267 3926 3600 3996 gramineum

2020 4011 2156 4066 solet
2183 4013 2407 4081 perdere
2427 4053 2442 4079 ,
2479 4021 2533 4067 et
2579 4013 2865 4068 candidum
2894 4016 3032 4070 inse
3068 4016 3310 4083 recipere
3343 4014 3600 4080 colorem,

2018 4119 2242 4174 corpora
2283 4107 2528 4176 designat
2561 4107 2827 4161 castitatis
2856 4107 3025 4161 nitida
3057 4108 3270 4163 decore.
3317 4106 3446 4173 Qua:
3478 4121 3599 4159 cum

2018 4186 2198 4253 carnis
2222 4199 2438 4267 quidem
2469 4198 2734 4253 illecebris
2764 4200 3061 4263 nascentia,
3094 4214 3290 4269 magno
3319 4198 3604 4251 contincn~

2019 4290 2105 4344 tite
2138 4289 2320 4343 labore
2347 4289 2501 4357 quasi
2531 4289 2769 4342 nativum
2805 4288 3072 4342 exsudant
3103 4290 3407 4351 humorem,
3436 4295 3598 4355 atque

2016 4381 2082 4434 ad
2106 4380 2356 4434 decorem
2385 4379 2497 4433 Deo
2518 4379 2676 4449 digne
2701 4377 2951 4448 puritatis
2978 4377 3164 4432 solerti
3190 4376 3515 4447 jejuniorum
3542 4383 3596 4430 et

2014 4469 2319 4539 vigiliarum
2341 4510 2355 4534 ,
2386 4468 2690 4523 orationum
2720 4476 2775 4522 et
2803 4467 3079 4533 lectionis,
3121 4467 3391 4537 patientiae
3415 4475 3469 4521 et
3497 4467 3595 4520 hu-

339 4540 529 4617 mitate
564 4540 751 4617 ultima
782 4565 941 4633 hujus
964 4540 1213 4633 parietis;
1240 4556 1411 4633 usque
1442 4566 1507 4617 ad
1533 4566 1751 4634 parietis
1781 4566 1912 4622 aue-
1939 4540 1993 4599 D
2018 4560 2257 4614 militatis
2285 4559 2536 4614 instantia
2564 4558 2902 4630 perveniunt.
2933 4558 3010 4612 De
3035 4558 3231 4628 quibus
3253 4565 3399 4613 recte
3424 4558 3594 4627 possit

338 4654 452 4708 rius
478 4655 865 4720 summitatem,
890 4656 976 4710 cui
1007 4657 1229 4711 cortina:
1269 4659 1599 4713 tabernacali
1628 4669 1683 4713 et
1709 4669 1909 4720 tectum

335 4742 648 4808 incubuere,
676 4744 765 4797 ubi
814 4754 870 4798 et
917 4748 1198 4800 tectorium
1226 4758 1344 4802 erat
1381 4749 1618 4819 quinque
1648 4750 1912 4808 eblnmnis

234 4902 237 4905 _
330 4847 675 4901 suspensum.
716 4834 1018 4904 Tegebatur
1056 4845 1234 4890 autem
1262 4839 1454 4892 domus
1486 4849 1538 4892 et
1572 4840 1821 4910 desuper,
1852 4849 1909 4897 et

329 4920 570 4991 undique
621 4922 849 4977 cortinis
906 4924 1044 4977 mira
1093 4926 1351 4982 varietate
1408 4930 1703 4991 contextis.
1762 4932 1905 5000 quod

326 5012 547 5081 proprie
610 5012 1011 5068 tabernaculum
1083 5016 1393 5070 vocabatur.
1480 5007 1785 5089 Tegebatur
1853 5030 1907 5075 et

328 5103 436 5161 hoc
488 5104 724 5173 undique
785 5106 929 5175 sagis
990 5106 1218 5161 cilicinis
1254 5150 1268 5173 ,
1329 5125 1501 5178 usque
1574 5110 1640 5166 ad
1706 5120 1903 5168 terram

323 5191 774 5263 pertingentibus.
841 5191 949 5248 Sed
1004 5204 1060 5249 et
1117 5197 1516 5265 operimentum
1570 5201 1712 5253 aliud
1762 5210 1904 5256 tecto

322 5282 395 5336 de
461 5282 688 5351 pellibus
758 5286 986 5340 arietum
1059 5287 1347 5343 rubricatis
1395 5290 1598 5358 pictum
1666 5300 1777 5355 est,
1848 5302 1905 5347 et

321 5390 488 5446 Impel-
515 5378 621 5432 hoc
667 5394 882 5432 rursum
906 5379 1052 5434 aliud
1088 5382 1482 5450 operimentum
1508 5384 1572 5437 de
1596 5384 1900 5454 hyacinthi-

320 5465 411 5519 nis
443 5466 691 5539 pellibus.
751 5469 881 5522 Erat
927 5470 1089 5524 etiam
1138 5480 1193 5525 et
1239 5472 1416 5525 velum
1453 5488 1617 5542 Opere
1647 5474 1895 5542 plumarii

318 5554 592 5609 variatum
616 5555 880 5612 columnis
904 5567 1136 5627 quatuor
1161 5574 1480 5633 appensum,
1513 5577 1619 5631 quo
1647 5572 1898 5617 sanctua-

315 5644 461 5705 rium
502 5656 559 5701 et
600 5649 892 5703 sanctuarii
937 5651 1248 5706 sanctuaria
1294 5652 1689 5708 dividebantur.
1751 5653 1892 5707 Intra

316 5734 459 5812 quod
486 5736 661 5807 posita
693 5746 809 5793 crat
844 5756 968 5795 arca
1003 5742 1307 5797 testamenti
1331 5784 1345 5810 ,
1394 5752 1447 5799 et
1486 5753 1670 5800 contra
1712 5759 1891 5798 arcam

2014 4653 2144 4708 illud
2170 4653 2520 4723 apostolicum
2549 4652 2687 4707 dici:
2722 4650 2805 4705 An
2843 4650 3049 4705 nescitis
3076 4651 3325 4721 quoniam
3360 4649 3594 4703 membra

2014 4755 2181 4799 vestra
2224 4742 2471 4813 templum
2496 4752 2617 4797 sunt
2646 4740 2874 4812 Spiritus
2902 4743 3071 4795 sancti
3113 4741 3203 4811 qui
3248 4741 3302 4794 in
3333 4740 3474 4801 vobis
3514 4750 3592 4794 est

2012 4836 2065 4907 (Ι
2093 4835 2217 4890 Cor.
2246 4834 2355 4905 v1)?
2384 4834 2746 4903 Retorquetur
2774 4842 2953 4888 autem
2982 4834 3097 4888 hzec
3126 4834 3316 4903 hyssus
3343 4832 3395 4885 in
3427 4834 3591 4887 corti-

2010 4942 2109 4980 nas
2140 4924 2492 4987 tabernaculi,
2524 4924 2781 4993 quoniam
2813 4939 2921 4977 non
2953 4925 3112 4979 modo
3140 4925 3351 4980 lumbos
3379 4924 3581 4990 carnis,

1956 5034 1960 5043 '
2006 5031 2195 5070 verum
2226 5015 2386 5069 etiam
2415 5022 2475 5067 ut
2500 5013 2693 5067 Petrus
2721 5013 2995 5079 admonet,
3026 5011 3251 5067 Lumbos
3280 5014 3465 5068 mentis
3495 5030 3587 5067 no-

2006 5116 2130 5160 stne
2155 5106 2210 5159 in
2233 5105 2508 5159 sobrietate
2534 5104 2886 5173 suceingimus
2914 5103 2967 5175 (1
2992 5104 3135 5158 Petr.
3157 5104 3220 5175 ι).
3241 5104 3312 5159 Ut
3338 5105 3585 5159 videlicet

2005 5204 2059 5250 ct
2081 5210 2298 5250 carnem
2330 5209 2361 5247 a
2397 5193 2614 5247 lascivis
2641 5193 2903 5257 motibus,
2946 5201 3001 5249 et
3029 5208 3124 5249 cor
3155 5195 3221 5249 ab
3252 5195 3583 5249 illecebrosis

2006 5284 2340 5339 refrenemus
2385 5281 2823 5353 cogitationibus.
2867 5282 2965 5338 Hic
3010 5284 3287 5338 accinctus
3328 5280 3579 5351 quoniam

2003 5376 2145 5431 aeris
2171 5384 2224 5430 et
2264 5374 2388 5429 coeli
2435 5373 2667 5443 speciem
2718 5374 2987 5437 imitatur,
3035 5373 3346 5428 earumdem
3374 5379 3581 5426 mentes

2003 5467 2316 5529 electorum,
2344 5463 2489 5519 omni
2520 5478 2614 5532 spe
2636 5478 2699 5517 ac
2723 5463 2989 5518 desiderio
3014 5461 3253 5515 caelestia
3275 5467 3579 5527 quaerentes

2003 5555 2287 5627 signiﬁcat.
2341 5553 2503 5621 Cujus
2551 5554 2706 5608 nobis
2740 5555 2935 5608 coloris
2979 5560 3373 5606 sacramentum
3422 5565 3578 5605 com-

2003 5647 2261 5700 mendans
2284 5642 2574 5713 Apostolus
2594 5642 2697 5696 ait:
2726 5642 2786 5697 Si
2813 5639 3264 5696 eonresurreristis
3288 5656 3403 5693 cum
3430 5638 3583 5694 Chri-

1999 5750 2098 5804 at",
2141 5753 2257 5808 qua?
2295 5749 2504 5789 sursum
2544 5745 2661 5786 sunt
2708 5734 2956 5804 quwrite,
2991 5732 3076 5784 ubi
3119 5731 3353 5786 Christus
3397 5742 3467 5786 est
3514 5733 3569 5785 in
