3992 6182
460 351 560 406 159

1104 344 1163 398 Β.
1207 341 1462 398 RABANI
1500 341 1721 398 MAURI
1758 338 2076 395 ARCHIEP.
2119 336 2426 397 MOGUNT.
2468 340 2749 398 OPERUM
2789 342 2966 399 PARS
3001 342 3040 398 ῐ.

3604 343 3701 398 160

455 461 668 513 dextera
699 456 792 511 Dei
814 454 997 509 sedens
1028 453 1177 525 (Col.
1208 456 1323 525 ιιι).
1362 454 1605 525 Purpura
1639 454 1765 524 quia
1792 451 2025 508 colorem
2052 449 2106 513 Α
2131 448 2348 517 favoris,
2381 454 2473 508 sed
2496 468 2741 524 superna
2766 456 3151 513 beatitudinem
3173 457 3373 528 quietis
3399 471 3701 530 exspectat.

454 548 730 618 sanguinis
758 546 1015 611 ostendit,
1052 554 1107 600 et
1129 561 1258 601 vera
1287 561 1501 615 quoque
1527 560 1763 615 purpura
1791 543 2028 614 conchy—

455 628 649 691 liorum
674 636 934 706 sanguine
963 636 1218 706 tingitur,
1250 635 1439 689 devota
1478 652 1664 690 eorum
1695 636 1857 690 corda
1880 635 2027 689 desi-

453 735 614 798 gnat,
656 727 746 794 qui
774 727 955 780 dicere
1001 742 1123 780 cum
1170 725 1427 796 Apostolo
1470 734 1732 796 possunt:
1770 725 1886 795 Ego
1923 742 2026 779 non

449 818 621 874 solum
652 817 882 887 alligari,
909 817 997 871 sed
1026 828 1072 871 et
1099 820 1232 872 mori
1251 819 1304 872 in
1332 818 1626 872 Jerusalem
1647 828 1865 888 paratus
1886 834 2024 879 sum,
2058 884 2071 891 ἡ

450 918 661 978 propter
689 925 871 962 nomen
901 908 1110 962 Domini
1134 907 1265 961 Jesu
1292 908 1429 977 (Act.
1464 910 1598 979 ut).
1634 909 1698 961 Et
1734 923 1859 963 cum
1897 908 2026 961 Pro-

449 999 611 1068 pheta
643 999 906 1052 Domino:
949 997 1209 1062 Quoniam
1254 1011 1463 1068 propter
1498 1006 1546 1051 te
1583 1007 1747 1051 morte
1773 999 2026 1067 aﬁicimur

449 1096 559 1141 tota
579 1088 939 1153 die,wstimati
956 1103 1135 1140 sumus
1154 1096 1211 1139 ut
1232 1103 1348 1140 oves
1369 1088 1642 1153 occisionis
1656 1084 1826 1157 (Psal.
1845 1087 2020 1158 xuii).

449 1180 654 1234 Coecus
682 1179 806 1247 quia
840 1178 977 1247 ignis
1006 1178 1170 1232 habet
1207 1178 1461 1247 speciem,
1500 1178 1695 1233 merito
1722 1177 2025 1249 ﬂagrantis-

447 1271 598 1325 sima
623 1276 933 1323 sanctorum
960 1268 1233 1322 dilectioni
1258 1277 1622 1337 comparatur.
1656 1267 1810 1323 Unde
1832 1275 1886 1323 et
1904 1268 2024 1337 qui-

445 1361 570 1415 dam
599 1376 665 1414 ex
696 1360 794 1423 eis,
823 1358 948 1428 quia
977 1359 1120 1412 hanc
1145 1367 1409 1428 prasente
1432 1358 1812 1412 etcomitante
1840 1372 2021 1412 secum

446 1450 673 1505 Domino
703 1455 1093 1518 conceperant,
1134 1445 1388 1502 aiebant:
1427 1446 1616 1501 Nonne
1660 1463 1750 1500 cor
1788 1457 2021 1501 nostrum

445 1540 633 1593 ardens
663 1550 773 1593 erat
808 1541 861 1592 in
890 1539 1058 1601 nobis,
1086 1554 1204 1592 cum
1233 1537 1530 1609 loqueretur
1555 1538 1609 1591 in
1637 1538 1741 1604 via,
1774 1547 1821 1591 et
1851 1537 2023 1607 aperi-

444 1640 518 1684 ret
546 1632 691 1684 nobis
724 1629 1021 1700 Scripturas
1041 1630 1191 1701 (Luc.
1225 1628 1382 1701 ult.)?
1406 1628 1502 1683 Cui
1530 1638 1715 1683 contra
1738 1629 1806 1684 de
1840 1643 2022 1696 repro-

444 1721 527 1775 bis
555 1721 754 1776 dicitur
779 1738 791 1774 :
832 1720 900 1774 Et
924 1721 1171 1791 quoniam
1198 1719 1480 1773 abundavit
1508 1718 1779 1789 iniquitas,
1810 1718 2020 1790 refrige-

442 1821 545 1864 scet
575 1813 803 1865 charitas
830 1810 1114 1865 multorum
1152 1809 1366 1879 (Matth.
1394 1809 1563 1880 xxiv).
1598 1808 1725 1863 Hac
1753 1808 1905 1877 quasi
1935 1808 2020 1862 his

442 1904 689 1973 tingitur,
719 1920 839 1957 cum
866 1918 1050 1956 amore
1078 1903 1167 1956 Dei
1194 1912 1247 1956 et
1272 1902 1502 1971 proximi
1527 1901 1870 1955 flammescit:
1896 1916 2019 1956 cum

443 1994 588 2047 illum
615 2009 679 2048 ex
713 2002 824 2048 toto
845 1993 1040 2057 corde,
1072 2000 1182 2046 tota
1227 1992 1438 2055 anima,
1471 1998 1583 2045 tota
1614 1991 1842 2055 virtute,
1875 1991 2021 2046 hunc

440 2084 585 2138 sicut
613 2099 712 2138 nos
741 2084 889 2154 ipsos
907 2083 1200 2153 diligimus.
1234 2082 1417 2150 Itaque
1443 2082 1496 2136 in
1525 2082 1610 2136 his
1638 2090 1869 2153 quatuor
1901 2096 2021 2136 cor-

442 2180 675 2234 tinarum
698 2178 989 2242 coloribus,
1014 2184 1247 2247 quatuor
1264 2175 1684 2247 iustificationes
1706 2175 2021 2244 exprimun-

439 2282 525 2326 tur
550 2270 863 2326 electorum.
894 2270 951 2324 ln
981 2272 1142 2341 bysso
1172 2278 1397 2334 retorta,
1440 2283 1569 2323 caro
1595 2268 1846 2325 castitate
1874 2268 2019 2323 reni-

440 2368 577 2414 tens.
627 2361 685 2414 In
734 2360 1057 2430 hyacintho,
1113 2375 1265 2414 mens
1309 2374 1537 2429 superna
1585 2359 1912 2414 desiderans.
1960 2358 2016 2412 ln

438 2465 709 2520 purpura,
754 2465 883 2504 caro
913 2449 1254 2518 passionibus
1297 2448 1604 2516 subiacens.
1651 2447 1710 2501 ln
1738 2462 1902 2502 cocco
1934 2448 2019 2503 bis

438 2539 630 2604 tincta,
655 2554 810 2594 mens
834 2540 973 2593 inter
992 2539 1269 2609 passiones
1289 2538 1384 2593 Dei
1410 2548 1466 2592 et
1482 2538 1717 2608 proximi
1733 2537 2018 2594 dilectione
2052 2602 2053 2605 η

436 2628 777 2701 praefulgens.

510 2719 805 2791 Longitudo
843 2723 1059 2775 cortina
1093 2721 1253 2775 unius
1277 2720 1480 2775 habebit
1509 2720 1689 2790 viginti
1725 2730 1838 2775 octo
1867 2722 2015 2775 cubi-

437 2821 517 2865 tos
540 2830 558 2866 :
594 2810 815 2866 latitudo
838 2821 1066 2883 quatuor
1094 2811 1387 2864 cubitorum
1429 2811 1546 2865 erit.
1588 2811 1645 2865 In
1686 2811 2017 2880 longitudine

436 2902 770 2956 cortinarum
800 2902 1121 2973 longanimis
1150 2900 1405 2957 Ecclesia
1435 2910 1635 2956 sancta
1656 2902 1935 2970 patientia,
1961 2901 2015 2959 in

436 2995 717 3050 latitudine
743 2994 1035 3063 amplitudo
1056 2994 1379 3064 exprimitur
1403 2993 1707 3049 charitatis.
1738 2991 1868 3059 Qua
1893 2992 2017 3046 lati-

437 3085 566 3140 tudo
612 3093 735 3153 apte
784 3094 1018 3154 quatuor
1061 3092 1181 3137 erat
1225 3085 1567 3139 cubitorum:
1612 3085 1737 3153 quia
1784 3091 2016 3153 quatuor

435 3185 563 3230 sunt
594 3175 1006 3245 Evangeliorum
1046 3175 1201 3240 libri,
1248 3175 1303 3229 in
1340 3175 1537 3244 quibus
1560 3174 1772 3229 Domini
1806 3176 2012 3228 redem-

436 3267 607 3337 ptoris
637 3266 806 3320 nostri
833 3264 1093 3332 exemplis
1116 3279 1181 3318 ac
1209 3264 1387 3318 verbis
1410 3263 1639 3332 qualiter
1665 3264 1851 3318 eadem
1879 3263 2011 3318 cha-

437 3359 569 3412 ritas
615 3357 685 3411 sit
732 3357 958 3411 tenenda
984 3357 1258 3411 docemur.
1306 3356 1373 3410 Et
1410 3366 1642 3425 quatuor
1669 3356 1925 3421 virtutes,
1958 3357 2010 3413 in

436 3462 665 3516 quarum
692 3446 1006 3516 operatione
1028 3447 1217 3501 eadem
1244 3455 1328 3501 est
1351 3447 1588 3503 Charitas
1612 3447 1934 3515 exercenda,
1959 3448 2013 3502 id

434 3550 538 3606 est,
569 3538 944 3609 temperantia,
972 3537 1251 3602 fortitudo,
1272 3535 1504 3605 justitia,
1529 3538 1840 3608 prudentia:
1867 3538 2014 3594 vide-

435 3632 561 3687 licet
593 3631 901 3699 ineorrupta
926 3628 982 3683 in
1016 3628 1127 3683 Deo
1150 3628 1387 3683 charitas
1411 3635 1573 3698 atque
1601 3627 1809 3698 integra
1834 3637 2014 3683 custo-

436 3724 643 3788 diatur,
689 3722 834 3791 quod
868 3729 951 3776 est
997 3720 1397 3790 temperantia;
1431 3719 1591 3776 nullis
1618 3719 1901 3790 frangatur
1931 3720 2014 3775 in-

437 3814 752 3878 commodis,
792 3812 935 3881 quod
968 3820 1052 3867 est
1087 3810 1456 3875 fortitudinis;
1497 3810 1628 3864 nulli
1666 3810 1756 3865 alii
1781 3810 2011 3875 serviat,

437 3905 580 3975 quod
610 3912 695 3958 est
716 3902 976 3970 iustitia;
1010 3902 1194 3969 vigilet
1230 3902 1285 3954 in
1320 3900 1691 3957 discernendis
1723 3900 1913 3962 rebus,
1948 3914 2015 3953 ne

437 3995 648 4050 fallacia
676 3995 896 4048 dolusve
917 3992 1173 4062 paulatim
1200 3992 1475 4061 subrepat,
1507 3989 1650 4059 quod
1674 3998 1759 4044 est
1783 3990 2015 4058 pruden-

435 4089 543 4143 tia.
576 4086 874 4157 Longitudo
912 4094 1092 4139 autem
1132 4084 1463 4138 cortinarum
1498 4081 1687 4151 viginti
1729 4089 1852 4136 octo
1897 4090 2016 4135 erat

435 4178 780 4233 cubitorum:
818 4176 912 4246 qui
958 4183 1043 4230 est
1093 4188 1350 4229 numerus
1398 4172 1777 4242 quaternarius
1820 4171 2017 4240 septies

351 4318 355 4322 .
436 4273 649 4327 ductus.
682 4268 1003 4340 Septenario
1026 4276 1205 4322 autem
1236 4280 1462 4320 numero
1489 4272 1708 4334 propter
1728 4262 1868 4318 diem
1895 4262 2019 4316 sab-

436 4365 570 4429 bati,
604 4363 740 4418 solet
767 4363 983 4432 requies
1018 4369 1217 4416 aterna
1265 4367 1574 4416 sanctorum
1610 4355 1849 4427 figurari.
1877 4354 2018 4408 Lon-

2130 541 2269 597 Hinc
2291 551 2374 599 est
2399 545 2541 600 enim
2568 548 2710 616 quod
2756 548 2914 618 hujus
2942 550 3154 604 numeri
3191 550 3459 620 psalmus,
3491 553 3546 607 in
3582 570 3707 607 con-

2127 635 2473 688 summatione
2500 636 2824 691 tabernaculi
2864 640 3200 706 attitulatnr,
3238 657 3399 712 quem
3432 651 3601 699 totum
3636 643 3708 701 de

2127 724 2456 791 perfectione
2491 736 2689 782 sancta
2720 728 2974 785 Ecclesia
3000 739 3212 785 constat
3254 748 3373 788 esse
3407 742 3704 791 cantatum.

2127 811 2356 869 Maxime
2382 830 2448 870 ex
2475 832 2539 871 eo
2565 817 2705 886 quod
2730 818 2782 872 in
2804 818 2893 873 illo
2915 821 3141 877 dicitur:
3166 821 3394 877 Adorate
3421 823 3708 878 Dominum

2124 904 2179 955 in
2207 906 2341 958 atrio
2388 917 2569 960 sancto
2604 909 2740 977 ejus.
2785 910 2849 963 Et
2889 911 3123 966 iterum:
3165 912 3231 966 Et
3272 914 3333 968 in
3369 916 3555 987 templo
3586 918 3707 987 ejus

2123 1008 2300 1048 omnes
2321 995 2491 1050 dicent
2530 997 2752 1068 gloriam
2792 996 2965 1070 (Psal.
2993 1000 3208 1072 xxvm).
3239 1003 3377 1072 Apte
3403 1005 3599 1059 etenim
3625 1004 3709 1060 vi-

2125 1084 2358 1139 cesimus
2384 1096 2608 1143 octavus
2635 1089 2877 1158 psalmus
2922 1091 2987 1144 de
3031 1094 3495 1149 consummatione
3525 1095 3710 1150 taber-

2124 1174 2302 1228 naculi
2330 1176 2662 1243 inscribitur,
2693 1180 2817 1248 quia
2846 1180 3103 1235 nimirum
3127 1182 3180 1236 in
3206 1183 3309 1238 boe
3337 1194 3423 1239 est
3445 1184 3710 1255 perfectio

2122 1266 2516 1333 peregrinantis
2547 1269 2600 1322 in
2645 1269 2747 1324 hoc
2789 1270 2986 1325 saculo
3010 1271 3297 1338 Ecclesia,
3330 1282 3389 1328 ut
3415 1290 3513 1342 per
3540 1274 3706 1330 fidem

2122 1361 2177 1405 et
2207 1368 2303 1422 per
2326 1370 2489 1423 opera
2516 1357 2678 1422 bona,
2708 1357 2775 1413 ad
2803 1359 3043 1428 requiem
3080 1360 3265 1415 tendat
3300 1363 3481 1417 saculi
3510 1362 3702 1418 futuri.

2121 1440 2266 1498 Bene
2295 1453 2474 1499 autem
2502 1447 2785 1516 sequitur:
2831 1446 2997 1505 Unius
3031 1467 3286 1506 mensura
3312 1452 3436 1521 ﬁent
3458 1455 3706 1510 universa

2122 1534 2365 1586 tentoria.
2395 1534 2509 1589 Etsi
2536 1536 2678 1590 enim
2709 1537 2950 1592 variante
2977 1539 3187 1608 pictura
3208 1581 3223 1606 ,
3250 1543 3471 1597 cortina
3513 1543 3582 1597 ad
3618 1544 3707 1598 in-

2120 1620 2296 1675 vicem
2321 1622 2659 1692 differebant,
2690 1643 2796 1680 una
2833 1635 3011 1682 tamen
3039 1644 3228 1685 omnes
3272 1640 3427 1685 erant
3468 1631 3707 1702 longitu‘

2121 1709 2261 1765 diuis
2290 1719 2344 1766 et
2382 1712 2683 1771 latitudinis
2721 1732 2976 1772 mensura
3018 1728 3364 1789 temperata:
3403 1722 3528 1791 quia
3562 1732 3620 1777 et
3655 1725 3703 1779 si

2046 1787 2093 1846 B
2122 1800 2439 1857 donationes
2465 1804 2661 1859 habent
2684 1805 2837 1860 electi
2863 1787 3153 1863 secundum
3186 1787 3554 1882 gratiam—qua
3574 1813 3705 1868 data

2120 1898 2203 1945 est
2228 1890 2330 1945 illis
2358 1891 2686 1959 differentes,
2708 1912 2846 1951 unus
2879 1905 3085 1951 tantum
3112 1899 3392 1964 Dominus,
3413 1916 3517 1955 una
3542 1902 3703 1968 fides,

2118 1995 2286 2036 unum
2317 1984 2602 2054 baptisma,
2636 2003 2775 2041 unus
2800 1988 2940 2043 Deus
2966 1997 3020 2042 et
3046 1989 3206 2044 Pater
3233 1990 3494 2044 omnium.
3529 1992 3703 2056 Quin-

2118 2090 2216 2145 que
2253 2078 2470 2131 cortince
2512 2077 2609 2131 sibi
2629 2078 2924 2149 jungentur
2963 2090 3143 2134 mutuo
3165 2121 3181 2146 ,
3226 2090 3274 2135 et
3314 2082 3433 2136 alia:
3469 2084 3705 2155 quinque

2120 2181 2257 2219 nexu
2300 2166 2459 2221 simili
2502 2168 2851 2223 cohaerebunt.
2901 2170 3101 2226 Verum
3149 2186 3248 2225 nos
3292 2181 3509 2242 propter
3554 2173 3706 2229 hanc

2118 2257 2441 2311 sententiam
2470 2273 2755 2328 possumus
2776 2259 2841 2314 de
2870 2275 3095 2315 numero
3118 2261 3445 2315 cortinarum
3472 2261 3556 2317 bis
3580 2263 3707 2332 qui-

2118 2346 2273 2400 nario
2302 2348 2464 2401 etiam
2492 2349 2565 2403 ita
2594 2349 2880 2416 disserere,
2922 2351 3063 2421 quod
3095 2365 3354 2421 sequaces
3380 2352 3433 2406 in
3464 2361 3704 2423 utroque

2118 2435 2464 2494 Testamento
2490 2439 2683 2494 divina
2712 2440 3076 2510 signaverunt.
3116 2441 3183 2495 Et
3222 2442 3431 2511 priores
3454 2442 3704 2512 quinque

2116 2527 2351 2596 quidem,
2384 2544 2504 2598 qua
2530 2528 2759 2585 frontem
2786 2546 2849 2585 ac
2872 2531 3101 2601 primam
3130 2532 3457 2587 tabernaculi
3484 2540 3704 2602 partem

2115 2621 2471 2689 protegebant
2494 2621 2607 2675 sive
2638 2620 2930 2687 faciebant,
2956 2622 3161 2691 antiqui
3187 2622 3365 2693 populi
3393 2623 3484 2678 Dei
3507 2632 3702 2694 typum

2115 2716 2420 2778 gesserunt,
2450 2710 2540 2779 qui
2565 2711 2782 2766 decreta
2807 2710 2938 2782 legis
2969 2713 3022 2766 in
3051 2722 3390 2768 sacramento
3413 2715 3706 2771 circumci-

2115 2799 2286 2854 sionis
2315 2808 2369 2853 et
2399 2800 2719 2867 hostiarum,
2736 2811 2791 2857 et
2811 2805 3014 2858 variam
3037 2805 3481 2860 caeremoniarum
3508 2805 3707 2862 obser-

2114 2891 2352 2944 vantiam
2377 2930 2392 2955 ,
2444 2893 2741 2947 secundum
2787 2892 3022 2949 litteram
3070 2894 3343 2964 implebat.
3395 2894 3705 2966 Sequentes

2114 2996 2245 3037 vero
2287 2985 2523 3053 quinque
2565 2985 2808 3052 cortina,
2853 3000 2973 3054 qua
3015 2977 3312 3056 pesteriora
3358 2986 3703 3043 tabernaculi

2116 3074 2393 3144 tegebant,
2422 3075 2507 3130 vel
2533 3076 2697 3131 etiam
2721 3092 2818 3131 suo
2847 3077 3076 3148 tegmine
3104 3076 3390 3143 faciebant,
3421 3093 3519 3132 nos
3547 3079 3690 3133 desi-

2114 3165 2419 3237 gnaverint,
2446 3166 2537 3235 qui
2561 3177 2682 3236 post
2705 3166 2992 3221 adventum
3028 3167 3240 3221 Domini
3275 3167 3329 3221 in
3357 3180 3519 3221 carne
3543 3167 3661 3222 nati
3679 3208 3698 3232 ,

2113 3259 2280 3314 libros
2305 3274 2369 3315 ac
2392 3268 2727 3315 sacramenta
2755 3259 2890 3331 legis
2910 3260 3261 3331 spiritualiter
3285 3261 3399 3330 ipso
3421 3259 3701 3317 revelante

2114 3365 2181 3406 ac
2209 3351 2461 3417 donante,
2486 3364 2783 3406 servamus.
2810 3349 3064 3405 Attamen
3093 3365 3158 3405 eo
3184 3360 3423 3420 tempore
3450 3364 3557 3420 quo
3581 3348 3706 3406 eri—

2115 3442 2341 3512 gebatur
2366 3442 2795 3507 tabernaculum,
2811 3457 2997 3497 omnes
3017 3442 3082 3496 ad
3100 3442 3328 3497 invicem
3355 3441 3575 3496 cortina
3594 3456 3704 3499 ne-

2114 3531 2433 3597 ctebantur,
2480 3531 2604 3601 quia
2648 3546 2772 3585 cum
2818 3532 3067 3585 universa
3114 3529 3394 3586 catholica
3438 3528 3702 3587 Ecclesia

2112 3623 2456 3694 pulchritudo
2481 3623 2550 3677 ab
2575 3623 2725 3679 initio
2756 3639 2926 3695 usque
2949 3624 3017 3678 ad
3049 3624 3334 3677 terminum
3356 3621 3534 3677 saeuli
3560 3637 3697 3691 per-

2113 3715 2382 3785 penditur,
2414 3712 2653 3784 profecto
2678 3715 2830 3785 quasi
2861 3730 2965 3769 una
3001 3712 3183 3768 decem
3209 3714 3536 3769 cortinarum
3562 3726 3700 3767 con-

2060 3804 2065 3811 “
2114 3807 2306 3873 nexio,
2340 3806 2743 3861 tabernaculum
2791 3804 2883 3860 Dei
2929 3803 3273 3860 condecorat.
3306 3802 3532 3871 Ansulas
3560 3802 3698 3868 hya-

2115 3896 2374 3949 cinthinus
2402 3896 2457 3948 in
2488 3893 2735 3948 lateribus
2762 3912 2822 3948 ac
2858 3892 3241 3947 summitatibus
3270 3891 3430 3960 facies
3458 3890 3699 3944 cortina-

2116 4003 2251 4051 rum,
2272 3996 2325 4039 ut
2342 3987 2537 4056 possint
2560 3984 2772 4039 invicem
2788 3983 3044 4055 copulari.
3063 3982 3418 4053 Hyacinthum
3437 3981 3698 4044 diximus,

2116 4076 2368 4143 quoniam
2394 4076 2537 4129 aerei
2568 4075 2762 4153 coloris
2787 4083 2889 4136 est,
2922 4074 3221 4129 calestium
3244 4073 3506 4127 bonorum
3532 4071 3702 4140 signi-

2119 4167 2351 4221 ficationi
2382 4180 2697 4237 congruere.
2745 4165 2962 4219 Ansulis
3005 4179 3133 4232 ergo
3182 4162 3541 4235 hyacinthiuis
3570 4177 3701 4216 cor-

2118 4259 2241 4313 tinae
2287 4259 2513 4314 invicem
2546 4257 2893 4327 copulantur,
2933 4272 3054 4310 cum
3102 4256 3258 4310 unica
3298 4269 3421 4323 spes
3447 4267 3701 4322 superna

2118 4350 2482 4412 beatitudinis,
2514 4349 2693 4404 omnia
2731 4363 2827 4418 per
2864 4349 3051 4403 orbem
3089 4347 3252 4401 corda
3281 4345 3606 4408 electorum,
3638 4343 3700 4398 in

439 4457 625 4524 gitudo
654 4470 785 4524 ergo
819 4455 1152 4509 cortinarum
1185 4452 1238 4505 in
1278 4460 1471 4521 quater
1497 4460 1747 4520 septenos
1774 4447 2016 4503 extendi-
2040 4473 2096 4533 Ι)
2122 4462 2223 4499 una
2269 4445 2561 4513 eademque
2608 4443 2889 4498 devotione
2936 4440 3227 4510 coniungit.
3276 4439 3406 4505 Qua
3438 4435 3701 4533 videlicet

443 4554 532 4598 tur
559 4545 801 4608 cubitos,
839 4544 963 4612 quia
1003 4560 1099 4613 per
1142 4541 1300 4595 fidem
1331 4550 1386 4597 et
1414 4540 1712 4595 custodiam
1758 4538 2017 4593 doctrina

438 4635 778 4701 evangelica,
807 4649 902 4703 per
928 4648 1046 4703 qua
1068 4632 1325 4687 exercitia
1355 4629 1712 4698 spiritualium
1735 4629 1801 4683 de
1822 4627 2018 4697 quibus

440 4725 675 4779 diximus
702 4723 960 4776 virtutum
990 4721 1231 4790 potentia
1259 4718 1580 4790 longanimis
1606 4725 1806 4772 sancta
1835 4715 2021 4769 Eccle-

438 4817 535 4870 sia
559 4817 625 4869 ad
654 4816 892 4883 requiem
918 4814 1091 4868 tendit
1112 4823 1390 4868 aternam.
1424 4811 1519 4868 Est
1546 4820 1601 4866 et
1633 4810 1776 4865 aliud
1803 4810 1855 4863 in
1883 4811 2018 4862 duo-

442 4906 801 4961 dctricenarin
826 4920 1050 4958 numero
1077 4911 1473 4959 sacramentum
1503 4914 1654 4969 aque
1680 4902 1747 4954 ad
1772 4907 2021 4969 septena-

440 4994 581 5051 rium
613 4996 910 5066 pertinens.
946 4993 1004 5048 Si
1054 4994 1199 5048 enim
1245 4993 1312 5046 ab
1353 5007 1460 5046 uno
1504 5006 1675 5059 usque
1715 4988 1782 5043 ad
1815 4996 2017 5057 septem

441 5102 633 5144 omnes
658 5086 711 5139 in
742 5084 917 5139 medio
947 5099 1201 5139 numeros
1224 5084 1382 5153 pleno
1410 5083 1598 5139 ordine
1628 5094 1911 5136 numerare
1932 5095 2022 5133 vo-

443 5179 631 5243 lueris,
664 5176 854 5247 viginti
904 5184 959 5230 et
985 5182 1107 5229 octo
1144 5171 1457 5243 complebis.
1493 5173 1669 5231 Unum
1704 5185 1940 5239 namque
1967 5180 2024 5225 et

442 5272 569 5334 duo,
601 5277 654 5323 et
685 5267 808 5332 tria,
841 5275 897 5320 et
924 5276 1186 5336 quatuor,
1227 5273 1283 5320 et
1319 5264 1576 5335 quinque,
1604 5275 1660 5317 et
1687 5279 1812 5328 sex,
1848 5270 1902 5316 et
1939 5277 2021 5317 se-

443 5372 612 5432 ptem,
648 5361 780 5415 fiunt
809 5358 997 5429 viginti
1019 5367 1160 5413 octo.
1189 5357 1324 5424 Quia
1348 5372 1476 5428 ergo
1505 5358 1556 5411 in
1585 5355 1829 5426 partibus
1849 5363 2023 5425 septe-

448 5454 587 5506 narii
619 5450 828 5507 numeri
853 5449 1144 5505 vicesimus
1176 5457 1230 5504 et
1257 5457 1482 5503 octavus
1513 5448 1798 5510 invenitur,
1831 5446 2025 5501 merito

448 5542 504 5595 in
531 5560 595 5596 eo
617 5543 950 5597 cortinarum
978 5538 1254 5610 longitudo
1273 5540 1598 5599 continetur,
1614 5537 1867 5606 quoniam
1896 5536 2027 5590 ﬁdes

447 5641 505 5687 et
534 5634 791 5700 patientia
815 5639 1128 5688 sanctorum
1158 5631 1416 5685 virtutum
1455 5630 1716 5684 varietate
1740 5626 1990 5683 distincta
2010 5668 2023 5692 ,

451 5722 509 5778 in
538 5725 786 5780 clunibus
820 5741 937 5795 qua
965 5725 1076 5795 agit
1103 5732 1157 5778 ct
1185 5723 1386 5792 patitur
1416 5738 1521 5779 non
1548 5720 1766 5777 lnunaui
1798 5719 2025 5790 gloriam

2121 4535 2324 4588 ansula
2349 4543 2470 4603 apte
2496 4535 2774 4598 dicuntur,
2815 4533 2941 4602 quia
2977 4546 3081 4586 non
3125 4530 3296 4585 solum
3340 4529 3393 4583 in
3438 4527 3702 4582 lateribus

2120 4627 2473 4689 cortinarum,
2500 4639 2688 4678 verum
2719 4624 2881 4677 etiam
2921 4622 2974 4675 in
3015 4619 3441 4680 summitatibus,
3481 4618 3585 4672 hoc
3614 4624 3706 4670 est

2119 4717 2375 4771 extremis
2400 4716 2717 4787 angulorum
2750 4713 3015 4778 terminis,
3051 4712 3166 4783 fieri
3196 4711 3471 4766 deberent.
3514 4707 3705 4775 Neque

2118 4810 2263 4862 ριιίιιι
2292 4809 2395 4863 vita
2427 4816 2631 4863 tantum
2660 4815 2716 4862 et
2739 4805 2981 4876 operatio
3008 4811 3315 4858 sanctorum
3338 4799 3607 4856 communi
3631 4800 3705 4853 ad

2120 4901 2504 4970 perfectionem
2535 4899 2729 4954 itinere
2757 4907 2916 4952 recta
2946 4894 3259 4950 intentionis
3294 4898 3569 4962 properat,
3602 4890 3706 4944 sed

2120 4988 2293 5058 ipsum
2320 5004 2533 5058 quoque
2559 4988 2769 5041 initium
2793 4988 2946 5041 bona
2968 4983 3412 5047 conversationis,
3440 4980 3583 5050 quod
3603 4993 3709 5048 per

2120 5079 2512 5135 confessionem
2545 5077 2666 5132 fidei
2696 5087 2751 5132 et
2780 5083 3241 5132 sacramentorum
3264 5071 3561 5128 calestium
3578 5074 3711 5138 per-

2123 5171 2423 5242 ceptionem
2455 5168 2678 5239 geritur,
2696 5182 3034 5236 nequaquam
3054 5165 3123 5219 ab
3148 5163 3378 5219 invicem
3403 5159 3705 5223 diversum,

2124 5262 2216 5315 sed
2246 5259 2363 5330 pari
2394 5267 2449 5312 et
2474 5257 2776 5312 indissimili
2808 5258 3007 5312 habent
3042 5253 3220 5307 omnis
3255 5249 3501 5306 veritatis
3528 5247 3712 5319 gratia

2125 5365 2444 5407 connexum.
2477 5348 2788 5402 Terminum
2823 5359 3039 5416 quoque
3064 5345 3189 5397 vita
3216 5338 3545 5410 temporalis,
3568 5351 3715 5391 cun-

2125 5440 2199 5495 cti
2229 5440 2388 5493 unius
2417 5436 2763 5506 ejusdemque
2793 5436 2904 5505 spei
2931 5434 3194 5488 habemus
3221 5429 3541 5485 ccrtitudine
3561 5440 3717 5480 com-

2128 5544 2366 5590 munem,
2397 5543 2518 5581 cum
2550 5532 2621 5579 ita
2650 5525 2833 5580 oculos
2861 5526 2912 5577 in
2946 5532 3115 5577 morte
3140 5521 3458 5581 claudimus,
3498 5526 3559 5570 ut
3584 5530 3718 5584 pcr—

2129 5628 2284 5691 cepto
2318 5619 2468 5689 prius
2508 5618 2705 5672 viatico
2747 5615 2984 5687 mysterii
3022 5613 3290 5674 calestis,
3326 5609 3486 5665 citius
3523 5620 3622 5659 nos
3660 5604 3717 5657 in

2133 5729 2255 5765 vera
2289 5709 2634 5765 inveniendus
2658 5708 2785 5773 vita,
2820 5716 2980 5775 atque
3008 5705 3057 5759 in
3089 5706 3188 5757 hac
3212 5709 3471 5772 perpetuo
3492 5712 3719 5753 mansit.
