3992 6182
222 235 318 289 Nil

1180 232 1677 291 COMMENTARH
1718 229 1785 290 IN
1823 229 2132 291 EXODL‘M.
2170 264 2238 275 -
2279 235 2405 290 LIB.
2449 236 2533 291 lll.

3383 247 3488 301 ili!

217 364 310 405 ros
346 360 465 403 esse
500 343 858 401 conﬁdamus.
892 344 1298 416 Quinquagcnas
1342 347 1558 402 ansulae
1601 350 1803 401 cortina
1833 354 1877 412 Α
1905 364 1974 403 ex
2000 357 2230 419 utroque
2257 352 2472 422 populo,
2505 354 2614 409 imo
2646 369 2710 410 ex
2746 357 2995 411 omnibus
3037 359 3248 429 electis,
3283 364 3486 424 Christi
3579 388 3582 392 λ

214 437 424 493 habebit
453 437 509 489 in
539 444 764 505 utraque
794 444 943 502 parte
979 435 1054 488 ita
1079 439 1305 490 insertas
1328 477 1343 501 ,
1386 448 1440 490 ut
1466 455 1596 492 ansa
1623 447 1807 492 contra

213 544 405 585 essent
445 527 613 582 veniat
633 567 648 590 ,
678 536 727 579 et
758 526 925 580 altera
954 525 1106 580 alteri
1142 530 1303 598 possit
1332 532 1525 600 aptari.
1556 531 1809 601 Legimus

214 616 733 687 quinquagesimum
776 631 976 669 annum
1016 617 1067 669 in
1105 617 1222 687 lege
1252 618 1551 687 jubilzeum,
1588 620 1691 674 hoc
1726 628 1812 674 est

214 707 583 761 dimittentem
606 705 725 760 sive
744 704 1012 759 initiatum
1026 704 1239 773 iussum
1261 722 1382 763 esse
1400 710 1604 773 vocari,
1626 710 1681 763 in
1702 725 1809 780 quo

214 800 403 854 munis
425 796 654 867 populus
677 798 747 851 ab
782 798 1035 852 universo
1064 797 1247 853 labore
1287 806 1447 854 terra:
1476 801 1807 871 quiesceret,

214 900 269 944 et
294 888 543 943 omnium
572 886 753 941 debita
780 886 915 941 solvi
954 886 1234 942 deberent.
1267 888 1334 942 Et
1363 888 1417 942 in
1446 889 1595 944 Novo
1624 890 1810 944 Testa-

214 986 407 1033 mento
444 977 643 1038 scimus
681 977 911 1046 gratiam
940 976 1112 1030 sancti
1140 974 1375 1046 Spiritus
1416 977 1505 1032 die
1545 979 1809 1034 Penteco-

216 1081 359 1133 stes,
373 1069 474 1121 hoc
494 1074 577 1121 est
596 1065 1044 1135 quinquagesima
1062 1065 1353 1121 Dominiae
1372 1069 1806 1135 resurrectionis,

216 1160 269 1212 in
300 1157 572 1228 apostolos
596 1157 997 1226 supervenisse,
1026 1165 1186 1226 atque
1220 1158 1376 1213 initia
1407 1161 1682 1215 nascentis
1707 1161 1808 1215 Ee-

214 1249 402 1305 elesite
443 1264 539 1303 suo
582 1262 936 1303 consecrasse
980 1248 1235 1303 adventu.
1285 1249 1439 1305 Unde
1488 1260 1699 1306 constat
1742 1267 1807 1307 eo

216 1356 469 1403 numero,
496 1340 576 1394 vel
601 1341 837 1410 gratiam
865 1338 1100 1409 Spiritus
1123 1340 1316 1405 sancti,
1344 1341 1430 1395 vel
1458 1341 1652 1397 futurae
1677 1358 1807 1414 gan-

214 1432 371 1486 dium
417 1431 766 1486 beatitudinis
817 1432 884 1486 ad
928 1446 1089 1501 quam
1137 1447 1236 1502 per
1284 1432 1524 1503 ejusdem
1574 1434 1806 1506 Spiritus

216 1525 425 1577 donum
450 1523 768 1591 pervenitur
791 1531 845 1575 et
871 1522 922 1575 in
948 1523 1101 1593 citius
1130 1525 1473 1594 perceptione
1504 1525 1618 1581 sola
1645 1541 1804 1581 vera-

213 1615 361 1668 citer
384 1613 744 1682 requiescitur
776 1622 938 1683 atque
977 1613 1274 1683 gaudetur,
1303 1623 1452 1669 recte
1484 1630 1643 1685 posse
1671 1616 1807 1687 ﬁgu-

1908 440 2151 496 Eeclesia
2185 443 2518 513 perﬁciatur.

1980 530 2171 587 Facies
2212 543 2260 588 et
2302 552 2428 606 saga
2468 535 2677 590 cilicina
2723 538 2962 591 undecim
2987 580 3000 603 ,
3045 541 3115 594 ad
3150 547 3483 612 operiendam

1910 638 2099 682 tectum
2127 626 2471 681 tabernaculi.
2501 627 2598 683 Hic
2635 627 2784 682 locus
2824 629 2875 683 in
2909 634 3256 700 sequentibus
3293 638 3362 690 ita
3394 655 3482 694 rc-

1907 720 2145 788 petitur:
2176 718 2327 773 Fecit
2362 727 2418 773 et
2444 734 2568 789 saga
2612 721 2861 775 undecim
2892 723 2957 775 de
2996 723 3119 792 pilis
3162 741 3444 795 caprarum
3466 772 3482 797 ,

1908 808 1976 862 ad
1996 808 2350 876 operiendam
2378 816 2577 862 tectum
2600 809 2950 864 tabernaculi.
2978 813 3114 884 Saga
3137 830 3263 883 ergo
3291 818 3487 886 quibus

1877 946 1889 970 .I
1909 899 2150 967 operitur
2180 898 2601 961 tabernaculum,
2633 907 2875 955 rectores
2913 910 3036 956 sunt
3069 914 3266 960 sanctze
3307 908 3488 963 Eccle-

1828 972 2034 1050 v'sim,
2063 1001 2292 1055 quorum
2325 987 2593 1042 industria
2621 1002 2686 1042 ac
2711 987 2894 1043 labore
2920 991 3082 1046 decus
3118 993 3354 1063 ejusdem
3385 998 3487 1053 Ec-

1907 1073 2085 1127 clesiae
2113 1074 2434 1144 protegitur,
2464 1082 2624 1144 atque
2656 1076 2958 1131 incessabili
2985 1094 3112 1135 cura
3134 1085 3388 1152 munitur,
3420 1101 3493 1140 ne

1905 1162 2154 1217 videlicet
2176 1164 2285 1217 vita
2316 1163 2553 1234 ﬁdesque
2576 1165 2870 1221 electorum
2895 1168 3145 1225 bteretica
3175 1174 3488 1231 seductiouc

1906 1251 2199 1319 corrumpi,
2233 1267 2299 1306 ne
2329 1249 2582 1308 falsorum
2606 1255 2995 1311 catholicorum
3023 1258 3364 1328 improbitate
3393 1263 3488 1317 fue-

1905 1340 2042 1403 dari,
2084 1355 2152 1394 ne
2196 1342 2521 1396 tentantium
2548 1343 2802 1398 vitiorum
2844 1346 3003 1400 sorde
3045 1349 3386 1415 attaminari,
3417 1368 3493 1406 ne

1905 1428 2282 1497 temporalium
2313 1429 2671 1485 subsidiorum
2701 1432 2877 1502 inopia
2914 1435 3083 1503 possit
3112 1438 3178 1491 ad
3212 1439 3482 1496 tristitiam

1903 1514 2116 1570 deduci.
2157 1516 2258 1583 Qui
2291 1525 2493 1586 quanto
2520 1533 2577 1574 se
2607 1521 2867 1576 attentius
2900 1523 2968 1577 ad
3003 1526 3348 1583 sustinendus
3374 1530 3491 1583 sive

1906 1607 2240 1676 repellendas
2266 1608 2587 1665 irruentium
2616 1612 2966 1667 teutationnm
2997 1614 3284 1671 violentias
3309 1618 3487 1673 accin-

216 1705 355 1758 rari.
388 1704 461 1758 Et
492 1712 611 1773 apte
650 1703 1056 1775 quinquagenas
1083 1719 1245 1759 ausas
1265 1704 1535 1763 habebant
1557 1707 1798 1772 cortinzn,
1831 1693 1881 1751 Β
1905 1707 2071 1767 gum,
2119 1706 2270 1752 tanto
2314 1698 2630 1768 ampliorem
2668 1700 2895 1756 subditis
2944 1703 3170 1758 Domino
3216 1707 3487 1762 serviendi

218 1794 421 1861 quibus
447 1794 670 1847 invicem
699 1800 1062 1858 necterentur,
1094 1795 1220 1863 quia
1246 1810 1353 1850 non
1387 1796 1490 1851 nisi
1522 1798 1662 1853 dono
1689 1796 1804 1867 Spi-

217 1884 359 1938 ritus
386 1884 556 1938 sancti
583 1883 782 1953 agitnr,
810 1883 947 1936 utin
972 1884 1228 1938 societate
1249 1886 1398 1954 pacis
1423 1887 1565 1955 quod
1586 1894 1670 1941 est
1686 1887 1804 1940 vin-

218 1975 401 2029 culum
431 1973 796 2044 perfectionis,
839 1973 1056 2029 sibimet
1085 1974 1316 2029 invicem
1343 1976 1662 2045 copulentur
1688 1976 1800 2031 ele-

218 2066 319 2119 cti.
353 2064 470 2118 Non
497 2064 601 2118 alia
646 2064 791 2118 enim
828 2080 992 2132 quam
1031 2064 1226 2119 futura:
1271 2081 1394 2137 spes
1436 2082 1501 2122 ac
1543 2067 1803 2122 memoria

218 2158 500 2213 societatis
520 2170 585 2211 ac
609 2157 761 2226 pacis
785 2171 907 2212 esse
930 2158 1196 2213 discretos
1223 2158 1275 2212 in
1302 2159 1404 2213 hac
1425 2160 1537 2215 vita
1552 2199 1569 2225 ,
1600 2167 1805 2228 tempo-

219 2248 371 2303 ribus
397 2248 511 2301 sive
540 2246 674 2301 locis
717 2245 920 2301 Christi
960 2246 1226 2313 famulos,
1275 2263 1382 2302 una
1416 2247 1562 2302 facit
1605 2248 1805 2318 pietate

218 2342 539 2399 concordes.
586 2341 735 2397 Bene
776 2342 940 2396 etiam
983 2343 1182 2398 dicitur
1221 2343 1363 2413 quod
1401 2357 1561 2398 ansas
1584 2332 1806 2398 cortina:

219 2433 272 2486 in
306 2441 531 2503 utraque
556 2441 716 2502 parte
742 2431 1021 2498 haberent,
1045 2441 1105 2488 ut
1128 2434 1375 2490 videlicet
1398 2433 1676 2503 proximas
1697 2434 1804 2489 sibi

219 2538 288 2576 ex
313 2532 543 2593 utroque
568 2523 739 2577 latere
770 2524 1010 2579 cortinas
1048 2524 1270 2594 singulae
1296 2538 1525 2594 quasque
1550 2524 1799 2587 cortinae,

214 2614 380 2683 quasi
404 2614 643 2669 extensis
667 2614 793 2669 hinc
821 2621 878 2669 et
908 2614 1036 2670 inde
1064 2615 1301 2670 brachiis
1328 2614 1801 2685 amplecterentur.

217 2706 342 2773 Qua
387 2704 636 2760 nimirum
663 2720 888 2762 necesse
915 2717 999 2763 est
1019 2747 1049 2773 ,.
1068 2716 1129 2763 ut
1155 2723 1345 2763 omnes
1385 2707 1590 2772 ﬁdeles,
1620 2714 1676 2761 et
1711 2721 1805 2762 eos

215 2794 481 2849 videlicet
506 2794 594 2863 qui
621 2810 721 2849 nos
745 2796 799 2850 in
830 2795 1047 2852 Christo
1075 2803 1487 2866 prmeesserunt,
1517 2804 1573 2850 et
1597 2811 1693 2851 eos
1711 2796 1804 2865 qui

219 2885 395 2940 secuti
422 2894 576 2947 sunt,
615 2885 786 2941 obviis
832 2886 1061 2942 sincera:
1097 2887 1311 2957 pietatis
1343 2886 1486 2942 ulnis
1515 2886 1805 2957 amplecta—

219 2991 383 3041 mur;
422 2985 475 3030 et
500 2974 623 3031 illos
649 2978 745 3047 qui
772 2993 873 3033 nos
899 2978 1218 3034 erudiebant
1242 2979 1298 3033 in
1325 2977 1563 3043 Christo,
1591 2985 1646 3032 et
1668 2993 1805 3048 quos

1905 1788 2209 1843 libertatem
2234 1789 2473 1844 tribuunt
2499 1807 2513 1856 ;
2556 1800 2610 1844 et
2640 1794 2793 1861 quasi
2834 1793 2979 1848 intus
3008 1793 3244 1866 fulgendi
3275 1799 3486 1866 copiam

1905 1879 2128 1933 cortinis
2154 1887 2437 1947 praestant,
2465 1882 2589 1935 dum
2614 1881 2785 1936 instar
2801 1899 3052 1954 sagarum
3080 1887 3179 1956 ipsi
3208 1888 3339 1943 foris
3363 1898 3490 1944 tem-

1904 1968 2129 2037 pestatis
2155 1967 2494 2025 alﬂictionem
2536 1970 2782 2026 tolerant.
2832 1973 3000 2029 Recte
3044 1979 3232 2031 eadém
3275 1995 3402 2048 saga
3432 1989 3490 2034 et

1904 2055 2119 2112 cilicina
2146 2057 2260 2114 sive
2282 2059 2348 2113 de
2369 2060 2493 2129 pilis
2520 2076 2823 2130 caprarum,
2851 2074 2907 2119 et
2924 2068 3172 2123 undecim
3202 2068 3344 2124 facta
3369 2086 3489 2126 esse

1904 2147 2254 2203 referuntur:
2292 2151 2423 2220 quia
2454 2152 2709 2206 nimirum
2741 2156 2912 2210 sancti
2947 2158 3352 2226 praedicatores,
3382 2176 3493 2229 quo

1906 2237 2127 2293 altiores
2176 2240 2399 2305 merito,
2439 2256 2505 2295 eo
2534 2243 2848 2299 humiliores
2886 2261 3006 2301 esse
3048 2248 3245 2302 debent
3283 2252 3486 2315 animo,

1898 2328 2054 2399 juxta
2076 2328 2208 2384 illud
2237 2330 2339 2384 viri
2370 2331 2628 2401 sapientis
2658 2351 2671 2387 :
2704 2333 2914 2399 Quanto
2937 2353 3158 2408 magnus
3178 2340 3490 2404 es,lmmilia

1904 2427 1953 2473 te
1984 2420 2040 2472 in
2067 2420 2307 2474 omnibus
2340 2420 2650 2494 (Eccli.m).
2684 2423 2940 2479 Uudecim
2969 2427 3165 2495 quippe
3192 2429 3283 2498 qui
3322 2430 3493 2498 dena-

1906 2509 2046 2563 rium
2069 2517 2371 2576 transeunt,
2405 2527 2580 2582 neque
2601 2514 2668 2568 ad
2696 2514 3104 2582 duodeuarium,
3135 2497 3238 2572 hoc
3262 2497 3492 2589 est’apo-

1905 2597 2155 2652 stolieum
2182 2614 2466 2655 numerum
2493 2602 2847 2671 perveniunt,
2879 2607 3364 2677 transgressionem
3395 2610 3489 2664 de-

1904 2688 2079 2759 calogi
2115 2688 2251 2760 legis
2286 2690 2614 2763 signiﬁcant.
2645 2691 2889 2750 Ciliciam
2922 2712 3133 2767 quoque
3162 2698 3376 2755 habitus
3407 2708 3492 2755 est

1903 2780 2305 2848 penitentiam,
2337 2782 2502 2836 etiam
2527 2781 2809 2840 Psalmista
2856 2796 2994 2841 teste
3034 2789 3126 2857 qui
3170 2790 3338 2845 dicit:
3376 2790 3492 2862 Ego

1905 2881 2079 2923 autem
2115 2871 2241 2924 dum
2267 2871 2395 2924 mihi
2421 2873 2624 2928 molesti
2651 2884 2850 2939 essent,
2897 2877 3177 2932 induebam
3203 2895 3284 2933 me
3317 2881 3498 2935 cilicio

1905 2962 2079 3035 (Psal.
2112 2967 2323 3037 XXXIV),
2350 2967 2453 3023 hoc
2482 2976 2565 3022 est
2589 2969 2831 3024 habitum
2858 2973 3188 3040 poenitentiae
3218 2984 3275 3029 et
3311 2976 3490 3031 humi-

222 3068 321 3136 ipsi
339 3066 557 3123 Christo
576 3044 814 3124 donante
837 3070 1134 3134 erudimus,
1162 3084 1270 3125 uno
1299 3083 1489 3126 omnes
1513 3068 1569 3123 in
1587 3044 1803 3124 Christo

1906 3056 2094 3121 litatis,
2123 3070 2229 3125 quo
2256 3056 2490 3112 furorem
2519 3061 2952 3129 persequentium
2980 3072 3071 3118 aut
3097 3064 3268 3121 levius
3291 3067 3483 3123 sulfero

222 3173 543 3213 veneremur
564 3157 780 3213 affectu.
820 3159 955 3227 Quia
997 3167 1053 3215 et
1093 3160 1319 3215 cortinze
1351 3158 1576 3229 singula}
1607 3159 1680 3213 ita
1708 3173 1807 3229 per

223 3247 547 3302 adminicula
579 3250 884 3305 tabularum
915 3250 984 3305 ad
1005 3250 1280 3321 superiora
1309 3251 1627 3317 tendebant,
1651 3251 1726 3304 ita
1748 3258 1810 3305 ut

225 3338 364 3392 intus
391 3339 446 3393 in
478 3341 849 3408 superioribus
869 3341 1076 3396 variato
1100 3356 1210 3396 sua:
1234 3343 1460 3410 pictura:
1488 3341 1620 3397 flore
1642 3340 1806 3398 reful-

224 3429 447 3496 gebant,
485 3438 547 3483 ut
588 3444 928 3501 nequaquam
968 3445 1063 3487 eas
1100 3447 1221 3501 qua:
1257 3448 1442 3505 segum
1479 3433 1687 3502 pariter
1718 3433 1805 3488 vel

225 3527 279 3581 in
317 3518 480 3573 aluum
512 3519 856 3585 ferebantur,
894 3520 980 3575 vel
1011 3520 1066 3575 in
1110 3521 1221 3576 alto
1263 3522 1453 3592 posita:
1491 3520 1801 3593 fulgebant,

228 3611 461 3667 cortinas
504 3611 839 3667 desererent.
886 3611 1125 3679 Quarum
1157 3613 1332 3668 instar
1372 3628 1472 3667 nos
1516 3613 1710 3678 docet,
1752 3622 1807 3669 et

230 3700 568 3770 proﬁcientes
594 3702 877 3757 nobiscum
903 3703 958 3758 in
986 3702 1080 3758 Dei
1104 3704 1326 3758 servitio
1352 3703 1559 3768 ﬁdeles,
1585 3703 1804 3759 monitis

228 3792 587 3862 exemplisque
602 3791 816 3862 juvare,
834 3793 960 3849 etin
987 3809 1307 3863 quacunque
1327 3794 1528 3849 virtute
1545 3793 1806 3863 prolicere

226 3880 509 3949 potuimus,
538 3881 791 3936 similiter
814 3881 1052 3950 ejusdem
1076 3883 1296 3937 virtutis
1322 3891 1623 3947 consortes,
1643 3882 1805 3954 digna

227 3970 513 4025 virtutibus
557 3972 904 4027 veneratione
954 3981 1206 4027 tractare.
1257 3972 1403 4027 Ausa
1447 3987 1579 4042 ergo
1612 3981 1804 4027 contra

233 4074 413 4114 ansam
436 4060 610 4126 venit,
636 4069 699 4114 ut
721 4060 891 4115 altera
920 4061 1076 4116 alteri
1106 4064 1275 4132 possit
1298 4062 1492 4133 aptari,
1527 4077 1649 4117 cum
1670 4062 1804 4132 justi

233 4151 293 4204 ad
316 4152 544 4206 invicem
571 4151 824 4206 concordi
865 4166 927 4205 ac
953 4152 1108 4222 parili
1135 4153 1392 4208 virtutum
1421 4152 1681 4223 qualitate
1703 4150 1804 4210 fa:-

233 4239 519 4295 derantnr:
569 4238 761 4294 Facies
799 4249 847 4293 et
891 4241 1265 4312 quinquaginta
1313 4242 1535 4297 circulos
1577 4260 1800 4311 aureos,

232 4329 405 4398 quibus
425 4330 753 4384 cortinarum
773 4328 884 4384 rela
899 4329 1175 4403 jungenda
1197 4339 1342 4396 sunt,
1364 4340 1420 4384 ut
1447 4348 1607 4385 unum
1634 4332 1802 4387 taber-

1906 3159 2020 3199 rcm
2051 3143 2312 3215 placidus,
2343 3155 2432 3200 aut
2471 3148 2634 3203 etiam
2658 3149 2987 3222 mitigarent,
3012 3158 3301 3225 assumpsi.
3349 3158 3491 3213 Nam

1906 3235 1952 3290 si
1984 3248 2159 3307 capue
2185 3252 2399 3309 semper
2424 3246 2518 3294 aut
2542 3239 2632 3310 pili
2671 3242 2785 3297 sive
2823 3243 2991 3314 pelles
3034 3261 3320 3315 caprarum
3354 3248 3491 3303 feto-

1906 3341 2021 3381 rem
2044 3329 2408 3396 peccantium,
2429 3337 2482 3385 et
2504 3345 2609 3386 non
2633 3331 2918 3401 aliquoties
2942 3334 3296 3392 humilitatem
3321 3339 3491 3407 ρωπί-

1906 3419 2135 3473 tentium
2157 3420 2546 3492 signiﬁcarent,
2561 3439 2900 3495 nequaquam
2925 3426 3097 3496 ipsum
3128 3430 3326 3484 animal
3349 3431 3490 3485 inter

1905 3509 2107 3564 munda
2135 3520 2573 3582 computaretur,
2612 3529 2790 3584 neque
2817 3516 3058 3583 inlaude
3091 3534 3299 3588 sponsae
3338 3523 3515 3593 dice:

1907 3609 2094 3655 retur:
2136 3600 2327 3671 Capilli
2374 3603 2451 3655 tui
2494 3603 2627 3657 sicut
2664 3620 2791 3673 grea:
2834 3622 3113 3676 capramm
3156 3608 3342 3680 (Cant.
3375 3613 3484 3679 ιν).

1908 3690 2046 3761 Saga
2085 3705 2214 3760 ergo
2242 3707 2362 3760 qum
2405 3701 2622 3747 sanctos
2665 3695 3046 3762 praedicatores
3090 3698 3393 3766 insinuant,
3433 3713 3489 3759 et

1905 3781 2118 3836 cilicina
2165 3792 2293 3837 sunt
2332 3792 2388 3838 et
2414 3786 2663 3840 undecim
2688 3803 2705 3838 :
2740 3787 2864 3856 quia
2911 3803 3018 3857 quo
3061 3793 3351 3849 studiosius
3383 3796 3488 3851 ﬁde
3534 3828 3546 3843 ι

1904 3873 2070 3929 corda
2113 3873 2420 3943 puriﬁeant,
2451 3890 2517 3930 eo
2556 3874 2709 3946 plura
2752 3876 2806 3930 in
2836 3879 3029 3946 quibus
3057 3880 3264 3951 seipsos
3302 3900 3489 3954 repre-

1905 3961 2162 4026 hendant,
2192 3961 2488 4018 inveniunt.
2523 3962 2675 4020 Unde
2704 3964 2984 4022 humiliter
3008 3967 3266 4034 fatentur,
3288 3974 3410 4042 quia
3432 3976 3493 4026 in

1904 4050 2080 4105 multis
2109 4051 2421 4120 o/fendimus
2456 4056 2669 4109 omnes.
2696 4056 2767 4110 Et
2807 4059 2853 4110 si
2887 4059 3207 4126 dixerimus,
3237 4063 3486 4132 quoniam

1901 4152 2168 4213 peccatum
2200 4159 2304 4198 non
2331 4144 2603 4211 habemus,
2634 4149 2735 4218 ipsi
2761 4166 2853 4203 nos
2881 4151 3198 4217 reducimus,
3222 4166 3269 4207 et
3298 4156 3489 4208 veritus

1902 4236 1959 4288 in
1988 4235 2135 4289 nobis
2171 4252 2274 4289 non
2313 4246 2388 4290 est
2420 4236 2479 4307 (Ι
2511 4237 2671 4292 Joan.
2707 4240 2777 4310 l).
2811 4240 3050 4307 Quorum
3097 4252 3276 4297 tamen
3323 4245 3487 4297 corda

1902 4333 2118 4392 quanta:
2163 4326 2268 4380 sint
2313 4326 2697 4394 perfectionis,
2742 4332 3022 4398 sequentia
3052 4332 3217 4387 verba
3258 4333 3488 4402 mystice

234 4430 467 4483 ,στιικηι
491 4429 608 4498 βαι,
640 4429 737 4485 Hic
767 4429 920 4485 locus
947 4429 999 4484 in
1027 4431 1381 4500 sequentibus
1405 4432 1617 4502 plenius
1636 4434 1806 4504 οχριὶ-
1830 4418 2207 4483 Βσάθειιιτεηι,
2233 4418 2430 4488 quibus
2463 4418 2659 4474 dicitur
2683 4439 2695 4474 :
2735 4420 3028 4492 Longitudo
3054 4425 3168 4493 sagi
3208 4426 3362 4477 unius
3390 4425 3487 4477 lia-

234 4535 410 4592 catur,
455 4543 580 4582 cum
626 4526 863 4583 dicitur:
900 4525 969 4580 Et
1006 4528 1381 4598 quinquaginta
1414 4528 1552 4598 fudit
1578 4528 1804 4584 circulos

236 4641 429 4691 arcos,
451 4626 542 4684 qui
570 4625 807 4680 mordent
838 4626 1161 4680 cortinarum
1185 4643 1361 4692 ansas,
1390 4636 1445 4679 ut
1469 4626 1615 4695 ﬁeret
1642 4643 1802 4681 unum

237 4725 640 4780 auunculum.
685 4725 1191 4797 Quinquagenarius
1219 4740 1349 4798 ergo
1387 4742 1678 4792 numerus,
1709 4744 1801 4785 ve-

236 4839 341 4878 ram
369 4826 423 4880 in
451 4825 659 4895 Spiritu
688 4834 877 4879 sancto
904 4826 1147 4895 requiem
1169 4825 1430 4896 designat.
1461 4825 1529 4879 Et
1556 4826 1679 4896 quia
1702 4825 1804 4880 cir-

236 4922 379 4978 culus
418 4938 519 4979 nec
556 4923 771 4978 initium
817 4922 1031 4977 videtur
1075 4923 1273 4977 habere
1324 4936 1424 4977 nec
1474 4914 1800 4987 terminum,

237 5038 415 5078 annm
455 5039 589 5079 vero
622 5037 736 5094 prae
772 5021 854 5077 sui
892 5021 1141 5077 claritate
1165 5022 1375 5077 caeteris
1403 5030 1485 5076 est
1516 5021 1804 5092 pretiosius

235 5121 481 5189 metallis,
527 5123 658 5194 quid
707 5123 760 5176 in
800 5122 1187 5193 quinquaginta
1216 5119 1433 5175 circulis
1463 5119 1673 5184 aureis,
1701 5119 1806 5173 nisi

234 5232 478 5295 perpetua
500 5224 743 5287 claritas,
779 5231 833 5276 et
859 5222 1001 5277 clara
1027 5220 1378 5291 perpetuitas,
1408 5234 1631 5274 summa:
1659 5218 1808 5287 quie-

237 5320 304 5375 tis
321 5322 671 5393 exprimitur?
695 5320 1047 5390 Mordentque
1063 5320 1390 5374 cortinarum
1413 5329 1575 5373 ansas
1596 5317 1806 5383 circuli,

235 5431 301 5477 ut
317 5438 467 5478 unum
488 5438 558 5480 ex
584 5423 840 5477 omnibus
871 5420 1275 5477 tabernaculum
1301 5419 1411 5486 ﬁat,
1440 5435 1562 5475 cum
1587 5419 1807 5489 superni

236 5511 393 5584 gloria
422 5516 593 5588 regni,
621 5514 775 5585 puris
801 5512 1037 5567 ﬁdelium
1064 5512 1353 5575 mentibus,
1383 5524 1501 5565 sese
1523 5509 1808 5580 dignanter

242 5604 487 5662 infundit:
521 5615 579 5661 ut
614 5604 705 5660 tali
736 5603 938 5675 glutine
963 5601 1251 5667 salutifera:
1281 5600 1664 5672 inspirationis,
1698 5612 1807 5652 uno

1903 4508 2036 4562 bebit
2065 4509 2281 4576 triginta
2308 4508 2542 4575 cubitos,
2581 4519 2630 4564 et
2659 4510 2883 4566 latitudo
2927 4523 3172 4583 quatuor.
3218 4514 3358 4569 Ecce
3392 4516 3481 4571 hic

1898 4595 2252 4667 longitudinis
2296 4613 2402 4652 non
2441 4599 2830 4664 undenarium,
2865 4602 2957 4657 sed
3000 4602 3281 4657 denarium
3320 4603 3491 4660 habes

1902 4704 2212 4765 numerum,
2236 4697 2291 4743 et
2314 4689 2457 4744 hunc
2489 4692 2645 4746 tertio
2676 4692 3086 4763 multiplicatum
3113 4712 3126 4749 :
3168 4711 3277 4765 quo
3301 4706 3489 4765 paten-

1905 4762 2003 4835 ter‘
2026 4776 2332 4836 insinuatur
2369 4782 2543 4835 virtus
2571 4797 2755 4837 eorum
2786 4784 2875 4853 qui
2917 4784 3230 4856 decalogum
3267 4785 3401 4857 legis
3429 4787 3485 4842 in

1904 4869 2008 4923 ﬁde
2034 4879 2236 4925 sanette
2263 4869 2545 4925 Trinitatis
2573 4886 2693 4940 qua:
2719 4886 2817 4940 per
2839 4871 3179 4927 dilectionem
3206 4883 3489 4943 operatur,

1901 4958 2219 5028 perﬁciunt;
2244 4975 2350 5030 qua
2373 4958 2621 5014 videlicet
2643 4959 2995 5030 perfectione,
3018 4961 3072 5015 in
3100 4962 3202 5017 hac
3222 4962 3489 5017 duntaxat

1905 5050 2037 5115 vita,
2062 5048 2207 5104 nulla
2227 5064 2349 5104 esse
2369 5049 2568 5119 poterit
2589 5049 2889 5103 sublimior.
2914 5048 3088 5105 llabes
3109 5059 3163 5105 et
3186 5051 3491 5107 latitudinis

1901 5147 2135 5208 quatuor
2178 5138 2422 5203 cubitos,
2450 5151 2559 5206 quo
2603 5138 3009 5207 amplitudinem
3041 5139 3267 5194 sincerae
3309 5140 3487 5195 chari-

1906 5228 2054 5293 tatis,
2087 5228 2192 5282 hoc
2220 5237 2302 5282 est
2323 5225 2440 5295 ejus
2466 5241 2585 5296 qua:
2612 5227 2665 5280 in
2686 5226 2981 5298 Evangelia
3002 5230 3156 5284 nobis
3182 5243 3281 5298 per
3299 5228 3486 5283 Jesum

1905 5316 2180 5371 Christum
2218 5323 2272 5369 ct
2297 5315 2709 5370 commendatur
2736 5324 2791 5369 ct
2816 5317 2994 5379 datur,
3028 5316 3317 5387 significari
3343 5331 3485 5385 pra:-

1906 5409 2160 5464 diximus.
2191 5405 2454 5475 Operiunt
2482 5421 2611 5476 ergo
2644 5414 2842 5461 tectum
2875 5407 3202 5462 tabernaculi
3236 5419 3359 5474 saga
3387 5420 3484 5457 un.

1906 5502 2104 5566 decim,
2130 5510 2185 5555 et
2205 5502 2321 5555 hzec
2347 5501 2412 5555 de
2434 5500 2555 5570 pilis
2584 5498 2721 5554 facta
2753 5515 3077 5571 caprarum,
3111 5498 3203 5553 sed
3233 5498 3285 5551 in
3314 5497 3484 5564 longi-

1907 5594 2089 5649 tu.line
2124 5594 2335 5649 cubitos
2364 5592 2601 5664 triginta,
2632 5592 2683 5646 iu
2714 5591 2995 5646 latitudine
3018 5599 3248 5660 quatuor
3272 5589 3483 5645 hahea-
