4052 6184
516 218 616 271 IRS

1146 206 1206 259 Β.
1249 202 1502 258 RABANI
1543 200 1762 258 MAUlll
1802 198 2127 256 ARClllEl’.
2171 196 2485 254 MOGL’NT.
2527 196 2808 253 OPEREM
2852 196 3030 253 PARS
3068 195 3108 251 Ι.

3682 199 3786 254 illi

512 335 587 388 tia
612 349 624 383 :
656 329 783 397 quia
809 324 1005 380 summi
1035 322 1108 376 illi
1136 316 1646 392 praedicatores,qui
1666 316 1832 370 vitam
1856 313 2095 371 ﬁdelium
2124 324 2175 379 Α
2201 313 2265 369 de
2292 312 2398 366 illis
2422 326 2555 380 quas
2572 312 2685 381 jam
2723 313 3226 398 apprehenderant,
3271 313 3491 368 student
3532 314 3750 383 gloriari
3769 356 3789 379 ,

510 422 627 479 suis
655 414 1123 475 exhortationibus
1157 421 1212 467 et
1258 408 1739 466 intercessionibus
1785 404 2099 473 quotidiana

512 513 910 574 sollicitudine,
952 507 1182 578 vigiliis,
1222 503 1477 573 jejuniis,
1506 518 1601 557 sua
1635 502 1880 557 nuditate
1920 505 2103 567 prole-

514 612 666 677 gunt,
691 615 811 655 sese
839 599 1057 667 quidem
1104 595 1377 650 humiliter
1421 592 1525 662 ipsi
1568 590 1962 659 contemplata,
2013 602 2103 640 su-

515 709 697 763 pernae
737 689 989 761 puritatis
1030 686 1349 743 excellentia
1393 692 1710 753 peccatores
1756 679 2100 751 proﬁtentur.

519 786 618 853 Qui
645 794 822 838 tamen
851 769 1108 851 quantum
1136 780 1202 834 ad
1232 780 1481 833 humanae
1505 776 1723 831 modum
1750 771 2104 842 perfectionis

518 876 734 951 attinet,
769 873 954 927 mundi
982 872 1124 925 inter
1152 870 1397 924 homines
1431 884 1496 921 ac
1522 866 1777 921 sublimes
1804 871 2101 933 apparent:

519 971 700 1042 [Equa
726 971 822 1024 erit
854 985 1097 1031 mensura
1123 981 1371 1035 sagarum
1403 964 1657 1024 omnium,
1687 978 1713 1014 ε
1734 959 1919 1029 quibus
1954 956 2109 1026 quiu-

516 1080 617 1132 que
634 1063 827 1132 junges
851 1076 1085 1114 seorsum
1104 1099 1118 1122 ,
1164 1066 1213 1110 et
1250 1072 1343 1109 sea:
1375 1055 1474 1108 sibi
1500 1063 1682 1106 mutue
1710 1050 2000 1121 copulabis,
2031 1049 2107 1100 ita

517 1166 577 1210 ut
596 1164 799 1209 sextum
819 1160 1003 1224 sagum
1020 1153 1076 1205 in
1097 1150 1267 1220 fronte
1289 1149 1410 1202 tecti
1434 1144 1684 1216 duplices.
1704 1143 1819 1198 Una
1839 1142 1945 1196 erit
1966 1155 2110 1194 men-

520 1250 645 1303 sura
674 1254 927 1315 sagarum
966 1243 1206 1299 omnium
1229 1283 1243 1307 ,
1281 1240 1407 1311 quia
1438 1239 1696 1292 nimirum
1736 1251 1841 1288 una
1868 1241 1951 1287 est
1978 1231 2109 1285 ﬁdes

522 1342 574 1394 in
605 1355 713 1411 qua
745 1346 854 1391 tota
888 1336 1129 1391 salvatur
1157 1333 1419 1397 Ecclesia,
1452 1344 1558 1385 una
1588 1328 1886 1396 eademque
1908 1325 2016 1378 vita
2041 1323 2110 1377 ad

518 1446 682 1500 quam
726 1428 950 1483 festinat
987 1434 1207 1479 aeterna.
1242 1423 1395 1478 Unde
1424 1431 1482 1476 et
1510 1421 1564 1475 hi
1604 1420 1695 1489 qui
1722 1419 1779 1472 in
1809 1417 1968 1471 vinea
2001 1416 2109 1469 Do-

521 1524 651 1577 mini
676 1522 890 1577 diverso
912 1528 1153 1588 tempore
1174 1517 1240 1571 ad
1259 1514 1593 1585 operandam
1620 1512 1980 1573 intraverunt,
2000 1521 2110 1561 uno

521 1629 710 1669 omnes
753 1611 980 1667 denario
1024 1615 1442 1664 remunerantur
1476 1603 1701 1676 (Matth.
1742 1602 1870 1669 xx).
1908 1599 2111 1654 Divisio

2202 412 2381 472 potest
2408 418 2633 458 numero
2664 419 2919 459 ansarum
2962 404 3078 458 sive
3122 402 3409 458 libularum
3455 404 3793 475 quinquage-

2203 495 2376 559 nario,
2394 496 2508 565 ipsa
2534 496 2965 565 compunctionis
2985 511 3173 551 eorum
3194 495 3474 551 humilitas
3496 498 3793 569 designari.

2204 586 2694 657 Quinquagesimus
2721 602 2957 657 namque
2978 587 3315 657 poenitentia:
3340 588 3583 657 psalmus
3610 598 3712 654 est,
3736 599 3800 646 ct

2205 687 2353 733 recte
2381 696 2392 731 :
2435 678 2563 748 quia
2591 678 2791 732 donum
2821 678 3155 747 pmnitentizc
3177 694 3286 733 non
3310 678 3415 732 nisi
3442 678 3645 749 Spiritu
3668 696 3805 735 san-

2205 779 2292 825 cto
2314 771 2578 841 largiente
2599 772 2945 826 conceditur:
2970 771 3171 826 donum
3191 772 3364 827 venite
3386 773 3800 841 paenitentibus,

2207 878 2311 916 non
2341 863 2443 916 nisi
2472 863 2660 917 eadem
2694 862 2869 917 sancti
2909 857 3145 931 Spiritus
3182 862 3355 932 gratia
3385 863 3805 917 administrante

2208 954 2484 1007 tribuitur.
2511 953 2578 1006 Et
2605 954 2744 1007 bene
2764 952 3159 1022 quinquagena:
3187 968 3335 1007 ansa:
3358 952 3442 1006 vel
3472 953 3648 1006 ﬁbulae
3670 969 3804 1024 saga

2209 1047 2441 1100 invicem
2473 1055 2716 1109 nectunt,
2750 1045 2877 1114 quia
2905 1044 3048 1098 nulla
3087 1046 3260 1116 magis
3297 1043 3469 1099 virtus
3508 1061 3670 1113 quam
3700 1047 3807 1100 hu-

2205 1139 2465 1203 militas,
2495 1137 2682 1192 ﬁdeles
2731 1137 2786 1191 in
2825 1151 2989 1190 unam
3020 1136 3304 1190 charitatis
3351 1135 3600 1206 copulam
3646 1136 3806 1207 ligat.

2208 1229 2345 1284 Nam
2381 1238 2586 1300 quanto
2612 1245 2670 1285 se
2700 1229 2930 1299 quisque
2959 1229 3195 1298 amplius
3222 1228 3496 1282 inﬁrmum
3528 1243 3647 1284 esse
3678 1246 3805 1300 per-

2208 1320 2416 1391 pendit,
2452 1326 2604 1374 tanto
2631 1319 2927 1375 studiosius
2957 1319 3218 1373 auxilium
3256 1320 3489 1388 proximi,
3524 1334 3633 1389 quo
3672 1336 3804 1375 con-

2210 1412 2478 1477 ﬁrmetur,
2513 1411 2763 1480 inquirit.
2789 1410 2857 1464 Et
2882 1411 3021 1465 bene
3050 1409 3226 1466 ﬁbula:
3254 1419 3381 1464 sunt
3418 1426 3583 1466 autem
3602 1451 3618 1474 ,
3655 1412 3809 1481 quod

2209 1502 2439 1557 multum
2466 1500 2654 1555 vocale
2678 1507 2894 1555 constat
2922 1514 3043 1554 esse
3066 1499 3366 1562 metallum,
3395 1501 3524 1570 quia
3546 1502 3813 1559 nimirum

2212 1608 2466 1663 magnam
2502 1593 2643 1661 apud
2680 1593 2849 1647 Deum
2879 1591 3042 1647 habet
3064 1607 3253 1648 vocem
3280 1593 3505 1647 humilis
3527 1595 3809 1650 conscien-

522 1720 653 1775 ergo
675 1686 931 1773 sagarum
953 1702 1007 1755 in
1041 1701 1279 1770 quinque
1307 1707 1363 1752 et
1403 1713 1497 1751 sex
1538 1697 1710 1766 juxta"
1734 1693 1862 1747 illud
1885 1678 2107 1761 intelligi
2138 1692 2185 1751 Β
2216 1683 2287 1737 lia
2322 1680 2614 1775 iustorum.
2650 1681 2804 1738 Unde
2847 1689 2902 1736 et
2959 1696 3164 1752 pauper
3213 1681 3301 1738 ille
3340 1682 3648 1746 Davidicus,
3681 1698 3811 1741 cum

525 1805 723 1865 potest,
752 1795 891 1863 quod
919 1808 1079 1863 supra
1109 1792 1177 1845 de
1202 1790 1426 1845 cortinis
1453 1789 1508 1842 in
1531 1788 1767 1857 quinque
1791 1793 1848 1839 et
1870 1784 2109 1853 quinque

523 1889 711 1942 divisis
739 1887 1106 1955 exposuimus,
1127 1884 1253 1953 quia
1276 1882 1381 1935 \‘iflt
1400 1881 1525 1934 licet
1551 1881 1801 1933 doctores
1827 1876 2110 1944 utriusque

525 1978 853 2034 Testamcnti
883 1977 1183 2046 designent.
1216 1972 1462 2040 Quinque
1490 1969 1689 2024 etenim
1720 1956 1850 2039 saga
1873 1964 2110 2033 antiquis

523 2073 733 2143 populis
758 2072 851 2125 Dei
884 2068 1185 2138 magistris,
1238 2073 1361 2133 apte
1403 2068 1821 2131 comparantur,
1857 2056 1943 2112 vel
1984 2054 2109 2125 quia

524 2161 771 2216 Mosaicm
794 2170 974 2214 tamen
1006 2157 1136 2228 legis
1158 2161 1500 2210 sacramenta
1523 2151 1911 2222 praedicabant,
1929 2162 2115 2217 quam-

524 2252 606 2306 vis
637 2260 691 2306 et
727 2249 1048 2319 evangelica:
1083 2262 1280 2301 arcana
1326 2239 1730 2315 prmdic’ebant;
1770 2239 1856 2295 vel
1890 2240 2017 2310 quia
2055 2239 2112 2292 in

524 2344 762 2412 quinque
801 2342 984 2395 mundi
1016 2338 1275 2393 letalibus
1310 2335 1469 2404 hujus
1506 2334 1675 2387 vitam
1716 2330 2004 2387 ducebant.
2051 2329 2110 2384 ln

526 2451 622 2489 sex
665 2444 844 2487 autem
892 2432 1038 2501 sagis
1077 2435 1302 2498 possunt
1344 2441 1450 2480 non
1494 2422 1936 2478 inconvenienter
1979 2418 2110 2472 Novi

527 2524 858 2580 'i'estamenti
889 2523 1137 2576 doctores
1161 2518 1353 2586 accipi,
1368 2516 1495 2586 quia
1515 2513 1769 2568 videlicet
1788 2512 1969 2567 omnia
1993 2527 2114 2581 qua:

528 2620 710 2674 divina
756 2617 1037 2685 Scriptura
1078 2615 1131 2667 in
1176 2628 1273 2665 sex
1322 2608 1573 2665 :ctatibus
1612 2606 1795 2661 szcculi
1826 2603 1969 2658 facta
2001 2604 2115 2658 sive

528 2715 671 2769 dicta
695 2710 880 2773 refert,
910 2709 961 2762 in
987 2700 1309 2777 adjutorium
1333 2711 1495 2771 atque
1520 2699 1824 2768 exemplum
1848 2713 1957 2751 sum
1979 2711 2115 2765 pta:-

529 2803 819 2859 dicatiouis
840 2800 1192 2870 spiritualiter
1218 2796 1488 2850 intellecta
1511 2797 1828 2855 assumunt;
1854 2791 1977 2859 quia
2001 2804 2116 2859 pas-

529 2896 736 2951 sionem
764 2891 1119 2951 Dominieam,
1153 2900 1249 2957 per
1277 2901 1439 2956 quam
1464 2884 1695 2945 mundus
1726 2875 1878 2937 sexta
1905 2878 2114 2937 sabbati

528 2984 840 3053 redemptus
868 2990 973 3045 est,
1014 2980 1193 3049 palam
1239 2978 1353 3032 suis
1407 2975 1743 3030 auditoribus
1786 2973 2112 3030 credendam

2213 1774 2465 1831 anxiatus
2484 1781 2630 1827 esset
2654 1784 2710 1826 et
2726 1787 2834 1826 non
2864 1773 2916 1826 in
2937 1772 3163 1827 auribus
3178 1772 3456 1826 hominum
3478 1773 3816 1829 vociferare-

2212 1873 2332 1929 tur,
2375 1866 2469 1920 sed
2502 1865 2555 1918 in
2585 1871 2878 1933 conspectu
2907 1863 3118 1918 Domini
3160 1863 3464 1919 eﬁ’underet
3500 1864 3817 1920 orationem

2212 1970 2396 2017 suam,
2428 1954 2651 2008 Domine
2672 1992 2687 2019 ,
2730 1954 2925 2008 exaudi
2956 1954 3243 2007 orationem
3288 1968 3489 2022 meam,
3522 1956 3734 2025 inquit,
3765 1966 3816 2010 et

2212 2044 2415 2099 clamor
2442 2061 2586 2099 meus
2616 2044 2687 2097 ad
2718 2054 2766 2097 te
2789 2043 2957 2098 ueniat
2986 2042 3157 2115 (Psal.
3192 2042 3291 2115 Cl).

2284 2135 2438 2202 Quod
2466 2145 2641 2190 autem
2663 2135 2984 2210 superfuerit
3027 2136 3083 2189 in
3110 2137 3249 2206 sagis
3281 2153 3401 2207 qua:
3437 2149 3819 2210 pra'parantur

2212 2236 2365 2290 tecto,
2386 2227 2441 2281 id
2464 2236 2561 2292 est,
2586 2207 2748 2281 unum
2765 2242 2951 2297 sagum
2978 2217 3121 2298 quod
3149 2227 3374 2298 amplius
3397 2207 3493 2294 est,
3519 2207 3583 2284 ea:
3616 2231 3819 2287 medie-

2212 2321 2453 2391 tateejus
2490 2321 2689 2391 aperias
2714 2320 3007 2391 postéribra
3038 2320 3400 2386 tabernaculi;
3427 2332 3476 2376 et
3507 2324 3717 2379 cubitus
3751 2342 3819 2380 ea:

2213 2431 2321 2468 una
2341 2423 2488 2484 parte
2520 2414 2780 2484 pendebit,
2805 2423 2854 2467 et
2884 2413 3109 2468 alter-ex
3141 2414 3330 2481 altera,
3359 2418 3450 2487 qui
3484 2417 3604 2488 plus
3640 2431 3725 2474 est
3759 2424 3818 2477 in

2213 2526 2459 2580 sagarum
2484 2508 2830 2580 longitudine,
2861 2519 3138 2580 utrumque
3166 2509 3305 2564 latus
3334 2511 3662 2568 tabernaculi
3690 2533 3820 2585 pro-

2215 2598 2407 2670 tegens.
2443 2599 2567 2654 Htec
2612 2609 2669 2653 ut
2688 2600 2911 2669 plenius
2942 2599 3169 2670 intelligi
3204 2610 3426 2670 queant,
3453 2602 3614 2672 paulo
3642 2603 3819 2661 latius

2215 2693 2282 2746 de
2320 2700 2432 2746 tota
2489 2692 2656 2761 ipsius
2693 2691 3028 2747 tabernaculi
3065 2691 3333 2761 positione
3378 2694 3657 2764 disputare
3720 2712 3819 2753 ne-

2214 2798 2367 2839 cesse
2393 2791 2495 2838 est.
2529 2783 2771 2839 Diximus
2800 2783 3035 2853 parietes
3065 2783 3399 2840 tabernaculi
3442 2786 3561 2855 qua:
3599 2801 3666 2841 ex
3734 2798 3817 2845 ta-

2214 2874 2356 2939 bulis
2376 2884 2430 2929 et
2460 2874 2727 2931 columnis
2752 2875 3097 2939 constabant,
3126 2874 3515 2947 longitudinem
3549 2878 3817 2937 habuisse

2215 2968 2436 3039 triginta
2467 2968 2789 3032 cubitorum,
2817 2968 3156 3023 latitudinem
3182 2970 3413 3034 decem,
3465 2969 3815 3029 altitudinem

531 3049 998 3140 conﬁtendumque
1039 3069 1425 3140 pronuntiant,
1472 3082 1536 3121 ac
1572 3082 1670 3136 per
1706 3064 1866 3134 hujus
1905 3064 2109 3118 solum-
2140 3049 2185 3109 C
2216 3057 2463 3112 similﬁer
2492 3057 2697 3111 decem.
2734 3057 2791 3110 Si
2830 3057 2963 3126 quis
3000 3073 3128 3129 ergo
3160 3058 3323 3113 vellet
3351 3059 3568 3115 domum
3599 3060 3652 3115 in
3682 3060 3820 3117 lati-

529 3164 693 3221 modo
725 3169 1125 3218 sacramentum
1160 3174 1254 3213 eos
1286 3158 1481 3213 salvari
1521 3172 1681 3227 posse
1712 3162 2110 3210 contestantur.

533 3256 685 3312 Unde
707 3261 853 3309 recte
884 3250 1198 3322 praecipitur
1224 3258 1433 3303 sextum
1469 3262 1656 3321 sagum
1695 3245 1748 3298 in
1779 3243 1958 3298 fronte
1986 3242 2112 3296 tecti

529 3346 811 3419 duplicari,
839 3351 1059 3413 propter
1083 3340 1478 3396 confessionem
1505 3337 1756 3392 videlicet
1782 3344 1835 3390 et
1860 3327 2115 3388 imitatio-

531 3444 655 3494 nem
682 3435 922 3505 ejusdem
960 3431 1253 3487 Dominicm
1300 3429 1588 3500 passionis.
1641 3426 1921 3496 Siquidem
1961 3425 2115 3496 juxta

530 3529 787 3592 litteram,
818 3524 1053 3581 frontem
1082 3522 1226 3585 tecti,
1260 3522 1567 3592 ingressum
1600 3518 1932 3575 tabernaculi
1960 3517 2111 3581 dicit,

531 3618 622 3673 ubi
654 3632 760 3672 non
797 3615 1008 3672 tabulas
1047 3622 1108 3668 ut
1148 3627 1309 3683 supra
1340 3612 1579 3667 breviter
1604 3611 1839 3666 diximus
1858 3650 1872 3674 ,
1901 3609 1995 3663 sed
2023 3622 2115 3662 eo-

531 3709 743 3761 lumnas
784 3715 838 3761 et
880 3713 1083 3760 vectem
1127 3704 1196 3759 ab
1239 3702 1436 3774 angulo
1482 3702 1807 3766 tabularum,
1847 3716 2018 3770 usque
2046 3699 2115 3754 ad

530 3797 782 3868 angulum
811 3804 1147 3867 protentam,
1189 3796 1314 3864 poni
1363 3782 1689 3863 praeceptum
1734 3802 1838 3846 est.
1883 3792 2115 3861 Ideoque

532 3894 792 3955 quantum
815 3887 881 3939 ad
908 3885 1134 3939 formam
1161 3885 1341 3952 operis
1370 3884 1539 3952 ipsius
1570 3883 1824 3952 pertinet,
1849 3882 1920 3935 ibi
1946 3881 2116 3950 magis

530 3992 668 4047 opus
694 3985 813 4031 erat
839 3975 1110 4046 geminato
1140 3989 1392 4043 sagorum
1419 3972 1773 4035 munimento,
1817 3970 1908 4026 ubi
1944 3970 2113 4025 solida

533 4070 753 4141 parietis
778 4069 1005 4123 ﬁrmitas
1031 4066 1237 4120 aberat.
1265 4066 1346 4120 Ad
1373 4080 1502 4120 vero
1543 4064 1804 4135 mystice,
1850 4064 1903 4118 in
1936 4062 2114 4117 fronte

533 4162 659 4218 tecti
687 4170 898 4215 sextum
926 4174 1116 4227 sagum
1142 4156 1461 4227 duplicatur,
1501 4171 1624 4212 cum
1651 4171 1842 4210 omnes
1865 4156 1957 4225 qui
1990 4170 2114 4210 san-

530 4264 673 4310 ctam
702 4253 909 4307 intrant
943 4250 1270 4315 Ecclesium,
1303 4251 1378 4304 ita
1409 4249 1512 4304 ﬁde
1542 4257 1598 4304 et
1624 4249 1980 4322 sacramentis
2011 4249 2115 4303 Do-

532 4346 743 4400 minic‘ae
764 4343 1030 4414 passionis
1061 4342 1364 4405 initiantur,
1391 4349 1449 4395 nt
1481 4340 1534 4395 in
1560 4339 1720 4409 hujus
1747 4355 1962 4410 quoque
1990 4340 2113 4395 imi-

2220 3146 2402 3201 tndine
2430 3145 2648 3217 cingere
2698 3145 2956 3212 funiculo,
2985 3148 3145 3203 verbi
3180 3149 3354 3218 gratia
3385 3166 3415 3204 a
3446 3151 3561 3205 basi
3613 3150 3818 3208 tabula:

2217 3233 2376 3288 unius
2403 3233 2690 3287 meridiani
2722 3233 2930 3300 lateris,
2954 3249 3127 3305 usque
3155 3237 3220 3290 ad
3255 3237 3427 3292 basim
3461 3239 3656 3295 tabulm
3681 3256 3814 3311 qua:

2216 3331 2363 3378 esset
2386 3337 2416 3377 e
2451 3324 2670 3394 regione
2698 3326 2751 3378 in
2781 3324 2948 3379 latere
2977 3328 3411 3398 septentrionali,
3438 3339 3653 3385 constat
3680 3347 3817 3401 pro-

2217 3415 2358 3469 fecto
2385 3415 2631 3469 eumdem
2657 3415 2949 3470 funiculum
2979 3418 3203 3488 triginta
3230 3419 3534 3475 cubitorum
3572 3420 3814 3492 longitu-

2217 3505 2360 3559 dinis
2389 3520 2509 3559 esse
2553 3504 2792 3560 debere:
2834 3507 2938 3561 hoc
2983 3516 3066 3560 est
3108 3508 3294 3562 decem
3334 3509 3546 3565 cubitos
3601 3510 3817 3567 habens

2218 3597 2561 3652 ascensionis.
2579 3597 2632 3649 in
2671 3598 2969 3652 meridiano
2997 3598 3225 3668 pariete,
3257 3600 3444 3655 decem
3467 3602 3600 3657 alios
3629 3601 3816 3674 :cquao

2217 3684 2388 3739 litatis
2412 3699 2626 3738 sursum
2667 3686 2808 3739 inter
2840 3688 3075 3756 parietes
3100 3727 3114 3752 ,
3167 3688 3354 3744 decem
3383 3691 3543 3746 tertio
3583 3691 3813 3747 descen-

2217 3778 2385 3833 sionis
2413 3779 2465 3831 in
2494 3778 2702 3848 pariete
2751 3779 3181 3848 septentrionali.
3213 3780 3344 3835 Item
3372 3782 3419 3836 si
3447 3797 3556 3853 per
3570 3783 3810 3856 longitu-

2216 3868 2396 3923 dinem
2450 3869 2643 3924 domus
2679 3871 2974 3927 extendere
3005 3870 3298 3925 funiCulum
3328 3872 3481 3939 velis,
3515 3875 3618 3929 hoc
3645 3888 3732 3931 est
3775 3892 3806 3931 λ

2216 3957 2437 4015 basibus
2464 3944 2836 4015 columnarum
2873 3977 3084 4016 sursum
3116 4003 3130 4026 ,
3182 3971 3237 4017 et
3271 3976 3369 4031 per
3411 3963 3805 4037 longitudinem

2217 4050 2382 4128 totius
2408 4051 2600 4130 domus
2622 4052 2687 4105 ad
2730 4052 3119 4107 occidentalem
3168 4069 3340 4123 usque
3386 4057 3681 4125 parietem,
3741 4075 3807 4115 ac

2217 4140 2407 4196 deinde
2436 4157 2605 4211 usque
2634 4144 2700 4195 ad
2730 4143 2887 4197 bases
2915 4144 3031 4214 ejus
3050 4144 3335 4210 deorsum,
3393 4146 3611 4203 habebit
3660 4150 3805 4205 litui-

2216 4234 2480 4289 culusille
2508 4236 2897 4309 quinquaginta
2945 4239 3157 4294 cubitos
3183 4240 3568 4312 longitudinis:
3610 4243 3801 4299 decent

2214 4326 2467 4382 videlicet
2493 4329 2827 4384 ascensionis
2848 4328 3004 4398 juxta
3036 4332 3336 4398 columnas,
3370 4334 3587 4404 triginta
3612 4322 3765 4406 mqnzi
3786 4365 3801 4376 -

535 4436 732 4489 talione
756 4434 855 4489 sibi
879 4447 1092 4501 semper
1116 4447 1237 4487 esse
1258 4432 1545 4486 vivendum
1569 4430 1896 4502 intelligant:
1924 4429 2112 4484 Facies
2137 4420 2190 4479 D
2216 4419 2383 4474 litatis
2402 4420 2697 4475 secundum
2729 4421 3120 4493 longitudinem
3154 4423 3364 4489 domus,
3394 4422 3579 4480 decem
3608 4441 3801 4481 rursus

533 4534 577 4576 et
602 4524 981 4593 quinquaginta
1011 4520 1224 4574 ansulas
1250 4522 1306 4574 in
1334 4537 1427 4574 ora
1447 4521 1560 4590 sagi
1585 4522 1760 4584 unius,
1787 4531 1841 4573 ut
1865 4522 2113 4590 conjungi

533 4626 654 4664 cum
681 4611 844 4664 altera
869 4617 1055 4681 queat;
1087 4618 1137 4662 et
1177 4611 1563 4679 quinquaginta
1594 4625 1751 4662 ansas
1794 4610 1849 4662 in
1878 4627 1971 4662 ora
1999 4610 2114 4679 sagi

536 4698 843 4762 altenus,ut
868 4714 986 4751 cum
1013 4696 1176 4750 altero
1197 4696 1498 4766 copuletur;
1519 4698 1895 4767 quinquaginta
1920 4698 2108 4766 fibulas

533 4803 746 4852 aureas,
767 4788 951 4857 quibus
976 4786 1271 4855 jungantur
1299 4802 1463 4849 answ,
1498 4796 1552 4839 ut
1585 4802 1744 4839 unum
1771 4802 1835 4839 ea:
1869 4788 2110 4843 omnibus

535 4879 909 4949 operimentum
943 4877 1057 4945 ﬁat.
1097 4875 1222 4931 Hch
1251 4884 1310 4928 ut
1336 4891 1495 4945 supra
1526 4877 1578 4930 in
1602 4877 1826 4932 cortinis
1856 4879 2108 4948 exposui-

538 4985 676 5033 mus,
714 4971 878 5023 etiam
902 4969 990 5023 hic
1028 4967 1246 5038 intelligi
1286 4976 1542 5037 possunt:
1585 4969 1727 5038 quod
1755 4970 2002 5026 videlicet
2026 4988 2111 5026 re—

534 5060 775 5115 cordatio
802 5075 1047 5128 supernae
1078 5060 1302 5128 requiei,
1344 5076 1465 5129 qua:
1508 5077 1731 5116 numero
1773 5064 2105 5137 quinquage-

535 5153 689 5207 nario
721 5151 856 5204 solet
883 5151 1146 5220 exprimi,
1179 5152 1338 5205 corda
1369 5160 1677 5206 sanctorum
1719 5153 1933 5210 vinculo
1961 5156 2112 5226 pacis

533 5246 754 5298 adnuet.
787 5245 895 5297 Aut
932 5244 977 5297 si
1024 5244 1145 5297 novi
1187 5244 1388 5313 aliquid
1431 5245 1618 5299 audire
1664 5245 1929 5312 delectat,
1980 5264 2108 5320 saga

530 5333 893 5389 humilitatem
956 5332 1265 5387 sublimium
1315 5333 1598 5403 designant
1652 5333 1930 5400 virorum,
1981 5339 2109 5407 quia

531 5427 703 5495 magis
729 5439 947 5479 suorum
981 5423 1291 5479 meminisse
1324 5423 1642 5478 delictorum
1683 5440 1842 5493 quam
1882 5427 2109 5483 virtutes

532 5528 657 5566 suas
688 5513 1007 5581 prtedicasse
1035 5512 1277 5580 cupiunt,
1302 5512 1531 5581 amplius
1565 5513 1631 5567 de
1659 5514 1738 5566 eis
1765 5530 1899 5583 quas
1922 5531 2109 5587 apprc-

534 5602 765 5656 hendere
789 5605 1022 5659 nondum
1047 5611 1271 5673 possunt
1296 5603 1583 5659 virtutibus
1609 5607 1917 5679 compungi,
1943 5625 2105 5678 quam

2213 4510 2581 4565 descensionis
2601 4510 2759 4580 juxta
2792 4512 3143 4567 occidentalis
3186 4514 3411 4583 parietis
3440 4514 3673 4573 tabulas.
3702 4514 3799 4570 llis

2213 4614 2343 4669 ergo
2385 4596 2765 4664 consideratis,
2791 4600 2989 4669 intueri
3025 4610 3112 4657 est
3156 4616 3438 4658 mensuras
3464 4604 3798 4659 cortinarmn

2211 4696 2405 4764 quibus
2454 4695 2684 4761 regenda
2713 4705 2829 4751 erat
2881 4696 3092 4762 domus,
3123 4697 3359 4767 qualiter
3394 4697 3639 4768 praefatis
3676 4715 3801 4768 pos~

2211 4786 2321 4839 sint
2349 4786 2636 4840 convenire
2685 4788 2969 4842 mensuris.
3006 4788 3198 4845 Decem
3238 4797 3396 4843 erant
3444 4790 3670 4844 eortinm
3701 4791 3803 4844 ha—

2216 4876 2405 4931 bentes
2429 4876 2648 4945 singula:
2680 4877 3025 4949 longitudinis
3063 4880 3248 4949 viginti
3277 4889 3404 4936 octo
3445 4880 3679 4945 cubitos,
3718 4868 3795 4937 la.

2218 4968 2462 5023 titullinis
2502 4978 2776 5037 quatuor:
2816 4986 2937 5039 qua:
2983 4972 3140 5026 simul
3178 4973 3379 5042 junctae
3434 4982 3488 5027 et
3532 4972 3585 5027 in
3627 4989 3797 5027 unum

2216 5061 2526 5129 composita:
2554 5101 2568 5124 ,
2625 5061 3027 5117 tabernaculum
3069 5065 3360 5134 implebant
3401 5066 3469 5121 de
3509 5065 3799 5120 latitudine

2217 5168 2334 5216 sua,
2369 5152 2580 5207 cubitos
2606 5155 2980 5227 quadraginta.
3033 5157 3311 5226 Snspende
3363 5160 3525 5231 igitur
3553 5165 3796 5216 corlTnas

2216 5257 2337 5310 qua:
2366 5241 2565 5296 habent
2588 5244 2809 5321 singulm
2834 5245 3181 5315 longitudinis
3202 5233 3388 5321 viginti
3413 5258 3534 5305 octo
3555 5251 3794 5312 cubitos.

2215 5342 2271 5386 et
2297 5347 2436 5400 pone
2464 5334 2515 5387 in
2546 5334 2702 5388 domo
2744 5336 2897 5406 cujus
2923 5347 3005 5392 est
3050 5355 3297 5394 mensura
3326 5340 3379 5395 in
3422 5350 3793 5396 transversum

2213 5425 2433 5495 triginta
2464 5428 2695 5493 cubitos,
2727 5437 2782 5483 et
2817 5430 3023 5485 videbis
3068 5433 3190 5500 quia
3242 5433 3464 5486 cortinm
3518 5432 3790 5487 habebunt

2211 5522 2264 5575 in
2290 5523 2594 5590 :cqualitnte
2620 5539 2739 5593 qum
2775 5533 2853 5578 est
2891 5526 3030 5579 inter
3059 5528 3308 5595 parietes.
3343 5528 3553 5583 cubitos
3588 5528 3779 5593 «lenus,

2210 5612 2262 5665 in
2292 5628 2515 5667 ascensu
2548 5624 2749 5680 autem,
2772 5615 2884 5669 sive
2910 5617 3168 5671 descensu
3212 5619 3307 5688 qui
3333 5601 3413 5674 est
3433 5619 3581 5691 juxta
3612 5634 3696 5688 pat
3718 5620 3796 5672 ic-
