3992 6182
232 205 349 260 1ῧὸ

1220 206 1727 264 (ΖΟΜΜΕΝΤΑΒΙΑ
1770 207 1836 263 lN
1878 208 2193 265 EXODUM.
2233 243 2305 253 --
2336 208 2464 268 I.l[i.
2510 215 2599 270 lll.

3432 229 3533 283 tes

223 328 339 381 tes,
374 314 655 371 habebunt
693 315 907 371 cubitus
952 331 1187 373 novenos
1218 337 1228 372 :
1263 320 1539 389 sicquelit
1577 328 1635 375 ut
1682 336 1832 374 sum—
1864 324 1908 383 Λ
1940 321 2055 376 hzec
2088 331 2298 378 tantmn
2323 326 2390 380 ad
2414 325 2643 380 invicem
2667 327 2995 399 pertingere,
3020 341 3074 388 et
3098 333 3270 391 instar
3290 340 3531 394 cortina-

220 411 399 463 mitas
425 406 768 463 cortinarum
799 415 998 462 terram
1053 417 1272 479 tangere
1318 428 1425 464 non
1479 411 1650 480 possit
1676 452 1705 476 ,.
1738 414 1832 469 sed

219 515 491 557 mensura
518 500 685 555 unius
713 500 880 554 cubiti
918 516 946 553 a
981 509 1121 556 terra
1146 502 1307 557 altior
1334 503 1495 557 absit.
1525 505 1654 559 item
1693 505 1835 560 vide-

220 592 315 647 bis
341 591 489 663 quod
519 592 749 646 cortinae
775 592 975 646 habent
1000 593 1053 647 in
1089 595 1396 667 aequalitate
1424 610 1522 665 per
1542 596 1834 673 longitudi-

219 699 356 740 nem
407 685 603 761 domus
640 684 850 738 euhitos
897 685 1135 754 triginta,
1171 686 1222 740 in
1251 702 1481 764 ascensu
1511 697 1690 747 autem
1718 689 1832 744 sive

219 758 500 832 descensu
522 817 537 839 ,
593 775 687 844 qui
735 775 897 835 estin
929 776 1179 831 orientali
1212 760 1626 834 tit-occidentali
1662 779 1832 835 latere

222 871 449 933 domus,
473 867 693 941 cubitus
707 867 922 937 quinos.
944 868 1183 943 ldeoque
1203 870 1389 924 eadem
1418 870 1659 926 lateralis
1687 887 1833 925 sum-

220 961 397 1015 mitas
419 959 757 1014 cortinamm
782 974 1123 1029 nequaquam
1171 961 1236 1014 ad
1274 969 1473 1015 terram
1502 978 1675 1031 usque
1704 977 1829 1032 per-

223 1053 406 1124 tingit,
439 1055 530 1119 sed
572 1053 754 1121 quinis
784 1052 981 1107 cubitis
1029 1053 1257 1109 habetur
1285 1066 1426 1110 terra
1462 1056 1654 1124 altior;
1688 1058 1831 1113 unde

222 1157 453 1197 necesse
480 1142 558 1203 lit,
586 1150 645 1195 ut
669 1142 820 1212 quini
855 1142 927 1195 illi
970 1143 1136 1199 cubiti
1166 1145 1500 1200 cortinarum
1528 1188 1543 1211 ,
1594 1148 1684 1217 qui
1713 1162 1832 1202 ees-

222 1235 476 1293 santibus
508 1233 807 1304 parietibus
836 1245 1128 1304 supersunt
1158 1276 1175 1301 ,
1229 1237 1556 1294 inducantur
1596 1239 1663 1293 ad
1693 1239 1830 1293 invi-

223 1341 347 1381 cem
376 1327 426 1380 in
457 1325 709 1379 orientali
743 1324 905 1391 simul
930 1334 993 1381 et
1032 1327 1356 1401 occidentali
1400 1329 1601 1395 lateres
1618 1330 1829 1400 sibique

223 1428 417 1472 nmtuo
461 1419 792 1489 junguntur;
844 1433 909 1473 ac
948 1419 1029 1475 sic
1076 1419 1187 1483 liat,
1215 1431 1272 1476 ιιι
1324 1421 1561 1492 undique
1608 1423 1826 1480 domum

222 1511 453 1565 cortina:
474 1519 700 1580 excepto
722 1525 831 1563 uno
854 1507 1009 1577 juxta
1043 1519 1246 1566 terram
1277 1513 1461 1567 cubito
1509 1522 1821 1585 conlegam.

223 1602 357 1658 lber:
379 1604 448 1658 de
485 1603 731 1657 mrtiuis.
768 1602 939 1657 Porro
985 1619 1111 1674 saga
1163 1606 1397 1661 tricenos
1429 1606 1698 1663 habebant
1726 1625 1824 1664 cu-

1937 426 2056 471 rum
2089 415 2209 469 sese
2238 414 2290 468 in
2316 416 2495 469 medio
2523 417 2747 486 parietis
2782 423 3097 494 contingere
3123 435 3401 497 poterant;
3434 432 3531 485 sed

1935 508 2059 576 quia
2092 517 2436 578 septenorum
2472 518 2629 564 erant
2657 511 2982 578 cubitorum,
3025 520 3259 574 medium
3305 524 3530 591 parietis

1896 631 1899 634 ‹
1936 596 1990 649 in
2025 606 2314 669 utrumque
2353 610 2561 669 partem
2592 601 2801 657 duobus
2830 603 3025 660 cubitis
3051 609 3424 673 excedebant,
3465 628 3530 667 ac

1935 688 2035 741 sibi
2069 689 2298 744 invicem
2347 693 2702 761 superpositae
2722 695 3105 765 jungebantur.
3155 699 3309 768 Quod
3336 705 3527 759 eodem

1934 781 2095 833 modo
2117 796 2215 850 per
2243 783 2425 836 omnia
2456 784 2621 837 etiam
2643 785 2710 840 de
2739 787 2988 842 orientali
3023 800 3176 859 parte
3225 793 3416 848 domus
3449 796 3529 848 in-

1938 870 2282 940 telligendum
2312 888 2434 928 esse
2463 874 2983 949 putantusteoque
3008 897 3166 951 supra
3198 895 3525 954 prmceptum

1933 970 2105 1015 estut
2137 973 2349 1017 sextum
2395 978 2584 1034 sagum
2634 968 2685 1021 in
2731 967 2909 1025 fronte
2961 973 3084 1026 tecti
3138 974 3522 1044 duplicaretur.

1932 1048 2059 1104 Ila-c
2084 1050 2150 1106 de
2175 1068 2233 1106 re
2256 1052 2566 1109 dillieillima
2588 1066 2749 1126 prout
2770 1059 2925 1115 nobis
2948 1060 3276 1117 intellexisse
3296 1065 3395 1119 visi
3430 1083 3525 1119 su-

1932 1158 2074 1209 mus,
2101 1146 2334 1201 strictim
2365 1148 2640 1218 explicare
2667 1154 2995 1219 curavimus,
3027 1159 3200 1226 parati
3233 1160 3442 1215 discere
3469 1164 3522 1215 in

1934 1235 2019 1289 his
2045 1237 2257 1292 veriora
2275 1241 2458 1310 siquis
2475 1242 2668 1297 docere
2697 1260 2794 1300 nos
2822 1247 3071 1314 voluerit,
3098 1250 3149 1304 in
3174 1252 3370 1319 quibus
3399 1261 3524 1310 tuus

1930 1328 2183 1408 omnibus
2226 1342 2377 1400 patet
2430 1334 2700 1406 allegoria:
2752 1353 2946 1395 sensus
2994 1342 3322 1410 perlucidus.
3380 1346 3524 1419 Saga

1930 1438 2166 1493 namque
2193 1427 2432 1483 cortinas
2459 1436 2513 1483 et
2542 1430 2775 1501 desuper
2802 1441 2857 1487 et
2887 1434 3044 1497 infra,
3079 1444 3130 1491 et
3167 1453 3234 1492 ex
3270 1443 3417 1496 omni
3447 1443 3523 1497 la-

1932 1520 2047 1569 tere
2070 1519 2454 1586 protegebant;
2493 1529 2658 1590 atque
2678 1530 2735 1575 ut
2760 1517 3038 1581 illre'intus
3066 1526 3234 1583 libera
3260 1529 3398 1587 facie
3422 1549 3519 1588 sua

1928 1607 2232 1661 venustatis
2258 1606 2548 1677 fulgerent,
2581 1612 2693 1667 haec
2716 1614 2783 1669 ab
2814 1617 2962 1671 omni
3008 1633 3101 1672 eas
3148 1619 3342 1689 injuria
3391 1632 3521 1679 tem-

223 1695 369 1750 bitos
424 1695 817 1768 longitudinis,
880 1706 1179 1764 quaternos
1224 1697 1542 1753 latitudinis.
1603 1700 1669 1755 Et
1697 1701 1825 1770 quia
1856 1700 1899 1759 B
1927 1704 2220 1764 peSL'llum,
2251 1698 2554 1767 pluviarum
2597 1710 2653 1756 et
2700 1716 3032 1771 caumatum,
3061 1707 3190 1764 foris
3252 1710 3523 1779 immunes

222 1786 478 1841 undecim
502 1794 656 1840 erant
685 1784 996 1853 coniuncte
1023 1786 1321 1840 :nliuvicetn
1350 1804 1445 1856 per
1467 1789 1657 1853 latera,
1684 1805 1821 1858 qua-

219 1878 474 1947 draginta
500 1888 737 1948 quatuor
783 1874 993 1942 cubitus
1048 1880 1362 1949 implebant.
1418 1881 1562 1937 Pone
1592 1898 1739 1951 ergo
1769 1892 1824 1938 et

221 1971 324 2024 has
358 1971 411 2025 in
443 1970 646 2035 deum,
706 1969 834 2038 quia
888 1972 1182 2025 concordat
1241 1970 1519 2040 longitudo
1568 1988 1819 2043 sagorum

219 2079 348 2117 cum
377 2063 612 2122 [turricula
639 2079 751 2133 quo
770 2064 987 2118 domum
1008 2064 1321 2119 metiebaris
1344 2064 1395 2118 in
1423 2075 1830 2132 transversum,

223 2156 391 2222 litque
433 2164 489 2207 nt
521 2155 812 2209 suunnitas
843 2170 1030 2209 eorum
1073 2155 1139 2210 ad
1172 2166 1372 2211 terram
1411 2172 1582 2227 usque
1614 2160 1820 2228 pertin-

218 2253 337 2312 gat.
376 2243 662 2298 llabenunt
693 2238 837 2298 enim
875 2245 1047 2299 denos‘
1070 2245 1279 2299 cubitus
1319 2246 1647 2315 arqualitatis
1678 2249 1819 2305 inter

219 2333 475 2402 parietes,
508 2334 680 2388 denos
719 2349 874 2404 teque
900 2336 1236 2390 ascensionis
1289 2337 1403 2391 sive
1447 2339 1819 2395 descensionis

219 2421 271 2475 in
304 2434 535 2492 utroque
589 2426 781 2479 latere.
814 2424 883 2478 Et
910 2426 1013 2479 hoc
1035 2415 1038 2418 ’
1062 2437 1145 2480 est
1195 2428 1349 2502 quod
1389 2428 1463 2482 ait
1498 2428 1812 2500 Scriptura,

215 2518 345 2585 quia
372 2517 581 2570 cubitus
601 2534 668 2570 at
698 2534 803 2571 una
825 2528 973 2588 parte
1001 2519 1271 2588 penderet,
1293 2531 1339 2573 et
1376 2520 1513 2575 alter
1536 2538 1601 2577 ea:
1624 2523 1813 2589 altera,

214 2611 309 2676 qui
328 2610 453 2677 plus
478 2622 605 2662 esset
633 2610 685 2662 iu
710 2626 957 2685 sagarum
998 2609 1343 2681 longitudine,
1374 2621 1651 2684 utrumque
1675 2615 1827 2697 latus

210 2701 555 2754 tabernaculi
590 2711 874 2772 protegens.
925 2702 1359 2774 Tabernaculum
1401 2723 1636 2778 namque
1681 2726 1812 2780 pro-

213 2797 339 2869 prie
385 2807 543 2852 vocat
571 2799 735 2868 ipsam
770 2799 1104 2855 eortinarum
1136 2800 1399 2856 incurram
1426 2804 1543 2859 sive
1587 2806 1815 2875 conjun-

215 2891 481 2954 ctioncm,
510 2905 647 2960 quas
670 2906 777 2945 uno
804 2890 990 2960 utique
1015 2893 1200 2948 cubito
1231 2893 1572 2949 transiebant
1593 2910 1721 2965 saga
1744 2895 1814 2950 ab

216 2981 443 3035 australi
475 2981 645 3037 latere
673 2983 885 3045 dmuns,
910 2982 1082 3037 altero
1108 3001 1137 3036 a
1177 2984 1608 3054 septentrionali.
1663 2987 1811 3042 Ideo-

1926 1785 2259 1842 reddebant:
2291 1792 2415 1859 quia
2464 1793 2718 1849 nimirum
2756 1796 2980 1867 perfecti
3029 1811 3230 1857 sancta:
3263 1804 3518 1862 Ecclesia:

1922 1878 2193 1946 praepositi
2223 1879 2295 1953 ita
2324 1882 2495 1935 vitam
2537 1883 2775 1941 ﬁdelium
2814 1888 2917 1943 sibi
2965 1893 3377 1950 commissorum
3430 1914 3517 1953 so-

1921 1967 2043 2023 lerti
2066 1969 2237 2024 solent
2269 1986 2397 2025 cura
2435 1974 2879 2045 circumspicere,
2904 1990 2965 2035 ut
2992 1997 3091 2036 nec
3123 1983 3360 2040 subsidia
3391 2002 3525 2041 cars

1921 2056 2029 2123 uis,
2062 2075 2164 2115 nec
2195 2063 2315 2116 vita:
2346 2065 2645 2133 spiritualis
2666 2069 2747 2122 eis
2772 2070 2968 2125 auxilia
2993 2073 3188 2128 desint.
3213 2074 3515 2146 Repellunt

1919 2150 2065 2205 enim
2108 2168 2235 2223 saga
2287 2155 2507 2220 imbres,
2538 2157 2824 2217 obsistunt.
2854 2162 3125 2231 procellis,
3156 2177 3345 2222 arcent
3379 2170 3513 2227 solis

1918 2245 2161 2310 ardores,
2187 2257 2382 2303 cuncta
2432 2248 2565 2305 loris
2595 2252 2937 2311 adversantia
2984 2256 3201 2314 fortiter
3244 2242 3510 2330 ambiunt,

1919 2343 1978 2388 ut
2010 2335 2173 2389 decus
2202 2337 2537 2394 cortinarum
2571 2341 2798 2398 interius
2839 2345 3190 2403 intemeratus
3219 2354 3470 2420 persistat
3496 2374 3508 2409 :

1918 2440 2042 2481 cum
2061 2428 2394 2497 Augustinus
2416 2431 2600 2485 omnia
2630 2447 2751 2502 qua:
2789 2434 2948 2489 ﬁdem
2974 2439 3194 2494 turbare
3220 2451 3509 2509 poterant,

1917 2517 2297 2579 haereticorum
2362 2536 2571 2581 venena
2620 2536 2880 2592 evacuat;
2936 2544 3061 2583 cum
3112 2529 3408 2603 Gregorius
3448 2552 3510 2590 ea

1912 2624 2037 2678 qua:
2101 2626 2280 2668 mores
2322 2612 2493 2669 bonos
2548 2614 2867 2685 impugnant
2916 2626 3248 2677 tentatnenta
3302 2626 3512 2697 antiqui

1917 2701 2090 2758 hostis
2117 2703 2385 2773 explicat;
2422 2720 2549 2760 cum
2577 2706 2881 2777 Cyprianus
2904 2710 3147 2768 infirmos
3176 2726 3242 2770 ne
3271 2715 3323 2769 in
3371 2732 3515 2788 mar-

1918 2794 2058 2862 tyrio
2089 2794 2362 2861 labantur,
2393 2798 2496 2867 piis
2539 2800 2811 2856 conl‘ortat
2845 2801 3347 2876 exhortationibus;
3388 2824 3512 2864 cum

1915 2877 2004 2933 alii
2035 2883 2370 2938 venerabiles
2388 2885 2629 2955 episcopi
2660 2904 2725 2943 ac
2746 2890 3003 2957 doctores
3033 2907 3370 2964 qumcunquc
3399 2906 3514 2950 tur-

1916 2967 2045 3023 bare
2072 2969 2367 3027 Ecclesiam
2419 2983 2707 3044 poterant,
2757 2978 2969 3050 longius
3024 2989 3351 3038 tentamenta
3383 3001 3513 3056 pro-

215 3089 326 3144 que
359 3074 429 3127 ad
458 3083 659 3129 terram
705 3075 1115 3144 perveniebant,
1144 3052 1270 3146 quia
1313 3078 1429 3133 hate
1473 3078 1693 3148 triginta
1721 3093 1815 3134 cu-
1840 3052 1885 3116 (δ
1917 3056 2143 3126 Ρθ¹¹¹¹¹¹¹τν
2172 3067 2225 3113 et
2252 3075 2374 3129 qm“
2402 3062 2609 3117 cisaem
2656 3065 2767 3121 δίηί
2790 3066 2855 3119 ad
2884 3068 3110 3123 δαίυῑειη
3156 3072 3392 3139 Ρτοίῖευθ
3424 3090 3516 3129 δυ’

218 3167 361 3220 bitus
389 3165 745 3237 longitudinis
771 3206 786 3230 ,
841 3166 941 3221 illa!
989 3167 1095 3221 duo
1132 3169 1313 3222 minus
1359 3170 1650 3226 habebant.
1682 3171 1815 3227 Ιιθιπιι

217 3270 471 3310 mensura
500 3270 756 3327 Sagorttm
792 3271 888 3326 per
918 3257 1308 3328 longitudinem
1344 3259 1537 3315 domus
1583 3263 1817 3331 quadra-

217 3347 364 3416 ginta
390 3354 633 3416 quatuor
671 3347 875 3403 cubitis
922 3348 1280 3418 tondebatur:
1310 3349 1535 3420 triginta
1566 3352 1816 3409 videlicet

219 3436 431 3491 cubitus
454 3436 511 3490 in
542 3437 854 3507 aequalitate
904 3438 1112 3493 habens
1143 3454 1172 3492 a
1206 3438 1384 3495 fronte
1426 3441 1617 3497 domus
1646 3459 1817 3515 usque

221 3524 290 3579 ad
311 3525 684 3580 summitatem
716 3526 1023 3582 tabularum
1066 3528 1120 3582 in
1150 3528 1308 3599 plaga
1360 3531 1716 3601 occidentali,
1763 3544 1819 3590 et

221 3632 426 3694 septem
451 3616 669 3679 cubitus
695 3614 1062 3695 dependentes
1093 3641 1123 3678 a
1155 3624 1333 3681 fronte
1364 3628 1576 3693 domus,
1608 3635 1817 3697 septem

225 3714 476 3769 similiter
524 3714 899 3785 dependentes
940 3715 991 3770 in
1042 3716 1197 3788 plaga
1237 3717 1579 3773 occidentali.
1621 3717 1819 3787 Sicque

222 3803 319 3859 fuit
351 3814 411 3859 ut
450 3820 706 3861 mensura
738 3820 991 3876 sagarum
1039 3807 1092 3861 in
1122 3807 1445 3862 occidentali
1475 3808 1643 3863 latere
1687 3807 1820 3863 (luo-

221 3897 322 3952 bus
342 3882 542 3953 cubitis
578 3897 871 3954 excederet
900 3914 1214 3963 mensuram
1266 3901 1600 3955 cortinarum
1627 3940 1641 3964 ,
1690 3899 1816 3968 quia

228 3991 475 4046 nimirum
539 3993 770 4048 cortina:
814 3994 1068 4064 desuper
1120 3994 1403 4049 venientes
1459 3993 1601 4049 sicut
1655 4008 1817 4062 supra

226 4085 797 4149 commemoravimus,
818 4084 1058 4154 quinque
1102 4085 1317 4141 cubitus
1342 4084 1518 4139 eidem
1565 4084 1819 4139 occiden-

230 4172 345 4226 talis
373 4174 599 4243 parietis
621 4174 906 4245 tegebant,
956 4184 1011 4229 et
1041 4174 1219 4229 tribus
1250 4174 1629 4245 relinquebant
1681 4175 1818 4228 inta-

229 4271 355 4317 ctus.
388 4263 454 4318 Et
494 4264 602 4319 boc
651 4273 739 4319 est
783 4265 926 4333 quod
970 4281 1115 4320 nunc
1165 4266 1397 4320 dicitur:
1433 4266 1589 4332 Quod
1641 4275 1819 4321 autem

228 4355 539 4425 superfuerit
573 4358 631 4411 in
660 4358 801 4427 sagis
833 4374 951 4428 qua:
981 4342 1241 4427 parantur
1266 4368 1421 4423 tecto,
1447 4359 1500 4413 id
1530 4367 1817 4422 est,unum

229 4462 409 4519 navum
452 4448 601 4518 quod
632 4452 864 4521 amplius
891 4467 958 4505 ex
1000 4451 1291 4507 medietate
1331 4451 1446 4519 ejus
1480 4453 1694 4521 operies
1725 4468 1819 4521 po-

230 4541 452 4595 steriora
484 4541 839 4596 tabernaculi.
865 4542 1124 4598 Medietas
1154 4556 1388 4612 namque
1410 4543 1522 4612 sagi
1554 4544 1608 4597 in
1638 4543 1818 4597 latitu-

230 4631 351 4686 dine
374 4641 505 4687 sunt
550 4631 660 4687 duo
686 4633 873 4696 cubiti,
903 4649 971 4688 ex
1000 4649 1106 4704 qua
1135 4633 1384 4687 videlicet
1417 4632 1705 4686 medietate.
1729 4648 1821 4687 co-

231 4723 608 4793 operiebantur
650 4725 950 4793 posteriora
1005 4723 1359 4785 tabernaculi,
1397 4722 1452 4777 id
1488 4730 1602 4786 est,
1653 4722 1819 4777 corti-

231 4830 414 4869 namm
436 4831 560 4886 qua:
584 4816 802 4885 proprie
833 4815 1240 4871 tabernaculum
1269 4816 1637 4878 vocabantur,
1690 4815 1817 4883 quia

233 4905 432 4961 duobus
460 4907 659 4962 cubitis
687 4922 802 4972 eas,
834 4919 896 4961 ut
929 4908 1184 4969 diximus,
1218 4907 1285 4961 ad
1312 4904 1567 4961 inferiora
1595 4907 1819 4959 tendens

235 5011 412 5069 sagum
436 4999 693 5054 ultimum
738 4998 1019 5053 transibat.
1048 4998 1290 5069 Itemque
1315 5012 1443 5068 saga
1477 4998 1708 5065 desuper
1733 5010 1821 5050 ve-

235 5092 428 5148 nientia
463 5101 673 5164 septem
714 5094 1052 5147 solummodo
1087 5090 1302 5146 cubitos
1328 5088 1678 5145 occidentalis
1721 5102 1816 5157 pa-

235 5181 378 5238 rietis
424 5184 802 5252 eooperiehat;
847 5196 948 5236 nec
985 5190 1168 5235 tamen
1201 5189 1312 5235 tres
1349 5179 1542 5250 reliqui
1588 5178 1684 5247 qui
1734 5192 1819 5231 re-

216 5283 541 5329 mnscrant
569 5289 740 5344 usque
771 5274 837 5328 ad
867 5283 1065 5327 terram
1097 5272 1223 5327 nudi
1270 5279 1652 5341 tempestatum
1683 5269 1820 5339 inju-

238 5367 325 5422 riis
346 5371 628 5439 patebant,
657 5370 753 5424 sed
782 5368 1030 5422 adductis
1059 5370 1128 5423 ad
1152 5368 1383 5423 invicem
1407 5367 1474 5423 ab
1503 5377 1731 5437 utroque
1753 5366 1825 5420 la-

236 5463 343 5515 tere
369 5461 517 5532 sagis
568 5469 919 5530 septenorum
949 5458 1277 5524 cubitorum,
1311 5458 1402 5528 qui
1450 5457 1824 5513 deficientibus

234 5554 522 5621 parietibus
554 5560 896 5622 supererant,
924 5552 1012 5607 his
1058 5554 1358 5622 posteriora
1405 5552 1596 5608 domus
1626 5550 1823 5606 ﬁrmis-

233 5646 358 5704 sime
394 5648 464 5703 azl
512 5656 720 5708 terram
751 5658 923 5715 usque
957 5647 1399 5716 contegebantur.
1427 5645 1612 5714 Neque
1643 5653 1821 5698 autem

1846 4414 1897 4472 D

1919 3149 2042 3205 lerti
2093 3151 2344 3223 indagine
2378 3157 2763 3225 prospiciunt:
2803 3170 3075 3230 quatenus
3103 3165 3342 3235 undique
3394 3176 3511 3225 tuta

1917 3243 2258 3298 conversatio
2286 3244 2539 3316 religiosa
2563 3246 2800 3303 ﬁdelium
2833 3250 3005 3307 libero
3030 3253 3193 3309 corde
3221 3256 3514 3315 virtutibus

1917 3330 2158 3395 studere,
2182 3335 2422 3402 atquein
2460 3347 2756 3407 conspectu
2792 3340 2878 3395 sui
2921 3342 3221 3401 conditoris
3248 3358 3305 3401 ct
3349 3363 3517 3419 opere

1917 3420 2232 3490 praefulgida
2261 3422 2473 3491 lucere,
2522 3436 2578 3482 et
2603 3428 2774 3496 ipsius
2804 3444 3019 3501 quoque
3063 3437 3509 3506 contemplationi

1919 3510 2087 3578 possit
2117 3512 2332 3573 oculum
2382 3517 2580 3572 mentis
2629 3518 2930 3576 intendere.
2971 3523 3173 3579 Verum
3214 3527 3340 3596 quia
3373 3528 3515 3583 inter

1918 3608 2137 3656 sanctos
2174 3604 2557 3683 pnedicatores
2576 3607 2654 3661 illi
2679 3619 2804 3663 sunt
2838 3613 3076 3667 maximo
3104 3614 3252 3684 digni
3284 3617 3515 3680 honore.

1917 3693 2010 3761 qui
2045 3702 2274 3763 excepto
2296 3695 2440 3765 quod
2469 3695 2647 3754 ollicio
2677 3703 3080 3770 prtedicatiouis
3104 3716 3159 3761 et
3189 3710 3514 3778 populorum

1920 3793 2172 3863 regimini
2225 3795 2560 3865 deserviunt,
2597 3801 2761 3856 etiam
2806 3819 2903 3873 pro
2936 3806 3153 3862 Christo
3195 3812 3515 3881 sanguinem

1919 3882 2170 3951 fundunt,
2200 3897 2346 3943 recte
2367 3891 2653 3946 subditur:
2687 3892 2877 3949 Facies
2903 3906 2949 3950 el
2966 3900 3341 3968 operimentum
3364 3902 3515 3955 aliud

1920 3988 2075 4045 tecto,
2103 3979 2167 4033 de
2208 3980 2429 4049 pellibus
2452 3984 2675 4040 arietum
2710 3987 3012 4044 rubricatis.
3053 3992 3294 4047 Arietum
3320 3994 3517 4062 quippe

1918 4071 2199 4136 vocabulo,
2216 4070 2392 4127 solent
2420 4090 2811 4147 nonnunquam
2841 4080 3017 4133 sancti
3040 4082 3290 4136 doctores
3318 4083 3511 4150 tu‘cipi,

1919 4175 1985 4215 eo
2038 4163 2183 4230 quod
2242 4164 2355 4219 sint
2401 4164 2577 4220 duces
2619 4169 2963 4236 sequentium
3019 4170 3233 4225 Domini
3263 4187 3507 4241 gregem.

1921 4250 2075 4307 Unde
2115 4253 2340 4322 pulchre
2392 4252 2716 4310 PSalmista;
2750 4257 2946 4326 Aﬂ'erte
2973 4257 3201 4311 Domino
3228 4298 3243 4323 ,
3302 4259 3512 4328 inquit,

1921 4345 2021 4416 ﬁlii
2046 4345 2172 4411 Dei,
2198 4348 2384 4416 a/ferte
2406 4347 2632 4401 Domino
2661 4348 2801 4417 ﬁlios
2829 4350 3053 4402 arietum
3090 4347 3265 4421 (Psal.
3289 4354 3508 4421 xxvnt).

1922 4436 2077 4504 Quod
2108 4445 2193 4492 est
2213 4445 2402 4506 aperte
2431 4438 2612 4492 dicere
2637 4458 2649 4491 :
2682 4436 2888 4494 All‘erte
2912 4437 3159 4503 Domino,
3189 4456 3379 4496 omnes
3420 4457 3520 4496 an-

1923 4528 2025 4601 geli
2052 4528 2166 4592 Dei,
2202 4528 2399 4598 quibus
2447 4528 2607 4598 hujus
2635 4528 2798 4583 oliieii
2829 4545 2960 4584 cura
3002 4529 3248 4601 delegata
3279 4539 3397 4598 est,
3441 4530 3519 4588 εἰς

1922 4618 2061 4675 ferte
2092 4620 2318 4675 Domino
2342 4620 2395 4673 in
2426 4620 2596 4675 caelos
2626 4621 2851 4691 spiritus
2882 4621 3248 4693 lidelium,qui
3274 4641 3372 4696 per
3394 4625 3519 4682 imi-

1921 4713 2179 4768 tationem
2223 4713 2349 4767 vita:
2383 4721 2438 4768 et
2469 4713 2589 4767 ﬁdei
2613 4756 2627 4778 ,
2682 4706 2775 4768 lilii
2816 4714 3099 4770 beatorum
3145 4717 3515 4787 aposwlorum

1922 4805 2037 4860 ﬁeri
2064 4812 2398 4860 meruerunt.
2452 4805 2822 4877 Operiuntque
2864 4809 3273 4866 tabernaculum
3303 4811 3518 4870 Domini

1924 4908 2090 4978 pelles
2128 4908 2362 4963 arietum
2403 4909 2691 4964 rubricata:
2714 4918 2875 4980 atque
2905 4911 2974 4965 ab
3004 4911 3198 4982 injuria
3231 4920 3522 4984 tempesta-

1924 5004 2037 5050 tum
2081 4996 2414 5075 defendunt,
2469 5013 2593 5053 cum
2629 5000 2798 5055 sancti
2858 4994 3242 5070 praedicatores
3269 5004 3521 5074 exemplo

1925 5089 2197 5160 passionis
2220 5097 2277 5144 et
2326 5089 2601 5159 patientia:
2629 5107 2759 5156 suae,
2790 5092 2953 5146 corda
2983 5091 3327 5147 inﬁrmorum
3363 5108 3431 5149 ne
3462 5095 3517 5148 in

1926 5179 2198 5247 pressaris
2237 5179 2647 5237 tribulationum
2685 5181 2915 5236 deiicere
2940 5181 3203 5248 debeant,
3246 5183 3515 5237 muniunt.

1928 5269 1994 5322 Et
2020 5272 2275 5340 quoniam
2302 5271 2445 5326 inter
2463 5272 2732 5342 praecipua
2755 5271 2957 5328 Christi
2979 5284 3033 5329 et
3063 5275 3318 5331 Ecclesia:
3347 5289 3519 5327 mem-

1924 5362 2021 5417 bra
2058 5362 2318 5418 eximium
2347 5378 2503 5419 sacra
2532 5364 2815 5435 virginitas
2843 5364 3018 5420 locum
3049 5375 3215 5430 tenet,
3245 5374 3366 5432 apte
3394 5374 3519 5432 post

1925 5454 2194 5509 variatum
2223 5456 2389 5511 decus
2424 5457 2789 5522 eortinarum,
2825 5466 2948 5528 post
2995 5458 3293 5513 ciliciorum
3338 5456 3518 5509 muni-

1926 5546 2071 5601 mina
2094 5553 2425 5612 sanctorum,
2454 5556 2575 5618 post
2596 5549 2900 5603 rubricatas
2941 5550 3171 5603 arietum
3210 5545 3399 5616 pelles,
3428 5561 3459 5600 a
3499 5573 3527 5586 -

1928 5640 2073 5694 ditur
2101 5639 2276 5697 adhuc
2304 5652 2320 5691 :
2355 5638 2422 5692 Et
2464 5655 2621 5709 super
2654 5640 2750 5694 hoc
2779 5654 2986 5693 rursum
3034 5636 3184 5692 aliud
3231 5638 3521 5705 operimen—
