3992 6182
490 245 589 303 167

1121 232 1183 285 Β.
1225 228 1482 285 RABANI
1524 228 1746 285 MACRI
1786 226 2084 283 ARCHIL‘P

2187 223 2464 284 lOCUNT.
2505 224 2789 283 OPEltL’M
2829 222 3007 283 PARS
3042 227 3081 282 Ι.

3651 230 3756 288 {63

474 369 587 416 tum
636 353 700 409 de
751 345 1102 420 hyacinthinis
1144 343 1384 415 pellibus.
1440 342 1777 413 Hyacinthus
1832 356 2061 411 namque
2089 350 2141 406 Α
2167 343 2354 396 latatio
2379 351 2465 397 est
2491 341 2614 396 lidei
2638 349 2693 396 et
2718 351 3203 404 sacramentorum,
3244 352 3364 412 qua:
3392 342 3543 412 prius
3572 344 3624 398 in
3649 361 3761 404 una

473 445 714 503 omlestis
754 450 837 497 est
880 437 1078 495 coloris
1111 454 1123 489 :
1157 435 1311 507 pellis
1360 449 1492 489 vero
1528 434 1724 488 mortui
1775 434 2067 488 animantis

476 555 603 613 pars
633 546 687 593 et
713 534 971 590 indicium
998 538 1097 585 est.
1120 529 1187 583 Et
1209 528 1338 598 quid
1362 542 1458 598 per
1477 526 1645 596 pelles
1666 526 2066 596 byacintbinas,

475 632 582 690 nisi
629 630 803 682 virtus
838 623 1161 695 exprimitur
1217 620 1434 674 illorum
1488 619 1580 688 qui
1621 616 1962 671 mortificatis
2004 617 2069 671 ad

476 737 671 794 parum
730 717 939 772 cunctis
983 711 1434 782 concupiscentize
1477 707 1713 763 carnalis
1765 707 2070 771 illecebris,

478 812 753 867 caelestem
783 804 1184 877 quodammodo
1211 801 1263 854 in
1290 799 1452 854 terris
1470 799 1637 852 vitam
1668 805 1883 868 gerunt,
1913 805 2073 865 atque

482 905 622 957 inter
649 900 896 955 homines
923 895 1085 966 positi
1115 892 1412 962 angelicam
1442 890 1615 959 magis
1634 890 1923 960 puritatem
1954 888 2077 941 imi-

414 966 421 973 .
481 1001 682 1054 tantur,
702 990 870 1044 ethoc
884 986 1025 1056 quod
1040 994 1284 1054 tempore
1300 982 1491 1037 futura:
1507 981 1927 1036 immortalitatis
1941 996 2073 1034 cun-

482 1086 588 1140 ctis
631 1082 969 1154 promittitur
1000 1079 1190 1133 electis
1247 1076 1340 1147 qui
1391 1091 1500 1130 non
1538 1074 1745 1129 nubant
1785 1088 1956 1144 neque
1986 1073 2077 1127 du-

483 1186 608 1232 cant
632 1189 851 1236 uxores,
878 1171 968 1226 sed
996 1171 1100 1225 sint
1123 1167 1349 1239 requales
1380 1165 1580 1237 angelis
1609 1165 1710 1219 Dei
1741 1163 1892 1235 (Luc.
1944 1161 2073 1235 xx),

484 1266 583 1335 ipsi
607 1264 783 1318 adhuc
815 1259 1031 1315 mortali
1061 1272 1226 1313 carne
1252 1255 1444 1310 retenti
1474 1253 1775 1323 prmvenire
1801 1260 2071 1322 satagunt.

487 1355 640 1412 Unde
669 1352 864 1406 merito
894 1359 1001 1405 tam
1035 1362 1242 1418 magna:
1271 1344 1490 1400 virtutis
1516 1357 1873 1414 permagnum
1908 1347 2078 1395 restat

484 1448 764 1520 praemium
787 1486 801 1509 ,
847 1443 971 1514 quia
1005 1448 1297 1495 attestante
1343 1434 1626 1509 propheta,
1663 1434 1790 1489 Hau:
1818 1434 1943 1487 dicit
1974 1432 2079 1485 Do—

487 1543 663 1595 minus
684 1538 959 1601 eunuchis,
984 1535 1072 1606 qui
1104 1531 1461 1586 custodierunt
1495 1528 1712 1582 sabbata
1736 1543 1873 1587 meo,
1904 1534 1951 1578 et
1979 1522 2071 1578 ele-

485 1642 669 1704 gerunt
699 1647 817 1702 quae
854 1643 946 1698 ego
984 1625 1122 1681 volui
1148 1664 1163 1688 ,
1220 1632 1268 1677 et
1326 1630 1603 1676 tenuerunt
1653 1618 1824 1688 {aedas
1858 1628 2077 1669 meum:

2167 431 2461 487 Israelitica
2499 431 2723 496 latebat,
2758 432 2852 486 sed
2892 432 3087 486 horum
3127 426 3430 487 ministerio
3473 434 3543 489 ad
3593 438 3762 495 totius

2167 523 2318 578 orbis
2346 524 2738 593 plenitudinem
2784 524 3031 594 pervenit
3059 541 3072 577 :
3103 525 3350 594 quamvis
3392 520 3611 583 recte'in
3637 528 3766 585 lati-

2170 612 2356 667 tudine
2387 613 2690 667 tabularum
2722 614 2837 683 ipsa
2869 626 3084 684 quoque
3114 615 3360 671 dilatatio
3414 619 3593 674 cordis
3640 636 3767 677 san-

2171 714 2382 760 ctorum
2411 706 2554 760 valet
2575 706 2823 776 intelligi,
2848 722 2945 777 per
2986 723 3146 776 quam
3181 709 3440 763 mundum
3482 709 3767 783 despicere

2172 807 2335 867 atque
2379 790 2446 853 ad
2484 800 2784 868 appetenda
2833 799 3077 854 cmlesti‘a
3131 800 3302 855 solent
3334 802 3638 860 sublimiter
3675 822 3769 862 ac-

2175 887 2331 941 cendi
2356 928 2371 951 ,
2422 902 2520 957 per
2563 902 2724 958 quam
2765 903 2871 943 non
2914 889 3089 943 solum
3121 889 3325 945 amicos
3384 892 3439 946 in
3469 894 3618 961 Deo,
3672 898 3770 952 sed

2175 978 2337 1032 etiam
2370 978 2620 1032 inimicos
2647 979 2882 1048 gaudent
2908 978 3131 1050 diligere
3142 989 3364 1051 propter
3382 981 3567 1038 Deum.
3586 985 3771 1057 Spinas

2175 1082 2305 1122 vero
2330 1066 2486 1136 juxta
2513 1068 2787 1139 eloquium
2813 1068 3113 1125 Salvatoris
3142 1082 3290 1127 curae
3320 1084 3449 1129 sunt
3477 1075 3639 1146 hujus
3668 1095 3772 1135 sae-

2177 1159 2282 1215 culi
2311 1159 2513 1214 divitiae
2541 1168 2596 1215 et
2615 1161 2921 1230 voluptates
2943 1158 3202 1229 fallaces”;
3248 1166 3344 1220 sed
3366 1175 3422 1221 et
3447 1170 3771 1238 punctiones

2177 1259 2523 1320 peccatorum
2556 1267 2661 1306 non
2690 1252 2984 1323 incongrue
3010 1253 3181 1323 spinis
3213 1256 3601 1313 assimilantur.
3632 1260 3772 1318 illnc

2178 1341 2377 1396 etenim
2395 1338 2655 1411 scriptum
2678 1354 2781 1408 est,
2803 1343 2928 1413 quia
2951 1344 3116 1413 spina:
3142 1356 3431 1400 nascantur
3449 1348 3503 1402 in
3528 1352 3773 1406 manibus

2180 1434 2448 1488 temulenti
2474 1433 2656 1505 (Prov.
2698 1434 2847 1505 xxvi)
2876 1453 2889 1488 :
2924 1435 2976 1489 id
3011 1442 3113 1500 est,
3151 1446 3373 1506 peccata
3424 1438 3478 1492 in
3513 1441 3774 1509 operibus

2181 1524 2351 1579 stulti.
2385 1524 2522 1589 Quia
2547 1539 2676 1595 ergo
2701 1525 3086 1595 praedicatores
3116 1528 3289 1581 sancti
3318 1537 3374 1584 et
3406 1544 3435 1583 a
3472 1528 3777 1599 punctioni-

2181 1610 2282 1668 bus
2302 1629 2361 1667 se
2386 1614 2639 1667 vitiorum
2664 1629 2985 1686 expurgare,
3011 1624 3066 1669 et
3111 1618 3367 1672 omnibus
3406 1621 3592 1675 mundi
3625 1624 3776 1679 curis

490 1692 635 1779 Dabo
661 1692 735 1775 eis
765 1722 819 1773 in
843 1692 998 1772 domo
1025 1732 1137 1768 mea
1166 1755 1179 1778 ,
1240 1722 1289 1767 et
1318 1714 1373 1766 in
1401 1712 1567 1764 muris
1617 1708 1745 1761 meis
1795 1705 2000 1769 locum;
2031 1713 2077 1757 et
2109 1692 2155 1752 Β
2184 1705 2253 1759 ab
2297 1704 2750 1760 delectationibus
2783 1722 2984 1762 exuere
3031 1710 3372 1774 studuerunt,
3398 1720 3665 1780 quatenus
3710 1715 3779 1771 li-

490 1830 675 1868 nomen
698 1810 883 1864 melius
911 1827 943 1861 a
968 1806 1094 1876 ﬁliis
1118 1815 1163 1858 et
1206 1802 1417 1873 ﬁliabus
1436 1841 1450 1866 ,
1494 1815 1681 1854 nomen
1710 1797 2079 1867 sempiternum

488 1908 623 1961 dabo
648 1905 721 1958 eis
746 1901 885 1974 quod
933 1916 1035 1954 non
1085 1895 1356 1965 auferetur
1384 1892 1519 1964 (lsa.
1556 1890 1689 1958 LVI).
1732 1888 1923 1942 Merito
1951 1899 2080 1956 ergo

492 1998 657 2069 pelles
706 1991 1071 2067 hyacinthinus
1118 1999 1429 2057 supremum
1488 1984 1543 2037 in
1572 1983 1732 2037 domo
1761 1980 1858 2034 Dei
1905 1978 2080 2069 locum

492 2095 708 2152 tenent;
751 2085 1007 2151 colorque
1061 2078 1297 2135 caelestis
1348 2075 1649 2146 proximam
1698 2070 1839 2127 coelo
1899 2068 2081 2123 sedem

490 2180 715 2235 sortitus
737 2184 839 2236 est,
874 2184 933 2228 ut
958 2172 1109 2228 chori
1138 2168 1448 2239 virginales,
1476 2174 1532 2219 et
1554 2163 1718 2218 animi
1747 2170 1801 2215 et
1822 2158 2070 2228 corporis

496 2268 714 2340 speciali
747 2265 941 2321 vicinia
989 2276 1186 2334 agnum
1223 2258 1504 2321 secuturi,
1556 2263 1611 2309 et
1662 2252 1986 2324 hymnorum
2030 2247 2080 2302 ei

495 2362 681 2415 laudes
710 2358 1058 2427 designentur
1103 2367 1226 2407 esse
1270 2348 1560 2405 eantaturi.
1613 2346 1758 2401 Bene
1803 2350 1984 2397 autem
2016 2341 2083 2396 de

501 2453 635 2509 velis
673 2451 1005 2506 cortinarum
1047 2461 1112 2500 ac
1154 2457 1405 2513 sagorum
1435 2441 1651 2501 dicitur,
1691 2437 1835 2507 quod
1858 2443 1914 2490 et
1952 2434 1998 2488 si
2028 2433 2083 2487 in

497 2532 939 2613 alto'posita,'ad
980 2545 1181 2590 terram
1236 2540 1416 2586 tamen
1464 2529 1699 2584 demissa
1749 2524 2081 2595 penderent,

497 2631 745 2704 quamvis
774 2628 999 2684 cortina:
1034 2635 1376 2693 nequaquam
1411 2619 1480 2673 ad
1511 2628 1717 2672 terram
1762 2630 1936 2685 usque
1963 2629 2087 2685 per-

498 2725 706 2795 tingere
732 2718 1024 2790 potuerint.
1048 2714 1328 2770 Columnas
1375 2723 1591 2782 quoque
1645 2723 1711 2763 ac
1761 2706 1959 2761 tabulae
2005 2714 2088 2759 ta-

499 2811 799 2876 bernaculi,
826 2818 881 2864 et
908 2809 952 2864 si
994 2807 1046 2861 in
1077 2806 1247 2860 altum
1275 2811 1431 2859 erant
1472 2806 1691 2863 erectae,
1714 2798 1878 2854 bases
1903 2804 2086 2852 tamen

501 2905 554 2960 in
581 2903 775 2973 quibus
813 2908 1021 2955 starent
1049 2896 1321 2951 habebant
1353 2895 1409 2948 in
1437 2900 1583 2948 terra
1607 2892 1834 2963 positas.
1862 2889 1932 2944 At
1957 2902 2088 2943 vero

500 2995 568 3050 de
615 2992 909 3048 lubricatis
943 2998 1104 3059 atque
1151 2985 1517 3058 byacintbinis
1561 2984 1805 3055 pellibus,
1839 2981 1982 3052 quod
2029 2980 2084 3036 in

501 3047 613 3140 alto
639 3091 838 3137 tectum
883 3047 1154 3149 operiant,
1182 3047 1398 3132 dicitur.
1431 3047 1584 3141 Quod
1611 3090 1742 3130 vero
1776 3047 2086 3127 ad'terram
2113 3047 2159 3110 (εἶ

503 3179 684 3228 essent
711 3169 948 3230 delicate,
990 3180 1098 3220 non
1138 3165 1392 3217 additur:
1425 3163 1551 3230 quia
1598 3162 1851 3216 nimirum
1881 3168 2093 3214 caetera:

505 3263 769 3316 virtutum
823 3257 1030 3327 species
1055 3268 1343 3309 commune
1388 3251 1589 3320 aliquid
1619 3264 1743 3305 cum
1794 3250 1992 3319 bisqui
2036 3248 2092 3303 in

504 3363 649 3407 terra
699 3351 874 3403 adhuc
921 3348 1246 3409 detinentur,
1277 3343 1480 3398 habere
1507 3342 1773 3397 videntur.
1807 3341 2092 3396 Certamen

507 3455 639 3495 vero
665 3436 934 3507 martyrii,
959 3443 1015 3489 et
1042 3435 1205 3490 decus
1226 3435 1334 3487 Deo
1356 3433 1548 3487 dicatae
1567 3432 1915 3502 virginitatis,
1938 3429 2094 3501 quasi

509 3530 578 3584 ab
607 3527 808 3581 inlimis
832 3540 896 3579 ac
925 3523 1157 3578 terrenis
1188 3523 1348 3577 rebus
1395 3534 1733 3590 suspensum,
1764 3529 1819 3573 et
1847 3519 2094 3589 supernis

507 3617 717 3673 civibus
743 3614 1053 3685 specialiter
1078 3621 1293 3667 constat
1318 3626 1439 3667 esse
1460 3611 1825 3681 conjunetum.

1093 3722 1318 3779 CAPUT
1357 3722 1495 3778 XIV.

507 3819 588 3876 De
640 3816 832 3872 tabulis
872 3816 1194 3871 tabernaculi
1223 3826 1271 3870 et
1321 3816 1573 3885 positione
1607 3833 1788 3871 earum
1876 3827 2093 3871 recttum

996 3903 1177 3939 eorum
1209 3897 1258 3939 et
1300 3885 1639 3939 armatorum.

580 3978 772 4033 Facies
800 3988 850 4032 et
883 3976 1088 4031 tabulas
1114 3986 1308 4030 stantes
1354 3975 1698 4038 tabernaculi,
1727 3977 1791 4029 de
1813 3976 1968 4046 lignis
2008 3993 2091 4031 se-

509 4070 671 4133 tltim,
717 4084 833 4139 quae
869 4064 1090 4135 singula:
1135 4065 1298 4118 denos
1329 4064 1526 4118 cubitos
1559 4065 1615 4118 in
1648 4063 1971 4135 longitudine
1999 4066 2096 4118 Im-

509 4161 685 4222 beant,
714 4167 763 4212 et
800 4158 857 4210 in
887 4155 1166 4208 latitudine
1212 4151 1446 4224 singulos
1491 4171 1554 4209 ac
1597 4155 1880 4208 semissem.
1906 4154 2090 4227 Ligna

510 4250 707 4307 scthim
745 4249 811 4302 de
867 4247 1064 4317 quibus
1104 4244 1508 4300 tabernaculum
1551 4245 1713 4301 {iebat
1747 4245 2093 4314 imputribilis

510 4349 639 4396 sunt
667 4347 907 4403 naturae,
955 4337 1139 4392 eximii
1166 4336 1418 4392 candoris
1466 4352 1532 4391 ac
1577 4336 1847 4391 levitatis:
1890 4344 1946 4391 ct
1980 4352 2090 4391 non

510 4431 738 4484 multum
771 4432 835 4484 de
862 4430 981 4483 alba
1025 4430 1200 4499 spina,
1231 4428 1345 4484 nisi
1382 4438 1560 4482 tamen
1594 4427 1979 4499 magnitudine,
2010 4428 2093 4482 di-

516 4520 735 4574 stantia.
765 4519 1353 4587 Undectllieronymus
1379 4533 1758 4586 nonnunquam
1790 4519 1842 4572 in
1868 4519 1962 4573 lib.
1996 4518 2097 4572 lie-

512 4608 783 4662 braeorum
808 4607 1188 4671 Nominotn,et
1215 4607 1267 4679 in
1295 4606 1416 4661 aliis
1441 4607 1717 4675 opusculis
1746 4607 1880 4672 suis,
1910 4608 2095 4661 setltim

513 4697 759 4752 absolute
786 4698 963 4765 spinas
994 4696 1381 4764 interpretatus
1426 4702 1530 4748 cst.
1566 4694 1728 4749 Verbi
1759 4697 1952 4765 gratia,
1976 4696 2095 4750 abel

514 4788 726 4846 setb‘im.
748 4786 921 4841 luctus
948 4788 1237 4855 spinarum.
1262 4784 1377 4839 Non
1404 4793 1582 4839 autem
1620 4784 1778 4840 facile
1803 4787 1905 4841 hoc
1928 4801 2097 4857 genus

514 4878 641 4948 ligni
671 4876 773 4931 nisi
805 4876 859 4930 in
882 4877 1111 4931 desertis
1135 4875 1369 4937 Arabite,
1398 4875 1488 4929 ubi
1535 4870 1941 4931 tabernaculum
1969 4878 2094 4933 mdi-

516 4968 802 5032 ﬁcabatur,
831 4966 969 5020 solet
996 4966 1246 5021 inveniri.
1295 4966 1449 5022 Unde
1487 4965 1662 5021 Graeci
1690 4968 1773 5021 vel
1810 4969 1983 5025 Latini
2014 4972 2097 5026 in-

515 5066 803 5129 terpretes,
829 5072 1023 5112 nomen
1078 5056 1127 5111 ei
1172 5056 1316 5111 aliud
1346 5066 1541 5126 praeter
1569 5056 1849 5112 Hebraeum
1893 5075 2096 5130 ponere

516 5152 1001 5221 nequiveruntzut
1025 5161 1171 5222 pote,
1208 5150 1360 5220 cujus
1404 5154 1544 5222 apud
1571 5168 1665 5208 eos
1717 5155 1906 5211 notitia
1950 5155 2091 5210 nulla

514 5251 661 5307 erat,
703 5242 948 5311 quamvis
984 5242 1203 5311 quidam
1228 5242 1541 5312 qualitatem
1595 5254 1802 5301 naturae
1839 5247 1956 5316 ejus
1998 5263 2097 5303 ex-

516 5335 750 5406 primere
778 5334 1019 5389 volentes
1047 5374 1059 5398 ,
1108 5333 1249 5404 ligna
1286 5335 1631 5404 imputribilia
1673 5338 2087 5395 transtulerunt.

518 5424 737 5479 Tabula:
789 5438 917 5495 ergo
971 5422 1298 5479 tabernaculi
1333 5423 1602 5493 apostolos
1630 5440 1929 5497 eorumque
1971 5444 2091 5485 suc-

517 5530 783 5582 cessores,
807 5530 902 5587 per
926 5528 1155 5585 quorum
1186 5528 1489 5569 sermonem
1518 5514 1757 5572 Ecclesia
1783 5534 1880 5588 per
1900 5519 2086 5575 orbem

513 5603 736 5661 dilatata
759 5616 861 5675 est,
887 5606 1187 5679 designant.
1213 5603 1464 5661 Latitudo
1486 5607 1629 5661 enim
1652 5608 1978 5676 tabularum,
2006 5611 2085 5667 di-

2183 1797 2313 1851 bera
2354 1806 2535 1851 mente
2567 1798 2620 1851 in
2648 1812 2833 1852 amore
2866 1798 2958 1853 Dei
2994 1807 3047 1854 et
3086 1801 3319 1869 proximi
3346 1803 3585 1871 dilatari,
3613 1814 3781 1877 atque

2185 1887 2253 1941 ad
2273 1886 2671 1955 prmdicandum
2698 1889 2923 1943 verbum
2957 1889 3114 1960 longe
3143 1891 3358 1961 lateque
3397 1904 3621 1964 possent
3650 1899 3779 1954 dis-

2183 1993 2423 2043 currere,
2442 1987 2588 2034 recte
2617 1980 2834 2045 dicitur,
2855 1981 2979 2051 quia
3002 1982 3068 2036 de
3084 1981 3243 2054 lignis
3265 1987 3542 2055 spinarum
3576 1991 3780 2046 tabulre

2184 2075 2311 2124 sunt
2335 2068 2493 2124 factae
2522 2070 2875 2125 tabernaculi.
2894 2072 3195 2144 Longitudo
3211 2077 3514 2133 tabularum
3547 2080 3782 2137 altitudo

2184 2167 2290 2224 est,
2326 2175 2446 2229 quae
2470 2160 2657 2217 decem
2689 2163 2900 2218 cubitos
2939 2163 3173 2219 habebat
3197 2184 3210 2220 :
3239 2166 3366 2237 quia
3390 2169 3566 2223 sancti
3594 2170 3788 2225 docto-

2188 2264 2275 2304 res
2306 2264 2405 2321 per
2437 2250 2839 2306 observantiam
2871 2252 3112 2323 decalogi
3140 2254 3273 2324 legis
3294 2257 3360 2310 ad
3388 2254 3784 2326 perfectionem

2187 2341 2443 2408 tendunt;
2476 2342 2604 2411 quia
2636 2357 2737 2413 pro
2780 2344 3128 2414 perceptione
3177 2346 3386 2401 denarii
3414 2348 3590 2403 diurni
3620 2350 3674 2404 in
3700 2351 3787 2405 vi-

2186 2446 2289 2486 nea
2333 2430 2541 2487 Christi
2570 2420 2824 2488 laborant
2849 2472 2865 2500 ,
2916 2434 2967 2490 id
3004 2444 3107 2499 est,
3139 2433 3227 2490 illa
3281 2436 3581 2493 intentione
3611 2441 3786 2495 verbo

2187 2522 2448 2577 doctrime
2470 2522 2747 2590 insistunt,
2783 2530 2844 2578 ut
2869 2523 3158 2594 imaginem
3188 2526 3243 2580 in
3279 2541 3338 2582 se
3369 2528 3453 2582 sui
3480 2529 3787 2587 conditoris

2188 2628 2253 2668 ac
2301 2614 2462 2684 regis,
2496 2628 2659 2683 quam
2715 2614 2890 2670 Adam
2927 2625 3187 2687 peccante
3220 2618 3613 2688 perdiderunt,
3659 2620 3786 2690 ipso

2184 2705 2427 2761 donante
2452 2714 2783 2774 restaurent;
2829 2713 2890 2762 ut
2929 2708 3047 2777 ejus
3074 2708 3217 2780 quod
3263 2713 3541 2781 peccando
3582 2714 3787 2769 nmiae.

2189 2809 2330 2867 rant,
2357 2810 2505 2858 recte
2549 2803 2780 2858 vivendo
2834 2802 3117 2872 recipiant.
3153 2801 3304 2857 Solet
3340 2818 3572 2873 namque
3601 2805 3656 2859 in
3687 2805 3786 2860 de‘

2189 2891 2344 2947 nario
2377 2894 2520 2965 regis
2564 2903 2761 2948 nomen
2793 2901 2847 2948 et
2881 2892 3058 2963 imago
3099 2893 3387 2948 contineri.
3423 2893 3530 2949 Sed
3574 2903 3633 2950 et;
3677 2896 3789 2952 hoc

2189 2980 2333 3051 quod
2386 2981 2643 3037 denarius
2669 2996 2738 3037 ex
2780 2996 2850 3037 eo
2884 2994 3081 3037 nomen
3116 2983 3360 3053 accipit,
3415 2984 3541 3053 quia
3592 2986 3787 3041 decem

2195 3072 2431 3130 nummis
2450 3073 2803 3143 compleatur;
2832 3073 2997 3128 statui
3040 3072 3234 3128 mturze
3259 3080 3457 3130 nostra
3498 3075 3789 3133 beatitudiL

2196 3166 2281 3221 nis
2307 3173 2429 3235 apte
2451 3165 2723 3235 congruit,
2765 3179 2886 3234 quae
2929 3164 2982 3219 in
3009 3179 3136 3220 vera
3167 3165 3265 3219 Dei
3302 3174 3359 3221 et
3399 3167 3633 3235 proximi
3657 3168 3789 3225 dile-

2195 3257 2374 3312 ctione
2421 3255 2720 3326 perﬁcitur.
2760 3254 2904 3310 Deus
2932 3269 3166 3325 namque
3193 3254 3329 3310 solet
3371 3257 3615 3311 ternario
3639 3272 3787 3329 saepe

2196 3362 2442 3410 numero,
2475 3355 2697 3419 propter
2720 3362 2840 3402 eam
2869 3362 2989 3417 quae
3027 3346 3141 3417 ipse
3182 3356 3267 3403 est
3292 3348 3605 3413 trinitatem,
3644 3350 3788 3423 ligu-

2197 3440 2304 3495 rari
2335 3454 2349 3494 :
2378 3440 2539 3495 homo
2564 3438 2889 3509 septenario,
2915 3439 3041 3509 quia
3071 3454 3269 3510 corpus
3310 3448 3377 3495 ei
3402 3448 3639 3509 quatuor
3686 3458 3785 3498 nob

2196 3530 2423 3586 tissimis
2447 3531 2678 3586 habetur
2704 3529 3006 3585 elementis.
3036 3529 3246 3585 Animae
3283 3545 3433 3596 vero,
3459 3531 3675 3588 honest
3703 3533 3786 3588 iit-

2199 3620 2415 3676 terioris
2443 3619 2677 3675 hominis
2705 3620 3026 3680 substantia,
3058 3619 3256 3690 triplici
3274 3620 3417 3675 solet
3454 3622 3507 3676 in
3542 3622 3786 3694 Scriptu-

2200 3710 2275 3764 ris
2302 3709 2555 3763 distantia
2602 3710 3006 3778 comprehendi.
3042 3709 3177 3764 Hinc
3206 3720 3290 3765 est
3316 3712 3464 3766 enim
3491 3713 3635 3782 quod
3662 3714 3785 3769 dili-

2199 3816 2317 3871 gere
2341 3800 2509 3855 Deum
2535 3818 2600 3855 ex
2624 3812 2732 3854 toto
2756 3802 2929 3866 corde,
2960 3810 3068 3855 tota
3108 3804 3310 3868 anima,
3338 3814 3447 3856 tota
3481 3805 3671 3859 virtute
3697 3816 3786 3859 no-

2196 3902 2307 3945 stra
2338 3892 2675 3962 praecipimur
2707 3891 2885 3964 (Deut.
2920 3891 3052 3960 xvi).
3098 3891 3243 3948 Bene
3263 3908 3397 3965 ergo
3416 3895 3634 3961 tabulae,
3666 3897 3785 3966 qui-

2194 3983 2296 4039 bus
2332 3984 2532 4038 erectis
2552 3999 2617 4038 ac
2640 3984 2909 4039 stantibus
2932 3984 3336 4039 tabernaculum
3357 4000 3516 4040 omne
3539 3988 3787 4042 contine-

2196 4081 2307 4137 tur,
2334 4072 2520 4126 decem
2545 4073 2755 4129 cubitos
2776 4075 2979 4129 habent
3005 4074 3306 4131 altitudinis
3330 4094 3342 4129 :
3377 4076 3501 4146 quia
3530 4078 3787 4134 doctores

2195 4174 2259 4215 ac
2292 4168 2532 4215 rectores
2560 4171 2761 4216 sancta:
2797 4151 3053 4219 Ecclesia:
3086 4164 3185 4219 hac
3229 4164 3530 4221 intentione
3561 4166 3672 4222 Deo
3694 4167 3788 4223 de-

2164 4330 2167 4331 r
2195 4252 2459 4311 serviunt,
2477 4261 2538 4307 ut
2564 4253 2737 4322 ipsum
2758 4253 2939 4308 anima
2958 4265 3013 4309 et
3034 4270 3198 4310 carne
3213 4255 3545 4311 immortales
3561 4272 3622 4311 ac
3638 4257 3784 4312 beati

2119 4398 2170 4456 D

2197 4342 2253 4399 in
2276 4349 2539 4397 aeternum
2553 4343 2735 4399 videre
2753 4353 3081 4399 mereantur.
3105 4345 3258 4412 Quod
3284 4361 3413 4402 vero
3437 4348 3567 4417 ipsae
3586 4346 3784 4404 tabula:

2197 4434 2407 4489 cubitos
2439 4449 2503 4489 ac
2533 4435 2812 4490 semissem
2856 4436 2906 4489 in
2938 4432 3220 4492 latitudine
3254 4438 3556 4503 habebant,
3592 4439 3786 4509 plenus

2197 4524 2288 4581 ille
2310 4525 2523 4580 cubitus
2550 4524 2936 4594 perfectionem
2958 4528 3112 4581 bona:
3126 4528 3479 4597 Operationis,
3493 4528 3782 4585 dimidium

2199 4618 2364 4673 cubiti
2403 4620 2545 4688 quod
2586 4626 2832 4689 superest
2877 4621 3273 4676 inchoationem
3316 4624 3514 4677 divina:
3543 4626 3787 4681 ostendit

2198 4709 2542 4778 cognitionis.
2574 4711 2740 4764 Deum
2792 4725 2920 4765 vero
2955 4710 3171 4765 interim
3226 4706 3330 4767 ﬁde
3365 4714 3783 4782 cognoscimus,

2205 4797 2300 4853 sed
2335 4798 2545 4869 plenam
2573 4799 2692 4866 ejus
2726 4801 3088 4871 cognitionem
3142 4802 3194 4856 in
3241 4801 3423 4857 futuro
3464 4819 3786 4873 speramus,

2200 4889 2412 4945 dicente
2441 4890 2559 4959 ipso
2586 4891 2696 4946 Deo
2724 4907 2788 4946 ac
2814 4892 3041 4947 Domino
3064 4902 3250 4948 nostro
3278 4892 3405 4948 Jesu
3435 4893 3656 4951 Clu-isto
3685 4914 3698 4949 :
3727 4895 3787 4953 Si

2197 4980 2497 5034 manseritis
2537 4981 2591 5033 in
2622 4982 2775 5035 rerba
2798 4998 2930 5047 meo,
2961 5000 3075 5038 rere
3124 4983 3372 5054 discipuli
3412 4984 3512 5037 mei
3537 4986 3709 5051 eritis,
3735 4997 3785 5041 et

2147 5070 2512 5157 .‘gognoscetis
2539 5071 2806 5141 veritatem
2837 5072 3017 5143 (Joan.
3066 5072 3207 5145 Vill).
3239 5073 3340 5140 Qui
3371 5088 3560 5129 rursus
3588 5075 3657 5129 ad
3682 5075 3788 5129 Pa-

2201 5168 2338 5213 trem
2370 5177 2382 5212 :
2420 5158 2546 5213 Hau:
2590 5162 2899 5225 chartam,
2956 5163 3161 5232 inquit,
3222 5166 3331 5217 rita
3359 5175 3576 5230 wterna,
3611 5174 3669 5219 ut
3694 5183 3787 5219 co-

2201 5260 2448 5318 gnoscant
2474 5260 2525 5309 te
2551 5251 2718 5305 solum
2756 5263 2806 5307 et
2855 5271 3030 5313 verum
3069 5254 3255 5318 Deum,
3301 5267 3349 5310 et
3401 5274 3551 5327 quem
3590 5259 3788 5314 misisti

2198 5340 2378 5397 Iesum
2410 5339 2691 5395 Christum.
2722 5342 2946 5421 Plenum
2988 5359 3119 5415 ergo
3158 5346 3285 5400 boni
3312 5348 3494 5417 operis
3535 5347 3787 5403 cubitum

2199 5430 2475 5491 habentia
2505 5435 2603 5489 hac
2634 5435 2738 5489 vita
2781 5434 2960 5499 elccti.
2994 5435 3099 5490 Sed
3143 5437 3381 5493 cubitum
3409 5438 3577 5492 licata:
3619 5441 3787 5495 retri-

2196 5524 2431 5580 butionis
2458 5541 2523 5580 ex
2562 5537 2713 5597 parte
2760 5524 2976 5590 habent,
3009 5529 3059 5582 in
3089 5539 3348 5599 quantum
3375 5532 3568 5600 ganJia
3625 5533 3787 5601 regni

2193 5615 2464 5683 perennis,
2494 5626 2547 5671 et
2590 5619 2929 5685 prtrscntiam
2968 5620 3049 5674 sui
3094 5621 3386 5678 conditoris
3422 5629 3646 5691 possunt
3686 5623 3783 5678 de~
