3992 6182
331 339 444 396 ιω

1264 331 1766 390 COMMENTARIA
1802 331 1870 386 IN
1909 331 2217 388 EXODUM.
2257 363 2326 373 —
2361 335 2489 390 LIB.
2531 337 2616 392 111.

3481 341 3502 395 l
3514 341 3584 394 7e

327 451 546 510 sideriis
571 459 905 522 praegustare
948 447 1278 502 coelestibus.
1327 444 1489 514 Cujus
1539 445 1702 499 etiam
1745 444 1912 499 cubiti
1937 448 1990 508 Α
2015 453 2216 510 tarum,
2247 445 2444 514 quibus
2473 447 2702 517 apostoli
2735 456 2789 503 et
2825 448 3182 518 Evangelistm
3206 465 3267 505 ea
3299 467 3419 522 qua:
3446 455 3582 508 scii-

327 539 714 611 adimpletione
758 547 888 593 tunc
938 535 1346 600 beatificantur,
1379 551 1510 590 cum
1537 534 1707 589 fuerit
1731 550 1910 590 sermo

325 647 491 702 quan
514 633 660 687 omni
683 631 982 686 electorum
1011 628 1206 698 populo
1253 628 1501 698 promisit
1541 627 1595 682 in
1639 627 1744 681 line
1773 627 1912 681 futu-

325 737 453 777 tum
484 722 669 777 dicens
695 739 708 775 :
749 719 989 789 Eripiam
1019 735 1137 772 eum
1177 727 1224 772 et
1249 718 1554 788 gloriﬁcabo
1577 735 1716 782 eum,
1750 717 1912 788 longi-

325 813 509 865 tudine
537 811 740 865 dierum
775 807 1068 878 adimplebo
1097 823 1238 873 eum,
1276 818 1323 862 et
1367 807 1635 861 ostendam
1658 806 1737 860 illi
1765 807 1908 860 salu-

321 911 442 954 ωτι
465 917 637 954 meum
667 897 842 958 (Psal.
874 897 985 970 xc).

397 994 462 1047 In
501 992 753 1047 lateribus
782 989 995 1056 tabulw,
1021 991 1391 1043 incastraturae
1423 988 1780 1064 ﬁent,.quibus
1817 998 1904 1044 ta-

319 1083 448 1138 bula
472 1083 626 1137 alteri
643 1079 838 1134 tabula:
857 1087 1230 1143 connectatur;
1253 1088 1406 1148 atque
1423 1079 1478 1132 in
1504 1078 1642 1132 hunc
1671 1080 1902 1144 modum,

317 1183 525 1228 meta:
550 1171 744 1227 tabula:
772 1169 1120 1240 parabuntur.
1149 1169 1527 1224 lncastratura:
1553 1168 1607 1222 in
1645 1167 1904 1224 lateribus

317 1262 626 1316 tabularum
651 1261 908 1315 virtutem
939 1259 1222 1330 designant
1272 1257 1592 1313 humilitatis
1620 1257 1674 1313 in
1706 1259 1903 1314 menti-

311 1351 421 1408 bus
455 1354 726 1424 justorum
750 1394 765 1416 ,
812 1367 910 1422 per
931 1367 1094 1421 quam
1121 1350 1353 1406 maxime
1380 1351 1482 1406 sibi
1512 1350 1742 1405 invicem
1795 1348 1902 1404 fra-

311 1454 470 1499 terna
499 1443 761 1498 charitate
781 1441 1100 1512 junguntur.
1133 1441 1267 1495 Dum
1303 1440 1449 1494 enim
1476 1439 1677 1510 singuli
1699 1439 1902 1510 quique

310 1545 506 1586 eorum
541 1532 702 1588 corde
730 1531 964 1587 contrito
998 1537 1054 1584 et
1078 1530 1380 1594 humiliato,
1413 1529 1806 1599 receptaculum
1843 1531 1898 1585 in

306 1624 763 1692 seproximorum
802 1620 1079 1676 dilectioni
1109 1627 1456 1691 praeparant,
1511 1629 1567 1674 et
1615 1618 1900 1690 diligendis

307 1729 373 1768 se
400 1712 661 1768 fratribus
716 1712 912 1768 merito
955 1711 1172 1782 pietatis
1195 1726 1262 1765 ac
1289 1710 1592 1765 devotionis
1619 1709 1896 1777 exhibent,

2012 549 2170 604 psere
2199 550 2262 590 ac
2305 536 2672 606 praedicavere
2695 579 2713 603 ,
2765 553 2893 592 vera
2939 554 3058 594 esse
3085 555 3150 594 ac
3178 541 3354 595 divina
3387 545 3585 612 proba-

2012 624 2163 678 bant.
2191 625 2345 680 Unde
2372 635 2455 681 est
2497 627 2626 681 illud
2665 629 2719 681 in
2748 627 3040 699 Evangelio
3073 629 3368 698 smpissime
3389 635 3586 702 repeti-

2013 724 2126 770 tum
2178 734 2189 768 :
2247 715 2392 769 Tunc
2438 715 2778 787 adimpletum
2823 728 2920 782 est,
2965 719 3102 789 quod
3150 719 3347 772 dictum
3376 731 3451 774 est
3493 739 3584 791 per

2008 803 2315 872 prophetam
2339 821 2358 869 ;
2385 811 2461 869 et,
2490 802 2607 858 Hoc
2639 814 2812 858 autem
2838 815 3001 860 totum
3035 807 3237 876 factum
3285 817 3378 874 est,
3407 819 3464 864 ut
3492 812 3585 864 ad-

2007 891 2346 961 implerentur
2402 895 2675 964 scriptura:
2743 896 3134 968 prophetarum.
3188 898 3256 952 Et
3309 899 3583 969 apostolus

2007 979 2202 1036 Petrus
2232 982 2297 1038 de
2330 983 2559 1039 Domino
2586 985 2954 1042 testimonium
2979 988 3274 1057 perhibetis
3295 1029 3313 1056 ,
3343 991 3540 1061 adjecit
3564 1011 3579 1045 :

2007 1069 2076 1122 Et
2118 1071 2367 1128 habemus
2407 1075 2692 1144 ﬁrmiorem
2725 1077 3083 1148 propheticum
3133 1095 3462 1146 sermonem,
3497 1085 3585 1137 cui

2007 1159 2309 1232 benefacitis
2352 1165 2675 1220 attendentes
2707 1166 2791 1238 (II
2820 1163 2966 1221 Petr.
2997 1167 3071 1240 ι).
3095 1166 3242 1224 Bene
3267 1175 3448 1223 autem
3474 1171 3586 1225 sin-

2004 1252 2143 1322 gulis
2188 1254 2383 1310 tabulis
2407 1257 2548 1312 binte
2584 1259 2743 1314 bases
2763 1270 3169 1330 supponuntur,
3202 1270 3260 1315 ut
3281 1277 3582 1318 consensus

2003 1343 2336 1410 prophetica;
2370 1347 2732 1402 attestationis
2780 1348 2833 1402 in
2887 1351 3138 1406 omnibus
3182 1367 3302 1422 qua:
3351 1353 3578 1422 apostoli

2004 1431 2192 1488 dixere
2229 1444 2602 1504 monstretur;
2646 1437 2732 1492 vel
2765 1447 2930 1494 certae
2960 1438 3102 1495 binae
3142 1441 3300 1497 bases
3355 1443 3582 1515 singulis

2001 1525 2200 1580 tabulis
2229 1542 2327 1596 per
2344 1525 2486 1583 .duos
2508 1529 2730 1599 angulos
2757 1529 3118 1599 subjiciuntur
3141 1574 3155 1599 ,
3196 1540 3272 1600 ut,
3309 1534 3445 1590 bene
3468 1534 3581 1589 suf-

2002 1613 2151 1670 fultis
2179 1617 2419 1688 angulis,
2464 1627 2574 1674 tota
2624 1629 2772 1676 recte
2817 1631 2873 1676 et
2915 1622 3364 1679 indeclinabiliter
3411 1627 3583 1696 possit

2005 1705 2184 1760 tabula
2216 1709 2517 1788 consistere
2549 1727 2561 1761 :
2594 1711 2719 1779 quia
2751 1711 2927 1766 omnis
2958 1712 3254 1783 evangelici
3284 1722 3340 1768 et
3365 1723 3582 1783 aposto-

307 1803 473 1871 quasi
496 1803 686 1858 tabula:
709 1817 900 1858 omnes
927 1800 1258 1857 tabernaculi
1288 1801 1430 1855 inter
1449 1801 1769 1855 alterutrum
1802 1817 1901 1870 per
1927 1793 1974 1851 B
2002 1795 2090 1852 lici
2113 1799 2400 1865 sermonis,
2427 1801 2478 1852 in
2507 1801 2836 1870 propheticis
2863 1801 3077 1866 litteris,
3118 1811 3172 1857 et
3207 1803 3420 1858 initium
3447 1821 3582 1874 prm-

307 1894 687 1948 incastraturze
721 1908 918 1948 nexum
971 1891 1309 1961 copulantur.
1351 1891 1419 1946 Et
1466 1891 1682 1961 quidem
1713 1901 1896 1947 erecto

309 1983 661 2038 tabernaculo
690 1998 754 2038 ac
781 1982 1101 2053 regulariter
1128 1989 1257 2036 ante
1304 1980 1552 2037 ordinato
1577 2021 1592 2043 ,
1636 1996 1895 2051 compago

309 2075 614 2129 tabularum
644 2074 815 2144 ﬁgura
841 2075 1220 2130 incastraturas
1243 2091 1348 2130 on
1383 2075 1655 2141 cernitur;
1690 2084 1895 2144 quanta

312 2175 492 2220 tamen
515 2167 712 2220 virtute
745 2165 956 2220 tabulas
979 2166 1194 2220 sibimet
1223 2167 1630 2231 coadunaverit,
1663 2167 1776 2237 ipsa
1799 2183 1894 2237 pa-

309 2257 462 2310 rietis
489 2257 798 2312 inconcussi
851 2257 1006 2311 firma
1053 2257 1322 2312 stabilitas
1349 2259 1626 2312 ostendit:
1665 2259 1789 2327 quia
1814 2259 1892 2312 ni-

307 2343 506 2396 mirum
532 2343 811 2398 humilitas
839 2342 1017 2398 cordis
1055 2351 1388 2408 sanctorum,
1431 2359 1537 2412 qua
1576 2343 1685 2398 sibi
1731 2343 1895 2398 alter-

307 2441 490 2485 utrum
521 2432 876 2496 foederantur,
893 2432 1024 2488 foris
1043 2433 1352 2489 hominibus
1371 2433 1540 2488 videri
1564 2449 1669 2488 non
1692 2443 1890 2504 potest,

306 2525 398 2579 sed
418 2525 548 2593 quid
570 2525 714 2578 intus
733 2533 990 2595 operetur
1020 2539 1086 2580 ex
1135 2525 1251 2594 ipso
1279 2532 1480 2579 sanctae
1509 2525 1767 2581 Ecclesia:
1795 2542 1890 2596 pa-

304 2615 590 2669 catissimo
629 2621 774 2669 statu
801 2613 981 2683 palam
1023 2615 1273 2669 omnibus
1310 2622 1474 2684 patet.
1510 2614 1664 2682 Quod
1709 2625 1890 2671 autem

299 2703 463 2776 jubet
492 2706 621 2760 duas
648 2705 701 2759 in
723 2705 918 2760 tabulis
947 2705 1171 2774 singulis
1198 2705 1589 2760 incastraturas
1621 2705 1758 2771 fieri,
1787 2707 1890 2761 hoc

303 2805 393 2851 est
435 2797 490 2850 in
536 2805 751 2864 utroque
778 2795 948 2852 latere
995 2795 1228 2859 illarum,
1260 2795 1546 2864 dupliciter
1593 2795 1762 2864 accipi
1791 2810 1891 2863 per

304 2886 537 2956 ﬁguram
574 2893 788 2954 potest:
820 2893 882 2938 ut
919 2884 1048 2939 etin
1091 2886 1363 2955 prosperis
1387 2884 1546 2939 simul
1592 2894 1754 2954 atque
1797 2885 1891 2940 ad-

302 2979 478 3033 versis
508 2977 766 3032 inviolata
795 2991 924 3049 erga
975 2976 1172 3032 fratres
1218 2978 1344 3048 jura
1395 2977 1681 3032 charitatis
1708 2991 1890 3033 serve-

302 3084 440 3123 mus.
465 3067 705 3134 Quarum
745 3068 924 3138 uiginti
951 3076 1102 3122 erunt
1137 3067 1189 3120 in
1218 3067 1380 3122 latere
1409 3067 1720 3132 meridiano,
1745 3068 1887 3139 quod

1998 1889 2270 1958 signatum
2305 1890 2582 1944 invenitur
2618 1900 2673 1946 et
2723 1892 2864 1946 linis.
2897 1893 3040 1947 Bene
3071 1893 3270 1947 emdem
3298 1895 3456 1949 bases
3497 1912 3582 1950 arb

1995 1987 2204 2049 genteze
2247 1989 2375 2034 sunt
2400 1980 2587 2044 factae,
2623 1989 2842 2050 propter
2866 1981 3098 2037 nitorem
3139 1981 3388 2038 videlicet
3427 1984 3576 2037 verbi

1995 2068 2256 2124 cmlestis.
2290 2068 2516 2140 Eloquia
2549 2071 2693 2128 enim
2725 2071 2935 2125 Domini
2957 2071 3161 2141 eloquia
3193 2082 3361 2136 casta,
3391 2089 3578 2142 argen—

1995 2168 2107 2212 tum
2141 2160 2258 2230 igne
2276 2161 2633 2215 examinatum
2657 2160 2914 2216 terran
2943 2162 3104 2218 latere
3125 2180 3327 2235 quoque
3350 2165 3576 2218 secundo

1993 2251 2347 2318 tabernaculi,
2373 2254 2512 2323 quod
2537 2256 2694 2324 vergit
2718 2255 2786 2308 ad
2819 2254 3133 2325 aquilonem,
3177 2257 3355 2326 viginti
3381 2255 3576 2309 tabula:

1991 2350 2144 2394 erunt
2197 2344 2547 2412 quadraginta
2601 2343 2842 2398 habentes
2899 2345 3045 2399 bases
3092 2357 3385 2415 argenteas.
3425 2345 3575 2399 Bima

1993 2432 2141 2487 bases
2163 2433 2382 2504 singulis
2405 2433 2597 2488 tabulis
2616 2444 2992 2505 supponentur.
3021 2435 3189 2490 Latus
3218 2435 3574 2489 meridianum

1993 2525 2326 2581 tabernaculi
2372 2526 2516 2596 quod
2549 2527 2806 2597 vergebat
2853 2527 2921 2581 ad
2970 2535 3252 2590 austrum,
3296 2526 3575 2595 antiquam

1991 2614 2139 2670 illam
2177 2616 2273 2671 Dei
2314 2617 2526 2686 plebem
2586 2616 2871 2685 designat,
2922 2633 3041 2686 quae
3095 2617 3270 2671 lucem
3334 2617 3576 2672 scientiae

1989 2708 2178 2780 legalis
2212 2707 2326 2778 jam
2367 2710 2570 2764 dudum
2609 2709 2881 2779 accipiens
2906 2750 2920 2774 ,
2957 2725 3142 2764 amore
3170 2710 3250 2763 sui
3279 2709 3576 2762 conditoris

1989 2797 2203 2853 fervere
2232 2799 2455 2854 solebat.
2492 2799 2664 2854 Porro
2692 2799 2835 2855 latus
2864 2801 3181 2865 secundum,
3218 2802 3361 2869 quod
3389 2816 3576 2871 verge-

1988 2886 2083 2940 bat
2110 2888 2177 2940 ad
2207 2889 2514 2958 aquilonem
2549 2905 2669 2943 tam
2697 2905 2817 2958 qua:
2847 2890 3086 2945 tenebris
3126 2906 3190 2946 ac
3225 2889 3424 2962 frigore
3452 2890 3574 2944 inli-

1989 2974 2230 3031 delitatis
2257 2993 2429 3047 usque
2463 2979 2532 3033 ad
2581 2987 2791 3048 tempus
2837 2979 3131 3035 Dominicae
3183 2980 3572 3035 incarnationis

1990 3075 2206 3138 torpere
2253 3083 2360 3122 non
2392 3069 2677 3124 destiterat
2720 3071 2960 3140 gentium
3005 3071 3404 3126 multitudinem
3437 3070 3571 3142 ligu-

303 3161 461 3230 eengit
486 3133 554 3212 ad
576 3133 852 3215 austrum:
874 3159 1061 3230 quibus
1073 3159 1425 3230 quadraginta
1446 3158 1591 3214 bases
1613 3133 1885 3230 argenteas
1913 3133 1959 3196 C
1990 3133 2120 3214 rat—z
2145 3158 2213 3214 de
2257 3157 2410 3228 cujus
2439 3133 2749 3216 vocatione.
2763 3161 2991 3231 pulchre
3027 3163 3287 3217 Dominus
3315 3179 3418 3232 per
3442 3133 3571 3234 pro-

303 3251 508 3319 fundes,
541 3259 597 3302 ut
625 3250 762 3304 bina
791 3250 936 3304 bases
960 3247 1178 3319 singulis
1203 3246 1392 3301 tabulis
1416 3265 1508 3319 per
1534 3248 1666 3303 duos
1711 3266 1884 3320 angu-

301 3342 380 3395 los
415 3342 788 3411 subjiciuntur.
814 3341 1024 3408 Quanta
1054 3340 1218 3396 fuerit
1245 3341 1522 3412 longitudo
1551 3340 1884 3397 tabernaculi

301 3434 608 3504 specialiter
631 3449 738 3489 non
763 3433 1104 3503 exprimitur,
1147 3431 1242 3486 sed
1274 3447 1340 3487 ex
1367 3447 1431 3486 eo
1474 3431 1716 3486 innuitur
1741 3433 1884 3501 quod

302 3524 664 3595 parietesejus
675 3539 742 3577 ex
765 3523 964 3578 tabulis
986 3521 1172 3592 viginti
1189 3521 1451 3592 compacti
1470 3529 1649 3576 essent
1673 3539 1688 3587 ;
1722 3531 1778 3576 et
1801 3522 1885 3577 hae

303 3613 518 3683 singula:
543 3611 787 3683 singulos
819 3612 1028 3666 cubitos
1059 3625 1124 3666 ac
1160 3610 1439 3666 semissem
1469 3609 1768 3665 latitudinis
1788 3611 1884 3664 ha-

303 3703 479 3758 buisse
525 3704 904 3772 perhibentur.
936 3701 1137 3774 Viginti
1169 3718 1403 3773 namque
1429 3703 1597 3757 cubiti
1642 3710 1699 3756 et
1726 3702 1884 3758 vities

303 3796 464 3849 semis
487 3796 656 3850 cubiti
681 3835 698 3861 ,
742 3795 963 3866 triginta
988 3795 1298 3851 cubitorum
1340 3809 1606 3849 summam
1653 3793 1885 3864 comple-

301 3885 467 3939 bunt:
497 3899 662 3956 quam
701 3884 868 3940 fuisse
919 3883 1252 3940 tabernaculi
1297 3882 1687 3954 longitudinem
1717 3882 1881 3938 etiam

305 3975 564 4047 Iosephus
591 3978 800 4033 scribit.
850 3978 917 4032 Et
939 3976 1076 4032 bene
1123 3977 1226 4032 hoc
1271 3991 1499 4031 numero
1547 3974 1882 4033 tabernaculi

304 4065 579 4138 longitude
625 4067 1140 4138 comprehenditur:
1175 4067 1303 4138 quia
1354 4077 1466 4123 tres
1495 4078 1621 4123 sunt
1649 4069 1881 4126 virtutes

305 4159 358 4213 in
381 4161 579 4230 quibus
612 4160 984 4231 principaliter
1010 4160 1185 4214 omnis
1210 4167 1410 4214 sanctae
1457 4160 1712 4216 Ecclesiae
1755 4177 1880 4232 per-

303 4248 458 4308 fectio
486 4253 772 4317 consistit,
817 4251 1071 4307 videlicet
1102 4250 1236 4307 fides
1259 4292 1275 4318 ,
1326 4267 1450 4322 spes
1493 4259 1548 4306 et
1598 4253 1876 4310 charitas:

304 4359 535 4415 qamper
572 4345 760 4400 decem
787 4343 1309 4414 multiplicantur,ut
1340 4343 1662 4398 tricenarius
1693 4358 1881 4398 nume-

306 4449 392 4489 rus
440 4435 763 4504 impleatur,
813 4435 939 4490 dum
980 4433 1268 4488 virtutibus
1301 4433 1497 4488 mentis
1536 4448 1698 4502 opera
1737 4434 1878 4488 bona

301 4524 616 4597 junguntur,
641 4542 766 4596 qua:
791 4525 1045 4594 decalogo
1073 4525 1208 4595 legis
1232 4524 1600 4586 continentur,
1654 4538 1720 4576 ne
1759 4523 1881 4592 quis

307 4615 401 4668 sibi
440 4614 606 4669 tidem
631 4655 646 4678 ,
698 4630 849 4684 spem
890 4623 946 4667 et
999 4613 1343 4668 dilectionem
1381 4612 1435 4666 in
1482 4612 1650 4666 Deum
1682 4611 1883 4682 absque

305 4722 520 4776 operum
553 4707 877 4762 executione
902 4713 1058 4774 putet
1085 4703 1331 4759 sutIiccre.
1359 4718 1536 4773 posse.
1574 4702 1727 4769 Quod
1755 4717 1882 4758 vero

305 4812 559 4852 numerus
600 4795 907 4850 tabularum
937 4795 1243 4850 vicenarius
1270 4802 1387 4859 est,
1438 4801 1492 4848 et
1531 4793 1633 4846 hoc
1675 4808 1883 4862 magna:

304 4897 611 4942 sanctorum
639 4886 990 4957 perfectionis
1022 4886 1339 4956 mysterium
1376 4884 1638 4939 continet.
1681 4882 1885 4949 Quater

303 4979 442 5032 enim
483 4978 682 5048 quini,
726 4976 935 5031 faciunt
988 4975 1175 5046 viginti
1211 4993 1224 5028 :
1255 4982 1309 5029 et
1353 4991 1474 5028 cum
1512 4974 1596 5026 lex
1651 4972 1883 5027 Mosaica

300 5069 539 5138 quinque
573 5067 748 5133 libris,
788 5066 960 5137 gratia
988 5074 1169 5120 autem
1196 5073 1249 5118 et
1284 5063 1483 5118 veritas
1519 5063 1653 5118 Novi
1696 5063 1884 5118 Testa-

302 5156 466 5209 menti
516 5164 752 5225 quatuor
791 5155 962 5210 sancti
1016 5153 1293 5224 Evangelii
1337 5153 1700 5209 voluminibus
1737 5169 1884 5208 com-

300 5245 717 5312 prehensaest,
775 5246 970 5299 merito
1022 5245 1194 5298 sancti
1255 5243 1507 5300 doctores
1541 5285 1556 5310 ,
1607 5245 1883 5298 vicenario

303 5349 524 5390 numero
551 5336 956 5406 exprimuntur,
988 5334 1111 5402 quia
1154 5335 1291 5387 miro
1320 5334 1568 5388 veritatis
1589 5349 1880 5402 consensu,

300 5440 359 5486 et
390 5433 625 5486 revelata
657 5441 823 5500 atque
845 5429 1106 5499 completa
1137 5429 1189 5482 in
1215 5429 1504 5498 Evangelio
1525 5429 1657 5499 legis
1684 5445 1881 5484 arcana

301 5522 674 5586 manifestam,
721 5532 776 5576 et
807 5521 1148 5591 prmlignrata
1179 5519 1345 5575 fuisse
1375 5521 1428 5574 in
1461 5521 1576 5589 lege
1605 5521 1879 5592 Evangelii

302 5622 642 5668 sacramenta
683 5611 981 5666 declarant.
1031 5611 1194 5665 [lases
1231 5619 1412 5665 autem
1441 5611 1635 5678 quibus
1686 5611 1880 5665 tabula:

301 5703 749 5758 stistentabantur
772 5742 786 5766 ,
827 5699 987 5754 verba
1017 5709 1141 5754 sunt
1167 5708 1219 5753 et
1245 5700 1368 5754 libri
1401 5699 1531 5770 legis
1559 5716 1620 5754 ac
1650 5701 1878 5770 prophe-

702 5797 974 5855 Pnnon.
1019 5793 1237 5855 Ci'lll.

1907 4476 1960 4536 D

1987 3251 2209 3321 pbetam
2238 3268 2252 3304 :
2279 3251 2499 3316 Dicam,
2530 3252 2738 3321 inquit,
2775 3253 3011 3323 aquiloni
3037 3267 3054 3304 .'
3090 3253 3195 3318 Da;
3241 3265 3288 3308 et
3336 3266 3516 3309 austro
3547 3269 3568 3308 :

1989 3340 2120 3396 Noli
2141 3342 2417 3412 prohibere
2447 3341 2580 3414 (Isa.
2607 3341 2763 3415 sun)
2796 3360 2808 3396 :
2842 3341 2994 3410 Quod
3021 3353 3103 3398 est
3135 3351 3319 3413 aperte
3343 3345 3525 3400 dicere
3551 3362 3568 3400 :

1987 3430 2176 3486 Dicam
2204 3431 2402 3502 populo
2429 3431 2670 3502 gentium
2697 3432 2899 3487 diutius
2932 3433 3048 3487 sine
3080 3432 3185 3488 ﬁde
3214 3433 3415 3505 algenti
3450 3450 3464 3488 :
3493 3435 3569 3489 Da

1988 3523 2054 3577 de
2081 3523 2188 3577 tuis
2214 3522 2340 3578 filiis
2367 3523 2463 3592 qui
2484 3522 2552 3577 ad
2574 3538 2707 3578 mea:
2729 3523 2892 3578 ﬁdem
2913 3524 3268 3582 confessionis
3289 3535 3343 3581 et
3367 3527 3571 3583 amoris

1987 3614 2332 3668 conveniant.
2351 3613 2538 3668 Dicam
2561 3622 2618 3668 et
2643 3614 2787 3684 plebi
2809 3613 3137 3680 Israeliticae,
3161 3631 3281 3685 qua:
3297 3615 3408 3685 jam
3434 3633 3570 3674 mea

1985 3701 2190 3758 lumine
2216 3701 2541 3773 cognitionis
2564 3703 2847 3758 fruebatur
2875 3719 2890 3758 :
2920 3704 3038 3760 Noli
3061 3705 3353 3776 prohibere
3382 3719 3569 3778 gentes

1985 3796 2042 3850 in
2076 3802 2280 3850 sortem
2307 3793 2587 3850 electionis
2618 3796 2806 3865 recipi.
2836 3797 3022 3852 Dicam
3063 3795 3314 3852 Cornelio
3356 3814 3420 3853 ac
3468 3799 3566 3854 do-

1986 3883 2098 3939 mui
2146 3881 2264 3952 ejus
2312 3901 2324 3937 :
2372 3882 2560 3939 Fidem
2597 3893 2655 3938 et
2696 3885 2967 3956 baptisma
3034 3885 3234 3940 Christi
3290 3887 3567 3958 suscipite.

1985 3975 2174 4031 Dicam
2198 3973 2399 4030 Iudaeis
2430 3989 2444 4028 :
2476 3973 2653 4030 Nolite
2683 3989 2879 4048 cogere
2901 3977 3190 4033 credentes
3217 3993 3282 4032 ex
3312 3978 3566 4048 gentibus

1986 4066 2302 4121 circumcidi
2333 4107 2346 4130 ,
2385 4065 2583 4134 quibus
2606 4065 2756 4121 fonte
2784 4067 3041 4137 baptismi
3068 4069 3406 4123 consecratis
3433 4068 3567 4122 fides

1985 4167 2040 4212 et
2078 4157 2349 4213 confessio
2401 4158 2645 4212 veritatis
2703 4159 2772 4212 ad
2821 4159 3051 4213 salutem
3105 4158 3321 4213 sutIicit.
3396 4159 3566 4214 Unius

1985 4257 2166 4303 autem
2210 4248 2420 4302 numeri
2451 4287 2468 4314 ,
2518 4263 2898 4303 mensurarum
2949 4258 3005 4302 et
3052 4248 3314 4315 facturae,
3350 4250 3561 4305 tabulas

1983 4349 2274 4408 utrumque
2301 4339 2442 4392 latus
2467 4338 2676 4393 habuit.
2709 4338 2846 4404 Quia
2887 4338 3143 4392 nimirum
3184 4354 3290 4392 una
3345 4341 3561 4394 eadem-

1985 4446 2093 4500 que
2131 4429 2285 4494 tides,
2313 4444 2455 4499 spes,
2485 4429 2746 4493 charitas,
2775 4429 2989 4498 utrique
3007 4427 3204 4498 populo
3229 4443 3328 4497 per
3351 4438 3564 4498 aposto-

1987 4525 2072 4579 los
2097 4523 2440 4594 praedicatur,
2469 4522 2536 4576 ad
2559 4537 2666 4576 una
2693 4531 2917 4591 uterque
2941 4521 3211 4590 promissa
3252 4523 3405 4594 regni
3455 4539 3565 4578 ca:-

1985 4617 2136 4671 lestis
2161 4623 2401 4670 vocatur.
2443 4615 2524 4668 Ad
2560 4611 2934 4667 occidentalem
2977 4629 3094 4667 vero
3135 4613 3346 4684 plagam
3395 4616 3568 4670 taber-

1985 4704 2162 4760 naculi
2193 4705 2355 4774 [acies
2405 4721 2496 4758 sex
2547 4703 2790 4768 tabulas;
2825 4713 2871 4757 et
2915 4721 3123 4756 rursum
3162 4704 3296 4759 alias
3331 4705 3465 4760 duas
3510 4708 3566 4762 in

1984 4795 2234 4866 angulis;
2277 4805 2323 4849 et
2357 4796 2630 4864 erigantur
2668 4803 2786 4866 post
2823 4804 3023 4863 tergunt
3075 4795 3420 4848 tabernaculi.
3474 4795 3564 4851 Jo-

1986 4887 2185 4956 sepbus
2216 4885 2406 4940 scribit
2444 4885 2511 4939 de
2552 4884 2902 4940 tabernaculo
2926 4924 2940 4948 ,
2973 4885 3113 4953 quod
3140 4884 3323 4940 deCem
3352 4887 3565 4942 cubitos

1986 4977 2236 5031 habuerit
2264 4975 2584 5030 latitudinis.
2620 4976 2821 5030 Scribit
2847 4976 3011 5030 etiam
3050 4977 3192 5044 quod
3232 4976 3426 5032 tabula:
3447 4977 3565 5047 ejus

1986 5081 2253 5119 mensura:
2267 5073 2500 5134 quatuor
2519 5064 2806 5134 digitorum
2830 5063 3030 5119 fuerint
3045 5082 3075 5118 a
3091 5074 3234 5119 terra
3256 5081 3560 5136 suspensae:

1987 5170 2052 5209 ex
2082 5171 2190 5224 quo
2219 5156 2432 5210 videtur
2465 5155 2602 5210 velle
2631 5155 2856 5226 intelligi
2892 5155 3034 5224 quod
3062 5164 3223 5210 tanta:
3263 5155 3563 5211 altitudinis

1985 5244 2143 5300 facta:
2186 5244 2389 5299 fuerint
2414 5244 2651 5313 ipsarum
2682 5245 2839 5299 bases
2879 5243 3201 5298 tabularum.
3233 5243 3334 5310 Qui
3374 5260 3562 5299 rursus

1986 5338 2051 5391 de
2081 5339 2183 5392 hoc
2214 5337 2354 5406 quod
2399 5336 2558 5390 modo
2600 5336 2979 5404 proposuimus
3019 5337 3254 5405 capitulo
3284 5351 3346 5390 ac
3373 5335 3437 5388 de
3469 5350 3566 5390 vc.-

1985 5429 2162 5482 ctibus
2193 5427 2495 5481 tabularum
2541 5427 2615 5480 ita
2657 5427 2785 5482 dicit
2827 5443 2842 5481 :
2888 5425 3209 5482 Postcrioris
3240 5433 3420 5478 autem
3465 5441 3566 5494 [ia-

1985 5519 2136 5573 rietis
2166 5534 2356 5572 novem
2409 5517 2622 5572 cubitos
2665 5531 2757 5571 sex
2807 5516 2998 5571 tabula:
3043 5514 3331 5578 faciebant,
3362 5515 3563 5582 quibus

1983 5607 2282 5675 conjuncta:
2332 5615 2457 5661 sunt
2506 5607 2624 5662 aliae
2668 5608 2783 5661 duae
2828 5605 3020 5658 tabula:
3047 5619 3113 5658 ex
3158 5602 3334 5656 medio
3373 5607 3566 5663 cubito

1983 5715 2075 5754 sex
2108 5717 2118 5751 :
2153 5714 2287 5768 quas
2320 5698 2603 5770 angulares
2631 5702 2947 5768 posuerunt,
2999 5690 3065 5770 ad
3099 5693 3288 5764 instar
3332 5695 3574 5780 aliarum.

3161 5789 3200 5845 6
