3992 6182
348 324 452 380 171

987 317 1062 373 Β.
1095 317 1345 373 MBAN!
1386 316 1602 374 MAUlll
1646 313 1962 372 ARClilEl’.
2005 312 2310 372 MOGUNT.
2352 317 2644 375 OPERUM
2683 316 2862 375 PARS
2898 319 2941 374 1.

3512 321 3617 375 ιη

359 438 683 500 tabularum.
717 433 954 511 Singulae
992 450 1122 493 vero
1165 434 1359 491 tabula:
1402 434 1631 489 annulos
1658 432 1933 488 habebunt
1958 429 2010 491 Λ
2034 430 2200 499 verit;
2227 432 2314 488 vel
2343 434 2469 504 quia
2497 447 2592 489 sex
2617 442 2745 488 sunt
2771 440 2960 488 aetates
2982 435 3164 490 steculi
3199 434 3378 506 huius,
3413 434 3470 491 in
3488 437 3618 507 qui-

356 543 575 596 aureos,
601 542 701 599 per
732 525 1030 581 exteriores
1057 525 1261 579 frontes
1289 524 1614 587 eminentes,
1635 521 1785 577 velut
1808 519 1933 589 qui-

357 620 586 680 busdam
609 616 883 673 radicibus
906 616 1172 680 conﬁsos,
1203 631 1300 686 per
1318 614 1567 671 ordinem
1597 614 1669 669 ad
1706 612 1936 668 invicem

356 726 454 783 per
479 708 764 765 circuitum
793 705 1239 775 respicientes,et
1256 720 1352 775 per
1368 718 1467 760 eos
1483 701 1724 759 deaurati
1754 709 1938 757 vectes

358 798 608 864 immissi,
637 810 960 867 unoquoque
987 794 1223 850 habente
1261 792 1686 866 magnitudinem
1730 790 1940 847 cubito-

359 908 479 950 rum
508 891 768 962 quinque,
791 896 1055 957 erantque
1079 886 1148 942 ad
1174 885 1583 956 conjunctiones
1610 883 1933 947 talmlarum,

358 982 705 1049 intrabatque
733 986 894 1048 caput
913 976 1085 1032 vectis
1108 973 1535 1044 uniuscujusque
1554 974 1607 1028 in
1636 972 1741 1028 alio
1769 970 1938 1027 vectis

358 1073 555 1145 capite,
587 1069 731 1125 velut
756 1069 807 1123 in
835 1067 1055 1122 modum
1079 1065 1332 1121 cochleae.
1362 1064 1431 1119 Et
1461 1071 1583 1135 post
1612 1070 1819 1134 tergum
1844 1076 1939 1130 pa-

361 1165 558 1220 rietum
602 1163 656 1217 in
705 1157 1037 1230 longitudine
1066 1158 1369 1227 positorum
1397 1163 1518 1211 erat
1556 1154 1693 1211 ordo
1725 1167 1823 1223 per
1852 1161 1937 1206 ta-

357 1256 510 1311 bulas
553 1266 743 1309 omnes
795 1250 1019 1315 vadens,
1066 1262 1176 1318 quo
1233 1261 1331 1319 per
1378 1246 1609 1303 uncinos
1652 1244 1938 1313 utriusque

355 1344 581 1417 parietis
599 1343 768 1399 latera
804 1338 1245 1405 continebantur,
1271 1335 1754 1393 incastrationibus
1780 1332 1939 1388 iactis

359 1450 413 1495 et
441 1436 695 1493 immissis
724 1434 791 1490 ad
815 1433 1089 1498 invicem;
1128 1430 1269 1501 quod
1299 1437 1584 1501 propterea
1628 1428 1709 1484 sic
1747 1426 1939 1496 exqui-

358 1533 521 1588 situm
550 1538 651 1595 est,
700 1536 761 1583 nt
801 1542 975 1597 neque
1002 1540 1033 1580 a
1066 1525 1244 1581 ventis
1271 1532 1603 1588 moveretur,
1627 1534 1804 1591 neque
1829 1519 1936 1574 alia

358 1638 520 1678 causa
546 1619 950 1676 tabernaculum
990 1615 1339 1672 conturbaret
1363 1656 1378 1680 ,
1410 1613 1505 1670 sed
1544 1612 1815 1669 immobile
1852 1624 1938 1665 se-

357 1725 489 1768 cura
517 1710 699 1780 quiete
730 1718 1059 1764 servaretur.
1089 1704 1216 1762 Haec
1251 1706 1317 1761 de
1357 1703 1553 1760 litteras
1595 1711 1743 1758 textu
1783 1699 1935 1757 Jose-

355 1772 759 1875 phus-Verum
786 1798 963 1869 ,juxta
1012 1797 1280 1869 allegoria:
1320 1811 1531 1862 sensus,
1583 1792 1933 1850 occidentalis
1960 1772 2008 1832 Β

352 1895 514 1970 plaga
532 1908 661 1963 qua:
688 1901 978 1960 utrumque
1015 1890 1069 1944 in
1099 1904 1158 1944 se
1187 1888 1449 1958 parietem
1479 1887 1775 1956 recipiens,
1805 1885 1935 1941 tedi-

354 1988 540 2043 ﬁcium
566 1983 895 2039 tabernaculi
923 1988 1291 2046 consummat,
1326 1986 1474 2035 recte
1501 1977 1935 2049 adimpletionem

359 2079 524 2133 totius
555 2075 876 2131 universalis
921 2082 1120 2129 sancite
1161 2072 1457 2139 Ecclesiae,
1502 2087 1623 2143 qua;
1656 2086 1778 2128 cum
1828 2070 1937 2126 ﬁne

357 2168 518 2240 lmjns
562 2169 742 2223 mundi
789 2165 1381 2238 perﬁcitur,designat.
1432 2163 1515 2219 Ad
1556 2179 1721 2234 quam
1766 2177 1937 2232 usque

350 2262 491 2315 ﬁdes
518 2270 573 2317 et
604 2258 848 2329 operatio
890 2264 1037 2313 recta
1075 2255 1360 2327 utriusque
1396 2254 1581 2326 populi
1621 2268 1938 2324 persevera-

356 2362 498 2414 tura,
539 2349 693 2419 quasi
722 2347 921 2419 gemini
954 2345 1232 2418 longitudo
1256 2345 1483 2416 parietis
1514 2344 1807 2415 pertingit;
1840 2357 1935 2398 ne-

358 2453 463 2508 que
488 2437 635 2492 cnim
674 2436 932 2491 credibile
962 2444 1065 2501 est,
1098 2434 1183 2490 vel
1221 2443 1350 2490 ante
1384 2443 1599 2503 tempus
1639 2432 1937 2490 Dominicte

359 2526 752 2583 incarnationis
777 2538 1015 2594 unquam
1047 2523 1282 2581 defuisse
1310 2523 1402 2595 qui
1428 2539 1496 2579 ex
1529 2523 1780 2594 gentibus
1817 2537 1936 2578 crc-

360 2621 551 2677 dercnt
580 2661 596 2687 ,
645 2619 730 2675 vel
774 2634 921 2674 nunc
946 2660 961 2685 ,
1011 2618 1259 2689 quamvis
1288 2616 1527 2687 graviter
1553 2615 1830 2671 damnatio
1863 2615 1935 2669 ob

356 2708 639 2779 perﬁdiam
674 2707 873 2778 pepulo
900 2703 1207 2762 Judmontm
1233 2744 1249 2772 ,
1286 2720 1393 2760 non
1444 2719 1564 2761 esse
1608 2704 1820 2774 aliquos
1866 2719 1933 2759 ex

356 2792 502 2864 illis,
559 2800 772 2855 tametsi
819 2798 1211 2870 paucissimos,
1260 2798 1352 2867 qui
1408 2798 1552 2853 inter
1592 2795 1935 2853 Christianos

356 2892 689 2947 exsultantes
712 2932 727 2957 ,
759 2891 998 2963 quotidie
1035 2892 1305 2949 credendo
1351 2892 1419 2947 ad
1462 2891 1692 2947 salutem
1736 2904 1933 2961 perve-

357 2982 529 3038 niant.
557 2981 708 3049 Quod
748 2982 794 3038 si
826 2982 949 3053 quis
975 2997 1174 3054 negare
1203 2981 1650 3053 praesumpserit,
1688 2980 1934 3036 dicamus

358 3077 501 3146 quod
532 3074 715 3147 negari
743 3074 1055 3130 nullatenus
1083 3081 1293 3145 potest,
1324 3073 1469 3143 quod
1493 3073 1743 3128 videlicet
1769 3071 1933 3143 spiri-

360 3166 534 3223 tuales
582 3166 863 3236 utriusque
912 3165 1226 3221 testamenti
1267 3165 1517 3221 doctores
1563 3172 1726 3235 atque
1767 3165 1936 3220 inter-

356 3265 578 3331 pretes,
636 3255 729 3326 qui
772 3255 927 3326 juxta
974 3266 1282 3312 sermonem
1321 3254 1538 3311 Domini
1574 3253 1844 3327 proferant
1871 3254 1937 3310 de

357 3348 602 3403 thesauro
646 3363 742 3400 suo
776 3361 909 3400 nova
934 3354 984 3401 et
1013 3357 1183 3401 cetera
1210 3342 1427 3418 (Matth.
1461 3343 1582 3412 xm)
1608 3384 1623 3411 ,
1662 3358 1835 3415 usque
1866 3344 1937 3400 ad

359 3437 517 3491 ﬁnem
554 3434 736 3491 saeculi
797 3434 907 3489 sint
953 3433 1010 3489 in
1056 3441 1242 3489 sancta
1282 3431 1527 3489 Ecclesia
1572 3432 1932 3503 permansurl.

358 3528 427 3582 Et
454 3534 578 3597 apte
605 3525 1012 3581 tabernaculum
1043 3524 1095 3580 in
1127 3523 1449 3581 occidentali
1492 3524 1651 3598 plaga
1679 3539 1935 3580 consum-

357 3624 540 3672 matur
564 3657 579 3683 ,
626 3616 680 3670 in
709 3630 814 3687 qua
841 3616 982 3671 diem
1013 3615 1091 3671 sol
1116 3614 1401 3681 claudere,
1446 3622 1503 3670 et
1536 3623 1733 3671 cuncta
1760 3614 1938 3670 solent

358 3714 506 3761 astra
536 3704 806 3771 occidere,
828 3714 1054 3776 propter
1079 3704 1290 3761 scilicet
1330 3704 1537 3760 obitum
1585 3704 1934 3775 tmiuscujus—

359 3811 465 3867 que
501 3795 681 3862 electi,
732 3795 818 3850 vel
867 3794 1175 3867 generalem
1220 3795 1386 3851 totius
1416 3794 1593 3850 saeculi
1620 3795 1931 3850 terminum.

359 3885 525 3941 Recte
553 3884 619 3940 tle
645 3885 748 3940 hac
776 3886 932 3956 plaga
965 3886 1302 3941 tabernaculi
1357 3886 1413 3940 in
1458 3886 1812 3956 sequentibus
1854 3885 1935 3939 di-

359 3976 529 4043 citur,
586 3976 843 4046 quoniam
890 3990 1040 4030 mare
1072 3976 1388 4047 respiceret.
1427 3974 1708 4046 Signiﬁcat
1751 3984 1933 4031 autem

358 4068 506 4125 Mare
560 4068 802 4123 Rubrqu
831 4067 884 4122 in
921 4083 1027 4138 quo
1074 4069 1353 4123 demersus
1395 4083 1519 4124 cum
1556 4083 1657 4124 suo
1691 4069 1935 4124 exercitu

358 4159 569 4217 Pharao
589 4202 605 4229 ,
633 4168 689 4217 et
714 4174 821 4230 quo
842 4158 1078 4214 salvatus
1106 4158 1271 4214 lsrael
1294 4174 1324 4213 a
1352 4145 1579 4214 Domino
1596 4159 1665 4214 ad
1692 4168 1934 4215 montem

364 4251 539 4320 Sinai,
582 4252 672 4308 ubi
707 4251 1117 4308 tabernaculum
1148 4251 1375 4318 faceret,
1405 4252 1666 4309 ascendit.
1697 4254 1937 4325 Respicit

358 4361 487 4416 ergo
515 4361 665 4401 mare
692 4345 846 4418 plaga
869 4345 1216 4401 occidentalis
1240 4345 1588 4412 tabernaculi,
1607 4361 1727 4401 cum
1749 4356 1934 4403 sancta

2038 520 2140 576 bes
2164 530 2378 593 oportet
2422 536 2521 578 nos
2545 523 2703 578 bonis
2725 524 2982 595 operibus
3022 523 3236 593 perlici,
3278 534 3339 580 ut
3370 525 3438 582 ad
3457 534 3621 582 ater-

2039 627 2163 667 nam
2206 614 2450 685 requiem
2481 614 2536 668 in
2577 613 2760 669 futuro
2792 622 2850 669 et
2895 615 3313 671 resurrectionis
3360 614 3616 687 glori-tn,

2036 707 2322 775 pervenire
2349 706 2639 776 possimus.
2672 705 2809 761 Nam
2828 706 2971 775 quod
3005 722 3225 762 rursum
3245 707 3364 762 aliae
3389 708 3506 764 du.
3533 717 3623 764 ta-

2036 795 2177 851 bultn
2221 796 2461 867 exceptis
2497 811 2592 852 sex
2625 796 2816 866 primis
2859 797 2914 851 in
2955 797 3168 869 angulis
3194 796 3455 866 iubentur
3476 799 3615 870 erigi

2038 894 2159 956 post
2182 894 2389 958 tergum
2421 886 2777 954 tabernaculi,
2817 902 2938 957 qua:
2961 888 3241 944 venientes
3263 889 3331 943 ab
3357 890 3617 944 orientali

2035 978 2189 1050 plaga
2229 979 2465 1048 parietes
2509 980 2802 1049 excipiant,
2832 988 2888 1035 et
2932 979 3281 1035 occidentalis
3320 980 3489 1052 plaga:
3516 995 3617 1052 pa-

2037 1071 2157 1125 rieti
2180 1068 2599 1142 coniungantur,
2623 1072 2693 1126 ad
2715 1073 3205 1128 remunerationem
3233 1071 3427 1128 futurae
3445 1075 3617 1143 perti-

2036 1168 2127 1213 net
2155 1159 2280 1215 vitte
2307 1172 2426 1229 quae
2467 1166 2591 1229 post
2616 1160 2830 1216 labores
2871 1168 2927 1214 et
2957 1168 3201 1230 tempora
3243 1161 3430 1217 stt-culi
3452 1163 3619 1233 hujus

2035 1257 2285 1303 secutura
2307 1258 2409 1304 est.
2440 1250 2595 1317 Quod
2622 1249 2816 1305 bifarie
2841 1248 3119 1317 dividitur,
3144 1252 3197 1306 in
3220 1252 3612 1308 sabbatismum

2035 1339 2262 1403 scilicet,
2301 1340 2405 1395 hoc
2427 1348 2512 1395 est
2542 1338 2784 1409 requiem
2824 1339 3128 1394 animarum
3155 1349 3463 1396 sanctarum
3489 1349 3619 1411 post

2035 1429 2431 1487 absolutionem
2452 1444 2763 1501 corporum,
2785 1436 2844 1483 et
2870 1429 2923 1483 in
2950 1428 3172 1499 gloriam
3201 1431 3618 1487 resurrectionis

2036 1520 2522 1591 incorruptibilium
2550 1520 2915 1591 receptionem
2945 1534 3256 1590 corporum.
3310 1520 3441 1586 Quae
3463 1532 3620 1575 utra-

2033 1628 2140 1683 que
2175 1615 2356 1683 portio
2382 1613 2863 1679 remunerationis,
2886 1614 3104 1683 utrique
3146 1614 3345 1685 populo
3370 1630 3621 1670 conuen-

2036 1707 2142 1771 nis,
2182 1705 2328 1761 nullo
2360 1722 2599 1776 unquam
2644 1705 2751 1761 ﬁne
2782 1706 3126 1761 terminatur.
3168 1706 3314 1762 Bene
3341 1714 3520 1762 autem
3544 1707 3620 1761 de

2034 1796 2238 1852 eisdem
2270 1795 2465 1852 tabulis
2510 1795 2845 1852 subinfertur
2891 1812 2905 1849 :
2940 1795 3212 1867 Erantque
3245 1795 3538 1865 conjuncta?
3583 1814 3619 1849 a

2034 1891 2277 1945 deorsum
2303 1906 2467 1962 usque
2516 1906 2725 1944 sursum
2751 1907 2770 1945 :
2799 1901 2846 1943 et
2871 1906 2976 1943 una
3004 1904 3184 1943 omnes
3217 1904 3464 1959 compago
3492 1889 3619 1941 re'i-

2036 1980 2192 2034 nebit.
2233 1979 2369 2047 Quia
2413 1979 2667 2033 nimirum
2703 1980 2882 2034 omnis
2915 1978 3210 2033 electorum
3238 1977 3368 2042 vita,
3398 1977 3623 2031 eadem-

2036 2086 2143 2142 que
2165 2071 2270 2126 ﬁtle
2291 2078 2345 2125 et
2359 2070 2627 2125 cbaritate
2654 2070 2723 2126 ad
2733 2069 2974 2125 caelestia
2998 2068 3189 2132 tendit,
3206 2068 3263 2121 in
3283 2082 3447 2122 unum
3463 2080 3623 2122 eum-

2037 2165 2266 2233 demque
2299 2163 2460 2218 ﬁnem
2502 2161 2700 2216 divina:
2738 2160 2966 2216 visionis
2990 2159 3259 2230 pervenit,
3286 2158 3339 2211 in
3377 2172 3484 2212 una
3525 2172 3623 2213 ea-

2036 2247 2275 2323 demque
2289 2268 2423 2308 voce
2447 2252 2585 2308 recti
2620 2251 2908 2324 dogmatis,
2941 2249 3119 2305 omnis
3139 2257 3448 2304 sanctorum
3472 2262 3622 2317 pm-

2035 2347 2338 2401 dicatorum
2381 2359 2563 2401 sermo
2588 2344 2900 2399 concordat.
2935 2341 3249 2396 Debiseeret
3281 2354 3517 2408 namque
3547 2339 3621 2394 ab

2036 2437 2267 2492 invicem
2296 2449 2557 2505 compago
2586 2434 2910 2499 tabularum,
2942 2433 2989 2488 si
3017 2431 3162 2502 quod
3193 2444 3333 2485 unus
3351 2431 3622 2500 propheta

2037 2535 2133 2582 aut
2180 2526 2456 2595 apostolus
2501 2525 2749 2591 dixisset,
2786 2524 2894 2580 hoc
2950 2523 3087 2578 alius
3126 2529 3374 2594 negaret.
3414 2521 3622 2577 Verum

2034 2619 2177 2689 quod
2197 2632 2421 2673 consors
2440 2615 2702 2671 fabricam
2723 2615 2964 2671 ecclesia:
2984 2628 3163 2670 sermo
3183 2613 3485 2668 divinomm
3508 2610 3625 2665 elo—

2035 2709 2285 2780 quiorum
2315 2708 2495 2779 erigit,
2521 2706 2762 2778 perfecto
2800 2720 2906 2759 una
2941 2720 3131 2761 omnes
3174 2701 3508 2759 tabernaculi
3532 2709 3624 2756 ta-

2034 2798 2193 2855 bulas
2233 2797 2495 2867 }unctura
2537 2794 2953 2866 compaginatur
2994 2814 3007 2849 :
3052 2802 3213 2863 atque
3266 2793 3336 2848 ab
3386 2790 3622 2845 invicem

2035 2888 2244 2962 sejungi
2274 2906 2381 2945 non
2413 2890 2563 2944 sinit.
2597 2888 2817 2942 Duabus
2844 2903 3052 2959 quoque
3080 2885 3270 2940 tribulis
3298 2899 3414 2955 qua:
3437 2883 3492 2936 in
3512 2898 3620 2934 an-

2032 2981 2171 3053 gulis
2213 2981 2468 3052 ponenda:
2498 2989 2619 3035 sunt
2670 2977 2860 3033 similis
2896 2978 3154 3049 junctum
3184 2972 3475 3029 seruabitur
3506 2984 3526 3023 :
3565 2979 3624 3025 et

2036 3080 2189 3128 erunt
2236 3071 2395 3125 simul
2441 3071 2634 3125 tabula’
2662 3080 2777 3124 octo
2807 3085 2826 3124 :
2858 3068 3005 3123 bases
3045 3081 3227 3122 eorum
3253 3074 3510 3137 argenteae
3534 3077 3626 3117 se-

2014 3158 2017 3165 ’
2041 3162 2208 3217 decim
2234 3175 2253 3215 :
2281 3162 2487 3216 duabus
2512 3161 2723 3216 basibus
2751 3178 2845 3232 per
2859 3176 3017 3215 unam
3038 3156 3270 3213 tabulam
3299 3154 3621 3227 supputatis.

2037 3252 2338 3325 Angulares
2376 3252 2575 3308 tabula:
2602 3260 2743 3308 sunt-
2771 3251 2965 3307 tabulis
3006 3250 3275 3320 parietum
3312 3263 3409 3319 per
3434 3246 3625 3303 omnia

2038 3346 2358 3417 conjunctzc,
2407 3344 2534 3416 quia
2586 3342 2784 3400 futura:
2832 3342 3038 3414 requiei
3088 3349 3146 3396 et
3197 3338 3627 3395 immortalitatis

2037 3437 2288 3509 gloriam,
2334 3435 2591 3506 praesenti
2635 3443 2836 3492 nostrae
2881 3432 3280 3490 eonversationi
3308 3444 3407 3501 per
3433 3429 3622 3493 ﬁdem,

2039 3544 2187 3602 spem
2211 3541 2266 3587 et
2291 3531 2613 3587 charitatem
2638 3526 2948 3585 ﬁrmissime
2965 3540 3209 3583 connexa
3230 3534 3333 3582 est.
3363 3526 3475 3580 imo
3495 3523 3627 3579 ideo

2038 3622 2247 3680 stabilis
2296 3630 2351 3677 et
2395 3622 2718 3677 inconcussa
2761 3632 3000 3689 przesens
3055 3626 3237 3672 nostra
3274 3614 3625 3671 conversatio

2035 3715 2317 3793 perdurat,
2340 3712 2467 3782 quia
2497 3708 2691 3766 futuras
2721 3710 2862 3765 dona
2887 3706 3259 3764 retributionis
3278 3705 3472 3771 credit,
3495 3717 3628 3774 spe-

2038 3817 2147 3874 rat,
2169 3806 2362 3876 diligit.
2394 3803 2464 3859 Et
2500 3804 2584 3859 ha:
2619 3809 2800 3857 autem
2831 3800 3026 3856 tabulae
3058 3814 3178 3870 quae
3201 3798 3285 3853 vel
3327 3796 3627 3868 perfectio-

2037 3913 2162 3954 nem
2184 3898 2341 3952 bona:
2365 3902 2573 3950 naturae
2595 3893 2847 3959 actionis,
2867 3891 2950 3946 vel
2974 3889 3167 3945 futura:
3188 3904 3285 3958 pro
3308 3887 3462 3943 bonis
3486 3903 3627 3957 pras-

2037 3988 2147 4042 mia
2173 3986 2456 4056 designant
2484 3984 2711 4047 actibus,
2737 3982 2882 4038 binis
2910 3980 3134 4052 singula:
3154 3980 3373 4035 basibus
3396 3984 3622 4033 susten-

2037 4086 2245 4143 tantur,
2278 4072 2405 4146 qttia
2434 4077 2549 4131 haec
2577 4088 2794 4144 quoque
2832 4072 3012 4129 omnia
3052 4071 3120 4126 ad
3148 4068 3619 4126 conﬁrmationem

2035 4167 2358 4239 evangelica:
2408 4172 2464 4221 et
2512 4163 2818 4237 apostolica:
2861 4161 3289 4234 przedicationis,
3335 4159 3621 4230 propheta

2036 4260 2211 4317 sancti
2253 4257 2434 4314 futura
2458 4270 2597 4322 esse,
2640 4270 2879 4312 consona
2922 4269 3054 4310 voce
3082 4253 3468 4324 prmtiixerunt.
3492 4247 3619 4305 Fa-

2036 4352 2139 4406 cies
2168 4361 2215 4405 et
2240 4358 2403 4405 vectes
2443 4348 2507 4402 de
2541 4346 2694 4419 lignis
2726 4347 2911 4402 setltim
2934 4346 3160 4417 quinque
3182 4344 3252 4399 ad
3271 4342 3619 4398 continendas

361 4435 601 4491 Ecclesia
631 4444 753 4506 post
778 4451 1002 4506 operum
1049 4437 1313 4492 bonorum
1351 4436 1738 4507 perfectionem
1779 4452 1934 4494 coro-
1966 4464 2012 4525 ο
2038 4441 2243 4497 tabulas
2290 4441 2346 4494 in
2371 4456 2477 4493 uno
2507 4438 2666 4492 latere
2700 4435 3045 4501 tabernaculi,
3070 4445 3119 4489 et
3146 4437 3371 4505 quinque
3398 4431 3531 4487 alios
3559 4434 3621 4486 in

360 4531 484 4577 nata
522 4524 575 4577 in
606 4523 822 4578 Christo
854 4524 1022 4579 libero
1070 4534 1291 4596 aspectu
1332 4527 1632 4583 intuebitur
1676 4528 1806 4582 vitia
1839 4528 1925 4581 vel

361 4629 550 4682 poenas
590 4613 874 4684 impiorum
899 4655 914 4680 ,
951 4628 1086 4685 quas
1131 4617 1247 4686 ipso
1277 4617 1503 4686 iuvante
1538 4633 1729 4673 cavere
1759 4618 1890 4673 fecit
1916 4659 1931 4682 ,

360 4704 497 4759 Isaia
520 4711 812 4760 attestante
840 4706 932 4777 qui
963 4706 1038 4760 ait
1066 4724 1080 4760 :
1109 4705 1246 4772 Quia
1274 4706 1409 4760 sicut
1436 4706 1550 4761 caeli
1579 4708 1697 4762 novi
1720 4717 1767 4761 et
1797 4716 1936 4761 terra

362 4809 516 4858 nova,
541 4809 656 4865 qua:
680 4810 773 4864 ego
797 4802 937 4848 stare
963 4795 1101 4866 facio
1127 4811 1305 4849 coram
1351 4811 1453 4863 me,
1465 4795 1592 4849 dicit
1627 4795 1886 4850 Dominus
1918 4836 1933 4861 ,

361 4882 437 4937 sic
464 4881 619 4936 stabit
650 4899 824 4937 semen
850 4893 1072 4938 uestrum
1107 4894 1156 4938 et
1185 4900 1370 4939 nomen
1394 4894 1637 4939 vestrum.
1683 4884 1749 4939 Et
1778 4885 1957 4955 paulo.

361 4980 484 5042 post
505 4986 520 5025 :
544 4971 612 5025 Et
640 4972 970 5043 egrediantur
991 4982 1039 5028 et
1067 4973 1313 5037 videbunt
1353 4975 1608 5029 cadavera
1656 4976 1884 5031 uirorum
1917 5017 1933 5042 ,

362 5062 452 5134 qui
479 5063 807 5133 prwuaricati
832 5073 955 5118 sunt
980 5064 1035 5119 in
1066 5072 1164 5128 nte.
1221 5061 1419 5120 Vermis
1453 5081 1633 5119 eorum
1679 5082 1783 5119 non
1820 5083 1935 5121 mo-

362 5157 548 5221 rietur,
584 5163 631 5209 et
661 5154 796 5225 ignis
844 5170 1025 5210 eorum
1076 5172 1179 5212 non
1231 5158 1589 5227 exstinguetur
1618 5156 1953 5230 (lsai.t.xvt).

360 5244 506 5302 Bene
537 5254 718 5301 autem
758 5244 914 5317 plaga
942 5247 1275 5303 tabernaculi
1317 5248 1670 5303 occidentalis
1692 5247 1774 5304 vel
1815 5264 1936 5319 qua:

362 5352 514 5395 mare
536 5336 805 5410 respicere
838 5337 981 5392 dicta
1007 5346 1110 5405 est,
1143 5354 1239 5395 sex
1272 5338 1470 5393 tabulis
1501 5340 1787 5395 constabat
1815 5358 1828 5394 :
1855 5340 1937 5396 vel

364 5428 490 5498 quia
517 5428 732 5485 senario
771 5440 996 5485 numero
1020 5429 1156 5485 solet
1195 5429 1605 5499 perfectioboni
1633 5432 1812 5500 operis
1837 5448 1935 5488 cv-

364 5519 543 5588 primi,
573 5535 638 5577 eo
659 5519 803 5591 quod
830 5519 1089 5576 Dominus
1120 5521 1172 5574 in
1200 5519 1295 5576 illo
1324 5504 1786 5600 mundi’ornatum
1809 5538 1937 5577 con-

329 5610 816 5677 _summaverit,in
861 5608 950 5666 illo
979 5611 1251 5667 hominem
1296 5610 1348 5665 in
1380 5598 1676 5681 primordio
1718 5626 1933 5667 creave-

368 5699 458 5764 rit,
491 5699 542 5752 in
571 5700 662 5758 illo
692 5717 862 5771 genus
902 5703 1193 5759 humanum
1226 5717 1321 5757 sua
1372 5703 1623 5772 possimne
1667 5712 1935 5759 restaura-

2036 4533 2222 4587 altero.
2256 4530 2322 4584 Et
2349 4529 2583 4601 ejusdem
2618 4527 2823 4582 numeri
2852 4525 2923 4581 ad
2963 4525 3335 4579 occidentalem
3375 4522 3618 4593 plagam,

2034 4624 2125 4694 qui
2149 4623 2429 4676 mittuntur
2454 4637 2546 4693 per
2574 4619 2775 4675 medias
2801 4618 3028 4684 tabulas,
3050 4634 3082 4671 α
3115 4632 3319 4670 summa
3344 4632 3507 4686 usque
3543 4616 3621 4671 ad

2037 4728 2318 4767 summum.
2352 4710 2549 4766 Vectes
2593 4710 2833 4779 quinque
2882 4707 2975 4777 qui
3023 4706 3234 4762 tabulas
3282 4705 3621 4760 tabernaculi

2038 4801 2337 4867 continent,
2362 4800 2601 4869 quinque
2636 4806 2763 4853 sunt
2782 4796 2902 4851 libri
2928 4795 3175 4851 Mosaica:
3196 4793 3351 4863 legis,
3381 4807 3621 4862 quorum

2039 4889 2339 4944 munimine
2379 4896 2565 4943 sancta
2593 4887 2832 4942 Ecclesia
2862 4885 3186 4941 mirabiliter
3220 4885 3288 4939 ab
3312 4883 3462 4939 omni
3492 4891 3621 4938 ten-

2038 4981 2265 5034 tantium
2297 4977 2561 5034 scelerum
2587 4977 3080 5045 sceleratorumque
3107 4975 3392 5045 spirituum
3415 4973 3620 5044 impul-

2037 5069 2193 5125 sione
2238 5077 2466 5123 tutatur.
2497 5067 2564 5122 Et
2605 5068 2709 5122 hoc
2741 5067 2795 5121 in
2846 5076 3077 5136 utroque
3120 5067 3310 5131 latere,
3342 5065 3469 5136 quia
3506 5080 3619 5120 non

2040 5162 2215 5217 solum
2254 5160 2489 5229 priorem
2521 5156 2616 5213 Dei
2650 5157 2903 5229 populum
2934 5158 3111 5213 littera
3158 5157 3292 5229 legis
3332 5156 3618 5212 erudiebat

2039 5257 2107 5311 ad
2136 5254 2292 5309 ﬁdem
2316 5261 2370 5308 et
2399 5266 2563 5323 opera
2590 5251 2750 5317 bona,
2779 5253 2871 5307 sed
2897 5253 3061 5307 etiam
3092 5264 3191 5307 nos
3218 5251 3339 5307 novi
3375 5258 3621 5318 tempore

2038 5343 2346 5399 testamenti
2374 5342 2482 5397 Deo
2512 5342 2809 5397 servientes
2832 5342 3019 5396 eadem
3049 5340 3228 5396 littera
3260 5338 3623 5409 spiritualiter

2038 5434 2314 5491 intellecta
2362 5431 2583 5505 majoris
2623 5433 2794 5504 gratia
2830 5432 3130 5488 dulcedinis
3172 5440 3227 5486 et
3260 5431 3316 5485 in
3358 5429 3618 5498 praesenti

2039 5527 2106 5582 ad
2136 5525 2293 5579 ﬁdem
2318 5527 2793 5594 operationemque
2822 5523 3081 5577 virtutum
3107 5520 3340 5578 instituit
3364 5529 3419 5575 et
3445 5521 3499 5573 iu
3526 5518 3619 5573 ιιιο

2040 5624 2161 5668 tnro
2205 5614 2272 5668 ad
2327 5628 2478 5683 spem
2526 5622 2798 5683 perpetua:
2848 5609 3303 5668 remunerationis
3343 5606 3620 5662 accendit.

2040 5702 2293 5773 Ejusdem
2318 5719 2529 5774 quoque
2556 5702 2764 5756 numeri
2795 5711 2973 5757 vectes
3003 5703 3069 5757 ad
3093 5699 3485 5758 occidentalem
3499 5696 3623 5770 pla-
