  <div class='ocr_page' id='page_1' title='image "/cluster/home/n/w/nwhite01/storage/ocr_20150623/108/hvd.32044054759733/092.png"; bbox 0 0 4052 6184; ppageno 0'>
   <div class='ocr_carea' id='block_1_1' title="bbox 457 241 560 295">
    <p class='ocr_par' dir='ltr' id='par_1_1' title="bbox 457 241 560 295">
     <span class='ocr_line' id='line_1_1' title="bbox 457 241 560 295; baseline 0.019 -2"><span class='ocrx_word' id='word_1_1' title='bbox 457 241 560 295; x_wconf 72' lang='grc' dir='ltr'><strong>ἲῖὸ</strong></span> 
     </span>
    </p>
   </div>
   <div class='ocr_carea' id='block_1_2' title="bbox 1374 237 2731 298">
    <p class='ocr_par' dir='ltr' id='par_1_2' title="bbox 1374 237 2731 298">
     <span class='ocr_line' id='line_1_2' title="bbox 1374 237 2731 298; baseline -0.001 0"><span class='ocrx_word' id='word_1_2' title='bbox 1374 237 1872 298; x_wconf 68' lang='grc' dir='ltr'><strong>ΟΟΜΜΕΝΤΑΚΙΑ</strong></span> <span class='ocrx_word' id='word_1_3' title='bbox 1912 238 1979 294; x_wconf 81' lang='grc' dir='ltr'><strong>ΙΝ</strong></span> <span class='ocrx_word' id='word_1_4' title='bbox 2015 239 2329 298; x_wconf 79' lang='lat' dir='ltr'><strong>EXODUM.</strong></span> <span class='ocrx_word' id='word_1_5' title='bbox 2366 270 2436 280; x_wconf 94' lang='lat'><strong>—</strong></span> <span class='ocrx_word' id='word_1_6' title='bbox 2473 239 2599 296; x_wconf 87' lang='lat' dir='ltr'><strong>LIB.</strong></span> <span class='ocrx_word' id='word_1_7' title='bbox 2643 240 2731 296; x_wconf 77' lang='grc' dir='ltr'>ιιι.</span> 
     </span>
    </p>
   </div>
   <div class='ocr_carea' id='block_1_3' title="bbox 3593 256 3690 309">
    <p class='ocr_par' dir='ltr' id='par_1_3' title="bbox 3593 256 3690 309">
     <span class='ocr_line' id='line_1_3' title="bbox 3593 256 3690 309; baseline 0.021 -2"><span class='ocrx_word' id='word_1_8' title='bbox 3593 256 3690 309; x_wconf 76' lang='grc' dir='ltr'><strong>ιτι</strong></span> 
     </span>
    </p>
   </div>
   <div class='ocr_carea' id='block_1_4' title="bbox 450 349 3688 436">
    <p class='ocr_par' dir='ltr' id='par_1_4' title="bbox 450 349 3688 436">
     <span class='ocr_line' id='line_1_4' title="bbox 450 349 3688 436; baseline 0.003 -30"><span class='ocrx_word' id='word_1_9' title='bbox 450 366 574 422; x_wconf 83' lang='lat' dir='ltr'><strong>gam</strong></span> <span class='ocrx_word' id='word_1_10' title='bbox 636 365 782 416; x_wconf 90' lang='lat' dir='ltr'><strong>sunt,</strong></span> <span class='ocrx_word' id='word_1_11' title='bbox 832 349 964 419; x_wconf 82' lang='lat' dir='ltr'><strong>quia</strong></span> <span class='ocrx_word' id='word_1_12' title='bbox 996 349 1166 419; x_wconf 85' lang='lat' dir='ltr'><strong>ipsam</strong></span> <span class='ocrx_word' id='word_1_13' title='bbox 1210 363 1424 419; x_wconf 89' lang='lat' dir='ltr'><strong>quoque</strong></span> <span class='ocrx_word' id='word_1_14' title='bbox 1452 351 1863 421; x_wconf 85' lang='lat' dir='ltr'><strong>eompletionem</strong></span> <span class='ocrx_word' id='word_1_15' title='bbox 1886 353 2014 408; x_wconf 87' lang='lat' dir='ltr'><strong>boni</strong></span> <span class='ocrx_word' id='word_1_16' title='bbox 2043 355 2090 415; x_wconf 83' lang='grc' dir='ltr'><strong>Α</strong></span> <span class='ocrx_word' id='word_1_17' title='bbox 2119 354 2184 408; x_wconf 87' lang='lat' dir='ltr'><strong>de</strong></span> <span class='ocrx_word' id='word_1_18' title='bbox 2209 368 2335 408; x_wconf 88' lang='lat' dir='ltr'><strong>arca</strong></span> <span class='ocrx_word' id='word_1_19' title='bbox 2355 368 2604 425; x_wconf 89' lang='lat' dir='ltr'><strong>egressus</strong></span> <span class='ocrx_word' id='word_1_20' title='bbox 2633 370 2735 410; x_wconf 89' lang='lat' dir='ltr'><strong>nec</strong></span> <span class='ocrx_word' id='word_1_21' title='bbox 2770 370 3018 413; x_wconf 89' lang='lat' dir='ltr'><strong>reversus</strong></span> <span class='ocrx_word' id='word_1_22' title='bbox 3041 373 3136 416; x_wconf 90' lang='lat' dir='ltr'><strong>eos</strong></span> <span class='ocrx_word' id='word_1_23' title='bbox 3159 361 3250 431; x_wconf 85' lang='lat' dir='ltr'><strong>qui</strong></span> <span class='ocrx_word' id='word_1_24' title='bbox 3271 373 3396 434; x_wconf 84' lang='lat' dir='ltr'><strong>post</strong></span> <span class='ocrx_word' id='word_1_25' title='bbox 3421 366 3688 436; x_wconf 66' lang='lat' dir='ltr'><strong>baptisma</strong></span> 
     </span>
    </p>
   </div>
   <div class='ocr_carea' id='block_1_5' title="bbox 451 437 2018 513">
    <p class='ocr_par' dir='ltr' id='par_1_5' title="bbox 451 437 2018 513">
     <span class='ocr_line' id='line_1_5' title="bbox 451 437 2018 513; baseline 0.001 -17"><span class='ocrx_word' id='word_1_26' title='bbox 451 441 653 512; x_wconf 86' lang='lat' dir='ltr'><strong>operis,</strong></span> <span class='ocrx_word' id='word_1_27' title='bbox 666 439 882 510; x_wconf 82' lang='lat' dir='ltr'><strong>quando</strong></span> <span class='ocrx_word' id='word_1_28' title='bbox 905 438 971 492; x_wconf 89' lang='lat' dir='ltr'><strong>ad</strong></span> <span class='ocrx_word' id='word_1_29' title='bbox 984 439 1202 508; x_wconf 66' lang='lat' dir='ltr'><strong>praemia</strong></span> <span class='ocrx_word' id='word_1_30' title='bbox 1228 437 1405 493; x_wconf 89' lang='lat' dir='ltr'><strong>futura</strong></span> <span class='ocrx_word' id='word_1_31' title='bbox 1422 440 1487 494; x_wconf 90' lang='lat' dir='ltr'><strong>de</strong></span> <span class='ocrx_word' id='word_1_32' title='bbox 1513 455 1676 498; x_wconf 87' lang='lat' dir='ltr'><strong>carne</strong></span> <span class='ocrx_word' id='word_1_33' title='bbox 1691 443 2018 513; x_wconf 87' lang='lat' dir='ltr'><strong>egredimur,</strong></span> 
     </span>
    </p>
   </div>
   <div class='ocr_carea' id='block_1_6' title="bbox 451 527 2020 602">
    <p class='ocr_par' dir='ltr' id='par_1_6' title="bbox 451 527 2020 602">
     <span class='ocr_line' id='line_1_6' title="bbox 451 527 2020 602; baseline 0.002 -18"><span class='ocrx_word' id='word_1_34' title='bbox 451 531 536 593; x_wconf 80' lang='lat' dir='ltr'><strong>lex</strong></span> <span class='ocrx_word' id='word_1_35' title='bbox 560 531 718 586; x_wconf 86' lang='lat' dir='ltr'><strong>nobis</strong></span> <span class='ocrx_word' id='word_1_36' title='bbox 745 531 882 584; x_wconf 85' lang='lat' dir='ltr'><strong>bene</strong></span> <span class='ocrx_word' id='word_1_37' title='bbox 903 527 1170 582; x_wconf 85' lang='lat' dir='ltr'><strong>intellecta</strong></span> <span class='ocrx_word' id='word_1_38' title='bbox 1189 528 1463 598; x_wconf 63' lang='lat' dir='ltr'><strong>praedicat.</strong></span> <span class='ocrx_word' id='word_1_39' title='bbox 1491 529 1641 584; x_wconf 87' lang='lat' dir='ltr'><strong>llnde</strong></span> <span class='ocrx_word' id='word_1_40' title='bbox 1668 532 2020 602; x_wconf 89' lang='lat' dir='ltr'><strong>interroganti</strong></span> 
     </span>
    </p>
   </div>
   <div class='ocr_carea' id='block_1_7' title="bbox 453 616 2022 688">
    <p class='ocr_par' dir='ltr' id='par_1_7' title="bbox 453 616 2022 688">
     <span class='ocr_line' id='line_1_7' title="bbox 453 616 2022 688; baseline 0.001 -15"><span class='ocrx_word' id='word_1_41' title='bbox 453 634 516 672; x_wconf 86' lang='lat' dir='ltr'><strong>ac</strong></span> <span class='ocrx_word' id='word_1_42' title='bbox 550 617 773 682; x_wconf 79' lang='lat' dir='ltr'><strong>dicenti,</strong></span> <span class='ocrx_word' id='word_1_43' title='bbox 817 616 1072 686; x_wconf 75' lang='lat' dir='ltr'><strong>Magister</strong></span> <span class='ocrx_word' id='word_1_44' title='bbox 1110 616 1259 682; x_wconf 88' lang='lat' dir='ltr'><strong>bone,</strong></span> <span class='ocrx_word' id='word_1_45' title='bbox 1288 618 1414 688; x_wconf 80' lang='lat' dir='ltr'><strong>quid</strong></span> <span class='ocrx_word' id='word_1_46' title='bbox 1444 617 1563 672; x_wconf 90' lang='lat' dir='ltr'><strong>boni</strong></span> <span class='ocrx_word' id='word_1_47' title='bbox 1605 620 1819 688; x_wconf 83' lang='lat' dir='ltr'><strong>faciam,</strong></span> <span class='ocrx_word' id='word_1_48' title='bbox 1845 632 1899 675; x_wconf 85' lang='lat' dir='ltr'><strong>ut</strong></span> <span class='ocrx_word' id='word_1_49' title='bbox 1925 620 2022 675; x_wconf 80' lang='lat' dir='ltr'><strong>Ita-</strong></span> 
     </span>
    </p>
   </div>
   <div class='ocr_carea' id='block_1_8' title="bbox 453 705 2019 779">
    <p class='ocr_par' dir='ltr' id='par_1_8' title="bbox 453 705 2019 779">
     <span class='ocr_line' id='line_1_8' title="bbox 453 705 2019 779; baseline 0.003 -19"><span class='ocrx_word' id='word_1_50' title='bbox 453 708 598 760; x_wconf 86' lang='lat' dir='ltr'><strong>beam</strong></span> <span class='ocrx_word' id='word_1_51' title='bbox 627 707 788 759; x_wconf 86' lang='lat' dir='ltr'><strong>vitam</strong></span> <span class='ocrx_word' id='word_1_52' title='bbox 827 705 1114 758; x_wconf 68' lang='lat' dir='ltr'><strong>attentam?</strong></span> <span class='ocrx_word' id='word_1_53' title='bbox 1151 705 1427 773; x_wconf 90' lang='lat' dir='ltr'><strong>respondit</strong></span> <span class='ocrx_word' id='word_1_54' title='bbox 1477 706 1617 761; x_wconf 89' lang='lat' dir='ltr'><strong>idem</strong></span> <span class='ocrx_word' id='word_1_55' title='bbox 1646 710 1901 779; x_wconf 82' lang='lat' dir='ltr'><strong>magister</strong></span> <span class='ocrx_word' id='word_1_56' title='bbox 1925 711 2019 765; x_wconf 87' lang='lat' dir='ltr'><strong>bo-</strong></span> 
     </span>
    </p>
   </div>
   <div class='ocr_carea' id='block_1_9' title="bbox 451 794 2015 870">
    <p class='ocr_par' dir='ltr' id='par_1_9' title="bbox 451 794 2015 870">
     <span class='ocr_line' id='line_1_9' title="bbox 451 794 2015 870; baseline 0.001 -19"><span class='ocrx_word' id='word_1_57' title='bbox 451 812 554 851; x_wconf 86' lang='lat' dir='ltr'><strong>nus</strong></span> <span class='ocrx_word' id='word_1_58' title='bbox 587 814 600 849; x_wconf 90' lang='lat'><strong>:</strong></span> <span class='ocrx_word' id='word_1_59' title='bbox 636 794 698 850; x_wconf 88' lang='lat' dir='ltr'><strong>Si</strong></span> <span class='ocrx_word' id='word_1_60' title='bbox 723 795 800 848; x_wconf 90' lang='lat' dir='ltr'><strong>vis</strong></span> <span class='ocrx_word' id='word_1_61' title='bbox 827 795 896 848; x_wconf 87' lang='lat' dir='ltr'><strong>ad</strong></span> <span class='ocrx_word' id='word_1_62' title='bbox 924 795 1080 849; x_wconf 87' lang='lat' dir='ltr'><strong>vitant</strong></span> <span class='ocrx_word' id='word_1_63' title='bbox 1098 795 1330 865; x_wconf 74' lang='lat' dir='ltr'><strong>ingredi,</strong></span> <span class='ocrx_word' id='word_1_64' title='bbox 1357 812 1504 849; x_wconf 88' lang='lat' dir='ltr'><strong>serva</strong></span> <span class='ocrx_word' id='word_1_65' title='bbox 1527 798 1775 852; x_wconf 89' lang='lat' dir='ltr'><strong>mandata</strong></span> <span class='ocrx_word' id='word_1_66' title='bbox 1803 799 2015 870; x_wconf 78' lang='lat' dir='ltr'><strong>(Matth.</strong></span> 
     </span>
    </p>
   </div>
   <div class='ocr_carea' id='block_1_10' title="bbox 448 886 2017 960">
    <p class='ocr_par' dir='ltr' id='par_1_10' title="bbox 448 886 2017 960">
     <span class='ocr_line' id='line_1_10' title="bbox 448 886 2017 960; baseline 0.001 -16"><span class='ocrx_word' id='word_1_67' title='bbox 448 887 610 960; x_wconf 79' lang='lat' dir='ltr'><strong>nx),</strong></span> <span class='ocrx_word' id='word_1_68' title='bbox 657 896 714 944; x_wconf 88' lang='lat' dir='ltr'><strong>et</strong></span> <span class='ocrx_word' id='word_1_69' title='bbox 737 903 843 944; x_wconf 91' lang='lat' dir='ltr'><strong>non</strong></span> <span class='ocrx_word' id='word_1_70' title='bbox 881 887 959 942; x_wconf 84' lang='lat' dir='ltr'><strong>illi</strong></span> <span class='ocrx_word' id='word_1_71' title='bbox 1001 886 1130 953; x_wconf 86' lang='lat' dir='ltr'><strong>alia,</strong></span> <span class='ocrx_word' id='word_1_72' title='bbox 1169 901 1332 957; x_wconf 85' lang='lat' dir='ltr'><strong>quam</strong></span> <span class='ocrx_word' id='word_1_73' title='bbox 1368 887 1504 959; x_wconf 79' lang='lat' dir='ltr'><strong>legis</strong></span> <span class='ocrx_word' id='word_1_74' title='bbox 1544 890 1792 945; x_wconf 86' lang='lat' dir='ltr'><strong>mandata</strong></span> <span class='ocrx_word' id='word_1_75' title='bbox 1830 891 2017 946; x_wconf 89' lang='lat' dir='ltr'><strong>subdi-</strong></span> 
     </span>
    </p>
   </div>
   <div class='ocr_carea' id='block_1_11' title="bbox 449 987 544 1042">
    <p class='ocr_par' dir='ltr' id='par_1_11' title="bbox 449 987 544 1042">
     <span class='ocr_line' id='line_1_11' title="bbox 449 987 544 1042; baseline -0.032 0"><span class='ocrx_word' id='word_1_76' title='bbox 449 987 544 1042; x_wconf 80' lang='lat' dir='ltr'><strong>dit.</strong></span> 
     </span>
    </p>
   </div>
   <div class='ocr_carea' id='block_1_12' title="bbox 512 1072 2016 1146">
    <p class='ocr_par' dir='ltr' id='par_1_12' title="bbox 512 1072 2016 1146">
     <span class='ocr_line' id='line_1_12' title="bbox 512 1072 2016 1146; baseline 0 -17"><span class='ocrx_word' id='word_1_77' title='bbox 512 1075 768 1146; x_wconf 83' lang='lat' dir='ltr'><strong>Ipsasque</strong></span> <span class='ocrx_word' id='word_1_78' title='bbox 793 1073 998 1127; x_wconf 85' lang='lat' dir='ltr'><strong>tabulas</strong></span> <span class='ocrx_word' id='word_1_79' title='bbox 1036 1072 1334 1140; x_wconf 86' lang='lat' dir='ltr'><strong>deaurabis,</strong></span> <span class='ocrx_word' id='word_1_80' title='bbox 1383 1084 1430 1129; x_wconf 89' lang='lat' dir='ltr'><strong>et</strong></span> <span class='ocrx_word' id='word_1_81' title='bbox 1459 1073 1644 1144; x_wconf 79' lang='lat' dir='ltr'><strong>fundes</strong></span> <span class='ocrx_word' id='word_1_82' title='bbox 1689 1075 1764 1129; x_wconf 87' lang='lat' dir='ltr'><strong>eis</strong></span> <span class='ocrx_word' id='word_1_83' title='bbox 1793 1075 2016 1130; x_wconf 88' lang='lat' dir='ltr'><strong>annulos</strong></span> 
     </span>
    </p>
   </div>
   <div class='ocr_carea' id='block_1_13' title="bbox 443 1163 2017 1236">
    <p class='ocr_par' dir='ltr' id='par_1_13' title="bbox 443 1163 2017 1236">
     <span class='ocr_line' id='line_1_13' title="bbox 443 1163 2017 1236; baseline 0.001 -17"><span class='ocrx_word' id='word_1_84' title='bbox 443 1181 654 1230; x_wconf 83' lang='lat' dir='ltr'><strong>aureos,</strong></span> <span class='ocrx_word' id='word_1_85' title='bbox 681 1181 775 1235; x_wconf 86' lang='lat' dir='ltr'><strong>per</strong></span> <span class='ocrx_word' id='word_1_86' title='bbox 807 1179 936 1236; x_wconf 86' lang='lat' dir='ltr'><strong>quos</strong></span> <span class='ocrx_word' id='word_1_87' title='bbox 975 1173 1138 1218; x_wconf 87' lang='lat' dir='ltr'><strong>vectes</strong></span> <span class='ocrx_word' id='word_1_88' title='bbox 1164 1163 1399 1217; x_wconf 87' lang='lat' dir='ltr'><strong>tabulata</strong></span> <span class='ocrx_word' id='word_1_89' title='bbox 1439 1166 1756 1221; x_wconf 82' lang='lat' dir='ltr'><strong>contineant.</strong></span> <span class='ocrx_word' id='word_1_90' title='bbox 1800 1166 2017 1221; x_wconf 68' lang='lat' dir='ltr'><strong>Tabula:</strong></span> 
     </span>
    </p>
   </div>
   <div class='ocr_carea' id='block_1_14' title="bbox 443 1252 2012 1324">
    <p class='ocr_par' dir='ltr' id='par_1_14' title="bbox 443 1252 2012 1324">
     <span class='ocr_line' id='line_1_14' title="bbox 443 1252 2012 1324; baseline 0.002 -16"><span class='ocrx_word' id='word_1_91' title='bbox 443 1253 780 1308; x_wconf 78' lang='lat' dir='ltr'><strong>tabernaculi</strong></span> <span class='ocrx_word' id='word_1_92' title='bbox 836 1254 1106 1308; x_wconf 74' lang='lat' dir='ltr'><strong>deauratze</strong></span> <span class='ocrx_word' id='word_1_93' title='bbox 1138 1252 1476 1324; x_wconf 51' lang='lat' dir='ltr'><strong>praefulgent,</strong></span> <span class='ocrx_word' id='word_1_94' title='bbox 1519 1270 1642 1310; x_wconf 90' lang='lat' dir='ltr'><strong>cum</strong></span> <span class='ocrx_word' id='word_1_95' title='bbox 1682 1257 1858 1312; x_wconf 88' lang='lat' dir='ltr'><strong>omnis</strong></span> <span class='ocrx_word' id='word_1_96' title='bbox 1883 1257 2012 1323; x_wconf 88' lang='lat' dir='ltr'><strong>vita,</strong></span> 
     </span>
    </p>
   </div>
   <div class='ocr_carea' id='block_1_15' title="bbox 442 1344 2015 1416">
    <p class='ocr_par' dir='ltr' id='par_1_15' title="bbox 442 1344 2015 1416">
     <span class='ocr_line' id='line_1_15' title="bbox 442 1344 2015 1416; baseline 0.003 -18"><span class='ocrx_word' id='word_1_97' title='bbox 442 1344 621 1398; x_wconf 89' lang='lat' dir='ltr'><strong>omnis</strong></span> <span class='ocrx_word' id='word_1_98' title='bbox 659 1357 838 1398; x_wconf 88' lang='lat' dir='ltr'><strong>sermo</strong></span> <span class='ocrx_word' id='word_1_99' title='bbox 883 1350 1194 1397; x_wconf 87' lang='lat' dir='ltr'><strong>sanctorum</strong></span> <span class='ocrx_word' id='word_1_100' title='bbox 1221 1344 1634 1412; x_wconf 65' lang='lat' dir='ltr'><strong>praedicatorum</strong></span> <span class='ocrx_word' id='word_1_101' title='bbox 1665 1346 1838 1401; x_wconf 88' lang='lat' dir='ltr'><strong>lucem</strong></span> <span class='ocrx_word' id='word_1_102' title='bbox 1878 1363 2015 1416; x_wconf 77' lang='lat' dir='ltr'><strong>pra:-</strong></span> 
     </span>
    </p>
   </div>
   <div class='ocr_carea' id='block_1_16' title="bbox 441 1435 2014 1507">
    <p class='ocr_par' dir='ltr' id='par_1_16' title="bbox 441 1435 2014 1507">
     <span class='ocr_line' id='line_1_16' title="bbox 441 1435 2014 1507; baseline 0.004 -17"><span class='ocrx_word' id='word_1_103' title='bbox 441 1444 710 1492; x_wconf 88' lang='lat' dir='ltr'><strong>monstrat</strong></span> <span class='ocrx_word' id='word_1_104' title='bbox 751 1435 1029 1506; x_wconf 62' lang='lat' dir='ltr'><strong>sapientiae</strong></span> <span class='ocrx_word' id='word_1_105' title='bbox 1059 1435 1316 1500; x_wconf 74' lang='lat' dir='ltr'><strong>ctelestis,</strong></span> <span class='ocrx_word' id='word_1_106' title='bbox 1352 1437 1594 1507; x_wconf 88' lang='lat' dir='ltr'><strong>nihilque</strong></span> <span class='ocrx_word' id='word_1_107' title='bbox 1641 1439 1697 1493; x_wconf 90' lang='lat' dir='ltr'><strong>in</strong></span> <span class='ocrx_word' id='word_1_108' title='bbox 1743 1440 1824 1496; x_wconf 90' lang='lat' dir='ltr'><strong>cis</strong></span> <span class='ocrx_word' id='word_1_109' title='bbox 1869 1441 2014 1496; x_wconf 84' lang='lat' dir='ltr'><strong>aliud</strong></span> 
     </span>
    </p>
   </div>
   <div class='ocr_carea' id='block_1_17' title="bbox 439 1528 2014 1598">
    <p class='ocr_par' dir='ltr' id='par_1_17' title="bbox 439 1528 2014 1598">
     <span class='ocr_line' id='line_1_17' title="bbox 439 1528 2014 1598; baseline 0.004 -18"><span class='ocrx_word' id='word_1_110' title='bbox 439 1543 604 1598; x_wconf 89' lang='lat' dir='ltr'><strong>quam</strong></span> <span class='ocrx_word' id='word_1_111' title='bbox 633 1528 890 1582; x_wconf 87' lang='lat' dir='ltr'><strong>virtutum</strong></span> <span class='ocrx_word' id='word_1_112' title='bbox 919 1528 1083 1584; x_wconf 80' lang='lat' dir='ltr'><strong>decus</strong></span> <span class='ocrx_word' id='word_1_113' title='bbox 1104 1528 1385 1597; x_wconf 84' lang='lat' dir='ltr'><strong>aspicitur.</strong></span> <span class='ocrx_word' id='word_1_114' title='bbox 1412 1529 1611 1585; x_wconf 84' lang='lat' dir='ltr'><strong>Annuli</strong></span> <span class='ocrx_word' id='word_1_115' title='bbox 1648 1539 1828 1587; x_wconf 87' lang='lat' dir='ltr'><strong>autem</strong></span> <span class='ocrx_word' id='word_1_116' title='bbox 1862 1531 2014 1587; x_wconf 88' lang='lat' dir='ltr'><strong>aurei</strong></span> 
     </span>
    </p>
   </div>
   <div class='ocr_carea' id='block_1_18' title="bbox 437 1615 2012 1690">
    <p class='ocr_par' dir='ltr' id='par_1_18' title="bbox 437 1615 2012 1690">
     <span class='ocr_line' id='line_1_18' title="bbox 437 1615 2012 1690; baseline 0.006 -21"><span class='ocrx_word' id='word_1_117' title='bbox 437 1631 533 1685; x_wconf 88' lang='lat' dir='ltr'><strong>per</strong></span> <span class='ocrx_word' id='word_1_118' title='bbox 577 1631 713 1686; x_wconf 89' lang='lat' dir='ltr'><strong>quos</strong></span> <span class='ocrx_word' id='word_1_119' title='bbox 753 1624 936 1671; x_wconf 84' lang='lat' dir='ltr'><strong>vectes</strong></span> <span class='ocrx_word' id='word_1_120' title='bbox 957 1615 1195 1672; x_wconf 83' lang='lat' dir='ltr'><strong>tabulata</strong></span> <span class='ocrx_word' id='word_1_121' title='bbox 1245 1619 1612 1686; x_wconf 88' lang='lat' dir='ltr'><strong>continebant,</strong></span> <span class='ocrx_word' id='word_1_122' title='bbox 1667 1621 1838 1690; x_wconf 82' lang='lat' dir='ltr'><strong>ipsam</strong></span> <span class='ocrx_word' id='word_1_123' title='bbox 1891 1623 2012 1678; x_wconf 73' lang='lat' dir='ltr'><strong>vitae</strong></span> 
     </span>
    </p>
   </div>
   <div class='ocr_carea' id='block_1_19' title="bbox 2121 440 3687 522">
    <p class='ocr_par' dir='ltr' id='par_1_19' title="bbox 2121 440 3687 522">
     <span class='ocr_line' id='line_1_19' title="bbox 2121 440 3687 522; baseline 0.012 -28"><span class='ocrx_word' id='word_1_124' title='bbox 2121 443 2188 497; x_wconf 89' lang='lat' dir='ltr'><strong>ad</strong></span> <span class='ocrx_word' id='word_1_125' title='bbox 2209 440 2531 513; x_wconf 84' lang='lat' dir='ltr'><strong>apostasiam</strong></span> <span class='ocrx_word' id='word_1_126' title='bbox 2563 443 2847 510; x_wconf 89' lang='lat' dir='ltr'><strong>decidunt;</strong></span> <span class='ocrx_word' id='word_1_127' title='bbox 2882 460 3064 501; x_wconf 88' lang='lat' dir='ltr'><strong>ramus</strong></span> <span class='ocrx_word' id='word_1_128' title='bbox 3083 446 3236 504; x_wconf 76' lang='lat' dir='ltr'><strong>oliva:</strong></span> <span class='ocrx_word' id='word_1_129' title='bbox 3261 467 3360 522; x_wconf 91' lang='lat' dir='ltr'><strong>per</strong></span> <span class='ocrx_word' id='word_1_130' title='bbox 3385 455 3687 512; x_wconf 93' lang='lat' dir='ltr'><strong>columbam</strong></span> 
     </span>
    </p>
   </div>
   <div class='ocr_carea' id='block_1_20' title="bbox 2120 530 3690 604">
    <p class='ocr_par' dir='ltr' id='par_1_20' title="bbox 2120 530 3690 604">
     <span class='ocr_line' id='line_1_20' title="bbox 2120 530 3690 604; baseline 0.01 -20"><span class='ocrx_word' id='word_1_131' title='bbox 2120 530 2302 585; x_wconf 89' lang='lat' dir='ltr'><strong>illatus</strong></span> <span class='ocrx_word' id='word_1_132' title='bbox 2321 530 2378 584; x_wconf 93' lang='lat' dir='ltr'><strong>in</strong></span> <span class='ocrx_word' id='word_1_133' title='bbox 2401 547 2604 597; x_wconf 89' lang='lat' dir='ltr'><strong>arcam,</strong></span> <span class='ocrx_word' id='word_1_134' title='bbox 2637 547 2731 588; x_wconf 89' lang='lat' dir='ltr'><strong>eos</strong></span> <span class='ocrx_word' id='word_1_135' title='bbox 2754 533 2844 601; x_wconf 90' lang='lat' dir='ltr'><strong>qui</strong></span> <span class='ocrx_word' id='word_1_136' title='bbox 2874 532 3008 590; x_wconf 88' lang='lat' dir='ltr'><strong>foris</strong></span> <span class='ocrx_word' id='word_1_137' title='bbox 3036 536 3273 604; x_wconf 89' lang='lat' dir='ltr'><strong>quidem,</strong></span> <span class='ocrx_word' id='word_1_138' title='bbox 3298 539 3399 596; x_wconf 88' lang='lat' dir='ltr'><strong>hoc</strong></span> <span class='ocrx_word' id='word_1_139' title='bbox 3436 552 3520 600; x_wconf 86' lang='lat' dir='ltr'><strong>est</strong></span> <span class='ocrx_word' id='word_1_140' title='bbox 3546 545 3690 600; x_wconf 87' lang='lat' dir='ltr'><strong>inter</strong></span> 
     </span>
    </p>
   </div>
   <div class='ocr_carea' id='block_1_21' title="bbox 2120 618 3688 696">
    <p class='ocr_par' dir='ltr' id='par_1_21' title="bbox 2120 618 3688 696">
     <span class='ocr_line' id='line_1_21' title="bbox 2120 618 3688 696; baseline 0 -24"><span class='ocrx_word' id='word_1_141' title='bbox 2120 618 2403 673; x_wconf 68' lang='lat' dir='ltr'><strong>litereticos</strong></span> <span class='ocrx_word' id='word_1_142' title='bbox 2444 619 2702 688; x_wconf 86' lang='lat' dir='ltr'><strong>baptizati</strong></span> <span class='ocrx_word' id='word_1_143' title='bbox 2728 629 2881 687; x_wconf 91' lang='lat' dir='ltr'><strong>sunt;</strong></span> <span class='ocrx_word' id='word_1_144' title='bbox 2913 621 3007 677; x_wconf 89' lang='lat' dir='ltr'><strong>sed</strong></span> <span class='ocrx_word' id='word_1_145' title='bbox 3036 623 3158 696; x_wconf 87' lang='lat' dir='ltr'><strong>quia</strong></span> <span class='ocrx_word' id='word_1_146' title='bbox 3193 626 3572 696; x_wconf 74' lang='lat' dir='ltr'><strong>pinguedinem</strong></span> <span class='ocrx_word' id='word_1_147' title='bbox 3598 647 3688 688; x_wconf 73' lang='grc' dir='ltr'><strong>αι-</strong></span> 
     </span>
    </p>
   </div>
   <div class='ocr_carea' id='block_1_22' title="bbox 2119 695 3684 782">
    <p class='ocr_par' dir='ltr' id='par_1_22' title="bbox 2119 695 3684 782">
     <span class='ocr_line' id='line_1_22' title="bbox 2119 695 3684 782; baseline 0.011 -23"><span class='ocrx_word' id='word_1_148' title='bbox 2119 707 2315 760; x_wconf 89' lang='lat' dir='ltr'><strong>stitatis</strong></span> <span class='ocrx_word' id='word_1_149' title='bbox 2346 706 2563 773; x_wconf 90' lang='lat' dir='ltr'><strong>habent,</strong></span> <span class='ocrx_word' id='word_1_150' title='bbox 2595 724 2692 779; x_wconf 92' lang='lat' dir='ltr'><strong>per</strong></span> <span class='ocrx_word' id='word_1_151' title='bbox 2713 711 2941 780; x_wconf 79' lang='lat' dir='ltr'><strong>gratiam</strong></span> <span class='ocrx_word' id='word_1_152' title='bbox 2971 695 3146 768; x_wconf 76' lang='lat' dir='ltr'><strong>sancti</strong></span> <span class='ocrx_word' id='word_1_153' title='bbox 3173 712 3404 782; x_wconf 88' lang='lat' dir='ltr'><strong>Spiritus</strong></span> <span class='ocrx_word' id='word_1_154' title='bbox 3429 717 3485 771; x_wconf 90' lang='lat' dir='ltr'><strong>in</strong></span> <span class='ocrx_word' id='word_1_155' title='bbox 3513 721 3684 776; x_wconf 82' lang='lat' dir='ltr'><strong>unita-</strong></span> 
     </span>
    </p>
   </div>
   <div class='ocr_carea' id='block_1_23' title="bbox 2120 798 3686 866">
    <p class='ocr_par' dir='ltr' id='par_1_23' title="bbox 2120 798 3686 866">
     <span class='ocr_line' id='line_1_23' title="bbox 2120 798 3686 866; baseline 0.011 -17"><span class='ocrx_word' id='word_1_156' title='bbox 2120 803 2227 850; x_wconf 88' lang='lat' dir='ltr'><strong>tem</strong></span> <span class='ocrx_word' id='word_1_157' title='bbox 2249 798 2568 852; x_wconf 86' lang='lat' dir='ltr'><strong>catholicam</strong></span> <span class='ocrx_word' id='word_1_158' title='bbox 2591 809 2868 855; x_wconf 89' lang='lat' dir='ltr'><strong>merentur</strong></span> <span class='ocrx_word' id='word_1_159' title='bbox 2883 800 3172 858; x_wconf 89' lang='lat' dir='ltr'><strong>introduci.</strong></span> <span class='ocrx_word' id='word_1_160' title='bbox 3193 805 3452 862; x_wconf 89' lang='lat' dir='ltr'><strong>Columba</strong></span> <span class='ocrx_word' id='word_1_161' title='bbox 3470 809 3536 864; x_wconf 91' lang='lat' dir='ltr'><strong>de</strong></span> <span class='ocrx_word' id='word_1_162' title='bbox 3558 823 3686 866; x_wconf 84' lang='lat' dir='ltr'><strong>arca</strong></span> 
     </span>
    </p>
   </div>
   <div class='ocr_carea' id='block_1_24' title="bbox 2118 889 3686 971">
    <p class='ocr_par' dir='ltr' id='par_1_24' title="bbox 2118 889 3686 971">
     <span class='ocr_line' id='line_1_24' title="bbox 2118 889 3686 971; baseline 0.013 -33"><span class='ocrx_word' id='word_1_163' title='bbox 2118 900 2352 955; x_wconf 88' lang='lat' dir='ltr'><strong>egressa,</strong></span> <span class='ocrx_word' id='word_1_164' title='bbox 2385 903 2561 958; x_wconf 87' lang='lat' dir='ltr'><strong>neque</strong></span> <span class='ocrx_word' id='word_1_165' title='bbox 2600 889 2741 944; x_wconf 90' lang='lat' dir='ltr'><strong>ultra</strong></span> <span class='ocrx_word' id='word_1_166' title='bbox 2785 907 3004 948; x_wconf 87' lang='lat' dir='ltr'><strong>reversa</strong></span> <span class='ocrx_word' id='word_1_167' title='bbox 3032 909 3125 950; x_wconf 90' lang='lat' dir='ltr'><strong>eos</strong></span> <span class='ocrx_word' id='word_1_168' title='bbox 3169 897 3259 964; x_wconf 90' lang='lat' dir='ltr'><strong>qui</strong></span> <span class='ocrx_word' id='word_1_169' title='bbox 3291 913 3454 954; x_wconf 90' lang='lat' dir='ltr'><strong>carne</strong></span> <span class='ocrx_word' id='word_1_170' title='bbox 3501 900 3686 971; x_wconf 89' lang='lat' dir='ltr'><strong>soluti,</strong></span> 
     </span>
    </p>
   </div>
   <div class='ocr_carea' id='block_1_25' title="bbox 2116 976 3690 1060">
    <p class='ocr_par' dir='ltr' id='par_1_25' title="bbox 2116 976 3690 1060">
     <span class='ocr_line' id='line_1_25' title="bbox 2116 976 3690 1060; baseline 0.01 -31"><span class='ocrx_word' id='word_1_171' title='bbox 2116 977 2183 1029; x_wconf 91' lang='lat' dir='ltr'><strong>ad</strong></span> <span class='ocrx_word' id='word_1_172' title='bbox 2208 976 2429 1033; x_wconf 82' lang='lat' dir='ltr'><strong>liberam</strong></span> <span class='ocrx_word' id='word_1_173' title='bbox 2459 978 2632 1035; x_wconf 88' lang='lat' dir='ltr'><strong>lucem</strong></span> <span class='ocrx_word' id='word_1_174' title='bbox 2660 983 2847 1051; x_wconf 65' lang='lat' dir='ltr'><strong>patriae</strong></span> <span class='ocrx_word' id='word_1_175' title='bbox 2883 983 3120 1039; x_wconf 61' lang='lat' dir='ltr'><strong>caelestis</strong></span> <span class='ocrx_word' id='word_1_176' title='bbox 3155 988 3454 1055; x_wconf 79' lang='lat' dir='ltr'><strong>pervolant,</strong></span> <span class='ocrx_word' id='word_1_177' title='bbox 3482 1004 3690 1060; x_wconf 78' lang='lat' dir='ltr'><strong>nequa-</strong></span> 
     </span>
    </p>
   </div>
   <div class='ocr_carea' id='block_1_26' title="bbox 2117 1070 3688 1150">
    <p class='ocr_par' dir='ltr' id='par_1_26' title="bbox 2117 1070 3688 1150">
     <span class='ocr_line' id='line_1_26' title="bbox 2117 1070 3688 1150; baseline 0.01 -28"><span class='ocrx_word' id='word_1_178' title='bbox 2117 1083 2278 1138; x_wconf 88' lang='lat' dir='ltr'><strong>quam</strong></span> <span class='ocrx_word' id='word_1_179' title='bbox 2318 1070 2546 1141; x_wconf 89' lang='lat' dir='ltr'><strong>amplius</strong></span> <span class='ocrx_word' id='word_1_180' title='bbox 2591 1073 2661 1128; x_wconf 88' lang='lat' dir='ltr'><strong>ad</strong></span> <span class='ocrx_word' id='word_1_181' title='bbox 2705 1072 2915 1128; x_wconf 82' lang='lat' dir='ltr'><strong>labores</strong></span> <span class='ocrx_word' id='word_1_182' title='bbox 2954 1083 3185 1130; x_wconf 68' lang='lat' dir='ltr'><strong>terrenae</strong></span> <span class='ocrx_word' id='word_1_183' title='bbox 3231 1080 3688 1150; x_wconf 72' lang='lat' dir='ltr'><strong>peregrinationis</strong></span> 
     </span>
    </p>
   </div>
   <div class='ocr_carea' id='block_1_27' title="bbox 2117 1159 3685 1239">
    <p class='ocr_par' dir='ltr' id='par_1_27' title="bbox 2117 1159 3685 1239">
     <span class='ocr_line' id='line_1_27' title="bbox 2117 1159 3685 1239; baseline 0.01 -28"><span class='ocrx_word' id='word_1_184' title='bbox 2117 1159 2360 1214; x_wconf 87' lang='lat' dir='ltr'><strong>redituri.</strong></span> <span class='ocrx_word' id='word_1_185' title='bbox 2383 1159 2798 1217; x_wconf 89' lang='lat' dir='ltr'><strong>Circumdantur</strong></span> <span class='ocrx_word' id='word_1_186' title='bbox 2825 1163 3006 1235; x_wconf 89' lang='lat' dir='ltr'><strong>itaque</strong></span> <span class='ocrx_word' id='word_1_187' title='bbox 3050 1179 3183 1220; x_wconf 88' lang='lat' dir='ltr'><strong>auro</strong></span> <span class='ocrx_word' id='word_1_188' title='bbox 3212 1177 3393 1222; x_wconf 80' lang='lat' dir='ltr'><strong>vectes</strong></span> <span class='ocrx_word' id='word_1_189' title='bbox 3419 1168 3685 1239; x_wconf 84' lang='lat' dir='ltr'><strong>lignorum</strong></span> 
     </span>
    </p>
   </div>
   <div class='ocr_carea' id='block_1_28' title="bbox 2116 1249 3684 1326">
    <p class='ocr_par' dir='ltr' id='par_1_28' title="bbox 2116 1249 3684 1326">
     <span class='ocr_line' id='line_1_28' title="bbox 2116 1249 3684 1326; baseline 0.009 -24"><span class='ocrx_word' id='word_1_190' title='bbox 2116 1249 2335 1315; x_wconf 88' lang='lat' dir='ltr'><strong>sethim,</strong></span> <span class='ocrx_word' id='word_1_191' title='bbox 2365 1265 2485 1304; x_wconf 91' lang='lat' dir='ltr'><strong>cum</strong></span> <span class='ocrx_word' id='word_1_192' title='bbox 2514 1250 2826 1308; x_wconf 87' lang='lat' dir='ltr'><strong>ﬁrmissima</strong></span> <span class='ocrx_word' id='word_1_193' title='bbox 2857 1270 3026 1310; x_wconf 75' lang='lat' dir='ltr'><strong>sacra:</strong></span> <span class='ocrx_word' id='word_1_194' title='bbox 3055 1255 3350 1326; x_wconf 70' lang='lat' dir='ltr'><strong>Scriptura:</strong></span> <span class='ocrx_word' id='word_1_195' title='bbox 3374 1261 3684 1316; x_wconf 90' lang='lat' dir='ltr'><strong>testimonia</strong></span> 
     </span>
    </p>
   </div>
   <div class='ocr_carea' id='block_1_29' title="bbox 2113 1339 3688 1418">
    <p class='ocr_par' dir='ltr' id='par_1_29' title="bbox 2113 1339 3688 1418">
     <span class='ocr_line' id='line_1_29' title="bbox 2113 1339 3688 1418; baseline 0.009 -26"><span class='ocrx_word' id='word_1_196' title='bbox 2113 1355 2211 1409; x_wconf 90' lang='lat' dir='ltr'><strong>per</strong></span> <span class='ocrx_word' id='word_1_197' title='bbox 2235 1339 2733 1410; x_wconf 88' lang='lat' dir='ltr'><strong>interpretationem</strong></span> <span class='ocrx_word' id='word_1_198' title='bbox 2754 1344 3036 1415; x_wconf 86' lang='lat' dir='ltr'><strong>mysticam</strong></span> <span class='ocrx_word' id='word_1_199' title='bbox 3061 1345 3146 1400; x_wconf 88' lang='lat' dir='ltr'><strong>his</strong></span> <span class='ocrx_word' id='word_1_200' title='bbox 3164 1355 3218 1400; x_wconf 92' lang='lat' dir='ltr'><strong>et</strong></span> <span class='ocrx_word' id='word_1_201' title='bbox 3239 1347 3544 1418; x_wconf 68' lang='lat' dir='ltr'><strong>huiusmodi</strong></span> <span class='ocrx_word' id='word_1_202' title='bbox 3565 1364 3688 1405; x_wconf 82' lang='lat' dir='ltr'><strong>sen-</strong></span> 
     </span>
    </p>
   </div>
   <div class='ocr_carea' id='block_1_30' title="bbox 2115 1428 3687 1510">
    <p class='ocr_par' dir='ltr' id='par_1_30' title="bbox 2115 1428 3687 1510">
     <span class='ocr_line' id='line_1_30' title="bbox 2115 1428 3687 1510; baseline 0.009 -29"><span class='ocrx_word' id='word_1_203' title='bbox 2115 1428 2265 1483; x_wconf 89' lang='lat' dir='ltr'><strong>sibus</strong></span> <span class='ocrx_word' id='word_1_204' title='bbox 2288 1429 2672 1486; x_wconf 75' lang='lat' dir='ltr'><strong>ccelestibusac</strong></span> <span class='ocrx_word' id='word_1_205' title='bbox 2693 1433 3061 1502; x_wconf 90' lang='lat' dir='ltr'><strong>spiritualibus</strong></span> <span class='ocrx_word' id='word_1_206' title='bbox 3082 1435 3387 1504; x_wconf 90' lang='lat' dir='ltr'><strong>probabunt</strong></span> <span class='ocrx_word' id='word_1_207' title='bbox 3412 1453 3534 1494; x_wconf 88' lang='lat' dir='ltr'><strong>esse</strong></span> <span class='ocrx_word' id='word_1_208' title='bbox 3563 1455 3687 1510; x_wconf 89' lang='lat' dir='ltr'><strong>per-</strong></span> 
     </span>
    </p>
   </div>
   <div class='ocr_carea' id='block_1_31' title="bbox 2113 1516 3687 1598">
    <p class='ocr_par' dir='ltr' id='par_1_31' title="bbox 2113 1516 3687 1598">
     <span class='ocr_line' id='line_1_31' title="bbox 2113 1516 3687 1598; baseline 0.007 -28"><span class='ocrx_word' id='word_1_209' title='bbox 2113 1516 2310 1571; x_wconf 90' lang='lat' dir='ltr'><strong>lucida.</strong></span> <span class='ocrx_word' id='word_1_210' title='bbox 2340 1516 2408 1571; x_wconf 90' lang='lat' dir='ltr'><strong>Et</strong></span> <span class='ocrx_word' id='word_1_211' title='bbox 2431 1519 2594 1589; x_wconf 86' lang='lat' dir='ltr'><strong>eriges</strong></span> <span class='ocrx_word' id='word_1_212' title='bbox 2621 1520 3017 1575; x_wconf 88' lang='lat' dir='ltr'><strong>tabernaculum</strong></span> <span class='ocrx_word' id='word_1_213' title='bbox 3023 1522 3186 1592; x_wconf 76' lang='lat' dir='ltr'><strong>juxta</strong></span> <span class='ocrx_word' id='word_1_214' title='bbox 3208 1523 3522 1595; x_wconf 72' lang='lat' dir='ltr'><strong>exemplum,</strong></span> <span class='ocrx_word' id='word_1_215' title='bbox 3547 1528 3687 1598; x_wconf 84' lang='lat' dir='ltr'><strong>quod</strong></span> 
     </span>
    </p>
   </div>
   <div class='ocr_carea' id='block_1_32' title="bbox 2113 1606 3688 1682">
    <p class='ocr_par' dir='ltr' id='par_1_32' title="bbox 2113 1606 3688 1682">
     <span class='ocr_line' id='line_1_32' title="bbox 2113 1606 3688 1682; baseline 0.009 -24"><span class='ocrx_word' id='word_1_216' title='bbox 2113 1606 2207 1659; x_wconf 85' lang='lat' dir='ltr'><strong>tibi</strong></span> <span class='ocrx_word' id='word_1_217' title='bbox 2252 1607 2308 1660; x_wconf 86' lang='lat' dir='ltr'><strong>in</strong></span> <span class='ocrx_word' id='word_1_218' title='bbox 2340 1618 2513 1662; x_wconf 89' lang='lat' dir='ltr'><strong>monte</strong></span> <span class='ocrx_word' id='word_1_219' title='bbox 2561 1619 2908 1665; x_wconf 82' lang='lat' dir='ltr'><strong>monstratum</strong></span> <span class='ocrx_word' id='word_1_220' title='bbox 2957 1620 3054 1666; x_wconf 90' lang='lat' dir='ltr'><strong>est.</strong></span> <span class='ocrx_word' id='word_1_221' title='bbox 3091 1611 3407 1682; x_wconf 72' lang='lat' dir='ltr'><strong>Exemplum</strong></span> <span class='ocrx_word' id='word_1_222' title='bbox 3439 1611 3688 1672; x_wconf 54' lang='lat' dir='ltr'><strong>taberna?</strong></span> 
     </span>
    </p>
   </div>
   <div class='ocr_carea' id='block_1_33' title="bbox 437 1693 3684 1780">
    <p class='ocr_par' dir='ltr' id='par_1_33' title="bbox 437 1693 3684 1780">
     <span class='ocr_line' id='line_1_33' title="bbox 437 1693 3684 1780; baseline 0.006 -41"><span class='ocrx_word' id='word_1_223' title='bbox 437 1705 677 1760; x_wconf 66' lang='grc' dir='ltr'><strong>εωιοειίε</strong></span> <span class='ocrx_word' id='word_1_224' title='bbox 714 1705 1101 1762; x_wconf 49' lang='lat' dir='ltr'><strong>beatitudinem</strong></span> <span class='ocrx_word' id='word_1_225' title='bbox 1130 1706 1435 1778; x_wconf 58' lang='lat' dir='ltr'><strong>designam,</strong></span> <span class='ocrx_word' id='word_1_226' title='bbox 1481 1725 1602 1780; x_wconf 52' lang='lat' dir='ltr'><strong>qua,</strong></span> <span class='ocrx_word' id='word_1_227' title='bbox 1631 1719 1853 1780; x_wconf 52' lang='lat' dir='ltr'><strong>propter</strong></span> <span class='ocrx_word' id='word_1_228' title='bbox 1899 1728 2010 1769; x_wconf 54' lang='lat' dir='ltr'><strong>sum</strong></span> <span class='ocrx_word' id='word_1_229' title='bbox 2038 1701 2085 1760; x_wconf 84' lang='grc' dir='ltr'><strong><em>Β</em></strong></span> <span class='ocrx_word' id='word_1_230' title='bbox 2113 1693 2217 1748; x_wconf 92' lang='lat' dir='ltr'><strong>culi</strong></span> <span class='ocrx_word' id='word_1_231' title='bbox 2246 1694 2415 1766; x_wconf 84' lang='lat' dir='ltr'><strong>Moysi</strong></span> <span class='ocrx_word' id='word_1_232' title='bbox 2441 1697 2495 1750; x_wconf 91' lang='lat' dir='ltr'><strong>in</strong></span> <span class='ocrx_word' id='word_1_233' title='bbox 2525 1704 2706 1753; x_wconf 88' lang='lat' dir='ltr'><strong>monte</strong></span> <span class='ocrx_word' id='word_1_234' title='bbox 2746 1706 3103 1753; x_wconf 86' lang='lat' dir='ltr'><strong>monstratum</strong></span> <span class='ocrx_word' id='word_1_235' title='bbox 3133 1711 3238 1765; x_wconf 90' lang='lat' dir='ltr'><strong>est,</strong></span> <span class='ocrx_word' id='word_1_236' title='bbox 3288 1703 3413 1771; x_wconf 90' lang='lat' dir='ltr'><strong>quia</strong></span> <span class='ocrx_word' id='word_1_237' title='bbox 3443 1719 3684 1760; x_wconf 88' lang='lat' dir='ltr'><strong>commo-</strong></span> 
     </span>
    </p>
   </div>
   <div class='ocr_carea' id='block_1_34' title="bbox 437 1795 2008 1874">
    <p class='ocr_par' dir='ltr' id='par_1_34' title="bbox 437 1795 2008 1874">
     <span class='ocr_line' id='line_1_34' title="bbox 437 1795 2008 1874; baseline 0.006 -26"><span class='ocrx_word' id='word_1_238' title='bbox 437 1795 664 1864; x_wconf 86' lang='lat' dir='ltr'><strong>gloriam</strong></span> <span class='ocrx_word' id='word_1_239' title='bbox 697 1796 958 1850; x_wconf 87' lang='lat' dir='ltr'><strong>claritatis</strong></span> <span class='ocrx_word' id='word_1_240' title='bbox 1011 1805 1158 1853; x_wconf 87' lang='lat' dir='ltr'><strong>recte</strong></span> <span class='ocrx_word' id='word_1_241' title='bbox 1199 1813 1352 1864; x_wconf 88' lang='lat' dir='ltr'><strong>auro,</strong></span> <span class='ocrx_word' id='word_1_242' title='bbox 1382 1809 1602 1870; x_wconf 88' lang='lat' dir='ltr'><strong>propter</strong></span> <span class='ocrx_word' id='word_1_243' title='bbox 1651 1802 2008 1874; x_wconf 55' lang='lat' dir='ltr'><strong>aeternitatem</strong></span> 
     </span>
    </p>
   </div>
   <div class='ocr_carea' id='block_1_35' title="bbox 436 1889 2004 1964">
    <p class='ocr_par' dir='ltr' id='par_1_35' title="bbox 436 1889 2004 1964">
     <span class='ocr_line' id='line_1_35' title="bbox 436 1889 2004 1964; baseline 0.005 -21"><span class='ocrx_word' id='word_1_244' title='bbox 436 1897 586 1944; x_wconf 86' lang='lat' dir='ltr'><strong>recte</strong></span> <span class='ocrx_word' id='word_1_245' title='bbox 606 1889 810 1945; x_wconf 90' lang='lat' dir='ltr'><strong>circulo</strong></span> <span class='ocrx_word' id='word_1_246' title='bbox 830 1898 1196 1958; x_wconf 86' lang='lat' dir='ltr'><strong>comparatur.</strong></span> <span class='ocrx_word' id='word_1_247' title='bbox 1222 1891 1373 1948; x_wconf 86' lang='lat' dir='ltr'><strong>Unde</strong></span> <span class='ocrx_word' id='word_1_248' title='bbox 1400 1902 1457 1948; x_wconf 89' lang='lat' dir='ltr'><strong>et</strong></span> <span class='ocrx_word' id='word_1_249' title='bbox 1477 1893 1764 1964; x_wconf 86' lang='lat' dir='ltr'><strong>Apostolus</strong></span> <span class='ocrx_word' id='word_1_250' title='bbox 1783 1897 1850 1952; x_wconf 91' lang='lat' dir='ltr'><strong>de</strong></span> <span class='ocrx_word' id='word_1_251' title='bbox 1875 1898 1964 1952; x_wconf 89' lang='lat' dir='ltr'><strong>illa</strong></span> <span class='ocrx_word' id='word_1_252' title='bbox 1990 1917 2004 1952; x_wconf 89' lang='lat'><strong>:</strong></span> 
     </span>
    </p>
   </div>
   <div class='ocr_carea' id='block_1_36' title="bbox 437 1978 2004 2058">
    <p class='ocr_par' dir='ltr' id='par_1_36' title="bbox 437 1978 2004 2058">
     <span class='ocr_line' id='line_1_36' title="bbox 437 1978 2004 2058; baseline 0.005 -24"><span class='ocrx_word' id='word_1_253' title='bbox 437 1978 686 2050; x_wconf 79' lang='lat' dir='ltr'><strong>Reposito</strong></span> <span class='ocrx_word' id='word_1_254' title='bbox 719 1989 817 2047; x_wconf 77' lang='lat' dir='ltr'><strong>est,</strong></span> <span class='ocrx_word' id='word_1_255' title='bbox 856 1981 1052 2051; x_wconf 87' lang='lat' dir='ltr'><strong>inquit,</strong></span> <span class='ocrx_word' id='word_1_256' title='bbox 1095 1983 1222 2036; x_wconf 77' lang='lat' dir='ltr'><strong>mihi</strong></span> <span class='ocrx_word' id='word_1_257' title='bbox 1261 1999 1456 2037; x_wconf 82' lang='lat' dir='ltr'><strong>corona</strong></span> <span class='ocrx_word' id='word_1_258' title='bbox 1493 1985 1720 2054; x_wconf 74' lang='lat' dir='ltr'><strong>justitia:</strong></span> <span class='ocrx_word' id='word_1_259' title='bbox 1755 1985 1840 2058; x_wconf 84' lang='lat' dir='ltr'><strong>(II</strong></span> <span class='ocrx_word' id='word_1_260' title='bbox 1871 1987 2004 2043; x_wconf 89' lang='lat' dir='ltr'><strong>Tim.</strong></span> 
     </span>
    </p>
   </div>
   <div class='ocr_carea' id='block_1_37' title="bbox 435 2069 2010 2144">
    <p class='ocr_par' dir='ltr' id='par_1_37' title="bbox 435 2069 2010 2144">
     <span class='ocr_line' id='line_1_37' title="bbox 435 2069 2010 2144; baseline 0.005 -20"><span class='ocrx_word' id='word_1_261' title='bbox 435 2071 532 2141; x_wconf 85' lang='lat' dir='ltr'><strong>tv).</strong></span> <span class='ocrx_word' id='word_1_262' title='bbox 561 2069 807 2140; x_wconf 84' lang='lat' dir='ltr'><strong>Quinque</strong></span> <span class='ocrx_word' id='word_1_263' title='bbox 835 2080 1013 2127; x_wconf 88' lang='lat' dir='ltr'><strong>autem</strong></span> <span class='ocrx_word' id='word_1_264' title='bbox 1039 2071 1274 2128; x_wconf 89' lang='lat' dir='ltr'><strong>circulos</strong></span> <span class='ocrx_word' id='word_1_265' title='bbox 1299 2073 1522 2144; x_wconf 76' lang='lat' dir='ltr'><strong>singula:</strong></span> <span class='ocrx_word' id='word_1_266' title='bbox 1563 2075 1834 2132; x_wconf 82' lang='lat' dir='ltr'><strong>habebant</strong></span> <span class='ocrx_word' id='word_1_267' title='bbox 1859 2079 2010 2132; x_wconf 87' lang='lat' dir='ltr'><strong>tabu-</strong></span> 
     </span>
    </p>
   </div>
   <div class='ocr_carea' id='block_1_38' title="bbox 434 2155 2008 2234">
    <p class='ocr_par' dir='ltr' id='par_1_38' title="bbox 434 2155 2008 2234">
     <span class='ocr_line' id='line_1_38' title="bbox 434 2155 2008 2234; baseline 0.006 -24"><span class='ocrx_word' id='word_1_268' title='bbox 434 2155 520 2223; x_wconf 60' lang='lat' dir='ltr'><strong>lae,</strong></span> <span class='ocrx_word' id='word_1_269' title='bbox 562 2173 670 2212; x_wconf 91' lang='lat' dir='ltr'><strong>non</strong></span> <span class='ocrx_word' id='word_1_270' title='bbox 712 2158 836 2228; x_wconf 88' lang='lat' dir='ltr'><strong>quia</strong></span> <span class='ocrx_word' id='word_1_271' title='bbox 890 2158 1327 2230; x_wconf 88' lang='lat' dir='ltr'><strong>quinquepartita</strong></span> <span class='ocrx_word' id='word_1_272' title='bbox 1369 2170 1452 2216; x_wconf 91' lang='lat' dir='ltr'><strong>est</strong></span> <span class='ocrx_word' id='word_1_273' title='bbox 1494 2163 1770 2219; x_wconf 88' lang='lat' dir='ltr'><strong>distinctio</strong></span> <span class='ocrx_word' id='word_1_274' title='bbox 1822 2165 2008 2234; x_wconf 83' lang='lat' dir='ltr'><strong>patriae</strong></span> 
     </span>
    </p>
   </div>
   <div class='ocr_carea' id='block_1_39' title="bbox 431 2248 2007 2328">
    <p class='ocr_par' dir='ltr' id='par_1_39' title="bbox 431 2248 2007 2328">
     <span class='ocr_line' id='line_1_39' title="bbox 431 2248 2007 2328; baseline 0.006 -26"><span class='ocrx_word' id='word_1_275' title='bbox 431 2248 694 2313; x_wconf 69' lang='lat' dir='ltr'><strong>cmlestis,</strong></span> <span class='ocrx_word' id='word_1_276' title='bbox 721 2249 814 2305; x_wconf 89' lang='lat' dir='ltr'><strong>sed</strong></span> <span class='ocrx_word' id='word_1_277' title='bbox 842 2249 969 2328; x_wconf 88' lang='lat' dir='ltr'><strong>quia</strong></span> <span class='ocrx_word' id='word_1_278' title='bbox 997 2251 1186 2306; x_wconf 88' lang='lat' dir='ltr'><strong>eadem</strong></span> <span class='ocrx_word' id='word_1_279' title='bbox 1213 2262 1474 2322; x_wconf 87' lang='lat' dir='ltr'><strong>perpetua</strong></span> <span class='ocrx_word' id='word_1_280' title='bbox 1515 2254 1752 2319; x_wconf 86' lang='lat' dir='ltr'><strong>claritas,</strong></span> <span class='ocrx_word' id='word_1_281' title='bbox 1780 2265 1834 2310; x_wconf 91' lang='lat' dir='ltr'><strong>et</strong></span> <span class='ocrx_word' id='word_1_282' title='bbox 1859 2257 2007 2312; x_wconf 88' lang='lat' dir='ltr'><strong>clara</strong></span> 
     </span>
    </p>
   </div>
   <div class='ocr_carea' id='block_1_40' title="bbox 430 2339 2003 2414">
    <p class='ocr_par' dir='ltr' id='par_1_40' title="bbox 430 2339 2003 2414">
     <span class='ocr_line' id='line_1_40' title="bbox 430 2339 2003 2414; baseline 0.01 -24"><span class='ocrx_word' id='word_1_283' title='bbox 430 2339 764 2408; x_wconf 88' lang='lat' dir='ltr'><strong>perpetuitas</strong></span> <span class='ocrx_word' id='word_1_284' title='bbox 809 2339 960 2410; x_wconf 88' lang='lat' dir='ltr'><strong>regni</strong></span> <span class='ocrx_word' id='word_1_285' title='bbox 999 2340 1142 2396; x_wconf 91' lang='lat' dir='ltr'><strong>illius</strong></span> <span class='ocrx_word' id='word_1_286' title='bbox 1170 2341 1225 2396; x_wconf 92' lang='lat' dir='ltr'><strong>in</strong></span> <span class='ocrx_word' id='word_1_287' title='bbox 1249 2340 1470 2410; x_wconf 87' lang='lat' dir='ltr'><strong>Genesi,</strong></span> <span class='ocrx_word' id='word_1_288' title='bbox 1495 2346 1682 2400; x_wconf 89' lang='lat' dir='ltr'><strong>eadem</strong></span> <span class='ocrx_word' id='word_1_289' title='bbox 1719 2347 1774 2402; x_wconf 90' lang='lat' dir='ltr'><strong>in</strong></span> <span class='ocrx_word' id='word_1_290' title='bbox 1796 2347 2003 2414; x_wconf 81' lang='lat' dir='ltr'><strong>Exodo,</strong></span> 
     </span>
    </p>
   </div>
   <div class='ocr_carea' id='block_1_41' title="bbox 431 2429 2006 2506">
    <p class='ocr_par' dir='ltr' id='par_1_41' title="bbox 431 2429 2006 2506">
     <span class='ocr_line' id='line_1_41' title="bbox 431 2429 2006 2506; baseline 0.006 -22"><span class='ocrx_word' id='word_1_291' title='bbox 431 2429 621 2485; x_wconf 88' lang='lat' dir='ltr'><strong>eadem</strong></span> <span class='ocrx_word' id='word_1_292' title='bbox 649 2430 704 2484; x_wconf 90' lang='lat' dir='ltr'><strong>in</strong></span> <span class='ocrx_word' id='word_1_293' title='bbox 733 2430 994 2497; x_wconf 88' lang='lat' dir='ltr'><strong>Levitico,</strong></span> <span class='ocrx_word' id='word_1_294' title='bbox 1033 2433 1222 2488; x_wconf 89' lang='lat' dir='ltr'><strong>eadem</strong></span> <span class='ocrx_word' id='word_1_295' title='bbox 1248 2434 1303 2488; x_wconf 89' lang='lat' dir='ltr'><strong>in</strong></span> <span class='ocrx_word' id='word_1_296' title='bbox 1336 2435 1476 2491; x_wconf 88' lang='lat' dir='ltr'><strong>libro</strong></span> <span class='ocrx_word' id='word_1_297' title='bbox 1512 2436 1892 2506; x_wconf 86' lang='lat' dir='ltr'><strong>Numerorum,</strong></span> <span class='ocrx_word' id='word_1_298' title='bbox 1917 2456 2006 2496; x_wconf 86' lang='lat' dir='ltr'><strong>ea-</strong></span> 
     </span>
    </p>
   </div>
   <div class='ocr_carea' id='block_1_42' title="bbox 425 2521 2007 2600">
    <p class='ocr_par' dir='ltr' id='par_1_42' title="bbox 425 2521 2007 2600">
     <span class='ocr_line' id='line_1_42' title="bbox 425 2521 2007 2600; baseline 0.008 -26"><span class='ocrx_word' id='word_1_299' title='bbox 425 2521 552 2574; x_wconf 86' lang='lat' dir='ltr'><strong>dem</strong></span> <span class='ocrx_word' id='word_1_300' title='bbox 583 2521 636 2575; x_wconf 91' lang='lat' dir='ltr'><strong>in</strong></span> <span class='ocrx_word' id='word_1_301' title='bbox 665 2521 1080 2578; x_wconf 86' lang='lat' dir='ltr'><strong>Deuteronomio</strong></span> <span class='ocrx_word' id='word_1_302' title='bbox 1119 2524 1320 2599; x_wconf 83' lang='lat' dir='ltr'><strong>scripta</strong></span> <span class='ocrx_word' id='word_1_303' title='bbox 1369 2528 1696 2582; x_wconf 88' lang='lat' dir='ltr'><strong>continetur.</strong></span> <span class='ocrx_word' id='word_1_304' title='bbox 1744 2530 1812 2584; x_wconf 85' lang='lat' dir='ltr'><strong>Et</strong></span> <span class='ocrx_word' id='word_1_305' title='bbox 1855 2531 2007 2600; x_wconf 91' lang='lat' dir='ltr'><strong>quin-</strong></span> 
     </span>
    </p>
   </div>
   <div class='ocr_carea' id='block_1_43' title="bbox 431 2612 2005 2684">
    <p class='ocr_par' dir='ltr' id='par_1_43' title="bbox 431 2612 2005 2684">
     <span class='ocr_line' id='line_1_43' title="bbox 431 2612 2005 2684; baseline 0.009 -21"><span class='ocrx_word' id='word_1_306' title='bbox 431 2626 536 2680; x_wconf 90' lang='lat' dir='ltr'><strong>que</strong></span> <span class='ocrx_word' id='word_1_307' title='bbox 584 2612 767 2666; x_wconf 91' lang='lat' dir='ltr'><strong>annuli</strong></span> <span class='ocrx_word' id='word_1_308' title='bbox 812 2613 962 2668; x_wconf 89' lang='lat' dir='ltr'><strong>aurei</strong></span> <span class='ocrx_word' id='word_1_309' title='bbox 990 2613 1216 2684; x_wconf 77' lang='lat' dir='ltr'><strong>singulis</strong></span> <span class='ocrx_word' id='word_1_310' title='bbox 1247 2617 1578 2672; x_wconf 84' lang='lat' dir='ltr'><strong>tabernaculi</strong></span> <span class='ocrx_word' id='word_1_311' title='bbox 1628 2620 1823 2676; x_wconf 90' lang='lat' dir='ltr'><strong>tabulis</strong></span> <span class='ocrx_word' id='word_1_312' title='bbox 1849 2631 2005 2677; x_wconf 90' lang='lat' dir='ltr'><strong>erant</strong></span> 
     </span>
    </p>
   </div>
   <div class='ocr_carea' id='block_1_44' title="bbox 427 2700 2004 2780">
    <p class='ocr_par' dir='ltr' id='par_1_44' title="bbox 427 2700 2004 2780">
     <span class='ocr_line' id='line_1_44' title="bbox 427 2700 2004 2780; baseline 0.008 -27"><span class='ocrx_word' id='word_1_313' title='bbox 427 2700 604 2766; x_wconf 75' lang='lat' dir='ltr'><strong>inﬁxi,</strong></span> <span class='ocrx_word' id='word_1_314' title='bbox 622 2703 744 2770; x_wconf 87' lang='lat' dir='ltr'><strong>quia</strong></span> <span class='ocrx_word' id='word_1_315' title='bbox 769 2703 928 2758; x_wconf 89' lang='lat' dir='ltr'><strong>corda</strong></span> <span class='ocrx_word' id='word_1_316' title='bbox 951 2701 1220 2771; x_wconf 87' lang='lat' dir='ltr'><strong>justorum</strong></span> <span class='ocrx_word' id='word_1_317' title='bbox 1247 2705 1475 2762; x_wconf 87' lang='lat' dir='ltr'><strong>multum</strong></span> <span class='ocrx_word' id='word_1_318' title='bbox 1497 2708 1714 2764; x_wconf 87' lang='lat' dir='ltr'><strong>dilatata</strong></span> <span class='ocrx_word' id='word_1_319' title='bbox 1743 2726 1840 2780; x_wconf 90' lang='lat' dir='ltr'><strong>per</strong></span> <span class='ocrx_word' id='word_1_320' title='bbox 1857 2725 2004 2766; x_wconf 88' lang='lat' dir='ltr'><strong>amo-</strong></span> 
     </span>
    </p>
   </div>
   <div class='ocr_carea' id='block_1_45' title="bbox 431 2793 2004 2866">
    <p class='ocr_par' dir='ltr' id='par_1_45' title="bbox 431 2793 2004 2866">
     <span class='ocr_line' id='line_1_45' title="bbox 431 2793 2004 2866; baseline 0.005 -20"><span class='ocrx_word' id='word_1_321' title='bbox 431 2808 544 2847; x_wconf 86' lang='lat' dir='ltr'><strong>rem</strong></span> <span class='ocrx_word' id='word_1_322' title='bbox 576 2793 630 2847; x_wconf 92' lang='lat' dir='ltr'><strong>in</strong></span> <span class='ocrx_word' id='word_1_323' title='bbox 662 2794 909 2850; x_wconf 86' lang='lat' dir='ltr'><strong>omnibus</strong></span> <span class='ocrx_word' id='word_1_324' title='bbox 934 2793 1068 2866; x_wconf 81' lang='lat' dir='ltr'><strong>legis</strong></span> <span class='ocrx_word' id='word_1_325' title='bbox 1085 2794 1335 2852; x_wconf 56' lang='lat' dir='ltr'><strong>Mosaicae</strong></span> <span class='ocrx_word' id='word_1_326' title='bbox 1361 2796 1535 2863; x_wconf 90' lang='lat' dir='ltr'><strong>libris,</strong></span> <span class='ocrx_word' id='word_1_327' title='bbox 1559 2813 1667 2854; x_wconf 89' lang='lat' dir='ltr'><strong>non</strong></span> <span class='ocrx_word' id='word_1_328' title='bbox 1690 2799 1861 2854; x_wconf 91' lang='lat' dir='ltr'><strong>solum</strong></span> <span class='ocrx_word' id='word_1_329' title='bbox 1883 2815 2004 2856; x_wconf 87' lang='lat' dir='ltr'><strong>cor-</strong></span> 
     </span>
    </p>
   </div>
   <div class='ocr_carea' id='block_1_46' title="bbox 429 2885 2001 2962">
    <p class='ocr_par' dir='ltr' id='par_1_46' title="bbox 429 2885 2001 2962">
     <span class='ocr_line' id='line_1_46' title="bbox 429 2885 2001 2962; baseline 0.006 -25"><span class='ocrx_word' id='word_1_330' title='bbox 429 2885 724 2940; x_wconf 86' lang='lat' dir='ltr'><strong>rectionem</strong></span> <span class='ocrx_word' id='word_1_331' title='bbox 749 2901 992 2956; x_wconf 89' lang='lat' dir='ltr'><strong>operum,</strong></span> <span class='ocrx_word' id='word_1_332' title='bbox 1021 2886 1116 2942; x_wconf 88' lang='lat' dir='ltr'><strong>sed</strong></span> <span class='ocrx_word' id='word_1_333' title='bbox 1141 2897 1196 2944; x_wconf 90' lang='lat' dir='ltr'><strong>et</strong></span> <span class='ocrx_word' id='word_1_334' title='bbox 1220 2898 1537 2959; x_wconf 88' lang='lat' dir='ltr'><strong>perpetuam</strong></span> <span class='ocrx_word' id='word_1_335' title='bbox 1566 2906 1813 2962; x_wconf 62' lang='lat' dir='ltr'><strong>supernae</strong></span> <span class='ocrx_word' id='word_1_336' title='bbox 1838 2893 2001 2947; x_wconf 87' lang='lat' dir='ltr'><strong>retri-</strong></span> 
     </span>
    </p>
   </div>
   <div class='ocr_carea' id='block_1_47' title="bbox 430 2974 2002 3050">
    <p class='ocr_par' dir='ltr' id='par_1_47' title="bbox 430 2974 2002 3050">
     <span class='ocr_line' id='line_1_47' title="bbox 430 2974 2002 3050; baseline 0.005 -22"><span class='ocrx_word' id='word_1_337' title='bbox 430 2974 666 3030; x_wconf 78' lang='lat' dir='ltr'><strong>butionis</strong></span> <span class='ocrx_word' id='word_1_338' title='bbox 708 2974 883 3030; x_wconf 87' lang='lat' dir='ltr'><strong>lucem</strong></span> <span class='ocrx_word' id='word_1_339' title='bbox 918 2975 1122 3045; x_wconf 86' lang='lat' dir='ltr'><strong>legunt.</strong></span> <span class='ocrx_word' id='word_1_340' title='bbox 1147 2976 1217 3031; x_wconf 83' lang='lat' dir='ltr'><strong>Et</strong></span> <span class='ocrx_word' id='word_1_341' title='bbox 1258 2977 1444 3046; x_wconf 77' lang='lat' dir='ltr'><strong>fundes</strong></span> <span class='ocrx_word' id='word_1_342' title='bbox 1483 2980 1580 3045; x_wconf 87' lang='lat' dir='ltr'><strong>eis,</strong></span> <span class='ocrx_word' id='word_1_343' title='bbox 1609 2980 1804 3050; x_wconf 91' lang='lat' dir='ltr'><strong>inquit,</strong></span> <span class='ocrx_word' id='word_1_344' title='bbox 1833 2999 2002 3036; x_wconf 86' lang='lat' dir='ltr'><strong>annu-</strong></span> 
     </span>
    </p>
   </div>
   <div class='ocr_carea' id='block_1_48' title="bbox 2117 1788 3686 1865">
    <p class='ocr_par' dir='ltr' id='par_1_48' title="bbox 2117 1788 3686 1865">
     <span class='ocr_line' id='line_1_48' title="bbox 2117 1788 3686 1865; baseline 0.01 -28"><span class='ocrx_word' id='word_1_345' title='bbox 2117 1793 2265 1840; x_wconf 88' lang='lat' dir='ltr'><strong>ratus</strong></span> <span class='ocrx_word' id='word_1_346' title='bbox 2309 1788 2483 1865; x_wconf 77' lang='lat' dir='ltr'><strong>estin</strong></span> <span class='ocrx_word' id='word_1_347' title='bbox 2517 1797 2726 1844; x_wconf 89' lang='lat' dir='ltr'><strong>secreto</strong></span> <span class='ocrx_word' id='word_1_348' title='bbox 2777 1804 2898 1848; x_wconf 88' lang='lat' dir='ltr'><strong>cum</strong></span> <span class='ocrx_word' id='word_1_349' title='bbox 2949 1791 3192 1858; x_wconf 89' lang='lat' dir='ltr'><strong>Domino,</strong></span> <span class='ocrx_word' id='word_1_350' title='bbox 3228 1793 3358 1848; x_wconf 81' lang='lat' dir='ltr'><strong>vidit</strong></span> <span class='ocrx_word' id='word_1_351' title='bbox 3401 1796 3686 1852; x_wconf 86' lang='lat' dir='ltr'><strong>sublimem</strong></span> 
     </span>
    </p>
   </div>
   <div class='ocr_carea' id='block_1_49' title="bbox 2114 1879 3678 1951">
    <p class='ocr_par' dir='ltr' id='par_1_49' title="bbox 2114 1879 3678 1951">
     <span class='ocr_line' id='line_1_49' title="bbox 2114 1879 3678 1951; baseline 0.007 -20"><span class='ocrx_word' id='word_1_352' title='bbox 2114 1879 2368 1951; x_wconf 78' lang='lat' dir='ltr'><strong>angelica:</strong></span> <span class='ocrx_word' id='word_1_353' title='bbox 2411 1881 2662 1950; x_wconf 89' lang='lat' dir='ltr'><strong>puritatis</strong></span> <span class='ocrx_word' id='word_1_354' title='bbox 2703 1889 2760 1937; x_wconf 90' lang='lat' dir='ltr'><strong>et</strong></span> <span class='ocrx_word' id='word_1_355' title='bbox 2799 1881 3225 1939; x_wconf 87' lang='lat' dir='ltr'><strong>immortalitatis</strong></span> <span class='ocrx_word' id='word_1_356' title='bbox 3266 1887 3452 1940; x_wconf 88' lang='lat' dir='ltr'><strong>vitam.</strong></span> <span class='ocrx_word' id='word_1_357' title='bbox 3478 1885 3563 1941; x_wconf 81' lang='lat' dir='ltr'><strong>Ad</strong></span> <span class='ocrx_word' id='word_1_358' title='bbox 3587 1903 3678 1944; x_wconf 83' lang='lat' dir='ltr'><strong>cu-</strong></span> 
     </span>
    </p>
   </div>
   <div class='ocr_carea' id='block_1_50' title="bbox 2107 1961 3684 2046">
    <p class='ocr_par' dir='ltr' id='par_1_50' title="bbox 2107 1961 3684 2046">
     <span class='ocr_line' id='line_1_50' title="bbox 2107 1961 3684 2046; baseline 0.007 -23"><span class='ocrx_word' id='word_1_359' title='bbox 2107 1961 2434 2040; x_wconf 48' lang='lat' dir='ltr'><strong>jus&#39;instar,</strong></span> <span class='ocrx_word' id='word_1_360' title='bbox 2482 1971 2771 2026; x_wconf 88' lang='lat' dir='ltr'><strong>humanam</strong></span> <span class='ocrx_word' id='word_1_361' title='bbox 2820 1972 2876 2026; x_wconf 90' lang='lat' dir='ltr'><strong>in</strong></span> <span class='ocrx_word' id='word_1_362' title='bbox 2929 1981 3074 2028; x_wconf 90' lang='lat' dir='ltr'><strong>terra</strong></span> <span class='ocrx_word' id='word_1_363' title='bbox 3119 1977 3603 2046; x_wconf 80' lang='lat' dir='ltr'><strong>conversationem,</strong></span> <span class='ocrx_word' id='word_1_364' title='bbox 3630 1980 3684 2034; x_wconf 91' lang='lat' dir='ltr'><strong>in</strong></span> 
     </span>
    </p>
   </div>
   <div class='ocr_carea' id='block_1_51' title="bbox 2114 2063 3687 2135">
    <p class='ocr_par' dir='ltr' id='par_1_51' title="bbox 2114 2063 3687 2135">
     <span class='ocr_line' id='line_1_51' title="bbox 2114 2063 3687 2135; baseline 0.007 -22"><span class='ocrx_word' id='word_1_365' title='bbox 2114 2070 2372 2130; x_wconf 88' lang='lat' dir='ltr'><strong>quantum</strong></span> <span class='ocrx_word' id='word_1_366' title='bbox 2403 2063 2721 2119; x_wconf 90' lang='lat' dir='ltr'><strong>mortalibus</strong></span> <span class='ocrx_word' id='word_1_367' title='bbox 2756 2064 2954 2118; x_wconf 90' lang='lat' dir='ltr'><strong>imitari</strong></span> <span class='ocrx_word' id='word_1_368' title='bbox 2976 2066 3230 2135; x_wconf 90' lang='lat' dir='ltr'><strong>possibile</strong></span> <span class='ocrx_word' id='word_1_369' title='bbox 3250 2066 3371 2132; x_wconf 82' lang='lat' dir='ltr'><strong>fuit,</strong></span> <span class='ocrx_word' id='word_1_370' title='bbox 3404 2069 3687 2125; x_wconf 79' lang='lat' dir='ltr'><strong>instituere</strong></span> 
     </span>
    </p>
   </div>
   <div class='ocr_carea' id='block_1_52' title="bbox 2113 2153 3689 2228">
    <p class='ocr_par' dir='ltr' id='par_1_52' title="bbox 2113 2153 3689 2228">
     <span class='ocr_line' id='line_1_52' title="bbox 2113 2153 3689 2228; baseline 0.008 -24"><span class='ocrx_word' id='word_1_371' title='bbox 2113 2153 2412 2208; x_wconf 77' lang='lat' dir='ltr'><strong>videbatur.</strong></span> <span class='ocrx_word' id='word_1_372' title='bbox 2435 2153 2677 2223; x_wconf 88' lang='lat' dir='ltr'><strong>Erigitur</strong></span> <span class='ocrx_word' id='word_1_373' title='bbox 2700 2165 2877 2210; x_wconf 86' lang='lat' dir='ltr'><strong>autem</strong></span> <span class='ocrx_word' id='word_1_374' title='bbox 2904 2158 3308 2213; x_wconf 83' lang='lat' dir='ltr'><strong>tabernaculum</strong></span> <span class='ocrx_word' id='word_1_375' title='bbox 3323 2159 3481 2228; x_wconf 78' lang='lat' dir='ltr'><strong>juxta</strong></span> <span class='ocrx_word' id='word_1_376' title='bbox 3507 2176 3689 2216; x_wconf 81' lang='lat' dir='ltr'><strong>exem-</strong></span> 
     </span>
    </p>
   </div>
   <div class='ocr_carea' id='block_1_53' title="bbox 2111 2241 3686 2321">
    <p class='ocr_par' dir='ltr' id='par_1_53' title="bbox 2111 2241 3686 2321">
     <span class='ocr_line' id='line_1_53' title="bbox 2111 2241 3686 2321; baseline 0.011 -29"><span class='ocrx_word' id='word_1_377' title='bbox 2111 2241 2256 2310; x_wconf 86' lang='lat' dir='ltr'><strong>plum</strong></span> <span class='ocrx_word' id='word_1_378' title='bbox 2299 2243 2443 2312; x_wconf 89' lang='lat' dir='ltr'><strong>quod</strong></span> <span class='ocrx_word' id='word_1_379' title='bbox 2495 2243 2572 2296; x_wconf 90' lang='lat' dir='ltr'><strong>illi</strong></span> <span class='ocrx_word' id='word_1_380' title='bbox 2619 2244 2672 2297; x_wconf 91' lang='lat' dir='ltr'><strong>in</strong></span> <span class='ocrx_word' id='word_1_381' title='bbox 2704 2255 2886 2300; x_wconf 90' lang='lat' dir='ltr'><strong>monte</strong></span> <span class='ocrx_word' id='word_1_382' title='bbox 2927 2256 3282 2302; x_wconf 86' lang='lat' dir='ltr'><strong>monstratum</strong></span> <span class='ocrx_word' id='word_1_383' title='bbox 3323 2258 3428 2317; x_wconf 89' lang='lat' dir='ltr'><strong>est,</strong></span> <span class='ocrx_word' id='word_1_384' title='bbox 3471 2254 3686 2321; x_wconf 90' lang='lat' dir='ltr'><strong>quando</strong></span> 
     </span>
    </p>
   </div>
   <div class='ocr_carea' id='block_1_54' title="bbox 2110 2331 3688 2412">
    <p class='ocr_par' dir='ltr' id='par_1_54' title="bbox 2110 2331 3688 2412">
     <span class='ocr_line' id='line_1_54' title="bbox 2110 2331 3688 2412; baseline 0.01 -29"><span class='ocrx_word' id='word_1_385' title='bbox 2110 2331 2270 2385; x_wconf 85' lang='lat' dir='ltr'><strong>electi</strong></span> <span class='ocrx_word' id='word_1_386' title='bbox 2325 2332 2569 2402; x_wconf 89' lang='lat' dir='ltr'><strong>quique,</strong></span> <span class='ocrx_word' id='word_1_387' title='bbox 2621 2335 2685 2388; x_wconf 86' lang='lat' dir='ltr'><strong>ad</strong></span> <span class='ocrx_word' id='word_1_388' title='bbox 2736 2335 3088 2392; x_wconf 88' lang='lat' dir='ltr'><strong>imitationem</strong></span> <span class='ocrx_word' id='word_1_389' title='bbox 3139 2340 3393 2410; x_wconf 70' lang='lat' dir='ltr'><strong>angelica:</strong></span> <span class='ocrx_word' id='word_1_390' title='bbox 3434 2344 3688 2412; x_wconf 88' lang='lat' dir='ltr'><strong>puritatis</strong></span> 
     </span>
    </p>
   </div>
   <div class='ocr_carea' id='block_1_55' title="bbox 2110 2420 3686 2501">
    <p class='ocr_par' dir='ltr' id='par_1_55' title="bbox 2110 2420 3686 2501">
     <span class='ocr_line' id='line_1_55' title="bbox 2110 2420 3686 2501; baseline 0.01 -29"><span class='ocrx_word' id='word_1_391' title='bbox 2110 2434 2272 2488; x_wconf 87' lang='lat' dir='ltr'><strong>quam</strong></span> <span class='ocrx_word' id='word_1_392' title='bbox 2305 2420 2419 2491; x_wconf 84' lang='lat' dir='ltr'><strong>ipse.</strong></span> <span class='ocrx_word' id='word_1_393' title='bbox 2446 2422 2498 2475; x_wconf 91' lang='lat' dir='ltr'><strong>in</strong></span> <span class='ocrx_word' id='word_1_394' title='bbox 2541 2423 2753 2478; x_wconf 87' lang='lat' dir='ltr'><strong>occulto</strong></span> <span class='ocrx_word' id='word_1_395' title='bbox 2774 2425 3122 2496; x_wconf 74' lang='lat' dir='ltr'><strong>contemplari</strong></span> <span class='ocrx_word' id='word_1_396' title='bbox 3150 2429 3368 2494; x_wconf 88' lang='lat' dir='ltr'><strong>meruit,</strong></span> <span class='ocrx_word' id='word_1_397' title='bbox 3411 2445 3545 2501; x_wconf 90' lang='lat' dir='ltr'><strong>opus</strong></span> <span class='ocrx_word' id='word_1_398' title='bbox 3569 2433 3686 2487; x_wconf 85' lang='lat' dir='ltr'><strong>ani-</strong></span> 
     </span>
    </p>
   </div>
   <div class='ocr_carea' id='block_1_56' title="bbox 2110 2513 3685 2590">
    <p class='ocr_par' dir='ltr' id='par_1_56' title="bbox 2110 2513 3685 2590">
     <span class='ocr_line' id='line_1_56' title="bbox 2110 2513 3685 2590; baseline 0.008 -26"><span class='ocrx_word' id='word_1_399' title='bbox 2110 2524 2366 2580; x_wconf 90' lang='lat' dir='ltr'><strong>mumque</strong></span> <span class='ocrx_word' id='word_1_400' title='bbox 2418 2522 2762 2584; x_wconf 91' lang='lat' dir='ltr'><strong>componunt.</strong></span> <span class='ocrx_word' id='word_1_401' title='bbox 2815 2513 3086 2572; x_wconf 80' lang='lat' dir='ltr'><strong>Hactenus</strong></span> <span class='ocrx_word' id='word_1_402' title='bbox 3136 2517 3203 2572; x_wconf 87' lang='lat' dir='ltr'><strong>de</strong></span> <span class='ocrx_word' id='word_1_403' title='bbox 3249 2519 3458 2588; x_wconf 89' lang='lat' dir='ltr'><strong>pariete</strong></span> <span class='ocrx_word' id='word_1_404' title='bbox 3497 2521 3685 2590; x_wconf 84' lang='lat' dir='ltr'><strong>templi</strong></span> 
     </span>
    </p>
   </div>
   <div class='ocr_carea' id='block_1_57' title="bbox 2109 2600 3684 2680">
    <p class='ocr_par' dir='ltr' id='par_1_57' title="bbox 2109 2600 3684 2680">
     <span class='ocr_line' id='line_1_57' title="bbox 2109 2600 3684 2680; baseline 0.008 -27"><span class='ocrx_word' id='word_1_405' title='bbox 2109 2600 2434 2667; x_wconf 89' lang='lat' dir='ltr'><strong>meridiano,</strong></span> <span class='ocrx_word' id='word_1_406' title='bbox 2472 2604 2877 2673; x_wconf 85' lang='lat' dir='ltr'><strong>septentrionali</strong></span> <span class='ocrx_word' id='word_1_407' title='bbox 2923 2613 2978 2661; x_wconf 91' lang='lat' dir='ltr'><strong>et</strong></span> <span class='ocrx_word' id='word_1_408' title='bbox 3021 2606 3361 2672; x_wconf 88' lang='lat' dir='ltr'><strong>occidentali,</strong></span> <span class='ocrx_word' id='word_1_409' title='bbox 3388 2619 3549 2680; x_wconf 83' lang='lat' dir='ltr'><strong>prout</strong></span> <span class='ocrx_word' id='word_1_410' title='bbox 3577 2611 3684 2666; x_wconf 82' lang='lat' dir='ltr'><strong>Do-</strong></span> 
     </span>
    </p>
   </div>
   <div class='ocr_carea' id='block_1_58' title="bbox 2108 2695 3681 2772">
    <p class='ocr_par' dir='ltr' id='par_1_58' title="bbox 2108 2695 3681 2772">
     <span class='ocr_line' id='line_1_58' title="bbox 2108 2695 3681 2772; baseline 0.005 -23"><span class='ocrx_word' id='word_1_411' title='bbox 2108 2695 2291 2750; x_wconf 90' lang='lat' dir='ltr'><strong>minus</strong></span> <span class='ocrx_word' id='word_1_412' title='bbox 2339 2697 2506 2764; x_wconf 88' lang='lat' dir='ltr'><strong>dedit,</strong></span> <span class='ocrx_word' id='word_1_413' title='bbox 2536 2699 2838 2768; x_wconf 80' lang='lat' dir='ltr'><strong>expositum</strong></span> <span class='ocrx_word' id='word_1_414' title='bbox 2867 2709 2966 2756; x_wconf 89' lang='lat' dir='ltr'><strong>est.</strong></span> <span class='ocrx_word' id='word_1_415' title='bbox 3004 2702 3062 2756; x_wconf 83' lang='lat' dir='ltr'><strong>In</strong></span> <span class='ocrx_word' id='word_1_416' title='bbox 3097 2705 3447 2772; x_wconf 87' lang='lat' dir='ltr'><strong>sequentibus</strong></span> <span class='ocrx_word' id='word_1_417' title='bbox 3475 2714 3681 2770; x_wconf 85' lang='lat' dir='ltr'><strong>autem,</strong></span> 
     </span>
    </p>
   </div>
   <div class='ocr_carea' id='block_1_59' title="bbox 2108 2783 3684 2862">
    <p class='ocr_par' dir='ltr' id='par_1_59' title="bbox 2108 2783 3684 2862">
     <span class='ocr_line' id='line_1_59' title="bbox 2108 2783 3684 2862; baseline 0.007 -24"><span class='ocrx_word' id='word_1_418' title='bbox 2108 2783 2273 2839; x_wconf 90' lang='lat' dir='ltr'><strong>etiam</strong></span> <span class='ocrx_word' id='word_1_419' title='bbox 2302 2785 2565 2841; x_wconf 91' lang='lat' dir='ltr'><strong>orientale</strong></span> <span class='ocrx_word' id='word_1_420' title='bbox 2595 2787 2733 2843; x_wconf 89' lang='lat' dir='ltr'><strong>latus</strong></span> <span class='ocrx_word' id='word_1_421' title='bbox 2760 2790 2992 2858; x_wconf 88' lang='lat' dir='ltr'><strong>qualiter</strong></span> <span class='ocrx_word' id='word_1_422' title='bbox 3019 2790 3089 2845; x_wconf 88' lang='lat' dir='ltr'><strong>sit</strong></span> <span class='ocrx_word' id='word_1_423' title='bbox 3117 2793 3495 2862; x_wconf 86' lang='lat' dir='ltr'><strong>compositum,</strong></span> <span class='ocrx_word' id='word_1_424' title='bbox 3528 2809 3684 2849; x_wconf 73' lang='lat' dir='ltr'><strong>mon-</strong></span> 
     </span>
    </p>
   </div>
   <div class='ocr_carea' id='block_1_60' title="bbox 2108 2875 3682 2956">
    <p class='ocr_par' dir='ltr' id='par_1_60' title="bbox 2108 2875 3682 2956">
     <span class='ocr_line' id='line_1_60' title="bbox 2108 2875 3682 2956; baseline 0.008 -29"><span class='ocrx_word' id='word_1_425' title='bbox 2108 2883 2331 2930; x_wconf 88' lang='lat' dir='ltr'><strong>stratur.</strong></span> <span class='ocrx_word' id='word_1_426' title='bbox 2366 2875 2472 2930; x_wconf 87' lang='lat' dir='ltr'><strong>Sed</strong></span> <span class='ocrx_word' id='word_1_427' title='bbox 2517 2877 2669 2946; x_wconf 92' lang='lat' dir='ltr'><strong>prius</strong></span> <span class='ocrx_word' id='word_1_428' title='bbox 2711 2877 2992 2948; x_wconf 89' lang='lat' dir='ltr'><strong>Scriptura</strong></span> <span class='ocrx_word' id='word_1_429' title='bbox 3020 2882 3086 2936; x_wconf 90' lang='lat' dir='ltr'><strong>de</strong></span> <span class='ocrx_word' id='word_1_430' title='bbox 3121 2883 3298 2938; x_wconf 90' lang='lat' dir='ltr'><strong>medio</strong></span> <span class='ocrx_word' id='word_1_431' title='bbox 3339 2884 3566 2953; x_wconf 86' lang='lat' dir='ltr'><strong>pariete,</strong></span> <span class='ocrx_word' id='word_1_432' title='bbox 3590 2887 3682 2956; x_wconf 86' lang='lat' dir='ltr'><strong>qui</strong></span> 
     </span>
    </p>
   </div>
   <div class='ocr_carea' id='block_1_61' title="bbox 2107 2969 3681 3040">
    <p class='ocr_par' dir='ltr' id='par_1_61' title="bbox 2107 2969 3681 3040">
     <span class='ocr_line' id='line_1_61' title="bbox 2107 2969 3681 3040; baseline 0.007 -21"><span class='ocrx_word' id='word_1_433' title='bbox 2107 2974 2292 3020; x_wconf 89' lang='lat' dir='ltr'><strong>sancta</strong></span> <span class='ocrx_word' id='word_1_434' title='bbox 2326 2976 2638 3022; x_wconf 88' lang='lat' dir='ltr'><strong>sanctorum</strong></span> <span class='ocrx_word' id='word_1_435' title='bbox 2690 2984 2718 3022; x_wconf 90' lang='lat' dir='ltr'><strong>a</strong></span> <span class='ocrx_word' id='word_1_436' title='bbox 2771 2969 2952 3038; x_wconf 89' lang='lat' dir='ltr'><strong>priore</strong></span> <span class='ocrx_word' id='word_1_437' title='bbox 2995 2971 3342 3028; x_wconf 87' lang='lat' dir='ltr'><strong>tabernaculo</strong></span> <span class='ocrx_word' id='word_1_438' title='bbox 3387 2973 3681 3040; x_wconf 83' lang='lat' dir='ltr'><strong>dividebat,</strong></span> 
     </span>
    </p>
   </div>
   <div class='ocr_carea' id='block_1_62' title="bbox 424 3043 2004 3137">
    <p class='ocr_par' dir='ltr' id='par_1_62' title="bbox 424 3043 2002 3137">
     <span class='ocr_line' id='line_1_62' title="bbox 424 3043 2002 3137; baseline 0.007 -19"><span class='ocrx_word' id='word_1_439' title='bbox 424 3064 505 3119; x_wconf 86' lang='lat' dir='ltr'><strong>los</strong></span> <span class='ocrx_word' id='word_1_440' title='bbox 531 3056 738 3132; x_wconf 83' lang='lat' dir='ltr'><strong>aureos,</strong></span> <span class='ocrx_word' id='word_1_441' title='bbox 768 3083 861 3136; x_wconf 82' lang='lat' dir='ltr'><strong>per</strong></span> <span class='ocrx_word' id='word_1_442' title='bbox 882 3043 1011 3137; x_wconf 59' lang='lat' dir='ltr'><strong>quos</strong></span> <span class='ocrx_word' id='word_1_443' title='bbox 1047 3078 1211 3122; x_wconf 80' lang='lat' dir='ltr'><strong>vectes</strong></span> <span class='ocrx_word' id='word_1_444' title='bbox 1257 3043 1496 3124; x_wconf 78' lang='lat' dir='ltr'><strong>tabulata</strong></span> <span class='ocrx_word' id='word_1_445' title='bbox 1545 3043 1862 3127; x_wconf 83' lang='lat' dir='ltr'><strong>contineant.</strong></span> <span class='ocrx_word' id='word_1_446' title='bbox 1902 3071 2002 3129; x_wconf 82' lang='lat' dir='ltr'><strong>Ve-</strong></span> 
     </span>
    </p>
   </div>
   <div class='ocr_carea' id='block_1_63' title="bbox 2108 3043 3098 3137">
    <p class='ocr_par' dir='ltr' id='par_1_63' title="bbox 2108 3055 3098 3131">
     <span class='ocr_line' id='line_1_63' title="bbox 2108 3055 3098 3131; baseline 0.007 -22"><span class='ocrx_word' id='word_1_447' title='bbox 2108 3055 2460 3112; x_wconf 87' lang='lat' dir='ltr'><strong>intimandum</strong></span> <span class='ocrx_word' id='word_1_448' title='bbox 2480 3057 2762 3128; x_wconf 88' lang='lat' dir='ltr'><strong>judicavit.</strong></span> <span class='ocrx_word' id='word_1_449' title='bbox 2799 3057 3055 3131; x_wconf 88' lang='lat' dir='ltr'><strong>Sequitur</strong></span> <span class='ocrx_word' id='word_1_450' title='bbox 3083 3079 3098 3116; x_wconf 89' lang='lat'><strong>:</strong></span> 
     </span>
    </p>
   </div>
   <div class='ocr_carea' id='block_1_64' title="bbox 427 3157 2001 3226">
    <p class='ocr_par' dir='ltr' id='par_1_64' title="bbox 427 3157 2001 3226">
     <span class='ocr_line' id='line_1_64' title="bbox 427 3157 2001 3226; baseline 0.005 -15"><span class='ocrx_word' id='word_1_451' title='bbox 427 3165 545 3212; x_wconf 81' lang='lat' dir='ltr'><strong>etes</strong></span> <span class='ocrx_word' id='word_1_452' title='bbox 585 3171 683 3226; x_wconf 87' lang='lat' dir='ltr'><strong>per</strong></span> <span class='ocrx_word' id='word_1_453' title='bbox 731 3157 958 3213; x_wconf 85' lang='lat' dir='ltr'><strong>annulos</strong></span> <span class='ocrx_word' id='word_1_454' title='bbox 1003 3173 1196 3213; x_wconf 88' lang='lat' dir='ltr'><strong>aureos</strong></span> <span class='ocrx_word' id='word_1_455' title='bbox 1228 3159 1465 3214; x_wconf 87' lang='lat' dir='ltr'><strong>tabulata</strong></span> <span class='ocrx_word' id='word_1_456' title='bbox 1517 3160 1817 3226; x_wconf 88' lang='lat' dir='ltr'><strong>continent,</strong></span> <span class='ocrx_word' id='word_1_457' title='bbox 1875 3178 2001 3219; x_wconf 92' lang='lat' dir='ltr'><strong>cum</strong></span> 
     </span>
    </p>
   </div>
   <div class='ocr_carea' id='block_1_65' title="bbox 429 3246 2000 3320">
    <p class='ocr_par' dir='ltr' id='par_1_65' title="bbox 429 3246 2000 3320">
     <span class='ocr_line' id='line_1_65' title="bbox 429 3246 2000 3320; baseline 0.006 -23"><span class='ocrx_word' id='word_1_458' title='bbox 429 3247 595 3300; x_wconf 81' lang='lat' dir='ltr'><strong>verba</strong></span> <span class='ocrx_word' id='word_1_459' title='bbox 622 3246 762 3300; x_wconf 89' lang='lat' dir='ltr'><strong>sacri</strong></span> <span class='ocrx_word' id='word_1_460' title='bbox 786 3246 985 3317; x_wconf 90' lang='lat' dir='ltr'><strong>eloquii</strong></span> <span class='ocrx_word' id='word_1_461' title='bbox 1016 3262 1111 3316; x_wconf 90' lang='lat' dir='ltr'><strong>per</strong></span> <span class='ocrx_word' id='word_1_462' title='bbox 1137 3248 1553 3316; x_wconf 89' lang='lat' dir='ltr'><strong>promissionem</strong></span> <span class='ocrx_word' id='word_1_463' title='bbox 1579 3251 1731 3320; x_wconf 82' lang='lat' dir='ltr'><strong>regni</strong></span> <span class='ocrx_word' id='word_1_464' title='bbox 1761 3251 2000 3307; x_wconf 77' lang='lat' dir='ltr'><strong>cmlestis</strong></span> 
     </span>
    </p>
   </div>
   <div class='ocr_carea' id='block_1_66' title="bbox 428 3337 2001 3410">
    <p class='ocr_par' dir='ltr' id='par_1_66' title="bbox 428 3337 2001 3410">
     <span class='ocr_line' id='line_1_66' title="bbox 428 3337 2001 3410; baseline 0.004 -19"><span class='ocrx_word' id='word_1_465' title='bbox 428 3344 625 3391; x_wconf 84' lang='lat' dir='ltr'><strong>statum</strong></span> <span class='ocrx_word' id='word_1_466' title='bbox 680 3344 882 3392; x_wconf 72' lang='lat' dir='ltr'><strong>sancta:</strong></span> <span class='ocrx_word' id='word_1_467' title='bbox 934 3337 1188 3410; x_wconf 75' lang='lat' dir='ltr'><strong>Ecclesia:</strong></span> <span class='ocrx_word' id='word_1_468' title='bbox 1233 3337 1575 3404; x_wconf 87' lang='lat' dir='ltr'><strong>conﬁrmant,</strong></span> <span class='ocrx_word' id='word_1_469' title='bbox 1626 3348 1684 3393; x_wconf 92' lang='lat' dir='ltr'><strong>ut</strong></span> <span class='ocrx_word' id='word_1_470' title='bbox 1711 3354 1776 3394; x_wconf 90' lang='lat' dir='ltr'><strong>eo</strong></span> <span class='ocrx_word' id='word_1_471' title='bbox 1822 3342 2001 3398; x_wconf 88' lang='lat' dir='ltr'><strong>minus</strong></span> 
     </span>
    </p>
   </div>
   <div class='ocr_carea' id='block_1_67' title="bbox 425 3426 2002 3498">
    <p class='ocr_par' dir='ltr' id='par_1_67' title="bbox 425 3426 2002 3498">
     <span class='ocr_line' id='line_1_67' title="bbox 425 3426 2002 3498; baseline 0.006 -20"><span class='ocrx_word' id='word_1_472' title='bbox 425 3426 863 3495; x_wconf 80' lang='lat' dir='ltr'><strong>perturbationes</strong></span> <span class='ocrx_word' id='word_1_473' title='bbox 907 3428 1092 3482; x_wconf 88' lang='lat' dir='ltr'><strong>mundi</strong></span> <span class='ocrx_word' id='word_1_474' title='bbox 1139 3429 1342 3493; x_wconf 86' lang='lat' dir='ltr'><strong>timeat,</strong></span> <span class='ocrx_word' id='word_1_475' title='bbox 1379 3445 1485 3498; x_wconf 88' lang='lat' dir='ltr'><strong>quo</strong></span> <span class='ocrx_word' id='word_1_476' title='bbox 1513 3431 1713 3487; x_wconf 88' lang='lat' dir='ltr'><strong>certius</strong></span> <span class='ocrx_word' id='word_1_477' title='bbox 1737 3433 2002 3487; x_wconf 77' lang='lat' dir='ltr'><strong>stabilita-</strong></span> 
     </span>
    </p>
   </div>
   <div class='ocr_carea' id='block_1_68' title="bbox 427 3519 1998 3586">
    <p class='ocr_par' dir='ltr' id='par_1_68' title="bbox 427 3519 1998 3586">
     <span class='ocr_line' id='line_1_68' title="bbox 427 3519 1998 3586; baseline 0.006 -16"><span class='ocrx_word' id='word_1_478' title='bbox 427 3527 535 3571; x_wconf 85' lang='lat' dir='ltr'><strong>tem</strong></span> <span class='ocrx_word' id='word_1_479' title='bbox 583 3525 856 3586; x_wconf 66' lang='lat' dir='ltr'><strong>perpetuaa</strong></span> <span class='ocrx_word' id='word_1_480' title='bbox 893 3519 1342 3575; x_wconf 82' lang='lat' dir='ltr'><strong>remunerationis</strong></span> <span class='ocrx_word' id='word_1_481' title='bbox 1384 3521 1588 3576; x_wconf 90' lang='lat' dir='ltr'><strong>didicit.</strong></span> <span class='ocrx_word' id='word_1_482' title='bbox 1620 3521 1766 3578; x_wconf 88' lang='lat' dir='ltr'><strong>Bene</strong></span> <span class='ocrx_word' id='word_1_483' title='bbox 1819 3532 1998 3580; x_wconf 79' lang='lat' dir='ltr'><strong>autem</strong></span> 
     </span>
    </p>
   </div>
   <div class='ocr_carea' id='block_1_69' title="bbox 427 3608 1998 3683">
    <p class='ocr_par' dir='ltr' id='par_1_69' title="bbox 427 3608 1998 3683">
     <span class='ocr_line' id='line_1_69' title="bbox 427 3608 1998 3683; baseline 0.004 -21"><span class='ocrx_word' id='word_1_484' title='bbox 427 3608 492 3663; x_wconf 90' lang='lat' dir='ltr'><strong>de</strong></span> <span class='ocrx_word' id='word_1_485' title='bbox 541 3609 746 3664; x_wconf 87' lang='lat' dir='ltr'><strong>eisdem</strong></span> <span class='ocrx_word' id='word_1_486' title='bbox 790 3610 1029 3668; x_wconf 87' lang='lat' dir='ltr'><strong>vectibus</strong></span> <span class='ocrx_word' id='word_1_487' title='bbox 1053 3610 1302 3666; x_wconf 82' lang='lat' dir='ltr'><strong>subditur</strong></span> <span class='ocrx_word' id='word_1_488' title='bbox 1335 3631 1348 3666; x_wconf 91' lang='lat'><strong>:</strong></span> <span class='ocrx_word' id='word_1_489' title='bbox 1387 3611 1528 3678; x_wconf 85' lang='lat' dir='ltr'><strong>Quos</strong></span> <span class='ocrx_word' id='word_1_490' title='bbox 1562 3614 1760 3683; x_wconf 82' lang='lat' dir='ltr'><strong>operies</strong></span> <span class='ocrx_word' id='word_1_491' title='bbox 1789 3613 1998 3669; x_wconf 81' lang='lat' dir='ltr'><strong>laminis</strong></span> 
     </span>
    </p>
   </div>
   <div class='ocr_carea' id='block_1_70' title="bbox 427 3697 2000 3772">
    <p class='ocr_par' dir='ltr' id='par_1_70' title="bbox 427 3697 2000 3772">
     <span class='ocr_line' id='line_1_70' title="bbox 427 3697 2000 3772; baseline 0.004 -22"><span class='ocrx_word' id='word_1_492' title='bbox 427 3698 618 3752; x_wconf 80' lang='lat' dir='ltr'><strong>aureis.</strong></span> <span class='ocrx_word' id='word_1_493' title='bbox 639 3697 879 3756; x_wconf 76' lang='lat' dir='ltr'><strong>Luminis</strong></span> <span class='ocrx_word' id='word_1_494' title='bbox 897 3699 1090 3768; x_wconf 88' lang='lat' dir='ltr'><strong>quippe</strong></span> <span class='ocrx_word' id='word_1_495' title='bbox 1113 3702 1290 3757; x_wconf 87' lang='lat' dir='ltr'><strong>aureis</strong></span> <span class='ocrx_word' id='word_1_496' title='bbox 1308 3710 1489 3757; x_wconf 86' lang='lat' dir='ltr'><strong>vectes</strong></span> <span class='ocrx_word' id='word_1_497' title='bbox 1515 3703 1851 3772; x_wconf 87' lang='lat' dir='ltr'><strong>operiuntur,</strong></span> <span class='ocrx_word' id='word_1_498' title='bbox 1877 3719 2000 3758; x_wconf 90' lang='lat' dir='ltr'><strong>cum</strong></span> 
     </span>
    </p>
   </div>
   <div class='ocr_carea' id='block_1_71' title="bbox 430 3787 2000 3860">
    <p class='ocr_par' dir='ltr' id='par_1_71' title="bbox 430 3787 2000 3860">
     <span class='ocr_line' id='line_1_71' title="bbox 430 3787 2000 3860; baseline 0.004 -21"><span class='ocrx_word' id='word_1_499' title='bbox 430 3788 605 3841; x_wconf 79' lang='lat' dir='ltr'><strong>verbis</strong></span> <span class='ocrx_word' id='word_1_500' title='bbox 646 3787 842 3842; x_wconf 73' lang='lat' dir='ltr'><strong>divina:</strong></span> <span class='ocrx_word' id='word_1_501' title='bbox 891 3787 1022 3860; x_wconf 82' lang='lat' dir='ltr'><strong>legis</strong></span> <span class='ocrx_word' id='word_1_502' title='bbox 1060 3805 1180 3859; x_wconf 74' lang='lat' dir='ltr'><strong>qua:</strong></span> <span class='ocrx_word' id='word_1_503' title='bbox 1219 3805 1339 3846; x_wconf 89' lang='lat' dir='ltr'><strong>esse</strong></span> <span class='ocrx_word' id='word_1_504' title='bbox 1359 3789 1516 3859; x_wconf 75' lang='lat' dir='ltr'><strong>juxta</strong></span> <span class='ocrx_word' id='word_1_505' title='bbox 1558 3791 1752 3846; x_wconf 73' lang='lat' dir='ltr'><strong>littera:</strong></span> <span class='ocrx_word' id='word_1_506' title='bbox 1783 3805 2000 3846; x_wconf 89' lang='lat' dir='ltr'><strong>sensum</strong></span> 
     </span>
    </p>
   </div>
   <div class='ocr_carea' id='block_1_72' title="bbox 427 3874 2002 3947">
    <p class='ocr_par' dir='ltr' id='par_1_72' title="bbox 427 3874 2002 3947">
     <span class='ocr_line' id='line_1_72' title="bbox 427 3874 2002 3947; baseline 0.004 -18"><span class='ocrx_word' id='word_1_507' title='bbox 427 3874 586 3930; x_wconf 85' lang='lat' dir='ltr'><strong>fortia</strong></span> <span class='ocrx_word' id='word_1_508' title='bbox 632 3877 904 3941; x_wconf 83' lang='lat' dir='ltr'><strong>videntur,</strong></span> <span class='ocrx_word' id='word_1_509' title='bbox 936 3887 1097 3947; x_wconf 90' lang='lat' dir='ltr'><strong>atque</strong></span> <span class='ocrx_word' id='word_1_510' title='bbox 1123 3879 1189 3932; x_wconf 89' lang='lat' dir='ltr'><strong>ad</strong></span> <span class='ocrx_word' id='word_1_511' title='bbox 1218 3877 1645 3934; x_wconf 90' lang='lat' dir='ltr'><strong>conﬁrmandam</strong></span> <span class='ocrx_word' id='word_1_512' title='bbox 1676 3880 1842 3934; x_wconf 88' lang='lat' dir='ltr'><strong>vitam</strong></span> <span class='ocrx_word' id='word_1_513' title='bbox 1872 3880 2002 3935; x_wconf 86' lang='lat' dir='ltr'><strong>ﬁde-</strong></span> 
     </span>
    </p>
   </div>
   <div class='ocr_carea' id='block_1_73' title="bbox 427 3966 1998 4040">
    <p class='ocr_par' dir='ltr' id='par_1_73' title="bbox 427 3966 1998 4040">
     <span class='ocr_line' id='line_1_73' title="bbox 427 3966 1998 4040; baseline 0.004 -21"><span class='ocrx_word' id='word_1_514' title='bbox 427 3966 554 4021; x_wconf 89' lang='lat' dir='ltr'><strong>lium</strong></span> <span class='ocrx_word' id='word_1_515' title='bbox 603 3967 900 4038; x_wconf 84' lang='lat' dir='ltr'><strong>aptissima,</strong></span> <span class='ocrx_word' id='word_1_516' title='bbox 932 3968 1179 4036; x_wconf 88' lang='lat' dir='ltr'><strong>superior</strong></span> <span class='ocrx_word' id='word_1_517' title='bbox 1208 3968 1532 4034; x_wconf 88' lang='lat' dir='ltr'><strong>intellectus,</strong></span> <span class='ocrx_word' id='word_1_518' title='bbox 1565 3969 1618 4024; x_wconf 91' lang='lat' dir='ltr'><strong>id</strong></span> <span class='ocrx_word' id='word_1_519' title='bbox 1645 3979 1726 4026; x_wconf 89' lang='lat' dir='ltr'><strong>est</strong></span> <span class='ocrx_word' id='word_1_520' title='bbox 1764 3985 1998 4040; x_wconf 84' lang='lat' dir='ltr'><strong>evange-</strong></span> 
     </span>
    </p>
   </div>
   <div class='ocr_carea' id='block_1_74' title="bbox 426 4054 2000 4126">
    <p class='ocr_par' dir='ltr' id='par_1_74' title="bbox 426 4054 2000 4126">
     <span class='ocr_line' id='line_1_74' title="bbox 426 4054 2000 4126; baseline 0.004 -18"><span class='ocrx_word' id='word_1_521' title='bbox 426 4055 529 4109; x_wconf 90' lang='lat' dir='ltr'><strong>lica</strong></span> <span class='ocrx_word' id='word_1_522' title='bbox 551 4056 818 4110; x_wconf 88' lang='lat' dir='ltr'><strong>charitate</strong></span> <span class='ocrx_word' id='word_1_523' title='bbox 840 4054 1205 4126; x_wconf 65' lang='lat' dir='ltr'><strong>praefulgidus,</strong></span> <span class='ocrx_word' id='word_1_524' title='bbox 1245 4057 1420 4112; x_wconf 90' lang='lat' dir='ltr'><strong>inesse</strong></span> <span class='ocrx_word' id='word_1_525' title='bbox 1466 4059 1887 4114; x_wconf 89' lang='lat' dir='ltr'><strong>monstrabatur.</strong></span> <span class='ocrx_word' id='word_1_526' title='bbox 1929 4057 2000 4116; x_wconf 89' lang='lat' dir='ltr'><strong>Ut</strong></span> 
     </span>
    </p>
   </div>
   <div class='ocr_carea' id='block_1_75' title="bbox 426 4147 1998 4220">
    <p class='ocr_par' dir='ltr' id='par_1_75' title="bbox 426 4147 1998 4220">
     <span class='ocr_line' id='line_1_75' title="bbox 426 4147 1998 4220; baseline 0.003 -20"><span class='ocrx_word' id='word_1_527' title='bbox 426 4147 569 4200; x_wconf 90' lang='lat' dir='ltr'><strong>enim</strong></span> <span class='ocrx_word' id='word_1_528' title='bbox 593 4147 821 4216; x_wconf 75' lang='lat' dir='ltr'><strong>exempli</strong></span> <span class='ocrx_word' id='word_1_529' title='bbox 847 4149 1018 4218; x_wconf 86' lang='lat' dir='ltr'><strong>gratia</strong></span> <span class='ocrx_word' id='word_1_530' title='bbox 1049 4164 1213 4203; x_wconf 90' lang='lat' dir='ltr'><strong>unum</strong></span> <span class='ocrx_word' id='word_1_531' title='bbox 1244 4149 1608 4204; x_wconf 90' lang='lat' dir='ltr'><strong>testimonium</strong></span> <span class='ocrx_word' id='word_1_532' title='bbox 1630 4166 1848 4220; x_wconf 91' lang='lat' dir='ltr'><strong>ponam,</strong></span> <span class='ocrx_word' id='word_1_533' title='bbox 1874 4166 1998 4205; x_wconf 92' lang='lat' dir='ltr'><strong>cum</strong></span> 
     </span>
    </p>
   </div>
   <div class='ocr_carea' id='block_1_76' title="bbox 426 4237 2000 4308">
    <p class='ocr_par' dir='ltr' id='par_1_76' title="bbox 426 4237 2000 4308">
     <span class='ocr_line' id='line_1_76' title="bbox 426 4237 2000 4308; baseline 0.002 -17"><span class='ocrx_word' id='word_1_534' title='bbox 426 4237 655 4306; x_wconf 82' lang='lat' dir='ltr'><strong>legimus</strong></span> <span class='ocrx_word' id='word_1_535' title='bbox 700 4237 980 4293; x_wconf 90' lang='lat' dir='ltr'><strong>historiam</strong></span> <span class='ocrx_word' id='word_1_536' title='bbox 1030 4239 1202 4295; x_wconf 90' lang='lat' dir='ltr'><strong>sancti</strong></span> <span class='ocrx_word' id='word_1_537' title='bbox 1247 4237 1378 4306; x_wconf 85' lang='lat' dir='ltr'><strong>Noe,</strong></span> <span class='ocrx_word' id='word_1_538' title='bbox 1421 4240 1690 4308; x_wconf 88' lang='lat' dir='ltr'><strong>quomodo</strong></span> <span class='ocrx_word' id='word_1_539' title='bbox 1739 4240 2000 4294; x_wconf 90' lang='lat' dir='ltr'><strong>diluvium</strong></span> 
     </span>
    </p>
   </div>
   <div class='ocr_carea' id='block_1_77' title="bbox 427 4328 1996 4399">
    <p class='ocr_par' dir='ltr' id='par_1_77' title="bbox 427 4328 1996 4399">
     <span class='ocr_line' id='line_1_77' title="bbox 427 4328 1996 4399; baseline 0.002 -18"><span class='ocrx_word' id='word_1_540' title='bbox 427 4329 572 4397; x_wconf 86' lang='lat' dir='ltr'><strong>quod</strong></span> <span class='ocrx_word' id='word_1_541' title='bbox 622 4329 813 4399; x_wconf 91' lang='lat' dir='ltr'><strong>impios</strong></span> <span class='ocrx_word' id='word_1_542' title='bbox 849 4328 1064 4396; x_wconf 85' lang='lat' dir='ltr'><strong>delevit,</strong></span> <span class='ocrx_word' id='word_1_543' title='bbox 1111 4328 1433 4384; x_wconf 88' lang='lat' dir='ltr'><strong>mirabiliter</strong></span> <span class='ocrx_word' id='word_1_544' title='bbox 1483 4344 1606 4384; x_wconf 92' lang='lat' dir='ltr'><strong>cum</strong></span> <span class='ocrx_word' id='word_1_545' title='bbox 1655 4330 1768 4385; x_wconf 89' lang='lat' dir='ltr'><strong>suis</strong></span> <span class='ocrx_word' id='word_1_546' title='bbox 1793 4331 1846 4384; x_wconf 90' lang='lat' dir='ltr'><strong>in</strong></span> <span class='ocrx_word' id='word_1_547' title='bbox 1875 4346 1996 4385; x_wconf 89' lang='lat' dir='ltr'><strong>arca</strong></span> 
     </span>
    </p>
   </div>
   <div class='ocr_carea' id='block_1_78' title="bbox 426 4419 1999 4491">
    <p class='ocr_par' dir='ltr' id='par_1_78' title="bbox 426 4419 1999 4491">
     <span class='ocr_line' id='line_1_78' title="bbox 426 4419 1999 4491; baseline 0 -17"><span class='ocrx_word' id='word_1_548' title='bbox 426 4427 675 4474; x_wconf 85' lang='lat' dir='ltr'><strong>servatus</strong></span> <span class='ocrx_word' id='word_1_549' title='bbox 692 4420 944 4484; x_wconf 79' lang='lat' dir='ltr'><strong>evaserit,</strong></span> <span class='ocrx_word' id='word_1_550' title='bbox 971 4428 1117 4489; x_wconf 90' lang='lat' dir='ltr'><strong>patet</strong></span> <span class='ocrx_word' id='word_1_551' title='bbox 1144 4421 1394 4476; x_wconf 90' lang='lat' dir='ltr'><strong>omnibus</strong></span> <span class='ocrx_word' id='word_1_552' title='bbox 1416 4420 1471 4474; x_wconf 89' lang='lat' dir='ltr'><strong>in</strong></span> <span class='ocrx_word' id='word_1_553' title='bbox 1499 4435 1564 4474; x_wconf 90' lang='lat' dir='ltr'><strong>eo</strong></span> <span class='ocrx_word' id='word_1_554' title='bbox 1593 4421 1735 4491; x_wconf 88' lang='lat' dir='ltr'><strong>quod</strong></span> <span class='ocrx_word' id='word_1_555' title='bbox 1760 4419 1899 4475; x_wconf 89' lang='lat' dir='ltr'><strong>Deus</strong></span> <span class='ocrx_word' id='word_1_556' title='bbox 1919 4421 1999 4475; x_wconf 90' lang='lat' dir='ltr'><strong>di-</strong></span> 
     </span>
    </p>
   </div>
   <div class='ocr_carea' id='block_1_79' title="bbox 426 4512 1998 4584">
    <p class='ocr_par' dir='ltr' id='par_1_79' title="bbox 426 4512 1998 4584">
     <span class='ocr_line' id='line_1_79' title="bbox 426 4512 1998 4584; baseline -0.001 -16"><span class='ocrx_word' id='word_1_557' title='bbox 426 4513 879 4584; x_wconf 88' lang='lat' dir='ltr'><strong>ligensjustitiam</strong></span> <span class='ocrx_word' id='word_1_558' title='bbox 903 4522 958 4568; x_wconf 91' lang='lat' dir='ltr'><strong>et</strong></span> <span class='ocrx_word' id='word_1_559' title='bbox 996 4513 1118 4569; x_wconf 90' lang='lat' dir='ltr'><strong>odio</strong></span> <span class='ocrx_word' id='word_1_560' title='bbox 1149 4513 1356 4568; x_wconf 86' lang='lat' dir='ltr'><strong>habens</strong></span> <span class='ocrx_word' id='word_1_561' title='bbox 1384 4513 1719 4582; x_wconf 90' lang='lat' dir='ltr'><strong>iniquitatem</strong></span> <span class='ocrx_word' id='word_1_562' title='bbox 1761 4512 1878 4582; x_wconf 91' lang='lat' dir='ltr'><strong>pios</strong></span> <span class='ocrx_word' id='word_1_563' title='bbox 1903 4528 1998 4567; x_wconf 85' lang='lat' dir='ltr'><strong>no-</strong></span> 
     </span>
    </p>
   </div>
   <div class='ocr_carea' id='block_1_80' title="bbox 424 4598 2002 4671">
    <p class='ocr_par' dir='ltr' id='par_1_80' title="bbox 424 4598 2002 4671">
     <span class='ocr_line' id='line_1_80' title="bbox 424 4598 2002 4671; baseline 0.001 -17"><span class='ocrx_word' id='word_1_564' title='bbox 424 4602 563 4655; x_wconf 84' lang='lat' dir='ltr'><strong>verit</strong></span> <span class='ocrx_word' id='word_1_565' title='bbox 585 4602 651 4656; x_wconf 91' lang='lat' dir='ltr'><strong>de</strong></span> <span class='ocrx_word' id='word_1_566' title='bbox 694 4601 986 4657; x_wconf 84' lang='lat' dir='ltr'><strong>tentatione</strong></span> <span class='ocrx_word' id='word_1_567' title='bbox 1009 4601 1237 4671; x_wconf 90' lang='lat' dir='ltr'><strong>eripere,</strong></span> <span class='ocrx_word' id='word_1_568' title='bbox 1261 4601 1453 4670; x_wconf 91' lang='lat' dir='ltr'><strong>impios</strong></span> <span class='ocrx_word' id='word_1_569' title='bbox 1486 4615 1614 4656; x_wconf 90' lang='lat' dir='ltr'><strong>vero</strong></span> <span class='ocrx_word' id='word_1_570' title='bbox 1647 4598 1791 4668; x_wconf 88' lang='lat' dir='ltr'><strong>justa</strong></span> <span class='ocrx_word' id='word_1_571' title='bbox 1821 4601 2002 4656; x_wconf 85' lang='lat' dir='ltr'><strong>distri-</strong></span> 
     </span>
    </p>
   </div>
   <div class='ocr_carea' id='block_1_81' title="bbox 423 4692 1998 4764">
    <p class='ocr_par' dir='ltr' id='par_1_81' title="bbox 423 4692 1998 4764">
     <span class='ocr_line' id='line_1_81' title="bbox 423 4692 1998 4764; baseline -0.001 -16"><span class='ocrx_word' id='word_1_572' title='bbox 423 4694 604 4748; x_wconf 92' lang='lat' dir='ltr'><strong>ctione</strong></span> <span class='ocrx_word' id='word_1_573' title='bbox 628 4693 821 4763; x_wconf 89' lang='lat' dir='ltr'><strong>punire</strong></span> <span class='ocrx_word' id='word_1_574' title='bbox 850 4712 862 4747; x_wconf 88' lang='lat'><strong>:</strong></span> <span class='ocrx_word' id='word_1_575' title='bbox 895 4693 1122 4764; x_wconf 84' lang='lat' dir='ltr'><strong>ideoque</strong></span> <span class='ocrx_word' id='word_1_576' title='bbox 1173 4694 1294 4749; x_wconf 90' lang='lat' dir='ltr'><strong>talis</strong></span> <span class='ocrx_word' id='word_1_577' title='bbox 1341 4694 1523 4759; x_wconf 91' lang='lat' dir='ltr'><strong>lectio,</strong></span> <span class='ocrx_word' id='word_1_578' title='bbox 1565 4693 1736 4747; x_wconf 89' lang='lat' dir='ltr'><strong>instar</strong></span> <span class='ocrx_word' id='word_1_579' title='bbox 1764 4692 1998 4748; x_wconf 90' lang='lat' dir='ltr'><strong>vectium</strong></span> 
     </span>
    </p>
   </div>
   <div class='ocr_carea' id='block_1_82' title="bbox 423 4784 1998 4857">
    <p class='ocr_par' dir='ltr' id='par_1_82' title="bbox 423 4784 1998 4857">
     <span class='ocr_line' id='line_1_82' title="bbox 423 4784 1998 4857; baseline -0.001 -16"><span class='ocrx_word' id='word_1_580' title='bbox 423 4785 855 4857; x_wconf 86' lang='lat' dir='ltr'><strong>imputribilium,</strong></span> <span class='ocrx_word' id='word_1_581' title='bbox 898 4786 1302 4842; x_wconf 88' lang='lat' dir='ltr'><strong>tabernaculum</strong></span> <span class='ocrx_word' id='word_1_582' title='bbox 1329 4785 1540 4842; x_wconf 90' lang='lat' dir='ltr'><strong>Domini</strong></span> <span class='ocrx_word' id='word_1_583' title='bbox 1569 4786 1828 4850; x_wconf 86' lang='lat' dir='ltr'><strong>continet,</strong></span> <span class='ocrx_word' id='word_1_584' title='bbox 1871 4784 1998 4852; x_wconf 89' lang='lat' dir='ltr'><strong>quia</strong></span> 
     </span>
    </p>
   </div>
   <div class='ocr_carea' id='block_1_83' title="bbox 421 4875 1998 4942">
    <p class='ocr_par' dir='ltr' id='par_1_83' title="bbox 421 4875 1998 4942">
     <span class='ocr_line' id='line_1_83' title="bbox 421 4875 1998 4942; baseline -0.003 -9"><span class='ocrx_word' id='word_1_585' title='bbox 421 4887 632 4933; x_wconf 88' lang='lat' dir='ltr'><strong>mentes</strong></span> <span class='ocrx_word' id='word_1_586' title='bbox 657 4878 892 4933; x_wconf 89' lang='lat' dir='ltr'><strong>ﬁdelium</strong></span> <span class='ocrx_word' id='word_1_587' title='bbox 917 4879 1098 4934; x_wconf 89' lang='lat' dir='ltr'><strong>verbis</strong></span> <span class='ocrx_word' id='word_1_588' title='bbox 1132 4879 1330 4934; x_wconf 63' lang='lat' dir='ltr'><strong>inﬁcias</strong></span> <span class='ocrx_word' id='word_1_589' title='bbox 1374 4878 1640 4942; x_wconf 83' lang='lat' dir='ltr'><strong>veritatis,</strong></span> <span class='ocrx_word' id='word_1_590' title='bbox 1667 4875 1736 4930; x_wconf 89' lang='lat' dir='ltr'><strong>ab</strong></span> <span class='ocrx_word' id='word_1_591' title='bbox 1777 4877 1998 4931; x_wconf 90' lang='lat' dir='ltr'><strong>incursu</strong></span> 
     </span>
    </p>
   </div>
   <div class='ocr_carea' id='block_1_84' title="bbox 422 4964 2000 5038">
    <p class='ocr_par' dir='ltr' id='par_1_84' title="bbox 422 4964 2000 5038">
     <span class='ocr_line' id='line_1_84' title="bbox 422 4964 2000 5038; baseline -0.002 -16"><span class='ocrx_word' id='word_1_592' title='bbox 422 4969 784 5022; x_wconf 84' lang='lat' dir='ltr'><strong>tentationum</strong></span> <span class='ocrx_word' id='word_1_593' title='bbox 830 4970 1134 5038; x_wconf 76' lang='lat' dir='ltr'><strong>przemnnit.</strong></span> <span class='ocrx_word' id='word_1_594' title='bbox 1163 4970 1362 5026; x_wconf 78' lang='lat' dir='ltr'><strong>Verum</strong></span> <span class='ocrx_word' id='word_1_595' title='bbox 1410 4967 1563 5036; x_wconf 85' lang='lat' dir='ltr'><strong>quasi</strong></span> <span class='ocrx_word' id='word_1_596' title='bbox 1612 4974 1800 5021; x_wconf 89' lang='lat' dir='ltr'><strong>vectes.</strong></span> <span class='ocrx_word' id='word_1_597' title='bbox 1839 4964 2000 5035; x_wconf 80' lang='lat' dir='ltr'><strong>lignei</strong></span> 
     </span>
    </p>
   </div>
   <div class='ocr_carea' id='block_1_85' title="bbox 422 5052 1999 5123">
    <p class='ocr_par' dir='ltr' id='par_1_85' title="bbox 422 5052 1999 5123">
     <span class='ocr_line' id='line_1_85' title="bbox 422 5052 1999 5123; baseline -0.001 -14"><span class='ocrx_word' id='word_1_598' title='bbox 422 5055 638 5109; x_wconf 84' lang='lat' dir='ltr'><strong>laminis</strong></span> <span class='ocrx_word' id='word_1_599' title='bbox 689 5055 995 5110; x_wconf 88' lang='lat' dir='ltr'><strong>vestiuntur</strong></span> <span class='ocrx_word' id='word_1_600' title='bbox 1043 5057 1242 5123; x_wconf 89' lang='lat' dir='ltr'><strong>aureis,</strong></span> <span class='ocrx_word' id='word_1_601' title='bbox 1281 5071 1403 5110; x_wconf 88' lang='lat' dir='ltr'><strong>cum</strong></span> <span class='ocrx_word' id='word_1_602' title='bbox 1439 5055 1555 5110; x_wconf 77' lang='lat' dir='ltr'><strong>haec</strong></span> <span class='ocrx_word' id='word_1_603' title='bbox 1604 5053 1792 5109; x_wconf 87' lang='lat' dir='ltr'><strong>eadem</strong></span> <span class='ocrx_word' id='word_1_604' title='bbox 1838 5052 1999 5108; x_wconf 89' lang='lat' dir='ltr'><strong>lectio</strong></span> 
     </span>
    </p>
   </div>
   <div class='ocr_carea' id='block_1_86' title="bbox 417 5141 1998 5215">
    <p class='ocr_par' dir='ltr' id='par_1_86' title="bbox 417 5141 1998 5215">
     <span class='ocr_line' id='line_1_86' title="bbox 417 5141 1998 5215; baseline -0.001 -18"><span class='ocrx_word' id='word_1_605' title='bbox 417 5157 523 5214; x_wconf 85' lang='lat' dir='ltr'><strong>per</strong></span> <span class='ocrx_word' id='word_1_606' title='bbox 565 5144 901 5213; x_wconf 87' lang='lat' dir='ltr'><strong>spiritualem</strong></span> <span class='ocrx_word' id='word_1_607' title='bbox 951 5144 1358 5215; x_wconf 79' lang='lat' dir='ltr'><strong>intelligentiam</strong></span> <span class='ocrx_word' id='word_1_608' title='bbox 1405 5143 1791 5200; x_wconf 88' lang='lat' dir='ltr'><strong>saeratioribus</strong></span> <span class='ocrx_word' id='word_1_609' title='bbox 1841 5141 1998 5211; x_wconf 87' lang='lat' dir='ltr'><strong>plena</strong></span> 
     </span>
    </p>
   </div>
   <div class='ocr_carea' id='block_1_87' title="bbox 419 5233 1997 5302">
    <p class='ocr_par' dir='ltr' id='par_1_87' title="bbox 419 5233 1997 5302">
     <span class='ocr_line' id='line_1_87' title="bbox 419 5233 1997 5302; baseline 0 -16"><span class='ocrx_word' id='word_1_610' title='bbox 419 5234 703 5302; x_wconf 79' lang='lat' dir='ltr'><strong>mysteriis</strong></span> <span class='ocrx_word' id='word_1_611' title='bbox 749 5235 1071 5299; x_wconf 89' lang='lat' dir='ltr'><strong>ostenditur,</strong></span> <span class='ocrx_word' id='word_1_612' title='bbox 1129 5250 1250 5288; x_wconf 88' lang='lat' dir='ltr'><strong>cum</strong></span> <span class='ocrx_word' id='word_1_613' title='bbox 1287 5249 1414 5289; x_wconf 86' lang='lat' dir='ltr'><strong>arca</strong></span> <span class='ocrx_word' id='word_1_614' title='bbox 1466 5233 1764 5287; x_wconf 80' lang='lat' dir='ltr'><strong>Ecclesium</strong></span> <span class='ocrx_word' id='word_1_615' title='bbox 1815 5233 1997 5287; x_wconf 85' lang='lat' dir='ltr'><strong>catho-</strong></span> 
     </span>
    </p>
   </div>
   <div class='ocr_carea' id='block_1_88' title="bbox 419 5322 2000 5396">
    <p class='ocr_par' dir='ltr' id='par_1_88' title="bbox 419 5322 2000 5396">
     <span class='ocr_line' id='line_1_88' title="bbox 419 5322 2000 5396; baseline 0.001 -19"><span class='ocrx_word' id='word_1_616' title='bbox 419 5322 606 5387; x_wconf 84' lang='lat' dir='ltr'><strong>licam,</strong></span> <span class='ocrx_word' id='word_1_617' title='bbox 657 5339 797 5394; x_wconf 85' lang='lat' dir='ltr'><strong>aqua</strong></span> <span class='ocrx_word' id='word_1_618' title='bbox 845 5325 1027 5378; x_wconf 84' lang='lat' dir='ltr'><strong>diluvii</strong></span> <span class='ocrx_word' id='word_1_619' title='bbox 1089 5325 1414 5394; x_wconf 88' lang='lat' dir='ltr'><strong>baptismum</strong></span> <span class='ocrx_word' id='word_1_620' title='bbox 1461 5323 1766 5396; x_wconf 87' lang='lat' dir='ltr'><strong>signiﬁcare</strong></span> <span class='ocrx_word' id='word_1_621' title='bbox 1813 5324 2000 5393; x_wconf 86' lang='lat' dir='ltr'><strong>digno-</strong></span> 
     </span>
    </p>
   </div>
   <div class='ocr_carea' id='block_1_89' title="bbox 417 5412 2000 5483">
    <p class='ocr_par' dir='ltr' id='par_1_89' title="bbox 417 5412 2000 5483">
     <span class='ocr_line' id='line_1_89' title="bbox 417 5412 2000 5483; baseline 0 -15"><span class='ocrx_word' id='word_1_622' title='bbox 417 5412 618 5477; x_wconf 85' lang='lat' dir='ltr'><strong>scitur,</strong></span> <span class='ocrx_word' id='word_1_623' title='bbox 657 5413 859 5467; x_wconf 85' lang='lat' dir='ltr'><strong>munda</strong></span> <span class='ocrx_word' id='word_1_624' title='bbox 888 5423 942 5469; x_wconf 86' lang='lat' dir='ltr'><strong>et</strong></span> <span class='ocrx_word' id='word_1_625' title='bbox 975 5415 1250 5468; x_wconf 90' lang='lat' dir='ltr'><strong>immunda</strong></span> <span class='ocrx_word' id='word_1_626' title='bbox 1293 5415 1562 5476; x_wconf 86' lang='lat' dir='ltr'><strong>animalia,</strong></span> <span class='ocrx_word' id='word_1_627' title='bbox 1611 5414 1915 5483; x_wconf 89' lang='lat' dir='ltr'><strong>spirituales</strong></span> <span class='ocrx_word' id='word_1_628' title='bbox 1945 5423 2000 5468; x_wconf 86' lang='lat' dir='ltr'><strong>et</strong></span> 
     </span>
    </p>
   </div>
   <div class='ocr_carea' id='block_1_90' title="bbox 417 5507 2002 5580">
    <p class='ocr_par' dir='ltr' id='par_1_90' title="bbox 417 5507 2002 5580">
     <span class='ocr_line' id='line_1_90' title="bbox 417 5507 2002 5580; baseline 0 -16"><span class='ocrx_word' id='word_1_629' title='bbox 417 5507 672 5564; x_wconf 83' lang='lat' dir='ltr'><strong>carnales</strong></span> <span class='ocrx_word' id='word_1_630' title='bbox 701 5524 941 5578; x_wconf 85' lang='lat' dir='ltr'><strong>quosque</strong></span> <span class='ocrx_word' id='word_1_631' title='bbox 969 5511 1020 5563; x_wconf 87' lang='lat' dir='ltr'><strong>in</strong></span> <span class='ocrx_word' id='word_1_632' title='bbox 1042 5511 1301 5576; x_wconf 85' lang='lat' dir='ltr'><strong>Ecclesia,</strong></span> <span class='ocrx_word' id='word_1_633' title='bbox 1331 5511 1472 5579; x_wconf 89' lang='lat' dir='ltr'><strong>ligna</strong></span> <span class='ocrx_word' id='word_1_634' title='bbox 1510 5526 1649 5564; x_wconf 75' lang='lat' dir='ltr'><strong>arcae</strong></span> <span class='ocrx_word' id='word_1_635' title='bbox 1687 5511 1916 5580; x_wconf 87' lang='lat' dir='ltr'><strong>levigata</strong></span> <span class='ocrx_word' id='word_1_636' title='bbox 1947 5518 2002 5565; x_wconf 91' lang='lat' dir='ltr'><strong>et</strong></span> 
     </span>
    </p>
   </div>
   <div class='ocr_carea' id='block_1_91' title="bbox 417 5600 1999 5671">
    <p class='ocr_par' dir='ltr' id='par_1_91' title="bbox 417 5600 1999 5671">
     <span class='ocr_line' id='line_1_91' title="bbox 417 5600 1999 5671; baseline 0.001 -17"><span class='ocrx_word' id='word_1_637' title='bbox 417 5600 768 5665; x_wconf 86' lang='lat' dir='ltr'><strong>bituminata,</strong></span> <span class='ocrx_word' id='word_1_638' title='bbox 794 5601 1042 5655; x_wconf 87' lang='lat' dir='ltr'><strong>doctores</strong></span> <span class='ocrx_word' id='word_1_639' title='bbox 1088 5601 1275 5671; x_wconf 74' lang='lat' dir='ltr'><strong>gratia:</strong></span> <span class='ocrx_word' id='word_1_640' title='bbox 1317 5600 1438 5654; x_wconf 75' lang='lat' dir='ltr'><strong>ﬁdei</strong></span> <span class='ocrx_word' id='word_1_641' title='bbox 1465 5601 1766 5656; x_wconf 85' lang='lat' dir='ltr'><strong>roboratos.</strong></span> <span class='ocrx_word' id='word_1_642' title='bbox 1796 5601 1999 5655; x_wconf 84' lang='lat' dir='ltr'><strong>Corvus</strong></span> 
     </span>
    </p>
   </div>
   <div class='ocr_carea' id='block_1_92' title="bbox 2702 3169 3089 3228">
    <p class='ocr_par' dir='ltr' id='par_1_92' title="bbox 2702 3169 3089 3228">
     <span class='ocr_line' id='line_1_92' title="bbox 2702 3169 3089 3228; baseline 0.005 -4"><span class='ocrx_word' id='word_1_643' title='bbox 2702 3169 2930 3227; x_wconf 77' lang='lat' dir='ltr'><strong>CAPUT</strong></span> <span class='ocrx_word' id='word_1_644' title='bbox 2972 3170 3089 3228; x_wconf 78' lang='lat' dir='ltr'><strong>XV.</strong></span> 
     </span>
    </p>
   </div>
   <div class='ocr_carea' id='block_1_93' title="bbox 2102 3256 3658 3328">
    <p class='ocr_par' dir='ltr' id='par_1_93' title="bbox 2102 3256 3658 3328">
     <span class='ocr_line' id='line_1_93' title="bbox 2102 3256 3658 3328; baseline 0.006 -18"><span class='ocrx_word' id='word_1_645' title='bbox 2102 3256 2180 3311; x_wconf 87' lang='lat' dir='ltr'><strong>De</strong></span> <span class='ocrx_word' id='word_1_646' title='bbox 2204 3257 2313 3312; x_wconf 87' lang='lat' dir='ltr'><strong>velo</strong></span> <span class='ocrx_word' id='word_1_647' title='bbox 2339 3259 2478 3328; x_wconf 85' lang='lat' dir='ltr'><strong>quod</strong></span> <span class='ocrx_word' id='word_1_648' title='bbox 2508 3258 2766 3313; x_wconf 81' lang='lat' dir='ltr'><strong>dividebat</strong></span> <span class='ocrx_word' id='word_1_649' title='bbox 2813 3261 3174 3314; x_wconf 81' lang='lat' dir='ltr'><strong>sanctuariunt</strong></span> <span class='ocrx_word' id='word_1_650' title='bbox 3201 3273 3251 3316; x_wconf 87' lang='lat' dir='ltr'><strong>et</strong></span> <span class='ocrx_word' id='word_1_651' title='bbox 3275 3274 3514 3324; x_wconf 80' lang='lat' dir='ltr'><strong>sanctum</strong></span> <span class='ocrx_word' id='word_1_652' title='bbox 3559 3284 3658 3322; x_wconf 81' lang='lat' dir='ltr'><strong>san</strong></span> 
     </span>
    </p>
   </div>
   <div class='ocr_carea' id='block_1_94' title="bbox 2173 3328 3681 3406">
    <p class='ocr_par' dir='ltr' id='par_1_94' title="bbox 2173 3328 3681 3406">
     <span class='ocr_line' id='line_1_94' title="bbox 2173 3328 3681 3406; baseline 0.008 -27"><span class='ocrx_word' id='word_1_653' title='bbox 2173 3337 2395 3406; x_wconf 84' lang='lat' dir='ltr'><strong>ctorum_,</strong></span> <span class='ocrx_word' id='word_1_654' title='bbox 2426 3337 2475 3382; x_wconf 89' lang='lat' dir='ltr'><strong>et</strong></span> <span class='ocrx_word' id='word_1_655' title='bbox 2521 3328 2586 3381; x_wconf 89' lang='lat' dir='ltr'><strong>de</strong></span> <span class='ocrx_word' id='word_1_656' title='bbox 2616 3328 2869 3382; x_wconf 86' lang='lat' dir='ltr'><strong>columnis</strong></span> <span class='ocrx_word' id='word_1_657' title='bbox 2903 3329 3088 3400; x_wconf 83' lang='lat' dir='ltr'><strong>ipsius,</strong></span> <span class='ocrx_word' id='word_1_658' title='bbox 3129 3342 3176 3385; x_wconf 88' lang='lat' dir='ltr'><strong>et</strong></span> <span class='ocrx_word' id='word_1_659' title='bbox 3223 3333 3286 3386; x_wconf 88' lang='lat' dir='ltr'><strong>de</strong></span> <span class='ocrx_word' id='word_1_660' title='bbox 3309 3336 3681 3406; x_wconf 82' lang='lat' dir='ltr'><strong>prapitiatorio</strong></span> 
     </span>
    </p>
   </div>
   <div class='ocr_carea' id='block_1_95' title="bbox 2171 3397 3680 3467">
    <p class='ocr_par' dir='ltr' id='par_1_95' title="bbox 2171 3397 3680 3467">
     <span class='ocr_line' id='line_1_95' title="bbox 2171 3397 3680 3467; baseline 0.007 -18"><span class='ocrx_word' id='word_1_661' title='bbox 2171 3397 2410 3466; x_wconf 86' lang='lat' dir='ltr'><strong>ponendo</strong></span> <span class='ocrx_word' id='word_1_662' title='bbox 2463 3414 2618 3467; x_wconf 83' lang='lat' dir='ltr'><strong>super</strong></span> <span class='ocrx_word' id='word_1_663' title='bbox 2668 3414 2883 3464; x_wconf 87' lang='lat' dir='ltr'><strong>arcam;</strong></span> <span class='ocrx_word' id='word_1_664' title='bbox 2922 3397 3022 3452; x_wconf 80' lang='lat' dir='ltr'><strong>nec</strong></span> <span class='ocrx_word' id='word_1_665' title='bbox 3058 3416 3162 3454; x_wconf 82' lang='lat' dir='ltr'><strong>non</strong></span> <span class='ocrx_word' id='word_1_666' title='bbox 3206 3397 3347 3456; x_wconf 77' lang='lat' dir='ltr'><strong>etde</strong></span> <span class='ocrx_word' id='word_1_667' title='bbox 3381 3397 3600 3459; x_wconf 70' lang='lat' dir='ltr'><strong>tentorio</strong></span> <span class='ocrx_word' id='word_1_668' title='bbox 3625 3407 3680 3460; x_wconf 85' lang='lat' dir='ltr'><strong>in</strong></span> 
     </span>
    </p>
   </div>
   <div class='ocr_carea' id='block_1_96' title="bbox 2169 3467 3676 3543">
    <p class='ocr_par' dir='ltr' id='par_1_96' title="bbox 2169 3467 3676 3543">
     <span class='ocr_line' id='line_1_96' title="bbox 2169 3467 3676 3543; baseline 0.007 -24"><span class='ocrx_word' id='word_1_669' title='bbox 2169 3468 2388 3543; x_wconf 72' lang='lat' dir='ltr'><strong>introitu</strong></span> <span class='ocrx_word' id='word_1_670' title='bbox 2419 3467 2742 3543; x_wconf 71' lang='lat' dir='ltr'><strong>tabernaculi</strong></span> <span class='ocrx_word' id='word_1_671' title='bbox 2780 3468 3160 3543; x_wconf 74' lang='lat' dir='ltr'><strong>suspendenda,</strong></span> <span class='ocrx_word' id='word_1_672' title='bbox 3195 3479 3242 3524; x_wconf 86' lang='lat' dir='ltr'><strong>et</strong></span> <span class='ocrx_word' id='word_1_673' title='bbox 3267 3472 3522 3543; x_wconf 73' lang='lat' dir='ltr'><strong>columnis</strong></span> <span class='ocrx_word' id='word_1_674' title='bbox 3544 3474 3676 3543; x_wconf 82' lang='lat' dir='ltr'><strong>ejus,</strong></span> 
     </span>
    </p>
   </div>
   <div class='ocr_carea' id='block_1_97' title="bbox 2171 3535 3679 3614">
    <p class='ocr_par' dir='ltr' id='par_1_97' title="bbox 2171 3535 3679 3614">
     <span class='ocr_line' id='line_1_97' title="bbox 2171 3535 3679 3614; baseline 0.006 -23"><span class='ocrx_word' id='word_1_675' title='bbox 2171 3537 2495 3614; x_wconf 69' lang='lat' dir='ltr'><strong>vectibusgue</strong></span> <span class='ocrx_word' id='word_1_676' title='bbox 2519 3535 2664 3592; x_wconf 76' lang='lat' dir='ltr'><strong>illius</strong></span> <span class='ocrx_word' id='word_1_677' title='bbox 2703 3537 2796 3606; x_wconf 79' lang='lat' dir='ltr'><strong>qui</strong></span> <span class='ocrx_word' id='word_1_678' title='bbox 2820 3537 2884 3591; x_wconf 90' lang='lat' dir='ltr'><strong>ab</strong></span> <span class='ocrx_word' id='word_1_679' title='bbox 2909 3539 3101 3607; x_wconf 79' lang='lat' dir='ltr'><strong>angulo</strong></span> <span class='ocrx_word' id='word_1_680' title='bbox 3127 3555 3288 3610; x_wconf 76' lang='lat' dir='ltr'><strong>usque</strong></span> <span class='ocrx_word' id='word_1_681' title='bbox 3333 3541 3404 3595; x_wconf 85' lang='lat' dir='ltr'><strong>ad</strong></span> <span class='ocrx_word' id='word_1_682' title='bbox 3429 3535 3679 3614; x_wconf 73' lang='lat' dir='ltr'><strong>angulum</strong></span> 
     </span>
    </p>
   </div>
   <div class='ocr_carea' id='block_1_98' title="bbox 2169 3605 2554 3674">
    <p class='ocr_par' dir='ltr' id='par_1_98' title="bbox 2169 3605 2554 3674">
     <span class='ocr_line' id='line_1_98' title="bbox 2169 3605 2554 3674; baseline 0.003 -18"><span class='ocrx_word' id='word_1_683' title='bbox 2169 3605 2554 3674; x_wconf 78' lang='lat' dir='ltr'><strong>perveniebant.</strong></span> 
     </span>
    </p>
   </div>
   <div class='ocr_carea' id='block_1_99' title="bbox 2170 3693 3680 3770">
    <p class='ocr_par' dir='ltr' id='par_1_99' title="bbox 2170 3693 3680 3770">
     <span class='ocr_line' id='line_1_99' title="bbox 2170 3693 3680 3770; baseline 0.007 -23"><span class='ocrx_word' id='word_1_684' title='bbox 2170 3693 2362 3748; x_wconf 86' lang='lat' dir='ltr'><strong>Facies</strong></span> <span class='ocrx_word' id='word_1_685' title='bbox 2401 3704 2450 3749; x_wconf 89' lang='lat' dir='ltr'><strong>et</strong></span> <span class='ocrx_word' id='word_1_686' title='bbox 2480 3693 2642 3748; x_wconf 86' lang='lat' dir='ltr'><strong>velunt</strong></span> <span class='ocrx_word' id='word_1_687' title='bbox 2672 3693 2736 3748; x_wconf 84' lang='lat' dir='ltr'><strong>de</strong></span> <span class='ocrx_word' id='word_1_688' title='bbox 2763 3696 3042 3765; x_wconf 81' lang='lat' dir='ltr'><strong>hyacintho</strong></span> <span class='ocrx_word' id='word_1_689' title='bbox 3077 3707 3125 3751; x_wconf 89' lang='lat' dir='ltr'><strong>et</strong></span> <span class='ocrx_word' id='word_1_690' title='bbox 3169 3715 3424 3770; x_wconf 83' lang='lat' dir='ltr'><strong>purpura,</strong></span> <span class='ocrx_word' id='word_1_691' title='bbox 3453 3710 3502 3755; x_wconf 87' lang='lat' dir='ltr'><strong>et</strong></span> <span class='ocrx_word' id='word_1_692' title='bbox 3527 3718 3680 3758; x_wconf 86' lang='lat' dir='ltr'><strong>cocco</strong></span> 
     </span>
    </p>
   </div>
   <div class='ocr_carea' id='block_1_100' title="bbox 2102 3785 3680 3863">
    <p class='ocr_par' dir='ltr' id='par_1_100' title="bbox 2102 3785 3680 3863">
     <span class='ocr_line' id='line_1_100' title="bbox 2102 3785 3680 3863; baseline 0.006 -24"><span class='ocrx_word' id='word_1_693' title='bbox 2102 3785 2179 3840; x_wconf 86' lang='lat' dir='ltr'><strong>bis</strong></span> <span class='ocrx_word' id='word_1_694' title='bbox 2203 3786 2386 3851; x_wconf 86' lang='lat' dir='ltr'><strong>tincto,</strong></span> <span class='ocrx_word' id='word_1_695' title='bbox 2417 3794 2466 3840; x_wconf 89' lang='lat' dir='ltr'><strong>et</strong></span> <span class='ocrx_word' id='word_1_696' title='bbox 2497 3785 2648 3856; x_wconf 85' lang='lat' dir='ltr'><strong>bysso</strong></span> <span class='ocrx_word' id='word_1_697' title='bbox 2686 3794 2878 3840; x_wconf 84' lang='lat' dir='ltr'><strong>retorta</strong></span> <span class='ocrx_word' id='word_1_698' title='bbox 2905 3803 3054 3858; x_wconf 88' lang='lat' dir='ltr'><strong>opere</strong></span> <span class='ocrx_word' id='word_1_699' title='bbox 3077 3787 3358 3859; x_wconf 82' lang='lat' dir='ltr'><strong>plantaria,</strong></span> <span class='ocrx_word' id='word_1_700' title='bbox 3390 3802 3438 3845; x_wconf 89' lang='lat' dir='ltr'><strong>et</strong></span> <span class='ocrx_word' id='word_1_701' title='bbox 3458 3793 3680 3863; x_wconf 78' lang='lat' dir='ltr'><strong>pulchra</strong></span> 
     </span>
    </p>
   </div>
   <div class='ocr_carea' id='block_1_101' title="bbox 2099 3875 3662 3950">
    <p class='ocr_par' dir='ltr' id='par_1_101' title="bbox 2099 3875 3662 3950">
     <span class='ocr_line' id='line_1_101' title="bbox 2099 3875 3662 3950; baseline 0.005 -22"><span class='ocrx_word' id='word_1_702' title='bbox 2099 3875 2350 3928; x_wconf 86' lang='lat' dir='ltr'><strong>varietate</strong></span> <span class='ocrx_word' id='word_1_703' title='bbox 2374 3882 2692 3941; x_wconf 73' lang='lat' dir='ltr'><strong>contextum,</strong></span> <span class='ocrx_word' id='word_1_704' title='bbox 2715 3875 2856 3945; x_wconf 85' lang='lat' dir='ltr'><strong>quod</strong></span> <span class='ocrx_word' id='word_1_705' title='bbox 2901 3876 3158 3946; x_wconf 87' lang='lat' dir='ltr'><strong>appendes</strong></span> <span class='ocrx_word' id='word_1_706' title='bbox 3194 3887 3314 3933; x_wconf 88' lang='lat' dir='ltr'><strong>ante</strong></span> <span class='ocrx_word' id='word_1_707' title='bbox 3333 3889 3561 3950; x_wconf 82' lang='lat' dir='ltr'><strong>quatuor</strong></span> <span class='ocrx_word' id='word_1_708' title='bbox 3592 3897 3662 3936; x_wconf 88' lang='lat' dir='ltr'><strong>co</strong></span> 
     </span>
    </p>
   </div>
   <div class='ocr_carea' id='block_1_102' title="bbox 2103 3962 3681 4041">
    <p class='ocr_par' dir='ltr' id='par_1_102' title="bbox 2103 3962 3681 4041">
     <span class='ocr_line' id='line_1_102' title="bbox 2103 3962 3681 4041; baseline 0.01 -26"><span class='ocrx_word' id='word_1_709' title='bbox 2103 3962 2308 4019; x_wconf 88' lang='lat' dir='ltr'><strong>lumnas</strong></span> <span class='ocrx_word' id='word_1_710' title='bbox 2352 3963 2415 4017; x_wconf 89' lang='lat' dir='ltr'><strong>de</strong></span> <span class='ocrx_word' id='word_1_711' title='bbox 2462 3962 2616 4034; x_wconf 82' lang='lat' dir='ltr'><strong>lignis</strong></span> <span class='ocrx_word' id='word_1_712' title='bbox 2665 3965 2848 4019; x_wconf 76' lang='lat' dir='ltr'><strong>set/tim</strong></span> <span class='ocrx_word' id='word_1_713' title='bbox 2894 3963 3091 4038; x_wconf 78' lang='lat' dir='ltr'><strong>(Exod.</strong></span> <span class='ocrx_word' id='word_1_714' title='bbox 3129 3966 3297 4041; x_wconf 75' lang='lat' dir='ltr'><strong>sxw).</strong></span> <span class='ocrx_word' id='word_1_715' title='bbox 3345 3970 3543 4026; x_wconf 77' lang='lat' dir='ltr'><strong>Verum</strong></span> <span class='ocrx_word' id='word_1_716' title='bbox 3575 3973 3681 4030; x_wconf 87' lang='lat' dir='ltr'><strong>hoc</strong></span> 
     </span>
    </p>
   </div>
   <div class='ocr_carea' id='block_1_103' title="bbox 2102 4055 3675 4130">
    <p class='ocr_par' dir='ltr' id='par_1_103' title="bbox 2102 4055 3675 4130">
     <span class='ocr_line' id='line_1_103' title="bbox 2102 4055 3675 4130; baseline 0.005 -21"><span class='ocrx_word' id='word_1_717' title='bbox 2102 4055 2246 4125; x_wconf 89' lang='lat' dir='ltr'><strong>quod</strong></span> <span class='ocrx_word' id='word_1_718' title='bbox 2273 4055 2682 4111; x_wconf 88' lang='lat' dir='ltr'><strong>tabernaculum</strong></span> <span class='ocrx_word' id='word_1_719' title='bbox 2710 4056 3046 4112; x_wconf 89' lang='lat' dir='ltr'><strong>dividebatur</strong></span> <span class='ocrx_word' id='word_1_720' title='bbox 3067 4059 3322 4125; x_wconf 90' lang='lat' dir='ltr'><strong>medium,</strong></span> <span class='ocrx_word' id='word_1_721' title='bbox 3342 4060 3413 4113; x_wconf 87' lang='lat' dir='ltr'><strong>ita</strong></span> <span class='ocrx_word' id='word_1_722' title='bbox 3442 4062 3675 4130; x_wconf 88' lang='lat' dir='ltr'><strong>positum</strong></span> 
     </span>
    </p>
   </div>
   <div class='ocr_carea' id='block_1_104' title="bbox 2100 4143 3678 4219">
    <p class='ocr_par' dir='ltr' id='par_1_104' title="bbox 2100 4143 3678 4219">
     <span class='ocr_line' id='line_1_104' title="bbox 2100 4143 3678 4219; baseline 0.004 -20"><span class='ocrx_word' id='word_1_723' title='bbox 2100 4144 2270 4199; x_wconf 82' lang='lat' dir='ltr'><strong>refert</strong></span> <span class='ocrx_word' id='word_1_724' title='bbox 2295 4143 2582 4216; x_wconf 69' lang='lat' dir='ltr'><strong>Iosephus,</strong></span> <span class='ocrx_word' id='word_1_725' title='bbox 2612 4154 2670 4200; x_wconf 90' lang='lat' dir='ltr'><strong>ut</strong></span> <span class='ocrx_word' id='word_1_726' title='bbox 2693 4147 2884 4218; x_wconf 88' lang='lat' dir='ltr'><strong>viginti</strong></span> <span class='ocrx_word' id='word_1_727' title='bbox 2920 4149 3135 4218; x_wconf 90' lang='lat' dir='ltr'><strong>quidem</strong></span> <span class='ocrx_word' id='word_1_728' title='bbox 3177 4149 3344 4204; x_wconf 89' lang='lat' dir='ltr'><strong>cubiti</strong></span> <span class='ocrx_word' id='word_1_729' title='bbox 3388 4149 3678 4219; x_wconf 87' lang='lat' dir='ltr'><strong>longitudi-</strong></span> 
     </span>
    </p>
   </div>
   <div class='ocr_carea' id='block_1_105' title="bbox 2102 4235 3677 4308">
    <p class='ocr_par' dir='ltr' id='par_1_105' title="bbox 2102 4235 3677 4308">
     <span class='ocr_line' id='line_1_105' title="bbox 2102 4235 3677 4308; baseline 0.003 -16"><span class='ocrx_word' id='word_1_730' title='bbox 2102 4236 2188 4292; x_wconf 91' lang='lat' dir='ltr'><strong>nis</strong></span> <span class='ocrx_word' id='word_1_731' title='bbox 2217 4237 2282 4290; x_wconf 89' lang='lat' dir='ltr'><strong>ad</strong></span> <span class='ocrx_word' id='word_1_732' title='bbox 2307 4237 2541 4305; x_wconf 87' lang='lat' dir='ltr'><strong>priorem</strong></span> <span class='ocrx_word' id='word_1_733' title='bbox 2582 4235 2822 4300; x_wconf 88' lang='lat' dir='ltr'><strong>domum,</strong></span> <span class='ocrx_word' id='word_1_734' title='bbox 2866 4236 3051 4292; x_wconf 87' lang='lat' dir='ltr'><strong>decem</strong></span> <span class='ocrx_word' id='word_1_735' title='bbox 3081 4251 3210 4292; x_wconf 86' lang='lat' dir='ltr'><strong>vero</strong></span> <span class='ocrx_word' id='word_1_736' title='bbox 3242 4237 3577 4308; x_wconf 87' lang='lat' dir='ltr'><strong>pertinerent</strong></span> <span class='ocrx_word' id='word_1_737' title='bbox 3609 4242 3677 4296; x_wconf 89' lang='lat' dir='ltr'><strong>ad</strong></span> 
     </span>
    </p>
   </div>
   <div class='ocr_carea' id='block_1_106' title="bbox 2103 4323 3677 4400">
    <p class='ocr_par' dir='ltr' id='par_1_106' title="bbox 2103 4323 3677 4400">
     <span class='ocr_line' id='line_1_106' title="bbox 2103 4323 3677 4400; baseline 0.003 -19"><span class='ocrx_word' id='word_1_738' title='bbox 2103 4325 2413 4381; x_wconf 54' lang='lat' dir='ltr'><strong>secundam.</strong></span> <span class='ocrx_word' id='word_1_739' title='bbox 2444 4324 2595 4392; x_wconf 85' lang='lat' dir='ltr'><strong>Quod</strong></span> <span class='ocrx_word' id='word_1_740' title='bbox 2638 4339 2737 4394; x_wconf 90' lang='lat' dir='ltr'><strong>per</strong></span> <span class='ocrx_word' id='word_1_741' title='bbox 2762 4323 2943 4379; x_wconf 89' lang='lat' dir='ltr'><strong>omnia</strong></span> <span class='ocrx_word' id='word_1_742' title='bbox 2993 4325 3267 4382; x_wconf 86' lang='lat' dir='ltr'><strong>mensuris</strong></span> <span class='ocrx_word' id='word_1_743' title='bbox 3303 4327 3488 4396; x_wconf 90' lang='lat' dir='ltr'><strong>templi</strong></span> <span class='ocrx_word' id='word_1_744' title='bbox 3534 4332 3677 4400; x_wconf 89' lang='lat' dir='ltr'><strong>quod</strong></span> 
     </span>
    </p>
   </div>
   <div class='ocr_carea' id='block_1_107' title="bbox 2103 4413 3677 4488">
    <p class='ocr_par' dir='ltr' id='par_1_107' title="bbox 2103 4413 3677 4488">
     <span class='ocr_line' id='line_1_107' title="bbox 2103 4413 3677 4488; baseline 0.002 -15"><span class='ocrx_word' id='word_1_745' title='bbox 2103 4424 2288 4487; x_wconf 91' lang='lat' dir='ltr'><strong>postea</strong></span> <span class='ocrx_word' id='word_1_746' title='bbox 2318 4415 2519 4471; x_wconf 86' lang='lat' dir='ltr'><strong>factum</strong></span> <span class='ocrx_word' id='word_1_747' title='bbox 2556 4418 2659 4481; x_wconf 81' lang='lat' dir='ltr'><strong>eSt,</strong></span> <span class='ocrx_word' id='word_1_748' title='bbox 2693 4430 2722 4469; x_wconf 88' lang='lat' dir='ltr'><strong>a</strong></span> <span class='ocrx_word' id='word_1_749' title='bbox 2759 4413 3045 4472; x_wconf 89' lang='lat' dir='ltr'><strong>Salomone</strong></span> <span class='ocrx_word' id='word_1_750' title='bbox 3093 4417 3261 4488; x_wconf 87' lang='lat' dir='ltr'><strong>liquet</strong></span> <span class='ocrx_word' id='word_1_751' title='bbox 3307 4433 3428 4475; x_wconf 90' lang='lat' dir='ltr'><strong>esse</strong></span> <span class='ocrx_word' id='word_1_752' title='bbox 3476 4434 3677 4477; x_wconf 48' lang='lat' dir='ltr'><strong>conve.</strong></span> 
     </span>
    </p>
   </div>
   <div class='ocr_carea' id='block_1_108' title="bbox 2103 4505 3670 4582">
    <p class='ocr_par' dir='ltr' id='par_1_108' title="bbox 2103 4505 3670 4582">
     <span class='ocr_line' id='line_1_108' title="bbox 2103 4505 3670 4582; baseline 0.003 -21"><span class='ocrx_word' id='word_1_753' title='bbox 2103 4506 2277 4562; x_wconf 88' lang='lat' dir='ltr'><strong>niens.</strong></span> <span class='ocrx_word' id='word_1_754' title='bbox 2311 4505 2463 4574; x_wconf 87' lang='lat' dir='ltr'><strong>Quod</strong></span> <span class='ocrx_word' id='word_1_755' title='bbox 2503 4521 2626 4562; x_wconf 89' lang='lat' dir='ltr'><strong>cum</strong></span> <span class='ocrx_word' id='word_1_756' title='bbox 2663 4513 2810 4562; x_wconf 88' lang='lat' dir='ltr'><strong>esset</strong></span> <span class='ocrx_word' id='word_1_757' title='bbox 2842 4507 3121 4579; x_wconf 82' lang='lat' dir='ltr'><strong>sexaginta</strong></span> <span class='ocrx_word' id='word_1_758' title='bbox 3157 4509 3460 4565; x_wconf 87' lang='lat' dir='ltr'><strong>cubitorum</strong></span> <span class='ocrx_word' id='word_1_759' title='bbox 3499 4510 3670 4582; x_wconf 86' lang='lat' dir='ltr'><strong>longi-</strong></span> 
     </span>
    </p>
   </div>
   <div class='ocr_carea' id='block_1_109' title="bbox 2103 4597 3675 4674">
    <p class='ocr_par' dir='ltr' id='par_1_109' title="bbox 2103 4597 3675 4674">
     <span class='ocr_line' id='line_1_109' title="bbox 2103 4597 3675 4674; baseline 0.004 -22"><span class='ocrx_word' id='word_1_760' title='bbox 2103 4599 2303 4653; x_wconf 89' lang='lat' dir='ltr'><strong>tudinis</strong></span> <span class='ocrx_word' id='word_1_761' title='bbox 2331 4606 2387 4653; x_wconf 89' lang='lat' dir='ltr'><strong>et</strong></span> <span class='ocrx_word' id='word_1_762' title='bbox 2425 4597 2610 4668; x_wconf 86' lang='lat' dir='ltr'><strong>viginti</strong></span> <span class='ocrx_word' id='word_1_763' title='bbox 2650 4597 2950 4655; x_wconf 85' lang='lat' dir='ltr'><strong>latitmlinis</strong></span> <span class='ocrx_word' id='word_1_764' title='bbox 2979 4639 2993 4665; x_wconf 95' lang='lat'><strong>,</strong></span> <span class='ocrx_word' id='word_1_765' title='bbox 3049 4601 3264 4655; x_wconf 90' lang='lat' dir='ltr'><strong>tertiam</strong></span> <span class='ocrx_word' id='word_1_766' title='bbox 3323 4601 3675 4674; x_wconf 90' lang='lat' dir='ltr'><strong>longitudinis</strong></span> 
     </span>
    </p>
   </div>
   <div class='ocr_carea' id='block_1_110' title="bbox 2102 4691 3671 4762">
    <p class='ocr_par' dir='ltr' id='par_1_110' title="bbox 2102 4691 3671 4762">
     <span class='ocr_line' id='line_1_110' title="bbox 2102 4691 3671 4762; baseline 0.002 -15"><span class='ocrx_word' id='word_1_767' title='bbox 2102 4700 2312 4762; x_wconf 89' lang='lat' dir='ltr'><strong>partem</strong></span> <span class='ocrx_word' id='word_1_768' title='bbox 2336 4732 2351 4758; x_wconf 93' lang='lat'><strong>,</strong></span> <span class='ocrx_word' id='word_1_769' title='bbox 2381 4691 2433 4746; x_wconf 90' lang='lat' dir='ltr'><strong>id</strong></span> <span class='ocrx_word' id='word_1_770' title='bbox 2463 4699 2546 4747; x_wconf 89' lang='lat' dir='ltr'><strong>est</strong></span> <span class='ocrx_word' id='word_1_771' title='bbox 2577 4731 2592 4756; x_wconf 95' lang='lat'><strong>,</strong></span> <span class='ocrx_word' id='word_1_772' title='bbox 2648 4691 2838 4762; x_wconf 83' lang='lat' dir='ltr'><strong>viginti</strong></span> <span class='ocrx_word' id='word_1_773' title='bbox 2887 4692 3097 4747; x_wconf 84' lang='lat' dir='ltr'><strong>cubitus</strong></span> <span class='ocrx_word' id='word_1_774' title='bbox 3128 4693 3195 4748; x_wconf 91' lang='lat' dir='ltr'><strong>ad</strong></span> <span class='ocrx_word' id='word_1_775' title='bbox 3229 4693 3543 4749; x_wconf 85' lang='lat' dir='ltr'><strong>interiorem</strong></span> <span class='ocrx_word' id='word_1_776' title='bbox 3574 4695 3671 4750; x_wconf 88' lang='lat' dir='ltr'><strong>do-</strong></span> 
     </span>
    </p>
   </div>
   <div class='ocr_carea' id='block_1_111' title="bbox 2103 4783 3674 4855">
    <p class='ocr_par' dir='ltr' id='par_1_111' title="bbox 2103 4783 3674 4855">
     <span class='ocr_line' id='line_1_111' title="bbox 2103 4783 3674 4855; baseline 0.001 -17"><span class='ocrx_word' id='word_1_777' title='bbox 2103 4800 2250 4839; x_wconf 91' lang='lat' dir='ltr'><strong>mum</strong></span> <span class='ocrx_word' id='word_1_778' title='bbox 2281 4824 2296 4850; x_wconf 95' lang='lat'><strong>,</strong></span> <span class='ocrx_word' id='word_1_779' title='bbox 2332 4784 2438 4838; x_wconf 91' lang='lat' dir='ltr'><strong>hoc</strong></span> <span class='ocrx_word' id='word_1_780' title='bbox 2461 4792 2546 4838; x_wconf 90' lang='lat' dir='ltr'><strong>est</strong></span> <span class='ocrx_word' id='word_1_781' title='bbox 2573 4791 2821 4838; x_wconf 91' lang='lat' dir='ltr'><strong>sanctum</strong></span> <span class='ocrx_word' id='word_1_782' title='bbox 2853 4791 3160 4839; x_wconf 89' lang='lat' dir='ltr'><strong>sanctorum</strong></span> <span class='ocrx_word' id='word_1_783' title='bbox 3193 4783 3428 4840; x_wconf 86' lang='lat' dir='ltr'><strong>habebat</strong></span> <span class='ocrx_word' id='word_1_784' title='bbox 3455 4802 3674 4855; x_wconf 89' lang='lat' dir='ltr'><strong>separa-</strong></span> 
     </span>
    </p>
   </div>
   <div class='ocr_carea' id='block_1_112' title="bbox 2101 4872 3674 4944">
    <p class='ocr_par' dir='ltr' id='par_1_112' title="bbox 2101 4872 3674 4944">
     <span class='ocr_line' id='line_1_112' title="bbox 2101 4872 3674 4944; baseline 0.002 -16"><span class='ocrx_word' id='word_1_785' title='bbox 2101 4883 2212 4928; x_wconf 90' lang='lat' dir='ltr'><strong>tam</strong></span> <span class='ocrx_word' id='word_1_786' title='bbox 2241 4914 2256 4939; x_wconf 93' lang='lat'><strong>,</strong></span> <span class='ocrx_word' id='word_1_787' title='bbox 2310 4875 2385 4928; x_wconf 91' lang='lat' dir='ltr'><strong>ita</strong></span> <span class='ocrx_word' id='word_1_788' title='bbox 2422 4883 2480 4927; x_wconf 91' lang='lat' dir='ltr'><strong>ut</strong></span> <span class='ocrx_word' id='word_1_789' title='bbox 2509 4873 2788 4944; x_wconf 85' lang='lat' dir='ltr'><strong>longitudo</strong></span> <span class='ocrx_word' id='word_1_790' title='bbox 2825 4880 2880 4927; x_wconf 90' lang='lat' dir='ltr'><strong>ct</strong></span> <span class='ocrx_word' id='word_1_791' title='bbox 2931 4872 3155 4928; x_wconf 88' lang='lat' dir='ltr'><strong>latitudo</strong></span> <span class='ocrx_word' id='word_1_792' title='bbox 3191 4874 3428 4944; x_wconf 90' lang='lat' dir='ltr'><strong>ejusdem</strong></span> <span class='ocrx_word' id='word_1_793' title='bbox 3482 4875 3674 4931; x_wconf 88' lang='lat' dir='ltr'><strong>domus</strong></span> 
     </span>
    </p>
   </div>
   <div class='ocr_carea' id='block_1_113' title="bbox 2101 4963 3671 5036">
    <p class='ocr_par' dir='ltr' id='par_1_113' title="bbox 2101 4963 3671 5036">
     <span class='ocr_line' id='line_1_113' title="bbox 2101 4963 3671 5036; baseline -0.001 -15"><span class='ocrx_word' id='word_1_794' title='bbox 2101 4967 2380 5022; x_wconf 84' lang='lat' dir='ltr'><strong>interioris</strong></span> <span class='ocrx_word' id='word_1_795' title='bbox 2431 4981 2538 5020; x_wconf 83' lang='lat' dir='ltr'><strong>una</strong></span> <span class='ocrx_word' id='word_1_796' title='bbox 2591 4973 2754 5020; x_wconf 88' lang='lat' dir='ltr'><strong>esset.</strong></span> <span class='ocrx_word' id='word_1_797' title='bbox 2789 4963 2880 5020; x_wconf 90' lang='lat' dir='ltr'><strong>Sic</strong></span> <span class='ocrx_word' id='word_1_798' title='bbox 2906 4978 3035 5035; x_wconf 87' lang='lat' dir='ltr'><strong>ergo</strong></span> <span class='ocrx_word' id='word_1_799' title='bbox 3073 4965 3408 5020; x_wconf 89' lang='lat' dir='ltr'><strong>tabernaculi</strong></span> <span class='ocrx_word' id='word_1_800' title='bbox 3436 4980 3562 5036; x_wconf 89' lang='lat' dir='ltr'><strong>pars</strong></span> <span class='ocrx_word' id='word_1_801' title='bbox 3588 4965 3671 5020; x_wconf 86' lang='lat' dir='ltr'><strong>in-</strong></span> 
     </span>
    </p>
   </div>
   <div class='ocr_carea' id='block_1_114' title="bbox 2099 5054 3672 5126">
    <p class='ocr_par' dir='ltr' id='par_1_114' title="bbox 2099 5054 3672 5126">
     <span class='ocr_line' id='line_1_114' title="bbox 2099 5054 3672 5126; baseline 0 -16"><span class='ocrx_word' id='word_1_802' title='bbox 2099 5056 2284 5122; x_wconf 90' lang='lat' dir='ltr'><strong>terior,</strong></span> <span class='ocrx_word' id='word_1_803' title='bbox 2315 5054 2702 5126; x_wconf 86' lang='lat' dir='ltr'><strong>longitudinem</strong></span> <span class='ocrx_word' id='word_1_804' title='bbox 2732 5063 2788 5110; x_wconf 90' lang='lat' dir='ltr'><strong>et</strong></span> <span class='ocrx_word' id='word_1_805' title='bbox 2815 5054 3148 5109; x_wconf 88' lang='lat' dir='ltr'><strong>latitudinem</strong></span> <span class='ocrx_word' id='word_1_806' title='bbox 3177 5055 3431 5122; x_wconf 89' lang='lat' dir='ltr'><strong>similem,</strong></span> <span class='ocrx_word' id='word_1_807' title='bbox 3455 5056 3559 5112; x_wconf 89' lang='lat' dir='ltr'><strong>hoc</strong></span> <span class='ocrx_word' id='word_1_808' title='bbox 3587 5065 3672 5110; x_wconf 86' lang='lat' dir='ltr'><strong>est</strong></span> 
     </span>
    </p>
   </div>
   <div class='ocr_carea' id='block_1_115' title="bbox 2100 5143 3674 5212">
    <p class='ocr_par' dir='ltr' id='par_1_115' title="bbox 2100 5143 3674 5212">
     <span class='ocr_line' id='line_1_115' title="bbox 2100 5143 3674 5212; baseline 0 -12"><span class='ocrx_word' id='word_1_809' title='bbox 2100 5145 2366 5201; x_wconf 81' lang='lat' dir='ltr'><strong>deuorant</strong></span> <span class='ocrx_word' id='word_1_810' title='bbox 2401 5145 2638 5200; x_wconf 87' lang='lat' dir='ltr'><strong>habebat</strong></span> <span class='ocrx_word' id='word_1_811' title='bbox 2665 5145 2989 5200; x_wconf 86' lang='lat' dir='ltr'><strong>cubitorum.</strong></span> <span class='ocrx_word' id='word_1_812' title='bbox 3025 5144 3162 5212; x_wconf 90' lang='lat' dir='ltr'><strong>Quid</strong></span> <span class='ocrx_word' id='word_1_813' title='bbox 3194 5145 3335 5202; x_wconf 90' lang='lat' dir='ltr'><strong>idem</strong></span> <span class='ocrx_word' id='word_1_814' title='bbox 3379 5146 3557 5201; x_wconf 88' lang='lat' dir='ltr'><strong>velum</strong></span> <span class='ocrx_word' id='word_1_815' title='bbox 3606 5143 3674 5200; x_wconf 64' lang='grc' dir='ltr'><strong>ῆς</strong></span> 
     </span>
    </p>
   </div>
   <div class='ocr_carea' id='block_1_116' title="bbox 2101 5232 3668 5305">
    <p class='ocr_par' dir='ltr' id='par_1_116' title="bbox 2101 5232 3668 5305">
     <span class='ocr_line' id='line_1_116' title="bbox 2101 5232 3668 5305; baseline -0.001 -16"><span class='ocrx_word' id='word_1_816' title='bbox 2101 5234 2361 5305; x_wconf 85' lang='lat' dir='ltr'><strong>guralitcr</strong></span> <span class='ocrx_word' id='word_1_817' title='bbox 2385 5234 2674 5302; x_wconf 81' lang='lat' dir='ltr'><strong>exprimat,</strong></span> <span class='ocrx_word' id='word_1_818' title='bbox 2703 5233 2991 5301; x_wconf 83' lang='lat' dir='ltr'><strong>Apostolus</strong></span> <span class='ocrx_word' id='word_1_819' title='bbox 3016 5234 3084 5287; x_wconf 89' lang='lat' dir='ltr'><strong>ad</strong></span> <span class='ocrx_word' id='word_1_820' title='bbox 3111 5234 3364 5289; x_wconf 70' lang='lat' dir='ltr'><strong>llebrmos</strong></span> <span class='ocrx_word' id='word_1_821' title='bbox 3385 5232 3668 5288; x_wconf 82' lang='lat' dir='ltr'><strong>manifeste</strong></span> 
     </span>
    </p>
   </div>
   <div class='ocr_carea' id='block_1_117' title="bbox 2100 5321 3672 5392">
    <p class='ocr_par' dir='ltr' id='par_1_117' title="bbox 2100 5321 3672 5392">
     <span class='ocr_line' id='line_1_117' title="bbox 2100 5321 3672 5392; baseline 0 -14"><span class='ocrx_word' id='word_1_822' title='bbox 2100 5324 2376 5389; x_wconf 89' lang='lat' dir='ltr'><strong>declarat,</strong></span> <span class='ocrx_word' id='word_1_823' title='bbox 2404 5323 2498 5378; x_wconf 88' lang='lat' dir='ltr'><strong>ubi</strong></span> <span class='ocrx_word' id='word_1_824' title='bbox 2536 5331 2592 5376; x_wconf 92' lang='lat' dir='ltr'><strong>et</strong></span> <span class='ocrx_word' id='word_1_825' title='bbox 2620 5321 2723 5377; x_wconf 89' lang='lat' dir='ltr'><strong>hoc</strong></span> <span class='ocrx_word' id='word_1_826' title='bbox 2748 5323 2952 5392; x_wconf 88' lang='lat' dir='ltr'><strong>pariter</strong></span> <span class='ocrx_word' id='word_1_827' title='bbox 2979 5323 3200 5392; x_wconf 75' lang='lat' dir='ltr'><strong>exponit</strong></span> <span class='ocrx_word' id='word_1_828' title='bbox 3234 5324 3298 5376; x_wconf 89' lang='lat' dir='ltr'><strong>ad</strong></span> <span class='ocrx_word' id='word_1_829' title='bbox 3332 5336 3550 5375; x_wconf 84' lang='lat' dir='ltr'><strong>sensum</strong></span> <span class='ocrx_word' id='word_1_830' title='bbox 3582 5322 3672 5378; x_wconf 75' lang='lat' dir='ltr'><strong>al-</strong></span> 
     </span>
    </p>
   </div>
   <div class='ocr_carea' id='block_1_118' title="bbox 2099 5412 3667 5485">
    <p class='ocr_par' dir='ltr' id='par_1_118' title="bbox 2099 5412 3667 5485">
     <span class='ocr_line' id='line_1_118' title="bbox 2099 5412 3667 5485; baseline -0.001 -16"><span class='ocrx_word' id='word_1_831' title='bbox 2099 5416 2390 5485; x_wconf 83' lang='lat' dir='ltr'><strong>legoricum</strong></span> <span class='ocrx_word' id='word_1_832' title='bbox 2422 5455 2436 5481; x_wconf 93' lang='lat'><strong>,</strong></span> <span class='ocrx_word' id='word_1_833' title='bbox 2481 5428 2652 5484; x_wconf 85' lang='lat' dir='ltr'><strong>quare</strong></span> <span class='ocrx_word' id='word_1_834' title='bbox 2702 5414 2756 5467; x_wconf 91' lang='lat' dir='ltr'><strong>in</strong></span> <span class='ocrx_word' id='word_1_835' title='bbox 2797 5415 2976 5484; x_wconf 91' lang='lat' dir='ltr'><strong>priore</strong></span> <span class='ocrx_word' id='word_1_836' title='bbox 3011 5414 3225 5484; x_wconf 90' lang='lat' dir='ltr'><strong>quidem</strong></span> <span class='ocrx_word' id='word_1_837' title='bbox 3280 5412 3622 5468; x_wconf 84' lang='lat' dir='ltr'><strong>tabernaculo</strong></span> <span class='ocrx_word' id='word_1_838' title='bbox 3648 5453 3667 5480; x_wconf 90' lang='lat'><strong>,</strong></span> 
     </span>
    </p>
   </div>
   <div class='ocr_carea' id='block_1_119' title="bbox 2098 5505 3667 5578">
    <p class='ocr_par' dir='ltr' id='par_1_119' title="bbox 2098 5505 3667 5578">
     <span class='ocr_line' id='line_1_119' title="bbox 2098 5505 3667 5578; baseline -0.003 -14"><span class='ocrx_word' id='word_1_839' title='bbox 2098 5523 2311 5578; x_wconf 88' lang='lat' dir='ltr'><strong>semper</strong></span> <span class='ocrx_word' id='word_1_840' title='bbox 2352 5508 2641 5563; x_wconf 89' lang='lat' dir='ltr'><strong>introirent</strong></span> <span class='ocrx_word' id='word_1_841' title='bbox 2692 5508 3002 5562; x_wconf 91' lang='lat' dir='ltr'><strong>sacerdotes</strong></span> <span class='ocrx_word' id='word_1_842' title='bbox 3053 5505 3438 5559; x_wconf 87' lang='lat' dir='ltr'><strong>sacriﬁciorum</strong></span> <span class='ocrx_word' id='word_1_843' title='bbox 3491 5505 3667 5565; x_wconf 81' lang='lat' dir='ltr'><strong>oﬁicia</strong></span> 
     </span>
    </p>
   </div>
   <div class='ocr_carea' id='block_1_120' title="bbox 2101 5595 3667 5664">
    <p class='ocr_par' dir='ltr' id='par_1_120' title="bbox 2101 5595 3667 5664">
     <span class='ocr_line' id='line_1_120' title="bbox 2101 5595 3667 5664; baseline -0.001 -11"><span class='ocrx_word' id='word_1_844' title='bbox 2101 5608 2556 5664; x_wconf 87' lang='lat' dir='ltr'><strong>consummantcs,</strong></span> <span class='ocrx_word' id='word_1_845' title='bbox 2603 5598 2657 5652; x_wconf 91' lang='lat' dir='ltr'><strong>in</strong></span> <span class='ocrx_word' id='word_1_846' title='bbox 2705 5598 2940 5653; x_wconf 86' lang='lat' dir='ltr'><strong>secundo</strong></span> <span class='ocrx_word' id='word_1_847' title='bbox 2987 5605 3164 5650; x_wconf 88' lang='lat' dir='ltr'><strong>autem</strong></span> <span class='ocrx_word' id='word_1_848' title='bbox 3211 5595 3377 5650; x_wconf 87' lang='lat' dir='ltr'><strong>semel</strong></span> <span class='ocrx_word' id='word_1_849' title='bbox 3427 5597 3478 5652; x_wconf 92' lang='lat' dir='ltr'><strong>in</strong></span> <span class='ocrx_word' id='word_1_850' title='bbox 3524 5611 3667 5653; x_wconf 88' lang='lat' dir='ltr'><strong>anno</strong></span> 
     </span>
    </p>
   </div>
  </div>
