3992 6182
304 328 404 387 {75

967 324 1030 379 Β.
1068 320 1324 380 RABANI
1362 318 1580 375 MAURI
1619 316 1936 376 ABClﬂEP.
1981 315 2287 375 MOGUNT.
2331 316 2614 373 OPERUM
2654 318 2832 374 PARS
2872 318 2911 373 l.

3439 324 3544 380 176

301 440 450 500 solus
486 433 728 509 pontifex
757 477 771 502 ,
811 450 919 490 non
955 436 1071 490 sine
1107 437 1393 506 sanguine,
1425 447 1584 502 quem
1609 429 1870 484 otl'erebat
1898 432 1949 490 Α
1973 427 2182 484 civibus
2208 435 2447 483 narrent.
2499 427 2767 482 Inseretur
2791 438 2964 483 autem
2994 428 3157 483 velant
3184 447 3278 501 per
3295 434 3544 500 circulos,

298 548 401 604 pro
455 529 536 584 sui
585 537 640 581 et
678 526 860 596 populi
895 527 1199 597 ignorantia
1229 525 1385 597 (Heb.
1418 525 1517 594 Ix).
1553 522 1738 576 Vclum
1771 523 1873 575 hoc

299 620 498 677 cmlum
541 617 944 687 interpretatur.
979 617 1131 684 Quod
1171 625 1350 670 autem
1393 615 1446 668 in
1489 615 1670 685 priore
1695 613 1875 666 taber-

301 709 495 766 naculo
531 707 773 777 quotidie
814 721 912 775 per
965 721 1164 760 annum
1219 705 1511 760 introibant
1543 719 1665 758 cum
1707 702 1875 756 sacri-

307 801 448 855 ﬁciis
476 797 790 852 sacerdotes
811 836 827 860 ,
859 810 1020 863 super
1048 795 1208 866 hujus
1237 795 1360 850 vita:
1391 801 1535 848 statu
1565 792 1827 846 edisserat
1857 832 1871 857 ,

303 890 394 944 ubi
422 891 595 946 sancti
628 889 853 943 Domino
905 890 1020 945 sine
1070 889 1466 944 intermissione
1509 887 1829 941 famulantes
1855 927 1872 952 ,

306 979 652 1048 quotidianos
675 994 785 1032 suae
815 976 1126 1048 fragilitatis
1155 985 1370 1033 erratos
1396 978 1513 1032 sine
1537 977 1730 1046 quibus
1755 990 1876 1032 esse

309 1071 366 1126 in
421 1072 525 1126 hac
562 1072 672 1125 vita
714 1071 1023 1126 nullatenus
1075 1081 1321 1141 possunt,
1353 1071 1682 1142 quotidianis
1709 1070 1876 1124 bono-

308 1179 428 1217 rum
474 1179 694 1234 Operum
725 1163 979 1229 victimis,
1015 1165 1341 1233 quotidianis
1364 1163 1722 1236 laerymarum
1753 1178 1879 1217 sua-

306 1271 425 1308 rum
481 1255 864 1318 libaminibus,
931 1257 1083 1325 quasi
1148 1257 1258 1310 veri
1317 1256 1625 1311 sacerdotes
1673 1255 1767 1309 Dei
1825 1261 1879 1308 et

318 1343 505 1397 cbrlsti
548 1345 687 1414 ejus,
717 1345 956 1414 expiant.
1008 1345 1289 1400 Summum
1335 1361 1462 1401 vero
1499 1346 1833 1400 sacerdotem
1858 1386 1874 1412 ,

305 1431 398 1501 qui
437 1431 602 1486 semel
640 1432 692 1485 in
744 1448 884 1487 anno
913 1445 1096 1488 sancta
1125 1442 1432 1489 sanctorum
1459 1450 1582 1489 cum
1623 1433 1882 1504 sanguine

306 1523 652 1577 victimarum
678 1525 1098 1594 ingrediebatur,
1124 1525 1298 1596 ipsum
1325 1526 1573 1596 intelligit
1603 1540 1722 1581 esse
1749 1541 1881 1595 pon—

309 1617 509 1672 tilicem
545 1633 817 1686 magnum,
847 1619 932 1673 cui
960 1619 1162 1673 dictum
1198 1628 1281 1673 est
1315 1638 1327 1673 :
1360 1618 1436 1672 Tu
1471 1637 1523 1674 es
1555 1619 1796 1673 sacerdos
1826 1619 1881 1671 in

311 1718 586 1776 cateruam,
607 1709 889 1763 secundant
915 1710 1146 1764 ordinent
1165 1709 1564 1765 Melchisedech.
1594 1711 1695 1778 Qui
1717 1709 1883 1765 semel

304 1797 521 1854 oblatus
547 1815 644 1868 pro
668 1801 906 1869 peccatis
931 1801 1158 1867 nostris,
1201 1803 1316 1872 ipse
1345 1802 1602 1858 sacerdos
1629 1809 1685 1857 et
1704 1801 1878 1856 hostia

305 1905 407 1960 per
426 1891 699 1961 preprium
727 1893 1040 1962 sanguinem
1066 1893 1120 1946 in
1144 1892 1318 1963 ipsum
1341 1894 1536 1949 etnlum
1558 1894 1797 1956 intravit,
1823 1900 1882 1946 ut

309 1991 565 2048 appareat
595 1999 733 2037 nunc
757 1983 921 2036 vultui
942 1983 1034 2038 Dei
1059 1999 1155 2053 pro
1177 1985 1348 2039 nobis.
1365 1984 1517 2051 Quod
1540 1995 1716 2040 autem
1740 1985 1882 2039 idem

313 2071 484 2124 velum
517 2072 582 2126 de
617 2074 907 2142 hyacintho
938 2083 992 2128 et
1020 2089 1254 2143 purpura
1281 2082 1335 2128 et
1367 2090 1529 2130 cocco
1561 2076 1644 2129 bis
1695 2076 1878 2140 tincto,

309 2174 364 2215 et
389 2163 548 2233 bysso
571 2171 771 2218 retorta
796 2165 1018 2233 pulchra
1041 2165 1303 2220 varietate
1315 2173 1627 2221 contextum
1644 2175 1746 2230 est,
1761 2166 1882 2236 quis

310 2267 415 2306 non
440 2253 796 2308 videatetiam
813 2253 964 2322 juxta
984 2253 1218 2308 litteram
1240 2253 1624 2323 pulchritudini
1648 2254 1883 2315 caelestis

309 2356 607 2411 congruere
655 2343 919 2397 visionis?
952 2343 1010 2397 Si
1053 2344 1198 2398 enim
1245 2345 1492 2399 decorem
1530 2344 1880 2412 ﬂammasque

311 2440 606 2496 astrorum,
635 2432 679 2485 si
707 2431 1056 2504 multifariam
1098 2434 1320 2488 nubium
1350 2435 1605 2502 speciem,
1635 2433 1681 2487 si
1711 2433 1881 2501 ipsam

311 2517 434 2571 irim
447 2519 756 2573 consideras
773 2520 916 2574 mille
933 2521 1236 2575 trahentem
1250 2521 1426 2576 varios
1437 2522 1662 2577 adverso
1678 2522 1789 2576 sole
1801 2537 1886 2576 co-

311 2606 668 2671 lores,nonne
695 2607 898 2662 videris
930 2609 1025 2662 tibi
1050 2608 1220 2663 multo
1241 2608 1424 2678 plures
1442 2625 1505 2663 ac
1528 2609 1881 2680 pulchriores,

313 2711 474 2766 quam
491 2696 607 2750 velo
637 2697 972 2753 tabernaculi
997 2699 1214 2753 intextae
1228 2709 1372 2765 sunt,
1398 2700 1599 2756 inditas
1630 2699 1767 2755 coelo
1793 2715 1886 2755 co-

314 2784 480 2838 lorem
497 2793 684 2840 notare
705 2787 981 2856 picturas?
1006 2788 1253 2854 Quatuor
1272 2798 1450 2843 autem
1472 2789 1734 2845 columna:
1759 2798 1886 2845 ante

311 2889 448 2944 quas
463 2885 850 2945 appensumest
879 2878 980 2932 hoc
1007 2878 1522 2944 velum,etelestium
1549 2890 1673 2935 sunt
1697 2889 1880 2950 potes-

313 2973 454 3020 tates
474 2966 1072 3036 agminum,virtutibus
1084 2978 1319 3039 quatuor
1347 2971 1560 3025 eximiis
1587 2972 1882 3041 prazclarae,

313 3054 380 3108 de
395 3055 590 3124 quibus
616 3066 672 3110 et
700 3072 864 3127 supra
894 3059 1150 3126 diximus,
1169 3061 1272 3116 hoc
1285 3070 1369 3116 est
1391 3060 1728 3128 fortitudine,
1744 3074 1880 3117 tem-

313 3147 576 3215 perantia,
608 3149 914 3216 prudentia,
940 3150 1153 3219 justitia
1181 3170 1195 3205 :
1235 3170 1357 3222 quae
1385 3155 1602 3223 quidem
1632 3157 1881 3223 virtutes,

315 3237 474 3290 aliter
503 3237 556 3291 in
585 3237 862 3294 laboribus
890 3247 945 3294 et
973 3243 1230 3298 aerumnis
1262 3246 1386 3298 vitae
1428 3243 1586 3314 hujus
1633 3263 1664 3300 a
1707 3248 1884 3313 nobis,

315 3324 475 3378 aliter
522 3324 577 3379 in
625 3326 778 3380 caelis
828 3338 1117 3382 servantur
1165 3331 1232 3385 ab
1278 3331 1484 3402 angelis
1521 3341 1576 3388 et
1607 3335 1888 3390 animabus

317 3415 535 3473 sanctis.
585 3415 661 3474 lbi
691 3435 923 3490 namque
952 3423 1240 3492 regnantia
1267 3437 1506 3493 przesens
1535 3425 1748 3482 videtur
1771 3442 1890 3484 esse

316 3509 588 3563 subditum
617 3509 865 3579 iustitiae.
923 3509 1022 3564 Est
1055 3517 1115 3588 get
1154 3511 1258 3566 hoc
1304 3511 1625 3569 immortalis
1671 3515 1889 3572 omnino

316 3599 565 3669 iustitiae;
603 3600 807 3655 nullum
838 3602 1034 3656 bonum
1065 3604 1175 3658 Deo
1200 3619 1516 3675 praponere
1541 3608 1625 3662 vel
1651 3624 1888 3678 aequare,

318 3691 649 3760 prudentiae;
692 3689 801 3745 Deo
830 3690 1139 3746 firmissime
1171 3693 1476 3761 cohaerere,
1519 3695 1887 3765 fortitudinis;

318 3780 374 3832 in
404 3777 494 3834 illo
537 3779 748 3834 delectu
793 3779 957 3834 noxio
1002 3779 1302 3847 delectari,
1351 3785 1740 3852 temperantiae.
1793 3785 1892 3840 llic

319 3877 500 3926 autem
545 3870 688 3938 quod
733 3869 844 3939 agit
881 3867 1091 3937 iustitia
1141 3871 1194 3925 in
1241 3871 1608 3928 subveniendo
1655 3875 1888 3940 miseris,

321 3960 463 4029 quod
493 3959 774 4028 prudentia
805 3957 857 4011 in
887 3958 1254 4028 praecavendis
1281 3959 1524 4025 insidiis,
1563 3962 1704 4030 quod
1733 3962 1891 4017 forti-

320 4048 449 4102 tudo
485 4047 538 4101 in
569 4045 902 4115 perferendis
933 4046 1224 4115 molestiis,
1271 4049 1411 4117 quod
1448 4052 1802 4120 temperantia
1838 4053 1891 4107 in

319 4138 638 4195 coercendis
665 4137 1114 4194 delectationibus
1144 4139 1357 4210 pravis,
1393 4156 1499 4196 non
1533 4141 1604 4196 ibi
1631 4142 1765 4208 erit,
1801 4143 1893 4197 ubi

322 4231 456 4286 nihil
496 4230 600 4285 erit
639 4229 859 4285 omnino
907 4229 1052 4283 mali.
1108 4229 1251 4286 Bene
1292 4239 1471 4286 autem
1511 4232 1593 4286 ha:
1633 4233 1895 4288 columna:

323 4321 388 4375 de
413 4320 572 4390 lignis
601 4320 797 4375 sethim
825 4329 950 4375 sunt
973 4319 1144 4384 facttc,
1171 4321 1252 4376 vel
1275 4321 1400 4392 quia
1427 4323 1645 4393 spiritus
1669 4323 1894 4394 angelici

1910 1770 1959 1828 B

1974 520 2114 572 intra
2142 519 2280 590 quod
2305 534 2461 589 pones
2489 534 2670 572 arcam
2695 519 3020 586 testamenti,
3057 536 3159 590 quo
3181 527 3542 580 sanctuariunt

1971 619 2020 664 et
2041 611 2332 665 sanctuarii
2355 612 2657 665 sanctuaria
2678 610 2992 665 dividentur.
3023 613 3220 670 Circuli
3249 618 3339 686 qui
3369 637 3544 691 neque

1973 700 2185 754 initium
2221 701 2420 756 habere
2454 716 2627 771 neque
2662 701 2823 758 linem
2853 703 3120 764 videntur,
3157 709 3543 773 nonnunquam

1973 787 2028 842 in
2060 789 2336 858 Scriptura
2376 807 2528 844 saera
2577 809 2675 859 pro
2721 792 3021 846 arternitate
3062 791 3186 860 poni
3227 791 3419 847 solent.
3480 794 3547 848 Et

1974 889 2098 949 apte
2126 879 2302 934 velum
2340 893 2448 949 quo
2483 877 2678 931 cadum
2715 879 2994 948 figuratur,
3034 897 3132 951 per
3155 883 3388 939 circulos
3425 901 3544 939 sus-

1973 988 2198 1043 pensum
2229 987 2352 1028 esse
2380 974 2716 1042 perhibetur.
2771 972 2866 1028 Vel
2913 974 3037 1043 quia
3083 973 3139 1027 in
3185 981 3388 1029 aaterno
3429 987 3547 1030 erat

1976 1064 2205 1120 consilio
2234 1064 2535 1118 divinitatis
2558 1104 2573 1130 ,
2621 1063 2836 1134 quando
2878 1064 3108 1119 mundus
3146 1074 3445 1131 crearetur,
3492 1066 3547 1119 in

1975 1172 2084 1227 quo
2129 1156 2362 1225 primum
2413 1164 2575 1225 atque
2618 1155 2876 1209 eximium
2925 1154 3100 1209 locum
3145 1154 3311 1210 habet
3353 1164 3549 1210 natura

1975 1248 2230 1313 cmlestis,
2260 1247 2343 1302 vel
2371 1247 2497 1318 quia
2535 1247 2608 1302 ita
2637 1247 2836 1302 factum
2865 1255 2947 1302 est
2974 1246 3372 1303 firmamentum
3399 1249 3548 1314 etnl‘,

1977 1345 2037 1392 ut
2065 1352 2338 1406 nunquam
2367 1335 2483 1404 ejus
2511 1335 2716 1390 factura
2744 1335 3000 1391 solvatur.
3041 1334 3175 1391 Nam
3205 1337 3329 1408 quia
3361 1337 3547 1392 Domi-

1979 1441 2081 1480 nus
2105 1426 2209 1488 ait,
2241 1423 2437 1479 Coelunt
2466 1434 2514 1478 et
2542 1433 2681 1480 terra
2709 1425 3003 1480 transibunt
3033 1424 3249 1498 (Matth.
3278 1426 3445 1498 xxiv),
3480 1427 3552 1481 de

1979 1517 2116 1572 caelo
2143 1527 2225 1571 est
2250 1517 2486 1570 aethereo
2515 1515 2906 1585 accipiendum.
2940 1514 3087 1569 Intra
3116 1515 3219 1570 hoc
3247 1526 3429 1572 autem
3455 1531 3554 1572 ve-

1981 1607 2091 1662 lum
2120 1607 2293 1678 posita
2321 1614 2405 1661 est
2431 1622 2556 1662 arca
2589 1605 2914 1672 testamenti,
2939 1606 3062 1676 quia
3088 1607 3355 1662 mediator
3377 1607 3471 1662 Dei
3496 1613 3557 1664 et

1985 1697 2259 1751 hominum
2283 1696 2444 1750 homo
2463 1695 2709 1750 Christus
2730 1693 2904 1760 Iesus,
2926 1695 3015 1764 qui
3037 1695 3184 1750 solus
3206 1705 3555 1764 paternorum

1985 1796 2068 1844 est
2103 1789 2350 1843 conscius
2395 1803 2712 1842 arcanorum
2737 1829 2752 1852 ,
2801 1795 2923 1857 post
2956 1788 3261 1856 passionem
3289 1803 3438 1841 suam
3469 1803 3556 1841 re—

1983 1878 2478 1946 surrectionemque
2510 1893 2540 1930 a
2571 1877 2819 1940 mortuis,
2871 1891 3034 1946 super
3083 1876 3250 1931 carlos
3291 1877 3554 1930 caelorum

1984 1973 2281 2026 ascendens
2307 1971 2456 2026 sedet
2487 1971 2552 2025 ad
2585 1971 2865 2025 dexteram
2892 1968 3089 2024 Patris.
3145 1968 3256 2023 Hoc
3282 1969 3398 2022 velo
3427 1984 3554 2022 san-

1983 2064 2250 2119 ctuarium
2289 2071 2344 2117 et
2381 2061 2673 2117 sanctuarii
2710 2060 3018 2115 sanctuaria
3051 2059 3381 2122 dividuntur,
3418 2074 3556 2127 quo-

1983 2159 2126 2212 niam
2154 2155 2393 2212 Ecclesia
2422 2169 2542 2224 qua:
2575 2168 2641 2206 ex
2678 2151 2882 2222 angelis
2919 2151 3120 2206 sanctis
3157 2158 3210 2204 et
3248 2150 3557 2205 hominibus

1982 2259 2254 2310 constans,
2278 2248 2477 2318 partim
2507 2247 2679 2301 adhuc
2705 2245 3083 2316 peregrinatur
3111 2245 3164 2298 in
3191 2244 3408 2306 inlimis,
3429 2257 3558 2311 par-

1984 2345 2082 2400 tim
2113 2352 2312 2398 :etcrna
2349 2341 2520 2412 patria
2561 2348 2750 2411 regnat
2792 2341 2844 2394 in
2885 2339 3161 2408 supernis,
3210 2338 3380 2393 adhuc
3409 2339 3558 2392 cives

1984 2449 2111 2489 suos
2138 2433 2423 2487 dirimente
2447 2430 2566 2485 velo
2594 2431 2718 2485 εαξιί
2757 2431 2923 2484 habet
2953 2429 3021 2484 ab
3049 2429 3274 2483 invicem
3307 2443 3559 2498 segrega-

1985 2532 2085 2577 tos.
2127 2519 2298 2575 Panes
2321 2530 2368 2574 et
2386 2521 2801 2590 propitiatorium
2824 2535 2978 2589 super
2995 2535 3172 2572 arcam
3194 2519 3471 2572 testimonii
3499 2521 3555 2572 in

1983 2621 2166 2666 sancto
2194 2620 2515 2666 sanctorum.
2563 2609 2700 2679 Apte
2724 2609 3155 2679 propitiatorium
3185 2624 3345 2678 super
3371 2624 3555 2662 aream

1983 2702 2216 2772 positum
2262 2716 2382 2756 esse
2423 2699 2644 2766 dicitur,
2693 2700 2822 2769 quia
2881 2699 2980 2768 ipsi
3039 2699 3316 2753 mediatori
3363 2697 3456 2752 Dei
3504 2705 3559 2750 et

1984 2791 2297 2855 hominum,
2341 2790 2647 2859 specialiter
2686 2806 2715 2843 a
2749 2791 2858 2844 Deo
2889 2789 3052 2844 Patre
3087 2789 3337 2842 donatum
3375 2798 3458 2843 est
3497 2798 3558 2842 ut

1984 2890 2127 2937 esset
2154 2880 2465 2951 propitiatio
2506 2895 2604 2949 pro
2643 2880 2883 2949 peccatis
2923 2879 3142 2934 nostris.
3195 2879 3347 2934 Unde
3389 2880 3556 2933 etiam

1984 2971 2184 3026 Paulus
2208 2971 2339 3026 dicit
2364 2985 2378 3023 :
2411 2969 2568 3024 Iesus
2588 2968 2824 3023 Christus
2848 2969 2937 3040 qui
2965 2978 3197 3022 mortuus
3225 2977 3321 3032 est,
3343 2968 3446 3020 imo
3465 2971 3559 3038 qui

1985 3071 2034 3117 et
2063 3063 2311 3126 surrexit,
2338 3061 2428 3129 qui
2457 3071 2530 3114 est
2558 3060 2626 3113 ad
2655 3060 2924 3114 dexteram
2955 3058 3073 3124 Dei,
3101 3058 3190 3128 qui
3216 3058 3372 3111 etiam
3399 3058 3561 3111 inter-

1985 3151 2147 3222 pellat
2176 3167 2270 3222 pro
2298 3151 2442 3204 nobis
2471 3149 2648 3222 (Rom.
2673 3152 2815 3220 vin).
2854 3148 3090 3202 Mensam
3120 3157 3267 3202 extra
3293 3147 3555 3213 oelum,et

1987 3252 2174 3296 contra
2222 3259 2452 3296 mensam
2499 3241 2868 3296 candelabrum
2926 3242 2983 3294 in
3032 3240 3193 3293 latere
3239 3239 3566 3296 tabernaculi

1988 3336 2296 3389 meridiano.
2354 3334 2538 3389 Mensa
2585 3336 2721 3388 enim
2769 3333 2924 3387 stabit
2977 3331 3032 3384 in
3085 3341 3229 3401 parte
3276 3331 3560 3401 aquilonis.

1989 3425 2172 3480 Mensa
2223 3434 2278 3481 et
2323 3425 2704 3480 candelabrum
2738 3422 3070 3478 tabernaculi
3117 3422 3428 3491 temporalia
3466 3423 3562 3477 Dei

1989 3516 2253 3571 beneﬁcia
2281 3517 2584 3588 designant,
2615 3518 2810 3586 quibus
2839 3516 2892 3570 in
2927 3517 3178 3586 praesenti
3211 3515 3482 3570 reﬁcimur
3507 3525 3565 3570 et

1990 3609 2372 3673 illuminamur,
2425 3618 2486 3664 ut
2534 3611 2619 3664 his
2668 3609 2881 3663 interim
2931 3607 3216 3662 confortati
3265 3617 3320 3661 et
3369 3609 3565 3687 adjuti.

1990 3709 2268 3755 crescente
2305 3701 2478 3772 gratia
2516 3700 2866 3764 meritorum,
2908 3698 2976 3753 ad
3014 3713 3210 3767 panem
3249 3699 3562 3768 angelorum

1990 3791 2044 3846 in
2072 3792 2222 3848 caelis
2245 3789 2696 3854 manducandum,
2722 3799 2776 3845 et
2800 3790 2866 3844 ad
2891 3789 3176 3843 videndam
3197 3803 3379 3843 veram
3405 3804 3568 3844 mun-

1991 3882 2043 3936 di
2080 3883 2251 3938 lucem
2295 3883 2498 3938 intrare
2523 3881 2815 3936 valeamus.
2866 3879 2996 3946 Quae
3040 3889 3164 3935 sunt
3207 3881 3366 3935 ambo
3397 3889 3560 3936 extra

1990 3971 2194 4036 velum,
2219 3973 2472 4042 quoniam
2504 3973 2556 4026 in
2587 3973 2689 4026 hac
2717 3971 3051 4026 solummodo
3079 3971 3187 4025 vita
3213 3972 3296 4027 vel
3325 3970 3568 4040 Scriptu-

1993 4062 2070 4116 ris
2101 4063 2302 4116 sanctis
2341 4077 2405 4116 ac
2444 4062 2774 4126 doctoribus,
2816 4061 2899 4114 vel
2940 4061 3151 4116 caneris
3180 4061 3568 4131 redemptionis

1993 4158 2191 4206 nostrae
2222 4152 2574 4206 sacramentis
2606 4166 2740 4220 Opus
2774 4144 3054 4217 habemus,
3088 4152 3142 4206 in
3173 4151 3352 4205 futuro
3382 4159 3565 4206 autem

1994 4242 2192 4298 seculo
2219 4243 2308 4298 ubi
2330 4242 2588 4296 Dominus
2617 4242 2794 4312 palam
2819 4242 2884 4297 de
2910 4241 3072 4296 Patre
3098 4242 3438 4300 annuntiabit
3467 4256 3570 4296 no—

1995 4332 2109 4395 bis,
2147 4330 2198 4386 id
2226 4339 2340 4394 est,
2379 4329 2555 4400 palam
2583 4331 2796 4386 Patrem
2827 4333 3076 4387 ostendet
3103 4332 3274 4386 nobis.
3319 4331 3567 4387 Diximus

321 4411 756 4480 incorruptibiles
793 4418 985 4465 natura
1027 4420 1081 4466 et
1118 4411 1451 4468 immortales
1494 4421 1619 4468 sunt
1659 4415 1891 4477 conditi,
1920 4444 1972 4504 Ι)
1997 4431 2175 4477 autem
2217 4438 2410 4492 supra,
2453 4423 2579 4490 quia
2621 4421 2762 4476 latus
2802 4421 3132 4477 tabernaculi
3174 4423 3564 4487 meridianum,

323 4499 407 4552 vel
445 4501 570 4568 quia
611 4499 812 4569 absque
843 4511 1066 4568 peccato
1103 4501 1335 4566 conditi,
1382 4502 1753 4558 intemeratam
1785 4519 1894 4558 sure

329 4588 654 4643 conditionis
679 4590 968 4658 puritatem
996 4605 1208 4660 semper
1233 4592 1561 4646 custodiunt.
1598 4593 1674 4648 De
1703 4596 1898 4663 quibus

327 4685 450 4746 apte
479 4677 724 4731 subditur
749 4695 761 4730 :
807 4677 936 4742 Qum
970 4680 1095 4750 ipsa:
1122 4679 1328 4748 quidem
1356 4681 1623 4735 deaurata:
1646 4694 1818 4747 erunt,
1849 4693 1896 4736 et

331 4764 586 4818 habebunt
616 4765 787 4834 capita
819 4782 997 4832 aurea,
1030 4767 1120 4820 sed
1150 4776 1197 4820 et
1225 4767 1370 4821 bases
1399 4779 1689 4838 argenteas.
1723 4772 1896 4824 Deau—

327 4861 459 4907 rata:
487 4852 683 4923 quippe
728 4861 853 4906 sunt
895 4854 1158 4908 eoluninre
1189 4864 1314 4910 ante
1341 4871 1473 4923 quas
1504 4859 1897 4926 appenderetur

330 4941 530 5005 velum,
560 4940 684 5017 quia
713 4943 903 5009 posita:
946 4943 1087 4995 intra
1118 4943 1292 4996 velum
1324 4944 1443 4998 C(Bli
1476 4945 1702 5000 virtutes
1736 4963 1895 5017 ange-

327 5032 532 5095 lorum,
564 5045 786 5084 sutnmaa
799 5029 1077 5084 claritatis
1101 5040 1225 5084 sunt
1251 5032 1423 5102 gratia
1451 5034 1675 5087 vestitur.
1710 5035 1892 5103 Capita

331 5117 531 5175 habent
560 5131 754 5181 aurea,
798 5117 923 5187 quia
968 5127 1202 5172 mentem
1249 5135 1352 5189 qua
1401 5129 1660 5190 reguntur
1697 5123 1896 5179 habent

325 5211 613 5282 pncsentia
643 5210 836 5265 div-ina:
867 5211 1184 5281 cognitionis
1215 5227 1278 5265 ac
1303 5211 1525 5267 visionis
1553 5213 1888 5270 illustratam.

328 5298 542 5355 Habent
580 5308 636 5354 et
675 5300 831 5354 bases
862 5310 1172 5369 argenteas,
1217 5301 1343 5369 quia
1373 5302 1548 5356 omnis
1577 5318 1761 5358 eorum
1803 5322 1894 5360 na-

328 5397 452 5444 tura
493 5391 546 5444 in
587 5391 690 5447 hoc
719 5390 873 5460 quasi
906 5389 1256 5444 fundamento
1288 5391 1595 5459 specialiter
1624 5393 1892 5459 subsistit,

331 5489 391 5534 ut
437 5480 621 5536 laudes
667 5481 987 5552 hymnorum
1031 5495 1127 5534 suo
1167 5481 1432 5535 conditori
1473 5482 1753 5538 decantent
1779 5526 1792 5549 ,
1839 5496 1898 5541 ut

333 5567 658 5622 voluntatem
687 5568 926 5640 ejusdem
956 5567 1249 5622 conditoris
1277 5569 1433 5622 nobis
1461 5570 1634 5625 adhuc
1667 5571 1718 5625 in
1754 5582 1897 5628 terra

335 5657 802 5726 pen‘grinantibus
827 5657 976 5727 quasi
1007 5666 1162 5712 extra
1190 5657 1360 5713 velum
1391 5658 1602 5728 positis,
1631 5662 1743 5716 suis
1773 5679 1900 5719 con-

1998 4512 2274 4580 antiquam
2305 4512 2396 4566 Dei
2434 4512 2642 4583 plebem
2677 4511 3038 4582 significaret,
3072 4529 3190 4581 qute
3215 4514 3364 4582 prior
3388 4512 3567 4568 lucem

1998 4600 2193 4656 divinae
2215 4602 2558 4672 cognitionis,
2581 4602 2728 4672 prior
2753 4601 3018 4656 fervorem
3045 4602 3238 4656 divina:
3263 4602 3568 4657 dilectionis

1999 4693 2212 4761 accipit.
2258 4693 2390 4748 Pars
2417 4711 2544 4749 vero
2573 4694 3007 4762 septentrionalis
3041 4693 3283 4762 ejusdem
3315 4695 3569 4748 taberna-

2000 4779 2137 4843 culi,
2171 4790 2553 4850 congregatam
2585 4782 2650 4835 de
2676 4782 2922 4850 gentibus
2948 4782 3264 4844 Ecclesium,
3297 4797 3412 4850 qua:
3443 4781 3568 4835 diu-

2005 4869 2110 4923 tius
2146 4870 2197 4923 in
2235 4870 2471 4923 tenebris
2504 4880 2556 4924 et
2583 4871 2637 4923 in
2669 4872 2855 4925 umbra
2893 4873 3080 4926 mortis
3108 4879 3460 4935 remanserat,
3490 4871 3571 4925 in-

2004 4960 2229 5014 dicaret.
2271 4961 2422 5015 Unde
2448 4970 2592 5014 recta
2623 4963 2970 5018 distinctione
2997 4965 3157 5017 etiam
3185 4946 3570 5018 candelabrum

2003 5050 2145 5118 quod
2176 5051 2228 5104 in
2255 5058 2407 5119 parte
2428 5051 2649 5104 australi
2672 5051 2980 5114 collocatur,
3005 5060 3179 5123 potest
3202 5053 3427 5122 gratiam
3447 5068 3572 5121 qua:

2003 5137 2168 5206 priori
2201 5137 2394 5206 populo
2420 5137 2543 5191 data
2573 5147 2688 5203 est,
2737 5141 3024 5194 insinuare.
3084 5140 3265 5195 Mensa
3294 5155 3421 5195 vero
3449 5155 3572 5208 qua:

2004 5228 2058 5280 in
2090 5237 2240 5296 parte
2268 5228 2535 5296 aquilonis
2562 5229 2771 5292 stabat,
2803 5246 2864 5283 ea
2894 5246 3012 5298 qua:
3040 5231 3195 5285 nobis
3221 5240 3343 5284 sunt
3373 5231 3570 5283 donata

2005 5315 2096 5368 Dei
2127 5314 2402 5380 beneficia,
2432 5315 2733 5386 designare.
2776 5318 2942 5372 Recte
2971 5318 3349 5372 candelabrum
3377 5327 3572 5372 contra

2005 5418 2245 5456 mensam
2276 5405 2505 5472 positum
2541 5421 2660 5459 esse
2688 5406 2903 5471 dicitur,
2951 5408 3075 5475 quia
3120 5407 3374 5461 nimirum
3415 5406 3567 5462 Scri-

2004 5501 2158 5562 ptura
2199 5492 2332 5561 legis
2374 5507 2428 5546 et
2469 5496 2848 5563 prophetarum
2887 5512 2982 5565 per
3011 5499 3189 5551 omnia
3235 5498 3302 5550 ad
3342 5498 3571 5568 gratiam

2007 5579 2275 5651 Evangelii
2304 5583 2539 5650 respicit,
2571 5585 2694 5638 huic
2719 5584 2967 5640 videlicet
2996 5588 3358 5642 testimonium
3387 5588 3572 5657 perhi-

2008 5669 2167 5735 bens,
2218 5677 2271 5723 et
2299 5685 2396 5738 per
2427 5671 2563 5724 hanc
2603 5686 2660 5725 se
2707 5687 2865 5726 sensu
2907 5673 3176 5750 spirituali
3226 5675 3569 5731 revelantlam
