3992 6182
387 343 477 398 n1

1356 341 1847 402 COMMENTANA
1885 342 1952 398 1N
1992 338 2296 399 EXODUM.
2338 373 2408 383 —-
2443 343 2568 398 LIB.
2607 342 2690 399 lll.

3443 377 3454 386 ι
3515 354 3618 411 178

380 478 496 517 esse
525 460 857 531 signiﬁcans.
909 457 1096 513 Facies
1126 467 1172 513 et
1203 460 1480 513 tentorium
1515 460 1570 513 in
1605 459 1821 513 introitu
1859 466 1940 510 ta—
1967 460 2014 518 A
2042 458 2234 527 quibus
2265 465 2388 525 apte
2415 457 2660 512 subditur
2685 476 2696 510 :
2732 457 2968 523 Quarum
2998 461 3168 530 capita
3195 479 3356 517 aurea
3385 476 3433 520 et
3460 467 3612 522 bases

382 551 668 617 bemaculi,
688 551 752 604 de
771 550 1049 620 hyacintho
1069 557 1116 603 et
1136 565 1367 618 purpura
1389 564 1640 618 coccoque
1661 548 1737 601 bis
1758 547 1942 611 tincto,

378 652 424 694 et
453 642 605 709 bysso
637 648 832 693 retorta
863 655 1013 708 opere
1048 637 1327 708 plumario.
1383 637 1602 706 Expleta
1632 634 1945 689 narratione

378 734 443 786 de
471 731 612 794 velo,
641 731 782 800 quod
814 731 1178 784 sanctuarium
1217 737 1274 784 et
1309 728 1601 784 sanctuarii
1637 726 1943 782 sanctuaria

378 820 682 885 dividebat,
731 821 873 875 redit
913 833 1184 888 exponere
1221 821 1286 874 de
1326 819 1573 874 orientali
1612 819 1780 873 latere
1821 833 1946 871 san-

377 914 595 976 ctuarii,
617 912 760 981 quod
791 912 1146 966 intermisisse
1173 911 1239 966 ad
1265 920 1473 979 tempus
1494 909 1795 971 videbatur,
1821 923 1944 962 cum

375 1015 572 1058 caetera
598 1003 715 1071 ejus
741 1003 934 1065 latera,
963 1001 1201 1056 australe
1229 1000 1493 1064 videlicet,
1525 997 1945 1068 septentrionale

374 1100 427 1146 et
451 1091 818 1154 occidentale,
857 1090 1205 1144 describeret.
1258 1089 1568 1142 Tentorium
1603 1103 1732 1157 ergo
1768 1088 1820 1141 in
1861 1088 1942 1140 in-

373 1183 540 1236 troitu
589 1180 918 1237 tabernaculi
965 1180 1191 1250 pulchra
1235 1179 1479 1234 colorum
1514 1180 1774 1233 varietate
1807 1193 1941 1233 con-

373 1281 603 1334 textum,
623 1271 911 1340 primitivaa
934 1277 1017 1323 est
1039 1270 1202 1324 decus
1226 1267 1502 1332 Ecclesiae,
1525 1267 1752 1322 diversis
1774 1267 1946 1320 virtu-

370 1375 486 1417 tum
528 1360 753 1415 ﬁoribus
791 1359 1111 1430 gloriﬁcum.
1170 1357 1244 1411 De
1281 1356 1477 1426 quibus
1513 1356 1700 1410 scribit
1726 1354 1938 1410 Lucas:

366 1453 512 1518 Quia
534 1450 890 1505 nrultitndinis
917 1448 1238 1502 credentium
1259 1456 1370 1502 erat
1395 1462 1486 1499 cor
1508 1461 1666 1500 unum
1691 1455 1740 1500 et
1765 1445 1942 1500 anima

367 1561 510 1605 una;
541 1553 591 1595 et
620 1558 724 1595 non
752 1550 864 1595 erat
895 1539 1156 1609 separatio
1185 1539 1240 1592 in
1265 1538 1341 1592 eis
1370 1536 1512 1600 ulla;
1551 1552 1643 1590 nec
1666 1536 1941 1606 quisquam

360 1651 551 1689 eorum
582 1649 702 1703 qua!
724 1627 1257 1702 possidebat,aliquid
1284 1643 1437 1681 suum
1463 1643 1574 1682 esse
1591 1627 1815 1692 dicebat,
1831 1635 1938 1681 etc.

361 1724 506 1792 (Aet.
533 1722 630 1792 iv).
669 1719 849 1776 lnerat
869 1734 1099 1788 namque
1119 1719 1170 1774 ei
1193 1717 1531 1788 hyacinthus,
1553 1717 1678 1786 quia
1700 1716 1941 1771 caelestia

2047 563 2223 600 tenere.
2267 547 2443 600 Aurea
2473 547 2670 616 quippe
2702 547 2878 615 capita
2908 547 3055 601 illum
3085 549 3384 620 designant,
3413 555 3479 610 de
3503 572 3612 626 quo

2045 638 2172 692 dicit
2195 637 2520 707 Apostolus:
2556 637 2623 691 Et
2655 640 2828 691 omnia
2866 649 3102 693 constant
3145 643 3197 694 in
3240 643 3384 712 ipso;
3418 656 3466 698 et
3505 649 3612 718 ipse

2045 738 2118 782 est
2158 738 2314 800 caput
2352 729 2583 799 corporis
2614 728 2866 782 Ecclesia:
2894 771 2908 794 ,
2955 731 3044 800 qui
3090 740 3164 784 est
3211 733 3522 802 principium
3563 748 3611 792 et

2043 819 2410 888 primogenitus
2458 835 2522 872 ea:
2571 820 2789 872 mortuis
2823 819 3039 889 (Ephes.
3070 820 3144 891 v).
3200 821 3381 890 Neque
3429 823 3613 879 incon-

2044 925 2236 980 gruum
2273 910 2518 964 videatur
2558 923 2653 977 per
2688 910 2924 979 quinque
2971 911 3146 979 capita
3197 911 3568 967 columnarum
3593 955 3610 980 ,

2045 1015 2208 1054 unum
2240 1009 2401 1069 caput
2425 1000 2680 1054 Ecclesiae
2717 998 2989 1054 Christum
3038 999 3278 1070 ﬁgurari.
3329 1001 3432 1056 Tot
3465 1004 3609 1059 enim

2044 1091 2195 1146 fuere
2223 1092 2398 1161 capita
2425 1134 2439 1157 ,
2489 1098 2620 1160 quot
2661 1091 2938 1146 columnae.
2995 1091 3130 1157 Quia
3173 1093 3428 1147 nimirum
3470 1095 3612 1152 idem

2045 1183 2157 1252 ipse
2188 1182 2444 1236 Dominus
2472 1177 2747 1246 Christus,
2787 1181 3026 1236 omnium
3066 1189 3376 1236 sanctorum
3416 1193 3610 1254 caput,

2044 1273 2098 1326 in
2144 1287 2203 1326 se
2249 1270 2465 1340 quidem
2505 1271 2622 1339 ipso
2672 1285 2897 1326 manens
2947 1286 3162 1339 semper
3189 1273 3410 1340 :equalis
3449 1283 3612 1344 atque

2042 1362 2407 1427 indivisibilis,
2436 1363 2530 1416 sed
2559 1363 2784 1432 singulis
2813 1362 3112 1433 quibusque
3146 1363 3348 1430 electis,
3383 1367 3610 1437 gratiam

2043 1453 2126 1507 sui
2165 1451 2400 1522 Spiritus
2439 1466 2538 1521 pro
2579 1452 2961 1522 accipientium
3005 1455 3305 1522 capacitate
3340 1456 3606 1511 dividens.

2046 1543 2196 1599 Unde
2227 1556 2333 1595 non
2362 1541 2533 1594 solum
2563 1543 2802 1596 omnium
2834 1543 3155 1612 generaliter
3188 1544 3470 1610 Ecclesizc,
3518 1561 3611 1600 ve~

2041 1648 2160 1686 rum
2199 1631 2361 1687 etiam
2391 1631 2696 1700 specialiter
2724 1632 3014 1702 unicuique
3058 1635 3419 1689 membrorum
3461 1636 3609 1707 ejus,

2042 1720 2168 1776 licet
2213 1721 2341 1776 illud
2385 1725 2756 1791 propheticum
2803 1739 2926 1778 cum
2980 1725 3172 1781 ﬁducia
3226 1727 3606 1794 proclamare:

362 1812 640 1882 cogitare,
687 1809 964 1865 cmlestem
1006 1808 1060 1862 in
1097 1807 1255 1862 ιειτὶε
1282 1808 1448 1869 vitam
1476 1807 1673 1862 dllcel’e
1709 1805 1935 1860 8018M!-
1969 1801 2013 1858 B
2044 1811 2200 1865 Nunc
2241 1821 2415 1866 autem
2455 1812 2701 1867 exaltavit
2747 1823 2902 1883 caput
2949 1831 3121 1868 meum
3171 1832 3326 1886 super
3375 1817 3612 1873 inimicos

362 1905 546 1959 Inerat
566 1917 830 1974 purpura,
853 1901 979 1972 quia
1007 1899 1142 1955 mori
1163 1906 1352 1970 parata
1377 1914 1475 1970 pro
1495 1899 1730 1955 Christo.
1762 1897 1941 1953 Inerat

362 2007 561 2047 coccus
590 1992 676 2046 bis
703 1993 940 2056 tinctus,
981 1990 1107 2059 quia
1146 1989 1242 2044 Dei
1284 1997 1339 2043 et
1379 1989 1611 2060 proximi
1651 1988 1940 2044 dilectione

364 2080 650 2153 ﬂagrabat.
701 2082 880 2137 Inerat
910 2082 1105 2150 byssus
1143 2087 1383 2144 retorta,
1434 2080 1562 2149 quia
1607 2078 1938 2133 continentia

365 2175 549 2229 carnis
590 2180 646 2227 et
685 2174 938 2228 castitate
976 2171 1260 2241 gaudebat.
1315 2170 1382 2224 Et
1409 2171 1634 2241 quinque
1667 2168 1938 2224 columnas

364 2263 649 2318 deaurabis
679 2261 940 2333 lignorum
967 2263 1174 2328 sethirn,
1207 2270 1328 2316 ante
1357 2277 1491 2332 quas
1525 2261 1747 2315 ducetur
1773 2269 1940 2314 tento-

365 2354 522 2407 rium.
580 2351 859 2408 Columna:
901 2353 1098 2422 quibus
1149 2353 1440 2407 tentorium
1489 2351 1936 2421 suspendebatur,

364 2444 536 2499 sancti
573 2452 703 2498 sunt
729 2443 1000 2507 doctores,
1030 2443 1097 2498 de
1123 2443 1320 2512 quibus
1345 2441 1519 2498 Lucas
1547 2451 1942 2511 consequenter

363 2534 648 2604 adiungit:
691 2532 762 2587 Et
788 2533 976 2588 virtute
1004 2548 1193 2603 magna
1222 2532 1502 2586 reddebant
1536 2531 1759 2598 apostoli
1790 2532 1934 2584 testi-

364 2627 597 2680 monium
650 2623 1040 2679 resurrectionis
1087 2621 1216 2676 Jesu
1265 2620 1460 2676 Christi
1512 2621 1724 2675 Domini
1773 2620 1940 2673 nostri

370 2713 584 2784 (llud).
643 2712 881 2780 Quorum
929 2727 1082 2768 mens
1127 2719 1331 2781 quanto
1381 2711 1655 2766 robustius
1708 2711 1826 2780 ipsa
1873 2707 1943 2764 ad

371 2819 604 2874 superna
635 2806 877 2876 erigitur,
908 2812 1060 2859 tanto
1091 2805 1300 2858 ﬁrmius
1327 2804 1585 2868 docendo,
1618 2811 1681 2857 et
1709 2803 1844 2857 alios
1872 2801 1941 2856 ad

366 2909 607 2948 amorem
647 2908 1002 2964 supernorum
1040 2891 1240 2948 sufﬁcit
1275 2892 1541 2947 attollere.
1599 2890 1752 2947 Sicut
1793 2891 1940 2946 enim

365 2991 591 3060 apostoli
625 2998 682 3044 et
706 2989 988 3058 apostolici
1019 2989 1118 3042 viri
1171 3003 1268 3058 per
1296 2987 1506 3042 tabulas
1536 2995 1682 3041 recte
1707 2994 1940 3056 possunt

366 3083 638 3152 designari
687 3089 908 3150 propter
945 3080 1279 3135 latitudinem
1321 3081 1406 3134 vel
1449 3079 1782 3142 doctrinam,
1831 3093 1936 3148 qua

2043 1917 2202 1954 meos.
2255 1900 2418 1971 Cujus
2446 1901 2698 1956 nimirum
2729 1903 2922 1973 capitis
2951 1903 3325 1975 signiﬁcantia:
3358 1907 3614 1961 convenit

2041 1998 2164 2058 apte
2187 1990 2328 2058 quod
2359 1991 2547 2046 eadem
2576 1993 2750 2061 capita
2776 1993 3147 2048 columnarum
3170 2035 3183 2060 ,
3219 2010 3324 2050 non
3356 1996 3611 2051 deaurata

2040 2086 2099 2130 ut
2136 2077 2398 2133 columnae
2440 2087 2498 2133 et
2538 2081 2729 2135 tabula:
2756 2120 2771 2145 ,
2823 2083 2917 2137 sed
2962 2098 3126 2138 aurea
3173 2083 3287 2138 ﬁeri
3330 2085 3610 2154 jubentur.
3707 2138 3711 2143 _

2039 2164 2175 2231 Quia
2213 2167 2387 2221 sancti
2426 2168 2645 2237 quidem
2692 2183 2882 2224 omnes
2907 2211 2921 2235 ,
2970 2171 3260 2241 participes
3306 2181 3434 2226 sunt
3477 2171 3614 2227 facti

2041 2254 2275 2325 Spiritus
2292 2257 2472 2311 sancti
2500 2265 2556 2312 et
2580 2259 2767 2329 gratize
2790 2259 3047 2314 cmlestis.
3086 2260 3207 2328 Ipse
3232 2271 3404 2316 autem
3427 2261 3616 2333 plenus

2039 2359 2151 2404 erat
2178 2351 2362 2421 gratia:
2420 2361 2467 2407 et
2497 2355 2749 2408 veritatis.
2800 2355 2867 2410 Et
2895 2356 3034 2411 sicut
3059 2371 3362 2426 prtecursor
3388 2373 3517 2414 suus
3547 2361 3614 2416 de

2041 2439 2132 2494 illo
2171 2441 2349 2495 aiebat
2383 2459 2397 2494 :
2442 2441 2565 2495 Non
2602 2444 2737 2498 enim
2777 2444 2848 2498 ad
2888 2462 3186 2500 mensuram
3226 2447 3317 2501 dat
3356 2448 3434 2501 illi
3473 2448 3612 2505 Deus

2042 2531 2319 2604 Spiritum.
2361 2531 2524 2588 Pater
2547 2536 2685 2588 enim
2714 2536 2883 2607 diligit
2915 2536 3134 2603 Filium,
3176 2548 3224 2592 et
3261 2541 3435 2593 omnia
3472 2540 3613 2595 dedit

2039 2621 2093 2675 in
2118 2638 2279 2676 manu
2302 2624 2416 2694 ejus
2440 2623 2618 2696 (Jaan.
2647 2624 2709 2694 ι).
2741 2624 2906 2680 Bases
2929 2634 3107 2681 autem
3130 2642 3314 2693 tenete,
3337 2629 3614 2698 prepheta:

2042 2723 2196 2779 sunt,
2238 2729 2468 2786 quorum
2503 2717 2850 2771 attestatione
2877 2717 3247 2786 apostolorum
3275 2733 3455 2774 sermo
3487 2736 3616 2775 con-

2042 2801 2310 2858 ﬁrmatur.
2356 2804 2425 2859 Et
2447 2805 2584 2860 bene
2610 2821 2774 2861 aenea:
2799 2824 2812 2860 :
2841 2807 2926 2861 vel
2949 2814 3170 2878 propter
3198 2808 3613 2878 insuperabilem

2040 2893 2239 2946 mentis
2264 2895 2593 2963 prophetica
2623 2894 2902 2960 ﬁduciam,
2942 2896 3026 2950 vel
3055 2897 3181 2966 quia
3217 2914 3396 2954 sermo
3423 2915 3612 2955 eorum

2041 2989 2358 3036 senescente
2396 2983 2508 3036 sive
2550 2990 2864 3037 transeunte
2895 2984 3126 3050 mundo,
3178 2986 3324 3040 nulla
3374 3003 3611 3057 unquam

2039 3079 2306 3126 vetustate
2335 3081 2512 3142 potest
2537 3074 2804 3129 consumi.
2852 3075 3034 3146 Neque
3071 3076 3209 3130 enim
3245 3078 3379 3132 venit
3416 3079 3614 3135 solvere

365 3139 552 3235 centies
579 3174 631 3227 in
660 3139 916 3227 mundum
945 3173 1253 3226 universum
1279 3170 1574 3240 prmdicant
1599 3139 1935 3239 evangelium
1965 3139 2010 3200 Ο
2043 3164 2204 3235 legem
2231 3139 2653 3238 aut-praphetas,
2683 3169 2773 3222 sed
2799 3139 3082 3239 adimplere
3113 3170 3327 3242 (Matth.
3357 3172 3432 3244 v).
3472 3173 3618 3229 Sane

367 3266 511 3319 omni
540 3273 837 3330 creaturae;
875 3264 959 3319 vel
987 3265 1229 3328 claritas,
1267 3264 1392 3332 quia
1424 3279 1529 3318 non
1563 3263 1735 3318 solum
1767 3278 1939 3332 usque

366 3356 434 3408 ad
473 3357 714 3418 amicos,
764 3357 858 3410 sed
904 3369 1075 3424 usque
1122 3354 1190 3409 ad
1239 3353 1535 3424 diligendos
1581 3354 1744 3409 etiam
1793 3354 1941 3424 ipsos

366 3446 665 3500 extendunt
712 3445 978 3499 inimicos.
1043 3445 1111 3498 Et
1160 3444 1496 3498 orationibus
1546 3459 1610 3498 ac
1661 3443 1940 3499 beneﬁciis

365 3535 775 3603 prosequendos
817 3548 911 3588 eos
951 3533 1041 3602 qui
1089 3547 1148 3587 se
1190 3532 1314 3586 odio
1360 3533 1598 3597 habent,
1655 3533 1727 3587 ita
1775 3533 1939 3588 etiam

366 3634 582 3694 propter
610 3623 1027 3695 inexpugnabile
1068 3625 1249 3679 cordis
1291 3626 1454 3678 robur
1491 3632 1546 3677 et
1585 3624 1937 3680 intentionem

369 3715 433 3767 ad
483 3715 730 3769 coelestia
787 3728 1000 3782 semper
1046 3723 1284 3768 erectam
1314 3753 1328 3777 ,
1381 3729 1488 3767 non
1543 3713 1938 3768 inconvenienti

371 3805 645 3868 vocabulo,
677 3814 731 3858 et
757 3803 966 3860 factura
996 3804 1404 3866 columnarum,
1436 3803 1767 3872 ﬁgurantur,
1793 3802 1938 3871 Apo-

370 3895 503 3950 stolo
527 3904 821 3951 attestante
848 3898 939 3964 qui
967 3897 1041 3950 ait
1065 3914 1078 3949 :
1107 3895 1359 3963 Iacobus,
1385 3893 1588 3963 Cephas
1611 3903 1659 3948 et
1681 3893 1938 3958 Joannes,

366 3987 452 4054 qui
485 3987 796 4040 ridebantur
819 3986 1075 4040 columna:
1107 4002 1216 4040 esse
1241 3984 1442 4057 (Galat.
1476 3983 1558 4053 ιι).
1611 3983 1742 4050 Quae
1777 3984 1938 4038 nimi—

370 4090 482 4128 rum
522 4075 790 4130 eolumnaa
838 4076 977 4130 bene
1025 4076 1264 4144 quinque
1307 4083 1436 4130 sunt
1477 4073 1631 4129 facta:
1656 4114 1672 4138 ,
1721 4082 1943 4144 propter

372 4166 587 4220 totidem
641 4165 810 4221 libros
859 4165 992 4236 legis
1019 4205 1034 4230 ,
1085 4181 1221 4234 quos
1270 4179 1496 4220 necesse
1540 4173 1626 4219 est
1667 4173 1727 4218 ut
1768 4164 1940 4218 sancti

368 4257 613 4312 doctores
642 4271 755 4312 suae
782 4257 947 4311 verbo
984 4255 1382 4326 praedicationis
1423 4255 1815 4311 communiant.
1873 4255 1941 4308 Et

369 4347 598 4401 maxime
629 4347 725 4416 qui
765 4347 1092 4417 primitivam
1122 4347 1405 4401 instituere
1437 4346 1736 4403 Ecclesiam
1761 4387 1776 4410 ,
1820 4361 1941 4414 qua:

369 4453 428 4492 ex
479 4437 830 4494 [lehneon
884 4438 1080 4508 popqu
1139 4445 1464 4509 congregata
1525 4438 1638 4493 sola
1693 4437 1940 4492 Mosaicae

370 4530 497 4602 legis
520 4532 846 4587 auctoritate
869 4540 1094 4586 noverat
1119 4530 1350 4592 institui.
1373 4545 1496 4585 cum
1523 4531 1752 4585 necdum
1773 4545 1939 4584 evan-

370 4622 531 4691 gelica
572 4629 630 4677 et
670 4621 964 4690 apostolica
991 4635 1091 4690 per
1117 4621 1302 4676 orbem
1331 4621 1595 4689 scriptura
1633 4619 1933 4688 etfuigeret.

371 4711 506 4766 Bene
529 4712 732 4766 eaedem
757 4710 1019 4766 columna:
1044 4711 1110 4766 de
1137 4711 1295 4796 lignis
1323 4711 1541 4780 quidem
1570 4711 1764 4765 sethim
1795 4711 1935 4775 ﬁeri,

369 4816 497 4857 auro
522 4804 784 4874 jubeutnr
809 4803 1007 4872 operiri
1023 4843 1040 4868 ,
1085 4811 1145 4857 ut
1184 4803 1531 4858 insinuentur
1554 4803 1939 4872 praedicatores

369 4895 574 4958 nocti,
621 4901 680 4948 et
720 4893 974 4949 ﬁrmitate
1015 4879 1195 4949 cordis
1233 4894 1378 4949 intus
1417 4894 1641 4964 integri,
1690 4903 1852 4963 atque
1882 4895 1937 4949 in

365 4990 511 5048 nullo
552 4989 904 5052 deﬁcientes,
955 4997 1009 5042 et
1060 5003 1284 5057 operum
1336 4988 1584 5044 claritate
1637 4987 1938 5042 forinsecus

373 5071 486 5134 ﬁse
514 5079 714 5133 debere
747 5079 1045 5147 conspicui.
1087 5077 1178 5132 Vel
1209 5085 1356 5132 certe
1383 5077 1645 5132 columna:
1673 5077 1939 5146 lignorum

372 5172 562 5225 seti-im
590 5169 942 5234 deaurantur,
985 5184 1108 5223 cum
1147 5168 1308 5222 iidem
1339 5169 1622 5232 doctores,
1665 5166 1938 5222 fortitudi—

371 5275 490 5314 nem
520 5274 632 5314 sua
669 5259 897 5313 actionis
921 5298 936 5323 ,
983 5258 1165 5312 divino
1199 5273 1413 5327 semper
1449 5259 1716 5327 adjutorio
1760 5267 1942 5328 prote-

369 5353 596 5425 gendam
649 5353 885 5417 docent,
936 5367 1059 5406 cum
1115 5351 1170 5406 in
1219 5351 1469 5405 omnibus
1521 5365 1641 5420 qua:
1691 5349 1936 5415 faciunt,

369 5445 591 5515 gloriam
627 5443 808 5497 Patris
841 5444 933 5512 qui
969 5443 1024 5497 in
1059 5443 1212 5497 caelis
1240 5451 1324 5497 est
1352 5442 1666 5511 requirunt,
1717 5457 1838 5497 cum
1887 5443 1940 5496 in

371 5537 638 5592 universis
668 5550 789 5605 qua:
817 5535 1130 5604 loquuntur,
1163 5534 1438 5590 Christum
1476 5548 1672 5588 sonare
1708 5533 1944 5604 gaudent

371 5627 648 5682 dicentes:
689 5624 812 5680 Non
855 5627 992 5680 enim
1035 5625 1374 5695 nosmetipsos
1429 5624 1776 5695 praedicamus
1800 5665 1817 5690 ,
1851 5623 1942 5678 sed

371 5717 544 5774 Javm
574 5718 844 5773 Christum
877 5716 1154 5780 Dominum
1195 5725 1430 5769 nostrum
1453 5712 1538 5788 (11
1563 5713 1684 5770 Cor.
1715 5713 1810 5787 IV).
1863 5713 1940 5768 De

2041 3259 2166 3328 quia
2204 3260 2269 3314 de
2305 3260 2552 3316 orientali
2587 3261 2742 3332 plaga
2779 3262 3068 3332 loquimur,
3109 3264 3320 3318 videtur
3355 3275 3618 3336 opportu-

2042 3367 2167 3406 num
2189 3366 2612 3408 commemorare
2636 3355 2816 3422 aliqua
2841 3355 2905 3408 de
2930 3355 3263 3424 expositione
3284 3358 3452 3411 vectis
3476 3357 3620 3412 illius

2041 3441 2360 3512 singularis,
2403 3458 2560 3512 quem
2594 3445 2661 3498 ab
2691 3444 2884 3514 angulo
2917 3444 3219 3499 tabularum
3256 3446 3322 3500 ad
3361 3447 3617 3517 angulum

2041 3548 2211 3600 usque
2257 3535 2477 3603 parietis
2527 3535 2750 3590 alterius
2796 3544 3104 3604 porrectum
3157 3551 3275 3590 esse
3325 3552 3389 3590 ac
3441 3547 3612 3594 totum

2041 3625 2304 3694 parietum
2347 3627 2729 3690 constantiam,
2753 3642 2820 3680 ne
2845 3627 2892 3680 vi
2919 3635 2970 3679 et
2997 3627 3226 3695 impulsu
3254 3629 3616 3696 procellarum

2042 3715 2279 3777 concuti,
2310 3722 2472 3782 atque
2501 3715 2605 3767 huc
2631 3722 2686 3766 et
2716 3713 2839 3767 illuc
2867 3722 3050 3781 posset
3075 3713 3274 3768 inﬂecti
3294 3755 3307 3779 ,
3339 3717 3619 3772 continere

2033 3800 2148 3869 jam
2194 3803 2444 3856 diximus.
2501 3801 2775 3871 Scriptum
2823 3811 2902 3856 est
2954 3803 3008 3856 in
3057 3805 3409 3872 sequentibus
3449 3821 3618 3860 sacra:

2041 3893 2298 3958 historim,
2322 3893 2411 3946 ubi
2437 3893 2616 3947 omnia
2643 3907 2762 3962 qua:
2787 3893 3046 3948 Dominus
3070 3897 3382 3964 imperarat,
3409 3895 3618 3967 Moyses

2041 3985 2340 4054 explevisse
2368 3993 2595 4039 narrat:
2642 3983 2791 4039 Fecit
2830 4002 3032 4056 quoque
3070 3996 3257 4041 vectem
3300 3986 3487 4051 alium,
3528 3987 3617 4056 qui

2040 4091 2133 4145 per
2160 4075 2357 4128 medias
2385 4075 2588 4129 tabulas
2623 4076 2687 4129 ab
2714 4075 2907 4146 angulo
2936 4093 3096 4145 usque
3127 4077 3194 4129 ad
3226 4077 3474 4147 angulum
3501 4092 3635 4145 pere

2042 4167 2252 4220 veniret.
2309 4165 2409 4221 Hic
2440 4181 2568 4237 ergo
2598 4168 2768 4221 vectis
2797 4184 2829 4220 a
2859 4167 3032 4235 prima
3065 4167 3365 4221 tabularum
3393 4164 3627 4220 summi-

2044 4265 2152 4311 tate
2182 4272 2350 4324 usque
2379 4257 2446 4309 ad
2476 4257 2699 4310 alterius
2729 4256 2914 4309 lateris
2947 4256 3337 4316 summitatem,
3385 4268 3485 4322 per
3522 4253 3618 4309 de-

2041 4361 2160 4401 eem
2197 4347 2407 4400 euhitos
2457 4345 2755 4398 latitudinis
2801 4343 3133 4398 tabernaculi
3182 4352 3463 4412 protentus
3496 4359 3620 4400 esse

2042 4436 2341 4491 credendus
2370 4442 2480 4500 est,
2510 4435 2686 4502 capite
2713 4443 2944 4502 utroque
2970 4433 3198 4489 ﬁrmiter
3226 4432 3421 4489 tabulis
3447 4435 3620 4506 impo-

2045 4525 2181 4587 sitis,
2225 4534 2282 4578 ut
2314 4540 2409 4593 per
2436 4525 2539 4579 hoc
2577 4532 2632 4578 et
2668 4538 2732 4578 ea
2765 4523 3096 4578 tabernaculi
3125 4522 3307 4594 plaga,
3351 4538 3471 4592 quae
3507 4537 3618 4578 non

2045 4615 2240 4672 tabulis
2267 4613 2360 4668 sed
2379 4613 2645 4670 columnis
2666 4612 2966 4679 constabat,
2991 4627 3096 4666 non
3125 4613 3301 4667 minus
3323 4611 3431 4667 ﬁxa
3455 4627 3620 4683 quam

2045 4717 2253 4763 caetera:
2300 4715 2458 4760 vento
2508 4704 2633 4758 licet
2680 4703 3020 4774 impellente,
3067 4703 3403 4771 persisteret.
3454 4701 3622 4772 Cujus

2045 4801 2214 4855 vectis
2243 4801 2286 4853 si
2317 4799 2478 4852 etiam
2509 4803 2907 4852 sacramentum
2937 4796 3078 4850 scire
3109 4796 3406 4860 desideras,
3442 4795 3620 4864 ipsum

2046 4892 2251 4963 absque
2303 4891 2449 4945 omni
2501 4887 2855 4959 ambiguitate
2905 4886 3320 4955 Redemptorcm
3374 4895 3617 4940 nostrum

2049 4982 2273 5052 ﬁgurate
2302 4978 2602 5034 denuntiat.
2659 4977 2762 5043 Qui
2802 4975 2956 5044 quasi
2997 4976 3066 5029 ab
3103 4973 3298 5045 angulo
3341 4990 3506 5041 usque
3549 4971 3616 5026 ad

2047 5072 2299 5142 angulum
2332 5069 2608 5140 pervenit,
2649 5069 2776 5137 quia
2812 5066 2968 5136 plebe
3007 5065 3233 5121 Judaica
3272 5082 3433 5135 quam
3472 5065 3619 5136 prius

2046 5163 2239 5231 elegit,
2285 5175 2408 5216 sese
2447 5161 2513 5214 ad
2556 5158 2871 5212 salvandam
2902 5157 3065 5211 etiam
3093 5157 3334 5226 gentium
3377 5155 3616 5210 multitu-

2046 5255 2230 5311 dinem
2273 5251 2592 5323 propitiatus
2637 5248 2899 5304 extendit.
2951 5247 3103 5303 Unde
3147 5248 3340 5302 merito
3383 5249 3521 5299 sicut
3563 5247 3628 5296 in-

2046 5345 2322 5418 prophetis
2352 5344 2487 5413 lapis
2525 5341 2818 5412 angularis,
2871 5340 2943 5394 ita
2986 5341 3153 5395 etiam
3198 5339 3253 5393 in
3294 5338 3410 5406 lege
3450 5333 3618 5388 vectis

2041 5437 2319 5507 angularia
2345 5441 2523 5504 potest
2551 5442 2697 5488 recte
2722 5431 3042 5502 nuncupari.
3073 5430 3236 5499 Lapis
3259 5425 3505 5480 videlicet
3530 5441 3620 5478 an-

2043 5528 2269 5598 gularis,
2314 5533 2534 5597 propter
2567 5523 2824 5593 templum
2871 5522 3016 5592 quod
3063 5522 3128 5576 de
3175 5516 3440 5586 lapidibus
3482 5516 3620 5571 vivis

2043 5620 2155 5675 Deo
2201 5617 2583 5674 construitur:
2637 5613 2810 5668 vectis
2855 5626 2983 5666 vero
3033 5606 3346 5677 angularis,
3399 5616 3628 5676 propter

2044 5707 2446 5768 tabernaculum
2479 5704 2623 5776 quod
2656 5705 2704 5758 ei
2741 5703 2806 5758 de
2841 5700 3000 5771 lignis
3036 5695 3474 5767 imputribilibus,
3513 5695 3618 5752 hoc
