3992 6182
391 305 494 360 179

1024 303 1084 357 Β.
1128 298 1381 356 RABANI
1421 298 1638 355 MAURI
1682 299 1996 356 ARCHIEP.
2039 298 2348 358 MOGUNT.
2390 301 2672 360 OPERUM
2707 305 2890 362 PARS
2925 308 2966 362 ῐ.

3514 313 3620 370 i80-

385 432 468 480 cst
493 423 559 479 de
583 416 863 476 animabus
889 419 1205 482 electorum,
1227 416 1590 486 corruptionis
1615 416 1736 472 labe
1761 430 1952 472 caren-
1977 417 2027 476 A
2053 417 2374 474 multifarias
2413 420 2650 490 ipsorum
2684 423 2957 487 actiones,
3013 425 3125 479 sive
3167 425 3518 496 cogitationes
3561 433 3616 487 in

383 513 550 577 tibus,
577 510 890 567 mdiﬁcatur.

970 596 1198 653 CAPUT
1235 595 1374 652 XVI.

664 689 742 743 De
772 690 929 743 altari
961 688 1252 743 holocausti
1285 697 1333 742 et
1367 689 1505 744 vasis
1539 687 1673 758 ejus.

365 843 372 849 ,
455 779 641 835 Facies
689 789 738 832 et
782 778 950 832 altare
990 778 1054 832 de
1097 777 1251 848 lignis
1293 779 1515 844 set/tim,
1561 777 1704 845 quod
1748 778 1953 832 habebit

381 872 604 941 quinque
631 869 828 924 subitos
851 869 904 922 in
927 868 1250 938 longitudine
1271 878 1321 922 et
1343 869 1553 922 totidem
1576 870 1630 922 in
1653 869 1950 936 latitudine,

381 961 435 1013 id
469 969 544 1015 est
571 959 862 1030 quadrum,
907 967 957 1012 et
994 967 1098 1012 tres
1126 958 1325 1014 cubitos
1353 959 1408 1012 in
1441 958 1719 1013 altitudine
1751 958 1946 1030 (Exod.

382 1050 574 1122 xxvii).
611 1051 724 1104 Hoc
752 1049 943 1113 altare,
973 1049 1118 1118 quod
1144 1048 1365 1118 proprie
1391 1047 1692 1104 bolocausti
1721 1049 1951 1104 vocaba-

383 1154 489 1207 tur,
513 1143 675 1198 corda
699 1141 994 1219 electorum
1021 1141 1285 1210 designat,
1309 1154 1427 1209 qua:
1451 1140 1519 1195 ad
1542 1139 1813 1197 oil'erenda
1837 1141 1949 1196 Deo

379 1234 644 1290 sacriﬁcia
674 1234 936 1289 bonorum
962 1247 1210 1303 operum,
1236 1231 1290 1286 in
1313 1232 1482 1300 ipsius
1505 1240 1630 1286 sunt
1655 1233 1794 1288 dono
1821 1248 1950 1288 con-

379 1332 606 1380 secrata.
645 1324 797 1391 Quod
823 1330 946 1393 apte
974 1323 1041 1378 de
1066 1323 1223 1392 lignis
1247 1323 1442 1376 sethim
1471 1321 1587 1377 ﬁeri
1614 1323 1945 1392 prmcipitur,

379 1418 507 1486 quia
536 1416 732 1472 munda
771 1422 827 1470 et
865 1417 1179 1484 incorrupta
1211 1414 1368 1470 decet
1401 1429 1523 1469 esse
1549 1415 1714 1470 corda
1740 1425 1796 1470 et
1821 1431 1945 1470 cor-

379 1526 538 1580 pora,
569 1510 623 1564 in
655 1509 850 1578 quibus
877 1507 1222 1576 spiritusDei
1251 1506 1479 1561 habitat.
1514 1505 1684 1561 Habet
1708 1508 1947 1577 quinque

378 1598 589 1653 cubitos
628 1596 1017 1667 longitudinis,
1068 1603 1123 1651 et
1169 1595 1392 1651 totidem
1437 1595 1772 1660 latitudinis,
1820 1611 1944 1652 cum

377 1688 550 1744 ﬁdelis
574 1689 822 1758 quisque,
855 1701 1043 1742 omnes
1070 1687 1155 1742 sui
1182 1686 1426 1756 corporis
1452 1701 1662 1752 sensus,
1696 1685 1750 1740 in
1776 1685 1946 1756 longi-

2053 510 2370 567 l'amuiatum
2399 515 2482 568 sui
2509 515 2806 570 conditoris
2831 517 3116 586 dispositas
3134 559 3149 584 ,
3181 522 3427 591 accipere
3456 523 3615 581 debe-

2053 616 2190 656 mus.
2222 602 2288 656 Et
2313 604 2529 673 quidem
2559 607 2731 673 primo
2756 606 2958 662 lebetas
2983 610 3049 663 ad
3079 611 3450 680 suscipiendos
3468 615 3614 671 cine-

2055 701 2140 743 res
2169 687 2346 745 facere
2372 692 2700 762 praecipitur.
2735 691 2883 748 Cinis
2910 703 3087 748 autem
3117 697 3438 763 hostiarum,
3471 701 3615 769 quod

2052 776 2106 831 in
2153 793 2344 850 magno
2391 780 2651 850 mysterio
2695 781 2886 837 debeat
2935 784 3141 853 accipi,
3197 792 3428 840 testatur
3476 789 3618 844 cinis

2049 868 2229 922 vitula:
2260 868 2392 924 rufa:
2420 884 2672 940 aspersus
2691 910 2706 937 ,
2746 873 2837 941 qui
2877 873 3040 928 etiam
3068 873 3326 943 Apostolo
3354 884 3492 931 teste
3526 879 3615 932 in-

2049 961 2299 1029 quinatos
2335 961 2706 1018 sanctiﬁcabat
2741 963 2811 1017 ad
2843 964 3277 1020 emendationem
3305 967 3506 1020 carnis.
3557 969 3614 1022 in

2047 1065 2155 1121 quo
2182 1051 2295 1121 ipse
2321 1052 2720 1123 prmﬁgumtum
2747 1053 2998 1124 intelligit
3017 1063 3413 1110 sacramentum
3435 1057 3618 1111 Domi-

2047 1142 2183 1198 nicae
2210 1144 2475 1211 passionis
2501 1152 2734 1214 tempus,
2760 1153 2816 1200 et
2844 1145 3111 1200 actionem
3134 1147 3400 1216 passionis
3414 1147 3621 1202 Christi

2047 1233 2308 1303 designat.
2342 1233 2477 1301 Quia
2503 1238 2633 1305 ergo
2659 1237 2840 1290 omnia
2867 1238 3128 1292 sacriﬁcia
3157 1245 3213 1292 et
3233 1238 3466 1293 victimae
3495 1255 3615 1308 quia

2046 1323 2471 1379 incendebantur
2499 1326 2555 1378 in
2583 1325 2770 1389 altari,
2800 1327 2884 1382 vel
2915 1327 3220 1397 passionem
3253 1329 3500 1394 Domini,
3531 1330 3614 1384 vel

2045 1413 2718 1483 devotionemsanetorum
2743 1416 2860 1486 ejus
2877 1418 3092 1471 ﬂamma
3115 1418 3396 1473 charitatis
3419 1420 3618 1474 arden-

2045 1512 2153 1559 tem
2182 1504 2408 1575 ﬁgurate
2427 1488 2762 1570 denuntiant,
2781 1506 2978 1562 merito
2996 1509 3133 1564 cinis
3155 1508 3614 1572 holocaustorum,

2043 1597 2128 1652 vel
2156 1598 2673 1652 consummationem
2703 1597 2995 1654 Dominicis
3033 1599 3316 1668 passionis,
3345 1600 3430 1656 vel
3463 1607 3619 1657 certe

2043 1686 2425 1754 perfectionem
2463 1689 2720 1758 exprimit
2754 1689 2970 1744 virtutis
3002 1689 3302 1758 justorum,
3348 1705 3468 1744 cum
3513 1689 3614 1745 toti

376 1779 562 1833 tudine
582 1777 882 1849 patientiae,
903 1785 957 1831 et
989 1777 1043 1830 in
1070 1776 1354 1831 latitudine
1381 1776 1662 1831 cbaritatis
1687 1789 1942 1831 exercere
1968 1766 2016 1826 Β
2045 1776 2098 1830 in
2131 1777 2222 1830 Dei
2260 1778 2540 1832 servitium
2584 1791 2683 1847 per
2711 1778 2896 1848 ignem
2931 1779 3103 1832 sancti
3141 1776 3374 1847 Spiritus
3407 1779 3611 1842 oblati,

375 1870 603 1939 satagit,
641 1876 701 1921 ut
733 1867 879 1922 omni
909 1881 1006 1920 suo
1031 1867 1172 1931 visu,
1200 1867 1404 1931 auditu,
1437 1873 1618 1937 gustu,
1654 1865 1852 1921 olfactu
1889 1877 1945 1922 et

376 1967 544 2026 tactu,
569 1973 786 2028 semper
813 1973 872 2013 se
900 1957 1083 2012 divino
1110 1957 1416 2012 meminerit
1439 1957 1802 2027 mancipatum
1826 1973 1944 2014 esse

375 2049 624 2119 servitio,
662 2046 816 2115 juxta
845 2046 974 2101 illud
1001 2045 1242 2114 Apostoli
1270 2065 1282 2098 :
1316 2044 1436 2100 Sive
1461 2046 1810 2111 manducetis,
1839 2047 1943 2100 sive

373 2139 564 2204 bibitis,
608 2141 712 2192 sive
752 2137 898 2190 aliud
940 2136 1066 2206 quid
1105 2135 1297 2205 facitis,
1339 2135 1514 2190 omnia
1553 2135 1609 2187 in
1648 2133 1816 2203 gloria
1844 2124 1942 2189 Dei

371 2229 528 2299 facile
549 2227 600 2300 (1
627 2226 750 2282 Cor.
778 2227 856 2298 ι).
895 2225 1070 2280 liabet
1099 2232 1210 2279 tres
1235 2224 1448 2280 cubitos
1475 2224 1939 2298 altitudinis,.cum

371 2319 556 2373 eadem
587 2317 752 2373 corda
778 2317 1104 2380 electorum,
1145 2329 1243 2385 per
1270 2313 1429 2368 ﬁdem
1447 2353 1464 2379 ,
1505 2328 1653 2382 spem
1682 2322 1737 2368 et
1763 2313 1942 2369 chari-

371 2417 559 2472 tatem,
586 2408 653 2461 ad
681 2407 923 2462 cmlestia
954 2406 1198 2460 tendunt.
1245 2401 1456 2458 Cornua
1487 2414 1659 2457 autem
1696 2421 1786 2472 per
1810 2420 1942 2474 qua-

372 2513 492 2556 tuor
532 2500 753 2572 angulos
796 2515 862 2554 ea:
902 2500 1015 2570 ipso
1057 2508 1206 2552 erunt
1235 2513 1254 2552 :
1303 2506 1351 2551 et
1398 2498 1594 2567 operies
1639 2495 1770 2550 illud
1814 2513 1936 2551 tere.

371 2593 616 2660 Quatuor
643 2591 867 2662 angulos
906 2590 1069 2646 habet
1105 2589 1276 2644 altare
1303 2587 1640 2652 liolocausti,
1680 2589 1806 2657 quia
1841 2604 1942 2658 per

369 2691 602 2752 quatuor
628 2682 810 2736 mundi
840 2680 1022 2750 plagas
1048 2690 1238 2735 sancta
1264 2678 1518 2735 dilatatur
1538 2679 1795 2742 Ecclesia,
1820 2694 1941 2746 qum

371 2783 590 2846 propter
638 2789 801 2828 unum
857 2789 953 2828 cor
999 2780 1055 2828 et
1101 2772 1335 2827 animam
1391 2772 1556 2827 totius
1605 2773 1938 2827 credentium

371 2867 728 2925 multitudinis
766 2873 915 2923 recte
952 2864 1158 2920 factura
1195 2864 1354 2919 unius
1392 2863 1700 2934 designatur
1728 2863 1932 2918 altaris.

368 2962 442 3015 Ex
481 2975 590 3031 quo
622 2959 871 3014 videlicet
905 2956 1064 3010 altari
1101 2970 1303 3010 cornua
1341 2953 1477 3008 ﬁunt
1512 2963 1765 3023 quatuor,
1804 2967 1934 3008 cum

367 3060 600 3121 quatuor
628 3049 918 3104 virtutibus
949 3061 1090 3116 saepe
1122 3045 1303 3110 dictis,
1327 3044 1596 3114 iustorum
1625 3045 1791 3100 corda
1817 3059 1936 3098 mu-

2042 1867 2158 1937 ipsa
2194 1865 2306 1935 jam
2335 1868 2476 1922 bona
2504 1883 2668 1938 opera
2698 1868 2883 1934 ﬁnire,
2924 1878 2978 1924 et
3015 1870 3082 1924 ad
3110 1870 3453 1940 percipienda
3481 1885 3615 1941 epe-

2041 1972 2159 2010 rum
2201 1959 2421 2027 praemia
2471 1958 2525 2012 in
2567 1967 2826 2013 mternam
2868 1959 3034 2013 vitam
3081 1960 3237 2028 rapi,
3291 1961 3618 2016 meruerint.

2041 2047 2193 2114 Quod
2214 2058 2273 2103 ut
2298 2047 2635 2104 manifestius
2661 2049 2774 2114 ﬁat,
2794 2050 3071 2104 videamus
3093 2051 3220 2119 quid
3245 2051 3312 2105 de
3334 2051 3615 2108 cineribus

2039 2137 2340 2193 holocausti
2388 2138 2600 2209 Moyses
2638 2140 2798 2194 dicat.
2852 2138 2982 2194 Haec
3022 2148 3096 2194 est
3143 2139 3228 2194 lea;
3271 2140 3567 2195 holocausti
3590 2153 3615 2195 :

2041 2227 2370 2284 Cremabitur
2394 2231 2451 2283 in
2477 2229 2638 2284 altari
2665 2239 2774 2284 tota
2802 2240 2950 2284 nocte
2977 2245 3139 2301 usque
3164 2247 3336 2286 mane.
3371 2231 3516 2302 Ignis
3545 2247 3617 2288 ea

2039 2321 2217 2375 eodem
2245 2321 2404 2375 altari
2430 2322 2548 2376 erit.
2592 2320 2948 2392 Vestietnrque
2972 2322 3217 2376 sacerdos
3245 2309 3421 2376 tunica
3449 2332 3498 2376 et
3527 2323 3616 2391 {ea

2039 2409 2318 2463 minalibus
2345 2409 2535 2474 lineis;
2569 2409 2857 2482 tollensque
2883 2411 3078 2466 cineres
3099 2429 3228 2483 quos
3257 2429 3442 2467 vorans
3470 2414 3616 2484 ignis

2038 2499 2257 2560 exussit,
2291 2506 2339 2551 et
2376 2513 2568 2564 ponens
2597 2499 2755 2567 juxta
2791 2497 2978 2564 altare,
3014 2499 3322 2569 spoliabitur
3345 2501 3622 2570 prioribus

2017 2588 2382 2652 uestimentis;
2411 2587 2725 2658 indutiisque
2748 2588 2890 2653 aliis,
2914 2589 3091 2660 efferet
3117 2605 3204 2644 eos
3232 2599 3381 2644 extra
3409 2599 3614 2654 castra,

2037 2686 2085 2730 et
2135 2677 2191 2728 in
2238 2674 2352 2729 loco
2389 2677 2732 2731 mundissimo
2771 2694 2934 2748 usque
2983 2679 3051 2732 ad
3098 2678 3333 2748 fauillam
3370 2678 3626 2733 consensi

2038 2764 2214 2834 faciet.
2265 2763 2411 2834 Ignis
2440 2775 2613 2820 autem
2651 2768 2709 2820 in
2745 2766 2907 2821 altari
2947 2783 3148 2838 semper
3171 2768 3394 2823 ardebit.
3444 2767 3622 2822 Holo-

2036 2864 2281 2911 caustum
2326 2871 2454 2926 ergo
2483 2856 2816 2912 cremabitur
2844 2858 2900 2912 in
2929 2857 3121 2923 altari,
3173 2872 3296 2913 cum
3344 2857 3399 2912 in
3444 2859 3624 2913 corde

2036 2949 2400 3020 cujuscunque
2421 2951 2601 3016 electi,
2623 2952 2714 3020 qui
2740 2951 2975 3021 seipsum
3001 2955 3168 3010 totum
3193 2958 3251 3005 et
3273 2965 3439 3005 carne
3465 2951 3620 3007 vide-

2037 3043 2164 3098 licet
2200 3051 2256 3098 et
2291 3044 2454 3099 corde
2490 3043 2600 3097 Deo
2627 3051 2886 3107 voverat,
2935 3057 3070 3113 opus
3117 3044 3314 3099 bonum
3365 3042 3624 3099 fervente

367 3118 605 3196 uiuntur.
675 3139 750 3194 De
803 3139 998 3206 quibus
1046 3137 1100 3190 in
1149 3136 1308 3190 laude
1361 3135 1639 3204 sapientiae
1691 3134 1890 3188 dicitur
1917 3151 1930 3186 :
1962 3118 2004 3179 C
2037 3133 2322 3188 charitatis
2365 3135 2487 3205 igne
2531 3141 2798 3204 patratur.
2852 3133 2992 3200 Quid
3021 3143 3132 3189 tota
3163 3134 3224 3189 ﬁt
3250 3143 3409 3190 nocte
3435 3150 3618 3205 usque

368 3233 709 3288 Sobrietatem
735 3229 873 3282 enim
899 3237 947 3281 et
975 3227 1307 3297 prudentiam
1334 3225 1500 3288 docet,
1531 3234 1579 3278 et
1597 3225 1861 3293 justitiam
1887 3232 1935 3278 et

364 3323 633 3384 rirtutem,
673 3319 860 3390 quibus
891 3317 1075 3370 utilius
1104 3315 1234 3370 nihil
1271 3325 1346 3369 est
1388 3314 1443 3369 in
1479 3315 1585 3369 vita
1618 3314 1930 3369 hominibus.

366 3411 490 3465 Ιιίεο
521 3425 722 3465 cornua
752 3423 820 3462 ex
849 3408 967 3476 ipso
996 3406 1151 3460 altari
1180 3406 1571 3476 producuntur,
1603 3419 1726 3460 cum
1759 3405 1935 3459 muni-

365 3508 546 3554 menta
571 3499 829 3553 virtutum
903 3496 1090 3552 ﬁdeles
1119 3511 1225 3550 non
1256 3494 1437 3564 specie
1466 3502 1624 3548 tenus
1662 3501 1718 3548 et
1756 3493 1822 3546 ad
1856 3492 1934 3547 fa-

363 3594 501 3648 ciem
528 3591 806 3646 hominum
833 3595 1137 3653 ostentant,
1181 3589 1274 3642 sed
1309 3603 1376 3642 ex
1415 3587 1604 3642 intima
1643 3586 1726 3641 sui
1753 3587 1934 3643 cordis

363 3683 547 3737 radice
597 3688 735 3736 teste
783 3687 1062 3750 generant.
1119 3678 1330 3734 Cornua
1381 3685 1510 3734 sunt
1556 3686 1790 3747 quatuor
1834 3694 1933 3748 per

361 3778 590 3841 quatuor
615 3769 838 3841 angulos
867 3769 1074 3836 altaris,
1101 3784 1223 3824 cum
1253 3769 1307 3824 in
1334 3769 1583 3824 omnibus
1611 3769 1795 3824 mundi
1823 3778 1932 3824 ter-

359 3864 542 3929 minis,
575 3862 820 3917 Ecclesia
844 3862 1107 3915 virtutum
1134 3861 1372 3929 potentia
1400 3858 1689 3928 spirituali,
1721 3859 1930 3913 cunctis

359 3955 596 4011 hostium
627 3953 839 4009 insidiis
867 3949 1191 4006 inviolabilis
1215 3949 1476 4018 persistit,
1518 3949 1626 4003 imo
1652 3948 1768 4016 ipsa
1798 3963 1929 4002 cun-

355 4047 459 4101 ctis
489 4060 548 4100 se
589 4040 1027 4112 impugnantibus
1061 4038 1254 4094 fortior
1281 4037 1541 4094 efﬁcitur.
1585 4037 1741 4105 Quod
1779 4039 1929 4094 vide-

353 4138 484 4195 licet
526 4137 698 4191 allare
738 4133 1017 4206 operietur
1041 4145 1181 4197 mre,
1228 4144 1352 4186 cum
1381 4130 1556 4186 virtus
1583 4136 1760 4199 empta
1795 4129 1928 4185 ﬁde-

353 4229 485 4284 lium
505 4268 520 4294 ,
563 4233 975 4298 perseveranter
1001 4238 1172 4294 usque
1209 4223 1277 4278 ad
1315 4222 1477 4277 ﬁnem
1503 4222 1658 4276 ﬁrma
1691 4229 1922 4278 tenetur.

354 4317 491 4384 Quia
515 4319 660 4373 enim
685 4317 811 4373 aeris
836 4315 1112 4371 metallum
1135 4313 1296 4384 longo
1321 4312 1459 4368 solet
1487 4319 1728 4381 tempore
1753 4311 1928 4366 incor-

353 4408 608 4479 ruptibile
637 4409 852 4473 durare,
881 4415 1031 4464 recte
1055 4421 1151 4476 per
1179 4407 1283 4461 hoc
1307 4405 1481 4460 virtus
1510 4404 1652 4459 valet
1676 4417 1925 4473 perseve-

354 4501 542 4556 rantiae
561 4500 853 4571 designari.
887 4499 946 4554 Si
967 4515 1126 4568 quem
1146 4513 1276 4554 vero
1296 4509 1475 4553 movet
1489 4498 1643 4567 juxta
1663 4497 1920 4560 litteram,

351 4594 621 4664 quomodo
648 4594 792 4664 ligna
829 4593 1014 4646 altaris
1051 4600 1202 4646 tanto
1229 4591 1350 4661 igne
1376 4589 1556 4644 vicino
1585 4588 1923 4643 incombusta

254 4742 256 4744 τ
350 4697 670 4752 permacra
697 4683 1007 4752 potuerint,
1059 4681 1290 4748 accipiat
1328 4679 1470 4733 beati
1515 4677 1828 4748 Hieronymi
1856 4678 1924 4732 de

352 4774 455 4828 hac
478 4771 773 4842 quaestione
798 4785 1135 4840 responsum.
1164 4769 1388 4832 Alteris,
1417 4767 1610 4835 inquit,
1633 4767 1775 4837 ligna
1803 4781 1924 4836 quae

350 4867 416 4920 de
444 4864 603 4936 lignis
630 4863 865 4934 paradisi
895 4869 1052 4925 sunt,
1095 4875 1201 4914 non
1229 4867 1542 4914 cremantur
1569 4857 1691 4927 igne
1719 4857 1919 4922 vicino,

348 4955 443 5010 sed
470 4955 690 5026 puriora
710 4953 1026 5008 redduntur.
1057 4949 1166 5005 Nec
1189 4950 1385 5004 mirum
1407 4951 1511 5004 hoc
1531 4949 1842 5002 sanctuario
1862 4955 1918 5003 et

347 5046 695 5103 interioribus
726 5043 948 5114 templi,
994 5051 1051 5097 et
1083 5041 1240 5096 altari
1271 5039 1644 5111 thymiamatis
1672 5039 1917 5104 credere,

345 5155 469 5197 cum
489 5139 651 5195 etiam
678 5137 949 5190 amianton
977 5133 1107 5206 ligni
1137 5147 1305 5203 genus
1329 5140 1430 5197 est,
1445 5131 1533 5186 vel
1558 5130 1684 5200 ligni
1713 5129 1918 5184 habens

347 5234 402 5287 iu
426 5245 484 5286 se
507 5227 934 5291 similitudinem,
961 5233 1162 5296 quanto
1187 5223 1308 5294 plus
1335 5223 1552 5288 arserit,
1583 5229 1736 5277 tanto
1765 5236 1916 5276 mun-

345 5325 465 5379 dius
486 5321 812 5378 inveniatur.

417 5412 465 5465 [τ’
469 5413 703 5484 aciesque
729 5410 785 5464 in
821 5425 948 5464 usus
977 5407 1092 5478 ejus
1129 5407 1310 5464 lebetes
1347 5411 1415 5464 ad
1450 5407 1802 5479 suscipiendos
1836 5408 1914 5460 ci-

344 5521 525 5569 neres;
559 5516 606 5560 et
636 5505 856 5577 forcipes
879 5515 1030 5575 atque
1056 5502 1366 5572 fuscinulas,
1388 5513 1437 5558 et
1467 5503 1663 5574 ignium
1688 5509 1917 5570 recepta-

342 5597 495 5660 cula,
545 5600 717 5651 omnia
769 5616 889 5652 vasa
937 5613 1000 5652 ea:
1048 5613 1150 5650 αντε
1195 5593 1496 5665 fabi'icabis.
1549 5593 1685 5648 Vasa
1729 5590 1914 5647 altaris

348 5688 589 5748 diversa,
644 5686 724 5746 vel
750 5688 995 5744 diversas
1027 5688 1262 5743 ﬁdelium
1304 5702 1593 5758 personas,
1637 5684 1721 5740 vel
1765 5691 1912 5740 certe

2035 3236 2224 3287 mane,
2268 3237 2392 3278 cum
2431 3224 2552 3292 quis
2595 3231 2709 3278 toto
2743 3223 2867 3278 vita:
2913 3223 3072 3292 hujus
3111 3231 3351 3295 tempore
3367 3217 3384 3290 ’,
3434 3240 3618 3294 usque

2033 3313 2161 3367 dum
2205 3321 2389 3382 raptus
2431 3327 2462 3366 e
2497 3329 2724 3383 corpore
2744 3353 2758 3378 ,
2805 3313 2971 3368 futuri
3028 3329 3186 3369 mane
3214 3315 3396 3370 szeculi
3426 3317 3628 3371 videre.

2033 3401 2323 3466 meruerit,
2351 3401 2508 3457 bonis
2535 3403 2785 3458 insistere
2814 3418 2920 3458 non
2949 3412 3128 3459 cessat
3150 3405 3423 3475 operibus.
3462 3404 3626 3473 Ignis

2033 3507 2098 3547 ex
2124 3493 2314 3548 eodem
2343 3493 2499 3548 altari
2528 3496 2652 3560 erit,
2681 3497 2806 3566 quia
2833 3497 2923 3551 illa
2953 3497 3124 3551 solum
3153 3497 3416 3553 charitate
3440 3513 3621 3567 quam

2031 3582 2287 3639 Ecclesiae
2307 3597 2417 3640 sua:
2440 3585 2696 3641 Dominus
2719 3602 2815 3657 per
2837 3586 3100 3657 Spiritum
3124 3596 3368 3643 sanctum
3391 3588 3618 3652 tribuit,

2032 3675 2226 3732 ardere
2270 3676 2546 3732 debemus.
2597 3677 2838 3748 Denique
2866 3678 2959 3732 ﬁlii
2987 3678 3167 3733 Aaron
3195 3718 3209 3744 ,
3257 3680 3382 3748 quia
3422 3679 3618 3748 ignem.

2031 3768 2266 3823 alienum
2296 3766 2525 3823 Domino
2551 3767 2780 3832 ollerre,
2821 3777 2877 3822 et
2919 3784 3024 3822 non
3059 3783 3182 3823 eum
3211 3769 3303 3838 qui
3337 3768 3504 3824 semel
3539 3770 3612 3826 de

2030 3859 2167 3914 cmlo
2195 3861 2353 3914 datus
2377 3868 2462 3914 est
2484 3859 2789 3929 voluerunt,
2811 3876 2936 3916 mox
2960 3861 3082 3931 igne
3105 3861 3308 3916 caelesti
3334 3862 3611 3933 perempti

2028 3957 2174 4002 sunt.
2216 3950 2354 4015 Quia
2381 3951 2638 4005 nimirum
2675 3952 2981 4020 quicunque
3015 3966 3181 4021 opera
3209 3952 3449 4006 emiestia
3493 3965 3606 4007 non

2027 4041 2266 4098 caelestis
2289 4043 2587 4098 intentione
2616 4044 2902 4108 mercedis,
2941 4045 3036 4100 sed
3064 4045 3374 4115 temporalis
3403 4045 3608 4100 intuitu

2025 4132 2230 4188 favoris
2264 4141 2359 4188 aut
2387 4135 2657 4190 commodi
2687 4135 2914 4201 faciunt,
2945 4137 3211 4192 sententia
3238 4138 3333 4192 irze
3360 4136 3610 4193 caelestis

2027 4223 2312 4280 feriuntur.
2357 4223 2615 4280 Vestietur
2650 4228 2894 4282 sacerdos
2931 4230 3140 4294 tunica,
3180 4239 3229 4283 et
3265 4229 3603 4298 feminalibus

2026 4313 2198 4369 lineis.
2254 4314 2524 4372 Sacerdos
2554 4319 2645 4386 qui
2693 4319 2852 4373 oliert
2898 4318 3307 4382 holocaustum,
3339 4319 3603 4375 Dominus

2027 4414 2132 4472 est,
2164 4405 2291 4476 quia
2321 4407 2375 4460 in
2403 4407 2564 4463 nobis
2598 4409 2713 4478 ipse
2741 4411 2917 4480 ignem
2949 4425 3059 4466 suae
3086 4412 3368 4466 charitatis
3398 4424 3598 4466 accen~

2027 4497 2176 4560 dere,
2206 4511 2272 4551 ac
2296 4510 2394 4565 per
2421 4497 2564 4552 hunc
2591 4499 2796 4554 hostias
2823 4499 2976 4554 bona:
3009 4509 3208 4555 nostra:
3250 4501 3477 4556 actionis
3518 4501 3600 4556 si-

2023 4589 2192 4644 bimet
2217 4591 2576 4660 acceptabiles
2597 4592 2804 4658 facere,
2825 4593 3123 4648 consuevit.
3155 4593 3222 4647 Et
3247 4593 3364 4648 haec
3388 4592 3606 4647 faciens

2023 4681 2255 4732 vestitur
2298 4679 2456 4736 lineis
2505 4682 2868 4748 indumentis,
2918 4683 3043 4752 quia
3089 4690 3150 4738 ut
3188 4697 3287 4738 nos
3325 4682 3392 4736 ad
3428 4696 3598 4752 opera

2023 4767 2282 4822 virtutum
2313 4771 2542 4835 excitet,
2581 4772 2826 4842 exempla
2860 4772 3015 4826 nobis
3046 4786 3156 4827 suae
3185 4770 3598 4835 incarnationis,

2023 4859 2273 4926 puritatis
2299 4870 2354 4914 et
2381 4862 2570 4916 mortis
2594 4864 2845 4932 proponit
2871 4879 2884 4916 :
2925 4878 3044 4933 qua:
3068 4877 3168 4932 per
3194 4862 3395 4933 lignum
3427 4860 3600 4930 signi-

2023 4947 2175 5004 ﬁcari
2219 4966 2377 5021 posse
2422 4953 2616 5021 saepius
2653 4955 2852 5009 dictum
2893 4964 2995 5010 est.
3053 4953 3212 5010 Tollit
3240 4963 3419 5008 autem
3448 4953 3598 5006 idem

2024 5042 2278 5097 sacerdos
2305 5043 2514 5098 cineres
2545 5059 2680 5113 quos
2707 5060 2904 5099 vorans
2936 5046 3073 5117 ignis
3098 5045 3331 5108 exussit,
3358 5051 3414 5098 et
3439 5043 3597 5113 ponit

2015 5125 2188 5200 juxta‘
2199 5133 2387 5197 altare,
2413 5150 2536 5189 cum
2563 5135 2820 5190 Dominus
2845 5136 3004 5190 ﬁnem
3034 5135 3318 5190 laboriosis
3339 5135 3600 5204 Oper-ibus

2023 5224 2249 5294 imponit
2274 5241 2286 5276 :
2328 5239 2503 5294 neque
2525 5223 2703 5294 justos
2728 5225 2796 5280 de
2822 5227 2927 5281 hac
2956 5226 3062 5280 vita
3094 5234 3294 5293 raptos,
3326 5223 3464 5278 ultra
3492 5239 3598 5292 pro

2023 5314 2132 5368 vita
2171 5321 2371 5368 aeterna
2403 5323 2648 5379 certare,
2697 5316 2792 5371 sed
2835 5330 3086 5370 coronam
3121 5313 3343 5384 justitiae
3384 5312 3438 5368 in
3479 5313 3596 5367 vita

2023 5414 2223 5460 aeterna
2247 5403 2402 5473 jubet
2423 5406 2688 5477 accipere.
2739 5405 2950 5460 Ponens
2975 5405 3174 5460 etenim
3201 5403 3412 5458 cineres
3434 5401 3594 5469 juxta

2023 5497 2192 5552 altare
2239 5498 2560 5568 spoliabitur
2607 5499 2878 5570 prioribus
2921 5497 3258 5554 vestimentis
3281 5536 3297 5563 ,
3349 5510 3470 5551 cum
3520 5496 3591 5549 ad

2021 5593 2334 5643 memoriam
2369 5588 2530 5657 justis
2558 5604 2678 5659 qua:
2707 5587 2946 5644 fecerunt
2974 5588 3112 5643 bona
3143 5587 3434 5650 reducens,
3482 5599 3593 5637 non

2019 5680 2099 5735 eis
2126 5680 2350 5750 amplius
2379 5679 2619 5736 habitum
2643 5695 2751 5737 sua:
2776 5680 3041 5752 passionis
3066 5679 3380 5734 imitandum
3407 5686 3596 5733 osten-
