3992 6182
333 308 423 361 {Si

1289 306 1792 364 COMMENTARIA
1832 308 1898 364 IN
1942 308 2254 366 EXODUM.
2295 342 2365 351 —
2404 312 2528 368 LIB.
2575 314 2659 368 ll].

3476 325 3591 381 18‘?!

323 417 421 478 dit,
453 414 547 468 sed
580 414 818 468 induitur
846 414 964 472 aliis
989 416 1324 473 vestimentis
1349 437 1364 472 :
1399 419 1504 475 illis
1529 419 1799 484 videlicet,
1829 423 1896 476 dc
1922 420 1975 479 A
1999 438 2117 492 qua:
2153 425 2338 482 Gnecc
2358 435 2624 482 vocantur
2652 409 2890 500 crcagtm
2920 432 2994 485 ad‘
3037 433 3139 489 hoc
3169 434 3222 490 in
3274 436 3579 494 ministerio

322 504 518 574 quibus
544 504 598 558 in
623 505 912 574 Evangelio
933 506 1062 560 dicit
1089 506 1234 576 ipse:
1260 506 1424 562 Amen
1449 508 1566 563 dico
1586 509 1748 575 vobis,
1765 509 1903 581 quod

324 597 603 665 urtrcinget
649 613 734 658 se,
786 606 833 650 et
877 597 1032 666 faciet
1075 597 1194 652 illos
1232 599 1558 656 discumbere
1587 601 1737 674 (Luc.
1767 602 1901 673 xu),

323 685 375 740 id
403 693 516 749 est,
556 685 624 738 ad
653 694 913 740 aeternam
940 701 998 741 se
1028 691 1520 746 remunerationem
1547 692 1900 762 prteparabit,

321 784 375 831 et
403 776 526 830 illos
556 777 609 831 in
635 787 839 832 aeterna
861 776 1024 834 faciet
1047 779 1230 849 quiete
1255 781 1508 838 refoveri.
1540 783 1760 840 lndutus
1783 784 1903 840 aliis

322 868 682 932 vestimentis,
701 868 889 924 efferet
911 870 1127 926 cineres
1145 881 1298 926 extra
1319 885 1522 941 castra,
1539 890 1660 930 cum
1681 887 1904 945 paratus

321 958 386 1012 ad
426 958 888 1012 remunerandum
930 959 1169 1015 laborem
1208 962 1502 1018 electorum
1543 979 1760 1019 suorum
1800 965 1904 1021 Do-

323 1047 522 1111 minus,
551 1047 812 1118 quidquid
837 1049 961 1103 boni
991 1059 1291 1119 gesserant,
1306 1049 1421 1119 jam
1449 1053 1501 1106 in
1528 1052 1617 1106 illa
1640 1053 1770 1108 facit
1793 1054 1902 1107 vita

320 1142 492 1196 videri
519 1142 649 1196 hinc
674 1141 934 1195 ablatum.
970 1140 1082 1197 Nec
1109 1142 1176 1196 ab
1203 1158 1261 1197 re
1285 1152 1371 1198 est
1397 1144 1518 1200 loco
1543 1153 1698 1200 extra
1725 1154 1903 1201 castra

321 1230 520 1300 posito,
551 1229 677 1283 vitae
705 1229 943 1299 perpetis
971 1230 1272 1302 ingressum
1303 1231 1555 1300 ﬁgurari,
1579 1248 1700 1287 cum
1723 1243 1779 1286 et
1801 1233 1904 1288 Do-

321 1324 502 1378 minus
536 1322 722 1378 dicat:
756 1319 862 1375 Per
897 1338 976 1375 me
1012 1323 1057 1376 si
1095 1323 1212 1393 quis
1247 1323 1536 1388 introierit,
1574 1323 1901 1378 salvabitur:

319 1423 364 1466 et
391 1412 721 1482 ingredietur
743 1421 792 1465 et
833 1411 1147 1480 egredietur,
1193 1420 1242 1466 et
1291 1429 1488 1481 pascua
1541 1413 1781 1467 inveniet.
1836 1414 1905 1468 Et

318 1502 610 1556 Psalmista
651 1501 959 1555 :Dominus
1011 1501 1272 1556 custodiat
1318 1502 1590 1558 introitum
1636 1514 1804 1571 tuum,
1854 1515 1902 1560 et

315 1596 518 1649 exitum
575 1603 725 1648 tuum
753 1591 983 1665 (Psalm.
1022 1594 1169 1667 cxx).
1221 1595 1506 1650 Introitum
1544 1597 1792 1654 videlicet
1848 1600 1901 1654 in

319 1688 458 1742 hanc
485 1685 748 1740 Ecclesiae
771 1686 973 1750 vitam;
1005 1685 1212 1741 exitum
1240 1702 1367 1742 vero
1395 1687 1448 1741 in
1491 1687 1636 1742 illam
1671 1689 1761 1743 ubi
1804 1704 1901 1758 pa-

321 1792 458 1832 scua
485 1775 843 1830 inveniuntur
864 1782 1082 1830 mtcrna:
1107 1777 1396 1832 satietatis.
1425 1776 1542 1832 Non
1572 1793 1701 1847 ergo
1724 1779 1904 1849 inepte

320 1868 502 1923 locum
551 1875 705 1922 extra
753 1875 936 1922 castra
986 1868 1264 1937 positum,
1308 1869 1366 1923 in
1416 1868 1506 1923 illa
1559 1870 1906 1942 intelligimus

320 1960 431 2014 vita
455 1975 469 2011 :
495 1957 805 2028 praesertim
827 1973 952 2014 cum
981 1958 1057 2014 ibi
1085 1959 1234 2014 locus
1263 1960 1654 2016 mundissimus
1673 1976 1794 2017 esse
1819 1961 1905 2016 di-

321 2058 501 2116 catur,
531 2050 679 2119 quod
706 2049 762 2104 in
790 2049 893 2105 hac
925 2051 1035 2104 vita
1066 2050 1181 2106 ﬁeri
1217 2051 1524 2109 nullatenus
1557 2069 1737 2124 posse,
1785 2070 1908 2126 per-

325 2140 573 2209 spicuum
599 2148 707 2194 est.
733 2139 906 2194 Locus
933 2155 1063 2211 ergo
1089 2141 1474 2198 mundissimae
1507 2152 1662 2199 extra
1700 2153 1902 2212 castra,

324 2232 439 2300 ipse
465 2241 552 2286 est
571 2230 792 2285 animus
824 2229 1098 2299 justorum
1125 2247 1193 2288 ex
1232 2234 1336 2291 hac
1382 2235 1496 2290 vita
1547 2236 1903 2304 sublatorum,

323 2333 380 2380 et
405 2325 459 2379 in
509 2323 618 2378 alia
647 2324 758 2379 vita
786 2323 1135 2394 gaudentium
1167 2343 1180 2378 :
1225 2326 1282 2380 in
1311 2341 1420 2396 quo
1457 2327 1710 2383 videlicet
1750 2328 1903 2394 loco,

322 2415 461 2469 cinis
493 2414 800 2469 holocausti
828 2429 997 2484 usque
1024 2414 1090 2468 ad
1120 2415 1360 2471 favillam
1395 2419 1754 2484 consumitur,
1781 2433 1906 2474 cum

324 2505 399 2558 ita
427 2504 500 2558 ibi
527 2518 754 2572 operum
788 2503 1053 2559 bonorum
1100 2519 1312 2562 merces
1353 2507 1615 2574 redditur,
1663 2516 1725 2563 ut
1753 2508 1906 2564 labor

324 2594 579 2650 omnibus
616 2596 684 2650 ad
715 2595 988 2667 integrum
1040 2607 1465 2655 consummetur.
1515 2600 1583 2654 Et
1611 2601 1738 2671 quia
1787 2615 1906 2657 ces-

326 2695 485 2740 sante
512 2701 733 2756 cperunt
780 2687 965 2742 labore
1019 2688 1318 2757 bonorum,
1359 2691 1475 2760 ipsa
1524 2691 1764 2748 charitas
1807 2707 1906 2763 per

329 2791 498 2846 quam
530 2778 889 2846 operabantur
928 2794 1202 2850 nunquam
1229 2782 1488 2847 cessabit,
1527 2783 1634 2838 imo
1676 2782 1906 2854 ﬂagrau-

328 2870 438 2924 tior
461 2869 798 2936 exardescet,
831 2887 951 2926 cum
979 2873 1094 2942 ipse
1121 2887 1282 2942 quem
1323 2874 1599 2943 diligimus
1645 2874 1700 2928 in
1746 2883 1906 2930 aeter-

325 2978 452 3017 num
477 2963 769 3028 videbitur,
805 2971 950 3018 recte
980 2964 1265 3018 subditur:
1291 2963 1438 3034 Ignis
1465 2975 1638 3019 autem
1663 2967 1716 3019 in
1742 2964 1906 3019 altari

323 3070 524 3123 semper
567 3053 794 3107 ardebit.
828 3054 892 3108 Et
920 3054 1082 3124 paulo
1103 3063 1227 3124 post
1257 3072 1272 3108 :
1308 3054 1455 3124 Ignis
1505 3056 1602 3110 iste
1626 3065 1901 3126 perpetuus

326 3163 588 3217 nunquam
613 3146 818 3215 deﬁciet
851 3147 918 3200 de
937 3146 1115 3201 altari.
1152 3146 1542 3203 Cousummato
1562 3161 1692 3218 ergo
1727 3162 1900 3216 usque

325 3238 393 3290 ad
439 3237 678 3291 favillam
725 3237 1036 3292 holocausta
1063 3278 1079 3303 ,
1132 3238 1270 3307 ignis
1305 3253 1583 3307 nunquam
1632 3239 1698 3294 de
1742 3237 1902 3292 altari

326 3325 557 3392 deﬁciet,
591 3327 722 3396 quia
753 3327 1042 3396 absumpto
1069 3326 1309 3397 perfecte
1352 3328 1501 3383 omni
1530 3342 1728 3398 genere
1754 3328 1903 3382 labo-

325 3417 501 3483 randi,
525 3417 640 3472 sola
660 3417 900 3472 charitas
927 3425 1187 3487 perpetuo
1208 3433 1484 3488 nunquam
1511 3419 1901 3488 exstinguenda

328 3507 593 3576 ﬁagrabit.
629 3505 757 3562 Haec
805 3505 873 3561 de
909 3507 1027 3577 lege
1070 3509 1370 3564 holocausti
1414 3509 1576 3565 latius
1620 3510 1854 3566 diximus
1881 3551 1899 3577 ,

327 3605 548 3666 propter
574 3596 783 3652 lebetas
804 3597 1010 3662 altaris,
1041 3599 1133 3668 qui
1180 3600 1249 3655 ad
1275 3600 1646 3670 suscipiendos
1687 3601 1900 3656 cineres

327 3690 624 3744 hostiarum
675 3690 793 3744 ﬁeri
839 3690 1186 3760 jubebantur.
1234 3691 1465 3747 Lebetes
1517 3708 1647 3764 ergo
1689 3693 1900 3748 cineres

320 3789 538 3835 sanctos
558 3781 884 3850 suscipiunt,
909 3796 1029 3836 cum
1063 3781 1247 3836 ﬁdeles
1271 3782 1492 3852 quique,
1522 3783 1608 3837 vel
1656 3782 1900 3852 exempla

312 3885 390 3924 .ac
408 3878 754 3925 sacramenta
786 3871 1069 3926 dominica:
1097 3873 1362 3941 passionis
1390 3873 1456 3927 ad
1481 3873 1783 3929 custodiam
1815 3874 1899 3929 sui

327 3961 410 4031 pia
451 3972 640 4017 mente
682 3971 993 4027 retractant,
1035 3963 1117 4017 vel
1163 3971 1311 4018 certe
1362 3965 1566 4018 exitum
1595 3966 1900 4033 praeceden-

327 4052 455 4105 tium
469 4050 745 4120 justorum
774 4051 1060 4122 diligenter
1086 4053 1386 4123 aspiciunt;
1413 4053 1507 4124 qui
1545 4055 1756 4126 magnis
1799 4070 1898 4126 pro

325 4138 549 4196 Domino
593 4139 938 4198 elaborantes
960 4143 1241 4213 agonibus,
1270 4160 1414 4199 nunc
1459 4160 1620 4200 cursu
1649 4159 1901 4202 consum-

325 4240 490 4298 mato,
537 4232 606 4287 de
633 4241 889 4301 percepto
921 4231 1033 4302 jam
1063 4234 1251 4290 bravio
1296 4235 1416 4291 sine
1466 4234 1574 4291 ﬁne
1623 4236 1895 4293 lmtantur.

326 4315 448 4378 Post
473 4322 685 4378 lebetes
729 4331 931 4388 autem,
986 4324 1220 4393 forcipes
1251 4333 1416 4395 atque
1473 4325 1791 4393 fuseinulze,
1844 4337 1900 4382 et

327 4412 527 4481 ignium
577 4411 916 4481 receptacula
955 4411 1070 4467 ﬁeri
1126 4421 1254 4468 sunt
1297 4413 1468 4482 jussa.
1526 4415 1783 4484 Forcipes
1830 4417 1897 4471 ad

2005 512 2346 568 habebantur
2376 515 2583 582 altaris,
2615 526 2672 571 ut
2697 534 2892 575 carnes
2914 522 3252 579 victimarum
3276 541 3375 595 per
3397 543 3492 583 eos
3513 530 3580 585 dc

2004 607 2255 663 caldariis
2287 618 2454 663 cocta:
2491 609 2884 679 proferrentur,
2920 623 3083 684 atque
3117 617 3182 670 ad
3215 631 3367 673 esum
3389 634 3578 676 eorum

2004 699 2096 768 qui
2138 699 2224 753 his
2261 707 2419 754 erant
2450 701 2732 756 reﬁciendi
2765 703 3108 760 aﬁ‘errcntur.
3162 707 3400 774 Quorum
3449 728 3581 769 usus

2002 805 2155 859 teque
2199 800 2514 847 sanctorum
2576 794 2992 862 praedicatorum
3043 797 3228 868 ﬁgura:
3284 804 3577 873 congruit:

2003 895 2232 949 quorum
2263 883 2551 939 ministerii
2573 893 2658 940 est
2703 888 2913 942 animas
2955 889 3192 945 ﬁdelium
3243 894 3410 947 verbo
3457 893 3580 949 ﬁdei

2004 972 2228 1026 reﬁcere
2259 990 2272 1025 :
2302 980 2358 1027 et
2397 972 2552 1041 juxta
2589 975 2829 1046 regulam
2859 979 3166 1046 apostolica:
3215 981 3578 1049 discretionis,

2004 1063 2226 1118 rudibus
2274 1065 2450 1120 adhuc
2485 1067 2804 1136 disciplinis,
2838 1070 3158 1140 rationabile
3196 1081 3250 1127 et
3287 1074 3404 1128 sine
3457 1071 3583 1130 dolo

2003 1152 2087 1208 lac
2116 1154 2378 1210 doctrina:
2412 1157 2671 1226 simplicis
2701 1160 2984 1225 adhibere;
3026 1161 3440 1230 perfectioribus
3485 1180 3585 1219 au-

2004 1251 2131 1309 tem,
2160 1245 2386 1300 solidum
2411 1248 2588 1302 cibum
2612 1249 2870 1306 doctrinam
2895 1252 3224 1309 sublimioris
3246 1254 3576 1312 ministrare.

2003 1331 2170 1387 Recte
2197 1333 2490 1390 fuscinulas
2519 1336 2699 1393 facere
2720 1338 2875 1406 jubet
2917 1343 3292 1397 sacerdotibus
3330 1343 3538 1415 Moyses
3560 1385 3578 1411 ,

2003 1423 2198 1491 quibus
2223 1440 2413 1481 carnes
2464 1428 2762 1482 hostiarum
2820 1439 2978 1498 prout
3004 1433 3302 1501 oportuerit
3357 1449 3578 1506 compo-

2003 1521 2136 1566 nant
2161 1530 2175 1579 ;
2209 1522 2262 1568 et
2286 1515 2389 1568 alia
2419 1515 2631 1584 quidem
2656 1518 2981 1584 hominibus,
3009 1522 3102 1576 sed
3132 1523 3347 1580 mundis
3370 1525 3579 1582 edenda

2003 1602 2270 1671 offerant;
2304 1605 2412 1659 alia
2450 1621 2580 1660 vero
2609 1608 2796 1663 altaris
2827 1608 3041 1678 ignibus
3075 1615 3440 1668 consumenda
3487 1627 3577 1668 rc-

2005 1692 2252 1763 liuquant
2282 1712 2294 1747 :
2330 1695 2454 1765 quia
2490 1697 2689 1751 suntin
2710 1697 2892 1752 verbis
2915 1699 3011 1754 Dei
3038 1700 3312 1766 nonnulla,
3343 1717 3464 1772 quae
3488 1717 3584 1760 no-

1931 1760 1978 1819 B
2006 1760 2130 1835 strie
2152 1760 2441 1837 humilitati
2485 1785 2747 1851 revelare,
2793 1787 2861 1840 ad
2891 1797 3089 1842 nostrte
3121 1760 3309 1860 epulas
3333 1760 3584 1849 refectio-

2005 1871 2091 1928 nis
2115 1874 2409 1929 concedere
2445 1875 2694 1946 dignatus
2745 1887 2846 1934 est.
2899 1878 3038 1934 Sunt
3082 1880 3213 1936 item
3261 1881 3368 1936 alia
3415 1890 3592 1938 tanta:

2002 1961 2405 2032 profunditatis,
2429 1981 2550 2035 quae
2573 1968 2746 2022 sancti
2771 1968 3006 2039 Spiritus
3034 1971 3371 2027 solummodo
3402 1973 3582 2030 scien-

2005 2052 2094 2108 tia:
2148 2062 2371 2122 pateant
2406 2071 2419 2108 :
2453 2065 2652 2112 nostra:
2701 2073 2833 2113 vero
2877 2060 3196 2130 capacitatis
3245 2077 3347 2132 per
3395 2063 3580 2119 omnia

2004 2158 2316 2198 mensuram
2348 2150 2756 2202 transcendant.
2798 2149 2969 2204 Porro
2998 2151 3202 2221 ignium
3238 2152 3580 2222 receptacula

2005 2236 2073 2290 ad
2103 2237 2206 2292 hoc
2229 2238 2480 2308 deputata
2511 2248 2657 2306 sunt,
2687 2248 2744 2294 ut
2773 2256 2872 2310 per
2899 2243 3014 2296 haec
3053 2242 3194 2312 ignis
3235 2251 3458 2298 sanctus
3508 2245 3582 2300 ab

2004 2325 2164 2380 altari
2191 2327 2515 2397 holocausti,
2545 2332 2613 2387 ad
2647 2331 2817 2387 altare
2863 2333 3236 2404 thymiamatis
3270 2347 3497 2404 vespere
3523 2342 3581 2390 et

2003 2429 2164 2470 mane
2194 2416 2262 2470 ad
2298 2418 2579 2474 incensum
2627 2423 2932 2489 ponendum
2984 2421 3286 2477 deferretur
3316 2440 3332 2476 :
3363 2438 3485 2493 quae
3523 2431 3582 2479 et

2004 2505 2120 2576 ipsa
2141 2515 2390 2577 patenter
2411 2508 2638 2580 ﬁguram
2667 2519 2852 2566 tenent
2876 2512 3174 2577 doctorum,
3203 2513 3295 2582 qui
3323 2521 3580 2584 tanquam

2004 2596 2185 2668 ignem
2231 2599 2299 2654 de
2327 2600 2488 2656 altari
2525 2601 2964 2656 holocaustorum
2992 2601 3062 2656 ad
3116 2603 3290 2658 altare
3331 2602 3590 2658 deferunt-

2004 2685 2231 2752 incensi,
2261 2703 2386 2743 cum
2420 2704 2548 2745 suos
2577 2690 2775 2745 docent
2801 2690 3076 2746 auditores
3105 2690 3171 2746 de
3194 2691 3395 2747 virtute
3438 2705 3583 2746 sem-

2003 2790 2102 2846 per
2142 2777 2196 2830 in
2238 2777 2496 2833 virtutem
2537 2780 2803 2849 proﬁcere
2832 2781 3147 2850 meritisque
3187 2783 3578 2848 crescentibus,

2002 2865 2262 2932 paulatim
2293 2867 2360 2920 ad
2389 2867 2579 2922 altiora
2605 2877 2662 2922 et
2696 2868 2956 2923 interiora
3000 2870 3194 2924 divinae
3223 2870 3448 2926 visionis
3491 2885 3581 2926 ar-

2005 2969 2161 3019 cana,
2186 2964 2491 3024 penetrare.
2524 2957 2628 3012 Sed
2650 2966 2707 3011 et
2732 2971 2920 3012 omnes
2963 2959 3056 3027 qui
3081 2958 3344 3015 ferventia
3377 2961 3580 3030 pietate

2004 3044 2168 3098 corda
2186 3045 2558 3112 proximorum
2588 3047 2832 3103 videntes
2861 3047 3063 3102 imitari
3092 3047 3380 3113 festinant,
3423 3053 3579 3121 quasi

2002 3136 2342 3205 receptacula
2387 3136 2589 3207 ignium
2633 3137 2810 3192 ﬁunt:
2858 3138 2985 3208 quia
3025 3137 3294 3194 flammam
3343 3143 3581 3199 caelestis

2001 3227 2255 3282 sacriﬁcii
2285 3243 2448 3297 quam
2477 3230 2535 3283 in
2555 3229 2814 3286 fraternis
2856 3231 3199 3302 conspiciunt
3228 3234 3280 3287 in
3307 3234 3418 3289 suis
3445 3249 3582 3304 quo-

2001 3335 2106 3390 que
2151 3321 2447 3376 accendere
2499 3322 2772 3378 mentibus
2815 3331 3090 3392 satagunt.
3143 3324 3274 3391 Quae
3321 3324 3580 3380 nimirum

2001 3420 2196 3467 cuncta
2226 3427 2292 3467 ex
2314 3427 2423 3468 acre
2449 3427 2578 3467 vasa
2608 3412 2764 3478 ﬁunt,
2795 3429 2917 3468 eum
2945 3414 3159 3469 devotio
3186 3414 3420 3470 ﬁdelium
3454 3431 3580 3486 per-

2001 3511 2316 3558 severanter
2337 3503 2533 3575 divinis
2571 3510 2727 3558 curat
2757 3504 3128 3560 obsecundare
3152 3506 3453 3575 preaceptis,
3496 3508 3580 3561 vel

2001 3600 2152 3646 certe
2177 3607 2300 3647 cum
2322 3593 2426 3647 hoc
2446 3592 2592 3660 quod
2615 3592 2728 3661 ipsa
2755 3601 2901 3648 recte
2923 3593 3054 3663 agit,
3077 3593 3340 3661 proximis
3361 3609 3581 3664 quoque

2002 3681 2291 3750 agendum,
2319 3680 2464 3734 clara
2492 3695 2627 3735 voce
2671 3681 2870 3736 sedulae
2895 3682 3290 3738 exhortationis
3335 3685 3574 3739 insonat.

1999 3768 2326 3827 Craticulam
2343 3785 2545 3840 quoque
2575 3770 2630 3823 in
2660 3770 2870 3824 modum
2894 3773 3016 3825 retis
3041 3788 3238 3827 teneam
3255 3788 3274 3826 :
3302 3791 3396 3844 per
3425 3775 3577 3845 cujus

1993 3870 2227 3933 quatuor
2250 3857 2488 3930 angulos,
2517 3869 2668 3913 erunt
2689 3870 2916 3930 quatuor
2940 3861 3125 3915 annuli
3145 3865 3296 3930 amei,
3326 3881 3456 3936 quos
3485 3882 3578 3936 po-

2001 3968 2090 4006 nes
2118 3949 2296 4005 subter
2322 3949 2531 4004 arulam
2575 3949 2760 4004 altaris
2788 3965 2806 4002 :
2833 3952 2929 4006 erit
2963 3969 3184 4024 namque
3207 3954 3463 4012 craticula
3492 3972 3579 4011 us-

1999 4059 2099 4114 que
2115 4041 2187 4095 ad
2207 4040 2391 4096 altaris
2417 4041 2666 4096 medium.
2701 4039 2888 4097 Altare
2931 4043 3146 4112 quidem
3181 4053 3350 4100 totum
3385 4061 3576 4100 cavum

1997 4133 2120 4189 ﬁeri
2146 4141 2476 4202 prmceptum
2506 4141 2608 4200 est,
2636 4141 2696 4188 ut
2739 4134 2792 4187 in
2837 4136 3186 4203 sequentibus
3240 4136 3583 4191 manifestius

1995 4228 2279 4282 educetur.
2310 4225 2417 4281 Sed
2453 4225 2510 4279 in
2547 4226 2725 4280 medio
2752 4227 2836 4280 sui
2863 4226 3068 4281 habens
3096 4227 3432 4291 craticulam,
3477 4241 3578 4294 per

2000 4327 2175 4374 totum
2205 4319 2260 4372 in
2289 4317 2511 4372 modum
2534 4319 2668 4372 retis
2704 4317 3038 4383 distinctam,
3062 4319 3117 4371 in
3140 4333 3299 4388 quam
3333 4318 3576 4374 victima-

2004 4425 2122 4463 rum
2150 4421 2344 4463 carnes
2389 4407 2770 4462 comburendae
2813 4407 3239 4477 imponerentur,
3286 4420 3343 4464 et
3389 4411 3575 4466 subter

324 4469 722 4558 emendandum
756 4503 946 4560 altaris
976 4505 1153 4575 ignem
1179 4469 1534 4572 ﬁeri'dehere,
1565 4469 1899 4563 credendum
1923 4469 1978 4530 Β
2002 4515 2122 4555 eam
2149 4499 2380 4564 arulam,
2406 4497 2462 4552 in
2489 4512 2597 4567 qua
2618 4497 2934 4566 θοῐῐΨοείιίῧ
2976 4496 3158 4569 "ﬁnis:
3189 4498 3406 4554 arderet
3437 4498 3575 4570 ίεηίε

325 4602 421 4647 est.
455 4592 614 4648 Unde
661 4604 810 4648 recte
836 4609 934 4662 per
985 4609 1080 4650 eos
1105 4597 1282 4650 sancti
1328 4597 1710 4665 praedicatores
1755 4598 1898 4654 desi-

325 4691 580 4750 gnantur,
605 4683 700 4752 qui
725 4684 903 4754 ignem
928 4684 984 4738 in
1016 4686 1171 4740 nobis
1200 4685 1503 4751 charitatis,
1535 4687 1691 4755 quasi
1719 4687 1773 4742 in
1819 4689 1897 4743 al-

327 4773 425 4826 tari
471 4772 570 4828 Dei
634 4775 928 4830 accendere
952 4814 968 4839 ,
1018 4774 1132 4831 suis
1176 4777 1644 4832 exhortationibus
1698 4778 1893 4835 solent.

327 4863 566 4934 Namque
615 4866 672 4919 hi
721 4866 866 4920 velut
905 4867 1119 4938 gemino
1164 4867 1323 4922 dente
1369 4867 1614 4936 forcipis,
1643 4869 1712 4922 ad
1751 4869 1896 4925 hunc

327 4955 500 5023 ignem
527 4955 934 5010 accendendum
961 4957 1183 5012 titiones
1210 4957 1267 5010 in
1321 4957 1482 5012 altari
1526 4966 1896 5026 componunt,

325 5043 542 5110 quando
565 5043 824 5098 consonis
870 5043 1151 5113 utriusque
1202 5044 1510 5099 testamenti
1542 5060 1642 5100 nos
1687 5047 1899 5116 paginis

325 5130 634 5196 instituunt,
659 5140 718 5187 et
736 5131 948 5202 eloquia
976 5133 1242 5198 veritatis,
1273 5133 1328 5187 in
1358 5142 1547 5188 nostro
1569 5135 1753 5200 corde,
1786 5135 1902 5205 qui-

327 5223 426 5281 bus
449 5226 683 5295 amplius
711 5225 779 5279 ad
814 5234 1143 5281 aeternorum
1169 5225 1436 5282 desideria
1463 5227 1860 5283 inﬂammemur
1878 5267 1898 5296 ,

325 5313 614 5371 collocant.
661 5315 751 5370 Vel
782 5323 929 5371 certe
954 5315 1175 5384 forcipe,
1204 5315 1402 5385 duplici
1431 5317 1681 5372 videlicet
1722 5316 1900 5373 ferra-

268 5433 275 5452 ι
326 5417 525 5472 mento,
552 5407 868 5463 sacerdotes
891 5408 1069 5478 ignem
1093 5408 1278 5463 altaris
1312 5409 1624 5474 emendant,
1673 5425 1797 5464 cum
1844 5411 1898 5464 in

324 5497 597 5561 omnibus,
628 5511 750 5564 qua:
773 5496 970 5550 docent
995 5497 1378 5566 pmdicatores
1419 5499 1614 5562 sancti,
1646 5498 1900 5553 virtutem

325 5587 478 5641 nobis
507 5587 742 5657 genium
772 5586 1057 5642 charitatis
1092 5585 1393 5649 infundere,
1420 5595 1476 5640 et
1520 5587 1678 5657 hujus
1725 5587 1898 5658 gratia

326 5692 422 5733 nos
440 5679 640 5733 ardere
663 5677 826 5733 simul
854 5686 912 5732 et
953 5676 1153 5741 lucere,
1203 5678 1539 5748 prmeipiunt.
1595 5677 1897 5734 Fusciuulte

2005 4606 2218 4660 semper
2239 4589 2304 4644 ad
2339 4588 2645 4644 devoranda
2686 4589 3020 4657 superposita
3056 4588 3367 4645 holocausta
3411 4604 3574 4659 para-

2008 4689 2110 4735 tus.
2145 4680 2276 4733 Erat
2295 4678 2440 4732 enim
2470 4685 2659 4732 contra
2683 4678 2892 4733 arulam
2920 4678 3118 4733 ostium
3162 4678 3216 4732 in
3252 4679 3458 4749 pariete
3497 4679 3578 4733 al-

2005 4773 2138 4827 taris
2181 4770 2452 4836 orientali,
2498 4771 2642 4825 unde
2670 4770 2752 4824 vel
2781 4770 2921 4840 ligna
2947 4771 3014 4825 ad
3062 4770 3345 4826 delendum
3395 4771 3574 4842 ignem

2005 4863 2244 4924 immitti,
2277 4859 2360 4915 vel
2388 4861 2652 4915 carbones
2672 4867 2727 4913 et
2749 4860 2960 4914 cineres
2979 4867 3198 4930 possent
3223 4861 3398 4931 egeri:
3430 4863 3576 4932 quod

2003 4954 2059 5008 in
2088 4953 2298 5022 pictura
2327 4949 2635 5005 Cassiodori
2673 4950 2960 5014 senatoris,
3007 4950 3160 5018 cujus
3189 4951 3303 5020 ipse
3329 4951 3384 5006 in
3412 4965 3577 5021 expo-

2003 5045 2199 5100 sitione
2231 5042 2566 5098 Psalmorum
2597 5041 2867 5106 meminit,
2895 5053 3207 5111 expressum
3233 5042 3483 5096 vidimus.
3515 5041 3574 5096 ln

2003 5153 2109 5208 qua
2155 5138 2321 5191 etiam
2350 5135 2566 5204 utrique
2590 5133 2770 5198 altari,
2804 5143 2860 5187 et
2898 5133 3193 5189 holocausti
3233 5134 3482 5189 videlicet
3518 5142 3574 5187 et

2003 5227 2232 5292 incensi,
2275 5227 2440 5295 pedes
2466 5233 2699 5296 quatuor
2723 5223 2852 5278 fecit
2879 5241 2894 5276 :
2921 5224 3063 5292 quod
3092 5233 3377 5293 utrumque
3424 5237 3568 5286 eum,

2003 5319 2144 5375 sicut
2170 5325 2225 5372 et
2264 5315 2597 5371 tabernaculi
2626 5323 2682 5369 et
2708 5313 2889 5384 templi
2917 5314 3258 5384 positionem,
3280 5329 3311 5367 a
3342 5313 3571 5367 doctori-

2003 5407 2104 5461 bus
2123 5405 2429 5461 Judaeorum
2457 5404 2711 5459 didicisse
2733 5411 3007 5475 putamus.
3037 5400 3204 5458 ilabet
3228 5417 3354 5472 ergo
3400 5400 3572 5456 altare

2004 5495 2098 5550 Dei
2132 5497 2184 5550 in
2223 5497 2400 5551 medio
2453 5495 2534 5549 sui
2583 5494 2896 5549 craticulam
2939 5493 3005 5547 ad
3061 5489 3395 5560 suscipienda
3419 5489 3568 5546 holo-

2004 5595 2188 5642 causta
2236 5594 2478 5656 paratam
2507 5602 2521 5639 :
2548 5586 2673 5656 quia
2718 5593 3023 5654 prteparant
3054 5583 3210 5636 electi
3243 5581 3418 5635 locum
3468 5581 3570 5638 Do-

2007 5679 2172 5744 mino,
2215 5677 2267 5731 in
2317 5676 2505 5732 intimo
2529 5675 2612 5731 sui
2648 5673 2827 5730 cordis
2861 5670 3073 5734 aﬁ‘cctu,
3109 5671 3200 5726 ubi
3246 5670 3469 5728 devotas
3518 5671 3568 5728 ei
