3954 6176
368 309 467 363 I85

1014 301 1073 354 Β.
1115 298 1366 354 RABANI
1404 296 1622 352 MAURI
1665 294 1980 350 ARClllEP.
2027 293 2330 350 MOGUNT.
2373 292 2653 350 OPERUM
2693 293 2869 348 PARS
2908 294 2948 348 l.

3488 295 3584 349 πει

358 413 708 483 cogitationes
748 409 1026 464 collccent.
1075 407 1246 462 liabet
1285 405 1492 460 arulam
1533 405 1716 460 subter
1758 403 1922 456 crati-
1952 403 2000 462 A
2030 412 2194 458 tatem
2240 404 2294 458 in
2325 419 2483 458 unam
2531 404 2882 472 eamdemque
2921 403 2952 456 ﬁ
2976 403 3039 458 'ei
3078 404 3305 474 gratiam
3354 419 3590 460 consono

357 503 553 569 cuiam,
596 504 649 557 in
675 517 777 572 qua
812 501 953 571 ligna
979 509 1035 555 et
1062 501 1238 570 ignem
1273 497 1708 553 holocaustorum
1755 496 1916 551 susci-

357 594 488 662 piat,
517 592 640 661 quia
668 592 855 646 eadem
879 591 993 661 ipsa
1019 589 1312 645 electorum
1335 589 1496 644 corda
1527 587 1921 656 receptaculum

358 681 413 736 in
433 695 489 736 sc
514 689 815 750 praeparant
846 679 1049 733 auditui
1075 678 1358 734 verborum
1387 677 1709 741 cmlestiutn,
1732 678 1926 746 quibus

358 768 626 834 calefacti,
657 771 762 824 imo
789 779 843 824 et
886 768 1199 823 inflammati
1235 783 1331 838 per
1355 769 1554 822 donum
1598 768 1765 822 sancti
1807 765 1925 836 Spi-

359 860 518 924 ritus,
555 867 708 929 grata
736 859 844 912 Deo
882 859 1106 912 reddant
1136 866 1258 911 vota
1284 857 1669 927 cogitationum
1694 856 1923 926 piarum.

362 948 528 1017 Ligna
555 963 783 1016 namque
809 947 973 1000 aruLn
1011 946 1199 1002 altaris
1243 947 1500 1001 Sacerdos
1529 945 1775 1015 imponit,
1804 961 1927 1000 cum

361 1039 548 1095 doctor
569 1040 795 1108 quisque
823 1039 1254 1093 desiderantibus
1278 1046 1437 1107 atque
1482 1037 1754 1092 inbiantcr
1779 1051 1926 1106 quae-

365 1129 606 1183 rentibus
637 1110 871 1182 ﬁdelium
919 1127 1212 1190 mentibus,
1268 1135 1577 1180 sanctarqu
1623 1125 1928 1179 testimonia

363 1219 789 1288 Scripturarum,
827 1218 1023 1287 quibus
1053 1216 1281 1288 amplius
1319 1216 1371 1270 in
1405 1215 1505 1270 ﬁde
1536 1230 1599 1270 ac
1645 1213 1928 1268 dilectione

361 1309 776 1374 conﬁrmentur,
817 1309 1030 1377 ingerit.
1071 1308 1231 1362 Addit
1277 1316 1332 1362 et
1361 1308 1537 1378 ignem
1583 1307 1764 1377 lignis,
1807 1320 1928 1359 cum

363 1403 693 1459 intellectum
723 1403 874 1456 verbi
904 1410 1068 1470 atque
1084 1399 1381 1454 efﬁcaciam
1426 1398 1527 1466 piae
1577 1413 1648 1467 op
1668 1397 1926 1460 rationis,
1974 1476 1979 1482 _

364 1509 392 1543 a
416 1494 525 1550 Deo
553 1494 900 1565 qumrendum
927 1495 1134 1549 edocet.
1164 1491 1477 1560 Ardentque
1497 1490 1637 1560 ligna
1667 1490 1718 1544 in
1749 1488 1926 1552 altari,

367 1599 484 1638 cum
508 1584 746 1638 charitas
769 1583 864 1638 Dei
899 1581 1212 1638 diffunditur
1239 1578 1290 1634 in
1315 1579 1567 1634 cordibus
1588 1577 1811 1641 nostris,
1835 1591 1930 1645 per

365 1672 625 1741 Spiritum
654 1680 898 1727 sanctum
928 1672 1020 1742 qui
1050 1671 1204 1726 datus
1243 1680 1326 1724 est
1379 1667 1553 1723 nobis.
1613 1667 1786 1736 Atque
1828 1666 1930 1720 hoc

2023 510 2118 549 ore
2147 503 2200 550 et
2223 509 2386 564 opere
2423 493 2703 548 advocent.
2741 495 2830 548 Vel
2859 502 3002 548 certe
3031 509 3096 547 ex
3135 502 3364 563 utroque.
3420 494 3591 550 latere

2025 585 2210 640 altaris
2233 586 2298 640 ad
2327 585 2648 656 portandum
2674 593 2835 638 erunt
2863 593 3064 647 vectes,
3103 599 3224 638 cum
3270 593 3477 639 mentes
3533 584 3595 638 ﬁ-

2026 675 2221 729 delium
2252 674 2423 729 sancti
2465 674 2866 744 praedicatores,
2907 681 2961 728 et
3010 673 3062 726 in
3113 675 3408 742 prosperis,
3435 681 3490 728 et
3539 675 3594 728 in

2027 766 2267 821 adversis
2294 767 2668 821 inconcussam
2696 775 2880 821 tenere
2924 766 3182 820 virtutum
3234 767 3598 821 constantiam

2027 857 2251 921 docent;
2282 871 2347 910 ne
2378 865 2472 910 aut
2520 857 2633 911 haec
2681 856 3004 911 blandiendo
3049 855 3327 920 extollant,
3379 863 3470 910 aut
3506 856 3596 910 illa

2029 947 2281 1003 terrendo
2315 949 2657 1002 conturbent.
2692 947 2812 1002 Non
2842 947 3068 1002 solidum
3093 947 3183 1001 sed
3205 949 3359 1001 inane
3379 957 3428 1001 et
3473 964 3601 1001 com-

2028 1053 2208 1089 cavum
2236 1037 2548 1090 intrinsecus
2579 1037 2738 1107 facies
2767 1036 2921 1090 illud.
2954 1037 3157 1091 Idcirco
3183 1036 3352 1091 altare
3382 1051 3488 1090 non
3511 1053 3602 1090 so-

2028 1126 2191 1180 lidum
2218 1128 2310 1181 sed
2339 1127 2497 1182 inane
2523 1136 2577 1181 et
2598 1141 2894 1181 concavum
2921 1125 3033 1179 ﬁeri
3062 1135 3388 1194 praeceptum
3411 1135 3514 1190 est,
3541 1136 3601 1180 ut

2027 1217 2299 1286 copiosum
2316 1216 2543 1272 haberet
2554 1217 2750 1278 locum,
2765 1216 2855 1271 ubi
2878 1215 2958 1271 vel
2983 1217 3155 1286 ignem
3170 1227 3600 1284 sacrosanctum,

2027 1319 2084 1362 et
2126 1308 2266 1378 ligna
2293 1309 2360 1362 ad
2405 1309 2580 1379 ignem
2619 1307 2704 1361 vel
2756 1307 3071 1362 holocausta
3122 1321 3240 1376 qua:
3286 1308 3395 1376 igni
3445 1318 3605 1363 erant

2029 1399 2389 1454 consumenda
2421 1399 2703 1469 reciperet,
2740 1399 2790 1452 in
2841 1396 2996 1466 cujus
3051 1397 3354 1468 exemplum
3383 1407 3440 1453 et
3466 1409 3520 1454 tu
3554 1401 3602 1456 si

2028 1489 2110 1543 vis
2132 1503 2252 1544 esse
2289 1489 2458 1543 altare
2486 1489 2603 1552 Dei,
2649 1489 2866 1544 exinani
2931 1488 3182 1558 teipsum,
3231 1498 3287 1542 et
3315 1504 3482 1544 vacua
3532 1492 3604 1546 ab

2028 1579 2173 1633 omni
2221 1580 2549 1650 cogitatione
2593 1594 2776 1634 rerum
2826 1580 3220 1634 mundanarum
3273 1597 3288 1634 :
3333 1591 3606 1650 quatenus

2028 1667 2152 1722 vita:
2181 1667 2321 1739 ligna
2356 1670 2639 1724 verborum
2675 1667 2974 1725 cmlestium
3022 1676 3077 1723 et
3104 1669 3291 1724 hostia:
3316 1671 3606 1738 virtutum,

363 1763 472 1833 igni
526 1763 922 1833 superpositum
975 1763 1312 1817 consumitur
1355 1760 1722 1814 holocaustum
1749 1799 1763 1824 ,
1809 1774 1930 1813 cum
1961 1751 2006 1809 Β
2034 1758 2208 1813 locum
2245 1759 2455 1828 possint
2481 1759 2680 1814 habere
2710 1757 3096 1824 sufﬁcientem;
3127 1761 3417 1829 capiasque
3452 1761 3606 1816 ﬂam-

363 1855 616 1909 universa
640 1870 746 1924 qua
774 1855 912 1909 bene
936 1868 1097 1922 agere
1134 1851 1518 1922 disposuimus,
1549 1849 1782 1904 donante
1809 1857 1929 1919 gra-

363 1946 440 1998 tia
466 1945 637 2000 sancti
689 1943 941 2015 Spiritus,
974 1959 1070 2013 per
1096 1942 1352 1996 virtutem
1383 1938 1684 1994 dilectionis
1710 1939 1818 1992 Deo
1841 1952 1932 1991 ac-

359 2036 646 2106 ceptabilia
681 2036 992 2090 redduntur.
1020 2032 1170 2088 Unde
1203 2030 1340 2085 bene
1372 2027 1654 2092 craticula,
1684 2042 1803 2096 quae
1835 2027 1930 2080 ho-

361 2125 600 2182 locausta
629 2133 801 2195 gerat,
835 2125 1005 2178 instar
1033 2122 1161 2177 retis
1194 2120 1307 2174 ﬁeri
1342 2118 1670 2189 praecipitur,
1701 2131 1808 2184 quo
1836 2129 1932 2184 per

359 2218 581 2274 crebras
609 2217 749 2271 illius
772 2225 1054 2286 aperturas
1081 2213 1222 2284 ignis
1249 2210 1558 2282 suppositus
1584 2208 1651 2262 ad
1679 2222 1932 2262 consum-

360 2310 584 2364 mandas
613 2323 800 2363 omnes
853 2307 1154 2362 hostiarum
1199 2313 1401 2375 partes,
1445 2302 1612 2356 libere
1664 2307 1924 2369 penetret.

362 2401 454 2455 Sic
471 2401 691 2463 etenim,
721 2400 798 2454 sic
822 2408 876 2453 et
907 2399 1098 2454 omnia.
1111 2412 1332 2452 necesse
1368 2403 1474 2458 est,
1504 2402 1562 2448 ut
1592 2407 1928 2461 nequaquam

362 2491 690 2545 obduremus
731 2490 893 2545 corda
951 2498 1156 2551 nostra,
1211 2501 1385 2556 neque
1422 2487 1739 2540 obseramus
1781 2498 1932 2538 more

360 2580 772 2650 Pelagianorum
795 2580 1054 2633 adversus
1084 2578 1314 2649 gratiam
1345 2575 1465 2640 Dei,
1505 2575 1598 2629 sed
1645 2573 1932 2640 diligenter

361 2671 666 2740 aperiamus
692 2685 776 2732 ea,
810 2677 865 2722 et
883 2668 1037 2737 quasi
1068 2667 1314 2738 plurimis
1342 2664 1500 2720 simul
1529 2662 1813 2734 patefactis
1841 2661 1929 2730 ja-

361 2761 501 2825 nuis,
527 2759 698 2814 seduli
739 2759 1109 2827 deprecemur,
1141 2765 1206 2812 ut
1221 2771 1316 2826 per
1339 2754 1518 2808 omnia
1545 2767 1664 2822 quae
1709 2752 1931 2807 inchoa-

359 2867 506 2915 mus,
528 2849 612 2904 vel
636 2865 796 2920 agere
830 2849 1196 2903 desideramus
1243 2847 1405 2910 bona,
1435 2845 1562 2914 quia
1595 2858 1693 2913 per
1721 2843 1930 2911 singula

356 2943 697 2997 victimarum
727 2940 843 3008 ejus
880 2938 1082 3002 frusta,
1106 2953 1201 2992 sua
1250 2951 1354 2990 nos
1394 2934 1763 2990 misericordia
1811 2933 1931 2987 illu-

357 3040 550 3094 strare,
581 3038 636 3083 et
659 3030 710 3083 in
738 3043 978 3083 amorem
1007 3029 1120 3097 ipse
1148 3042 1308 3083 suum
1336 3025 1633 3080 accendere
1657 3025 1924 3094 dignetur.

2033 1864 2177 1904 mam
2222 1849 2394 1905 sancti
2441 1848 2695 1920 Spiritus,
2741 1864 2860 1920 quae
2896 1850 3095 1904 eaedem
3144 1850 3333 1906 hostize
3377 1852 3606 1906 Domino

2008 1950 2438 2003 rconsecrentur,
2470 1949 2527 1996 et
2559 1943 2624 1998 ad
2654 1942 2810 1998 ﬁnem
2839 1940 3188 2012 perfectionis
3228 1941 3432 1997 ﬁrmam
3474 1958 3607 2012 pro-

2005 2035 2299 2098 ducantur
2325 2052 2337 2086 :
2365 2033 2451 2088 ubi
2484 2041 2606 2102 apte
2634 2033 2686 2087 in
2717 2031 3063 2087 conclusione
3089 2030 3464 2102 subjungitur:
3497 2035 3611 2088 Sic-

2032 2134 2088 2178 ut
2119 2125 2212 2178 tibi
2241 2134 2315 2179 est
2361 2133 2709 2178 monstratum
2763 2125 2818 2176 in
2861 2132 3051 2176 monte.
3085 2123 3164 2178 ιω
3193 2123 3364 2179 altare
3407 2138 3605 2180 cavum

2031 2221 2087 2269 et
2115 2229 2274 2269 mane
2304 2213 2420 2269 ﬁeri
2447 2212 2685 2283 jubetur,
2719 2213 2862 2268 sicut
2902 2211 3071 2282 Moysi
3113 2211 3166 2266 in
3215 2220 3397 2267 monte
3425 2229 3614 2268 mons-

2030 2313 2228 2360 tratum
2251 2313 2335 2360 est
2361 2323 2373 2359 :
2403 2305 2528 2376 quia
2561 2305 2700 2360 sicut
2741 2303 2913 2374 angeli
2959 2318 3024 2357 ac
3065 2303 3290 2373 spiritus
3332 2304 3611 2374 iustorum

2032 2394 2085 2448 in
2112 2393 2282 2458 coriis,
2315 2395 2468 2450 vacui
2518 2410 2547 2448 a
2584 2395 2838 2465 peccatis,
2869 2402 2926 2449 et
2950 2395 3088 2465 pleni
3121 2404 3244 2450 sunt
3279 2396 3497 2466 pietatis
3540 2413 3612 2454 ac

2025 2483 2272 2552 justitim,
2305 2483 2378 2536 ita
2419 2490 2475 2536 et
2502 2497 2603 2536 nos
2629 2483 2682 2536 in
2707 2492 2851 2537 terra
2873 2497 2971 2551 pm
3004 2483 3220 2538 modulo
3249 2493 3456 2549 nostro,
3506 2486 3610 2541 de-

2029 2573 2234 2629 clinare
2271 2589 2301 2627 a
2333 2571 2493 2640 malo,
2521 2582 2577 2628 et
2597 2571 2776 2627 facere
2803 2574 3002 2628 bonum
3027 2571 3301 2628 debemus.

2609 2662 2833 2719 CAPUT
2872 2663 3030 2717 XVH.

2085 2760 2162 2815 De
2187 2759 2324 2815 atrio
2355 2757 2699 2822 tabernaculi,
2729 2767 2778 2812 et
2803 2756 3065 2812 columnis
3081 2757 3196 2827 ejus
3218 2773 3279 2810 ac
3308 2757 3556 2811 vectibus.

2102 2849 2293 2904 Facies
2337 2859 2384 2904 ct
2421 2849 2614 2902 atrium
2659 2847 3003 2912 tabernaculi,
3031 2847 3086 2900 in
3127 2847 3279 2917 cujus
3325 2847 3480 2918 plaga
3508 2867 3616 2903 auo

2031 2940 2180 2994 strali
2228 2949 2376 2994 erunt
2402 2939 2627 2993 tentoria
2651 2938 2715 2992 dc
2744 2937 2893 3007 bysso
2942 2945 3135 2990 retorta
3167 2935 3362 3008 (Exod.
3407 2938 3609 3009 xxvii).

2035 3031 2187 3088 Sicut
2209 3031 2405 3086 Sancta
2445 3036 2752 3084 sanctorum
2801 3043 2921 3084 eam
2952 3043 3072 3098 quae
3093 3027 3144 3082 in
3173 3028 3326 3083 oculis
3349 3039 3453 3094 est,
3481 3044 3617 3084 san-

356 3124 596 3187 Quatuor
623 3127 802 3173 autem
827 3118 1008 3172 annuli
1035 3118 1192 3182 aenei,
1219 3117 1310 3186 qui
1356 3131 1455 3184 per
1503 3116 1722 3169 totidem
1760 3130 1926 3184 angu-

2033 3133 2136 3180 cta:
2158 3121 2410 3177 Ecclesia:
2438 3129 2649 3191 partem
2687 3119 2990 3189 designant,
3017 3127 3072 3172 et
3107 3119 3259 3186 prius
3279 3119 3614 3174 tabernacu-

355 3211 435 3266 los
459 3211 645 3264 altaris
672 3209 787 3262 ﬁeri
811 3206 1086 3274 iubentur,
1119 3215 1350 3276 quatuor
1377 3213 1503 3258 sunt
1528 3205 1927 3274 evangeliorum

355 3305 514 3369 libri,
545 3303 637 3371 qui
669 3310 791 3370 apte
813 3299 1024 3354 annulis
1053 3297 1438 3359 assimilantur,
1468 3295 1595 3366 quia
1616 3304 1928 3364 perpetuam

355 3395 690 3450 auditoribus
739 3393 853 3447 suis
903 3405 1159 3446 coronam
1223 3389 1347 3442 vita:
1393 3387 1734 3457 promittunt.
1790 3386 1928 3455 Apte

353 3486 488 3541 aenei
516 3493 682 3540 sunt:
711 3483 836 3553 quia
872 3483 928 3536 in
970 3496 1172 3535 omnem
1200 3489 1394 3532 terram
1441 3477 1598 3532 exivit
1647 3492 1804 3530 sonus
1839 3491 1926 3529 eo-

356 3593 470 3629 rum
496 3575 725 3646 (Psalm.
746 3573 924 3642 xvut).
951 3571 1090 3641 Apte
1110 3586 1204 3639 per
1235 3577 1466 3638 quatuor
1494 3567 1719 3638 angulos
1739 3566 1933 3621 altaris

353 3665 516 3735 positi
548 3679 562 3718 :
595 3673 658 3718 ut
678 3662 976 3718 Ecclesiam
1007 3660 1242 3715 ﬁdelium
1268 3674 1364 3729 per
1387 3671 1574 3713 omnes
1600 3657 1784 3711 mundi
1819 3656 1928 3726 pla-

354 3772 453 3826 gas
495 3754 763 3817 diffusam,
810 3754 977 3807 verbo
1021 3749 1142 3805 fidei
1196 3757 1251 3803 et
1296 3748 1538 3802 veritatis
1584 3745 1922 3802 conﬁrman

355 3849 492 3919 Apte
540 3850 726 3904 subter
752 3846 958 3900 arulam
1007 3843 1196 3898 altaris
1223 3841 1368 3895 inﬁxi
1395 3855 1410 3894 :
1438 3849 1498 3894 ut
1517 3840 1727 3892 animos
1751 3837 1928 3892 humi-

357 3939 486 3993 lium
536 3935 829 3990 munimine
875 3949 985 3987 suae
1021 3930 1407 3986 consolationis
1438 3927 1692 3983 allevent.
1738 3925 1927 3980 Facies

355 4041 401 4084 (ιε
427 4038 588 4084 vectes
619 4025 806 4080 altaris
838 4024 903 4077 de
956 4022 1110 4091 lignis
1135 4019 1316 4074 sethim
1353 4019 1508 4084 duos,
1553 4034 1682 4088 quos
1729 4018 1925 4088 open'es

355 4117 563 4173 laminis
593 4116 769 4171 trucis.
813 4113 1007 4168 Vectes
1037 4111 1229 4181 quibus
1275 4108 1445 4164 altare
1473 4107 1788 4178 portabatur
1827 4107 1924 4162 do-

353 4223 530 4269 ctores
552 4220 696 4276 sunt,
721 4208 811 4278 qui
834 4205 1131 4262 Ecclesiam
1153 4210 1395 4258 sanctam
1418 4201 1574 4270 quasi
1593 4207 1811 4271 portare
1840 4214 1927 4255 so-

354 4305 485 4369 lent,
518 4305 644 4359 dum
673 4300 832 4356 ﬁdem
865 4313 929 4352 ac
956 4301 1296 4352 sacramenta
1327 4291 1590 4355 veritatis,
1616 4289 1701 4346 vel
1723 4288 1802 4344 eis
1833 4288 1926 4359 qui

355 4394 665 4449 nesciebant
685 4390 1062 4460 prmdicantcs,
1089 4384 1172 4438 vel
1212 4383 1266 4437 in
1295 4383 1375 4437 eis
1400 4382 1492 4450 qui
1515 4379 1630 4449 jam
1661 4386 1927 4434 noverant

2029 3217 2160 3280 lum,
2191 3213 2486 3284 perfectam
2517 3210 2753 3266 ﬁdelium
2790 3211 2954 3264 vitam
2990 3210 3044 3264 in
3074 3210 3179 3265 hoc
3207 3210 3470 3264 duntaxat
3509 3225 3614 3264 sa:-

2029 3304 2150 3359 culo
2172 3300 2619 3358 commorantium
2663 3299 2839 3369 typice
2870 3297 3172 3363 denuntiat,
3198 3299 3271 3352 ita
3294 3300 3490 3353 atrium
3525 3311 3614 3354 ta-

2029 3393 2326 3459 bernaculi,
2372 3392 2516 3462 quod
2561 3391 2834 3447 dexterius
2867 3399 3008 3455 erat,
3035 3390 3206 3459 prima
3236 3391 3608 3462 incipientium

2030 3485 2332 3539 rudimenta
2362 3482 2718 3538 demonstrat.
2745 3481 2898 3537 Unde
2938 3483 3078 3537 bene
3107 3483 3336 3537 tentoria
3365 3482 3608 3553 ejusdem

2029 3573 2153 3627 atrii
2183 3573 2248 3626 de
2281 3573 2442 3642 bysso
2481 3578 2686 3626 retorta
2723 3579 2879 3624 erant
2924 3569 3063 3625 facta
3097 3588 3110 3624 :
3149 3571 3273 3640 quia
3305 3571 3476 3640 prima
3525 3573 3608 3626 in-

2027 3663 2352 3733 cipientibus
2419 3673 2604 3716 curam
2652 3661 3007 3731 impendenda
3051 3669 3162 3724 est,
3224 3670 3284 3715 ut
3327 3661 3610 3719 illecebras

2027 3754 2208 3810 carnis
2238 3753 2396 3809 simul
2443 3761 2498 3808 et
2525 3752 2750 3822 spiritus
2776 3751 3073 3818 refrenent,
3103 3751 3256 3822 juxta
3286 3753 3417 3808 illud
3463 3755 3605 3824 Apo-

2029 3848 2172 3911 stoli,
2195 3861 2302 3915 quo
2323 3847 2388 3900 de
2416 3844 2540 3899 ﬁliis
2579 3843 2882 3914 adoptionis
2921 3843 3162 3912 loquens,
3216 3842 3414 3913 adjecit
3443 3865 3454 3899 :
3490 3845 3606 3901 llas

2029 3939 2188 4008 igitur
2230 3937 2472 3990 habentes
2520 3936 2888 4005 promissiones
2933 3935 3250 4000 charissimi,
3295 3937 3607 3993 mandemus

2029 4043 2121 4080 nos
2150 4027 2214 4079 ab
2241 4026 2380 4078 omni
2409 4025 2799 4094 inquinamento
2829 4025 3004 4078 carnis
3039 4033 3088 4080 et
3116 4025 3330 4095 spiritus
3361 4025 3445 4096 (11
3476 4025 3604 4081 Cor.

2027 4113 2148 4186 vn).
2180 4113 2542 4182 Retorquetur
2562 4119 2742 4167 autem
2773 4112 2991 4182 byssus,
3022 4129 3091 4169 ne
3118 4113 3273 4169 facile
3299 4115 3469 4184 possit
3496 4116 3606 4170 dis-

2029 4203 2164 4259 solvi
2193 4221 2207 4258 :
2241 4217 2362 4257 cum
2390 4216 2496 4257 non
2544 4201 2718 4256 solum
2745 4202 2926 4258 carnis
2971 4201 3183 4258 luxuria
3231 4206 3602 4276 restringitur,

2028 4311 2216 4352 verum
2237 4295 2400 4351 etiam
2427 4302 2536 4349 tota
2562 4294 2679 4365 ejus
2708 4293 2968 4349 memoria
3027 4295 3094 4349 ab
3110 4294 3299 4349 intimo
3327 4297 3489 4351 corde
3515 4313 3602 4351 ra-

2030 4387 2228 4444 dicitus
2251 4385 2516 4442 evellitur.
2548 4385 2766 4440 Centum
2794 4386 2995 4440 cubitos
3018 4402 3180 4440 unum
3225 4387 3364 4441 latus
3410 4389 3603 4443 tenebit

353 4491 406 4536 ct
432 4488 773 4549 acceperant,
804 4475 1187 4532 continuantes
1213 4471 1488 4525 Γοδοτῢηῐ-
1518 4468 1619 4535 Qui
1667 4467 1922 4536 quoniam
1951 4444 2002 4504 Β
2027 4482 2082 4535 in
2109 4480 2432 4551 longitudine
2457 4493 2474 4530 .'
2499 4488 2548 4534 et
2571 4478 2842 4532 columnas
2860 4479 3042 4549 viginti
3082 4494 3202 4532 cum
3224 4479 3434 4533 basibus
3483 4481 3602 4532 toti-

355 4586 460 4625 non
485 4585 579 4624 sua
601 4567 914 4636 praedicant,
957 4563 1049 4616 sed
1099 4577 1163 4615 ea
1202 4576 1322 4629 quze
1372 4567 1497 4613 sunt
1543 4557 1670 4612 Jesu
1699 4556 1919 4619 Christi,

352 4671 458 4712 non
493 4654 738 4709 inductas
775 4649 987 4705 fabulas
1029 4647 1219 4709 secuti,
1257 4645 1351 4699 sed
1399 4643 1669 4711 cognitam
1715 4640 1921 4694 cmlesti

351 4747 570 4803 oraculo
603 4746 854 4799 virtutem
884 4740 1096 4817 Domini
1149 4735 1321 4792 nostri
1387 4733 1587 4787 mundo
1625 4741 1807 4786 notam
1839 4730 1919 4785 fa-

352 4839 519 4901 ciunt,
570 4844 692 4905 apte
720 4842 901 4888 vectes
927 4839 986 4884 ut
1010 4836 1226 4898 portare
1254 4830 1454 4895 queant
1487 4819 1674 4884 altare,
1701 4820 1923 4874 mittun-

359 4939 442 4984 tur
468 4928 521 4982 in
539 4924 790 4982 circulos.
819 4920 1074 4978 Vectibus
1117 4930 1350 4986 namque
1373 4913 1544 4968 altare
1566 4911 1776 4966 Domini
1822 4925 1919 4980 per

358 5019 583 5077 circulos
619 5025 837 5086 portare
864 5021 949 5070 est
991 5011 1193 5068 sanctis
1233 5006 1543 5065 doctoribus
1572 5003 1738 5060 corda
1789 5003 1921 5058 ﬁde-

353 5112 482 5165 tium
509 5123 606 5178 per
643 5106 806 5160 verba
854 5098 1145 5172 Evangelii,
1197 5114 1318 5168 qua:
1353 5110 1451 5151 nec
1483 5093 1622 5150 cmlo
1670 5099 1724 5148 et
1773 5101 1917 5148 terra

355 5197 757 5258 transeuntibus
784 5194 1154 5264 prmteribunt,
1181 5187 1518 5245 exhortando
1547 5184 1773 5255 erigere.
1803 5183 1918 5236 Duo

353 5299 478 5346 sunt
504 5296 684 5344 autem
711 5292 891 5339 vectes
909 5301 923 5336 :
941 5293 1000 5337 ut
1024 5280 1238 5350 utrique
1258 5276 1474 5348 populo,
1498 5283 1553 5329 et
1571 5271 1754 5328 Judaeo
1774 5272 1922 5327 vide—

354 5381 479 5436 tiset
510 5388 568 5435 et
591 5376 796 5449 gentili,
828 5373 1048 5429 verbum
1085 5370 1403 5442 prtedicetur
1433 5385 1444 5419 :
1478 5366 1620 5436 quod
1641 5364 1815 5434 ipsum
1837 5378 1921 5418 se—

353 5472 642 5542 quentibus
665 5485 878 5541 quoque
901 5465 1078 5522 verbis
1097 5464 1375 5524 astruitur,
1401 5476 1522 5517 cum
1550 5458 1880 5515 subinfertur
1903 5478 1913 5512 :

355 5561 625 5632 Eruntque
661 5577 725 5616 ex
767 5570 982 5629 utroque
1034 5555 1193 5610 latere
1237 5552 1420 5607 altaris
1466 5550 1534 5604 ad
1581 5549 1914 5619 portandum.

356 5649 528 5710 Erunt
556 5651 698 5707 enim
727 5652 972 5706 doctores
1003 5645 1094 5716 qui
1120 5641 1375 5707 Judaeum,
1406 5647 1564 5695 erunt
1592 5639 1681 5708 qui
1711 5638 1919 5708 gentili~

2023 4574 2141 4628 dem
2163 4572 2342 4637 tensis,
2367 4586 2484 4642 qua:
2505 4571 2678 4640 capita
2707 4585 2826 4623 cum
2869 4569 3133 4624 cwlaturis
3188 4571 3298 4624 suis
3337 4570 3599 4623 habebunt

2024 4673 2288 4734 argentea,
2313 4671 2368 4718 et
2393 4661 2488 4717 rel.
2514 4660 2737 4715 Constat
2763 4674 3048 4714 numerum
3096 4659 3463 4715 centenarium
3506 4659 3598 4728 qui

1999 4740 2078 4808 ‘tn
2102 4761 2355 4823 computo
2400 4751 2691 4822 digitorum
2722 4751 2788 4804 de
2815 4749 2947 4804 lzeva
2977 4749 3301 4804 transfertur
3336 4749 3386 4802 in
3411 4748 3598 4803 dexte-

2023 4860 2159 4910 ram,
2183 4858 2565 4911 nonnunquam
2591 4843 2644 4896 in
2667 4841 2962 4910 Scripturis
2985 4842 3108 4895 vita:
3135 4841 3370 4896 caelestis
3399 4841 3600 4896 habere

2024 4934 2249 5004 ﬁguram
2281 4952 2293 4986 :
2321 4947 2438 5002 qua:
2463 4933 2604 4986 sicut
2635 4933 2854 4987 dextera
2903 4931 3068 4996 laevae,
3119 4932 3194 4985 ita
3235 4932 3428 4987 merito
3473 4933 3599 4989 vita

2023 5024 2306 5094 prmfertur
2327 5023 2598 5094 praesenti.
2624 5021 2792 5092 Cujus
2815 5023 3073 5076 nimirum
3095 5023 3306 5077 numeri
3342 5021 3597 5092 frequens

2024 5114 2078 5167 in
2104 5113 2302 5168 divinis
2328 5111 2525 5166 litteris
2549 5111 2863 5182 mysterium
2894 5111 3180 5180 reperitur.
3208 5110 3437 5166 Centum
3465 5125 3598 5182 ergo

2024 5204 2235 5259 cubitos
2257 5202 2420 5257 habet
2440 5201 2582 5256 latus
2604 5201 2934 5256 tabernaculi
2964 5201 3017 5254 in
3045 5200 3295 5271 longum:
3327 5202 3456 5271 quia
3481 5203 3599 5258 uni-

2024 5293 2164 5348 versi
2186 5292 2276 5361 qui
2302 5292 2369 5346 ad
2411 5293 2650 5346 membra
2675 5291 2919 5346 ecclesia:
2948 5290 3239 5360 pertinent,
3264 5305 3488 5348 necesse
3511 5303 3598 5350 est

2025 5397 2124 5453 pro
2153 5390 2354 5436 aeterna
2391 5381 2444 5435 in
2491 5380 2645 5436 cmlis
2675 5380 2814 5445 vita,
2845 5379 3083 5435 laborem
3110 5379 3164 5433 in
3215 5393 3274 5434 se
3320 5381 3595 5451 patientia

2024 5483 2080 5528 et
2103 5472 2447 5527 continentiae
2468 5470 2777 5540 temporalis
2799 5477 3093 5525 assumant.
3121 5468 3396 5526 Coluna:
3410 5479 3594 5528 autem

2025 5563 2218 5633 quibus
2246 5561 2360 5617 haec
2384 5561 2612 5616 tentoria
2656 5559 3054 5631 suspenduntur
3086 5560 3140 5614 in
3175 5559 3365 5624 altum,
3406 5561 3596 5618 docto-

2027 5670 2112 5710 res
2139 5662 2264 5710 sunt
2282 5653 2454 5708 sancti
2471 5652 2560 5723 qui
2583 5667 2800 5708 suorum
2825 5652 2985 5708 corda
3013 5651 3336 5717 auditorum,
3367 5666 3401 5708 a
3423 5661 3594 5712 term-
