3992 6182
341 318 448 372 485

1300 325 1792 382 COMMENTARIA
1837 327 1906 382 IN
1943 330 2254 388 EXODUM.
2283 363 2351 374 —
2387 335 2514 390 LIB.
2557 337 2641 392 ιη.

3487 344 3587 398 186

334 438 540 494 stribus
562 436 833 507 contagiis
880 444 1154 504 extracta,
1196 441 1261 495 ad
1290 443 1529 497 cmlestia
1557 445 1911 499 desideranda
1940 448 1991 506 Α
2016 461 2155 498 mur.
2190 447 2254 500 In
2299 465 2360 502 ea
2389 466 2590 519 quoque
2625 451 2748 504 atrii
2800 450 3078 507 latitudine
3121 471 3236 524 qute
3268 458 3470 527 respicit
3516 459 3587 514 ad

333 527 652 593 sustollunt,
686 537 742 582 et
797 529 911 586 haec
959 534 1108 600 quasi
1147 543 1349 590 vestem
1395 537 1607 592 Domini
1632 539 1915 608 diligenter
2013 537 2285 600 orientem,
2319 539 2692 608 quinquaginta
2721 540 2878 593 cubiti
2905 553 3076 595 erunt.
3116 544 3188 597 Ea
3212 545 3430 601 latitudo
3460 550 3587 604 atrii

329 619 657 684 extendunt,
697 636 765 674 ne
801 622 928 690 quid
979 624 1064 677 his
1113 626 1288 681 inesse
1321 628 1646 697 duplicitatis
1696 631 1910 696 valeat,

328 710 422 763 sed
449 710 685 779 simplici
708 727 773 766 ac
794 713 989 766 munda
1011 715 1330 782 intentione,
1354 733 1536 773 coram
1558 721 1783 775 Domino
1804 721 1911 776 vel-

328 809 385 852 ut
414 801 654 854 tentoria
682 800 902 872 byssina
933 804 1158 858 niteant.
1210 805 1339 872 Qua:
1367 809 1619 866 videlicet
1647 813 1911 868 columna:

328 904 492 943 aeneae
520 889 698 955 fuere,
727 893 820 946 sed
847 901 1069 963 argento
1096 897 1321 962 vestitzn,
1366 906 1426 951 ut
1476 900 1528 953 in
1563 902 1909 969 sequentibus

327 979 676 1035 manifestius
697 983 914 1037 dicitur.
941 983 1130 1040 .Enea:
1157 988 1394 1057 quidem,
1417 999 1634 1060 propter
1660 1006 1910 1060 perseve-

329 1071 566 1124 rantiam
592 1073 831 1138 virtutis,
855 1075 966 1129 sive
999 1085 1220 1146 propter
1244 1094 1435 1134 sonum
1462 1081 1636 1150 ipsius
1652 1085 1910 1153 praedica-

327 1161 510 1214 tionis.
544 1161 784 1230 Argento
806 1174 986 1220 autem
1015 1169 1239 1234 vestitae,
1271 1171 1397 1240 quia
1424 1188 1528 1227 non
1555 1174 1698 1229 aliud
1743 1191 1905 1244 quam

324 1251 550 1304 verbum
583 1250 679 1305 Dei
705 1262 920 1317 sonant,
954 1256 1107 1326 cujus
1142 1275 1282 1329 smpe
1323 1261 1543 1320 claritas
1583 1274 1809 1335 argento
1843 1265 1906 1319 il-

323 1340 534 1407 gurari,
568 1354 674 1393 non
723 1342 870 1396 aliud
897 1343 1123 1400 vivendo
1146 1348 1199 1401 in
1231 1349 1459 1416 actibus,
1513 1367 1673 1422 quam
1719 1355 1906 1409 obser-

320 1432 564 1484 vantiam
613 1431 920 1488 divinorum
961 1445 1224 1494 monstrat
1251 1441 1608 1510 eloquiorum.
1639 1443 1755 1500 Non
1817 1461 1905 1500 so-

322 1519 429 1600 lum
476 1521 835 1591 iuargentatze
862 1534 1049 1590 erant,
1076 1530 1170 1583 sed
1199 1538 1254 1584 et
1283 1531 1461 1600 capita
1490 1540 1600 1588 tota
1630 1533 1902 1589 habebant

319 1619 582 1680 argentea
617 1631 630 1665 :
656 1614 797 1682 quod
824 1616 1040 1685 proprie
1067 1617 1348 1673 doctorum
1380 1631 1486 1686 est,
1512 1629 1656 1677 totos
1698 1638 1757 1677 se
1784 1638 1891 1676 vcr-

319 1699 400 1754 bis
427 1716 603 1756 sacrm
643 1701 939 1772 Scriptura:
962 1706 1244 1776 subjicere,
1277 1710 1469 1780 hisque
1499 1712 1740 1766 animum
1779 1727 1887 1768 cor

2011 642 2132 696 quae
2163 630 2229 683 ad
2252 631 2518 684 orientem
2553 632 2794 700 respicit,
2820 634 3173 701 primordium
3207 637 3360 690 bona:
3384 649 3585 695 nostra:

2010 724 2455 789 conversationis,
2498 739 2616 792 quze
2655 740 2685 777 a
2741 725 2846 780 ﬁde
2892 727 3080 796 incipit
3128 728 3415 794 significat,
3467 747 3587 800 quae

2007 823 2229 882 propter
2253 815 2482 884 primam
2509 817 2747 870 cmlestis
2772 818 2956 886 gratia:
2985 821 3410 888 perceptionem,
3439 832 3584 877 recte

2009 907 2075 960 ad
2100 908 2360 961 orientem
2388 909 2662 978 respicere
2691 909 2908 976 dicitur,
2952 911 3104 980 juxta
3138 910 3264 964 illud
3305 913 3444 966 beati
3485 913 3585 966 Za-

2008 997 2230 1052 charim:
2273 995 2516 1050 Visitavit
2554 1015 2646 1051 nos
2679 999 2850 1052 oriens
2875 1015 2939 1052 ea:
2979 999 3103 1052 alto.
3140 999 3451 1054 Illuminare
3502 1001 3584 1054 his

2006 1086 2094 1155 qui
2115 1086 2168 1138 in
2194 1086 2416 1140 tcnebris
2435 1097 2481 1140 et
2505 1087 2690 1140 umbra
2711 1089 2892 1140 mortis
2907 1089 3084 1141 sedent
3104 1087 3255 1158 (Luc.
3288 1089 3372 1159 ιι).
3397 1089 3451 1142 lu
3478 1105 3582 1160 qua

2006 1176 2264 1230 nimirum
2292 1176 2470 1246 plaga,
2499 1177 2886 1248 quinquaginta
2940 1179 3105 1233 cubiti
3141 1187 3301 1232 erunt
3331 1199 3344 1232 :
3375 1181 3498 1248 quia
3528 1182 3583 1235 in

2008 1265 2127 1332 ipso
2153 1280 2276 1319 mox
2332 1266 2580 1336 ingressu
2611 1267 3056 1329 conversationis,
3083 1282 3271 1322 omnes
3320 1269 3410 1336 qui
3439 1277 3585 1324 cate.

2005 1352 2308 1417 chizantur,
2334 1354 2711 1408 remissionem
2738 1363 3086 1423 peccatorum
3115 1363 3168 1409 et
3197 1357 3435 1425 requiem
3467 1373 3586 1428 spe-

2002 1455 2127 1494 rare
2164 1441 2424 1496 docentur
2470 1451 2758 1509 aeternam;
2813 1458 3042 1512 quorum
3095 1452 3270 1499 tamen
3320 1447 3578 1502 continuo

2003 1530 2108 1584 alia
2150 1531 2401 1600 specialis
2438 1531 2715 1586 distinctio
2763 1530 3116 1597 subiul‘ertur,
3167 1548 3287 1602 qua:
3314 1533 3381 1586 ad
3411 1549 3578 1589 unum

2002 1619 2377 1689 eamdemque,
2415 1620 2522 1674 line
2542 1622 2678 1675 bene
2705 1606 3063 1684 considerata,
3099 1621 3353 1676 refertur.
3389 1621 3584 1691 Sequi-

2005 1717 2093 1762 tur
2124 1727 2136 1761 :
2177 1707 2243 1762 In
2282 1707 2467 1778 quibus
2505 1707 2798 1778 quindecim
2829 1708 3117 1762 cubitorum
3156 1711 3402 1773 tentoria,
3430 1709 3583 1763 lateri

283 1787 530 1859 ’pusque
554 1792 1264 1862 meditando,pra:dicando,
1279 1801 1552 1868 operando
1566 1802 1897 1870 mancipare.
1929 1788 1977 1848 Β
2006 1815 2107 1852 uno
2134 1799 2543 1869 deputabuntur,
2573 1798 2926 1869 col‘umnteque
2960 1811 3062 1854 tres
3083 1811 3133 1853 et
3155 1801 3301 1855 bases
3330 1801 3580 1866 totidem;

317 1877 458 1944 Quid
484 1886 670 1932 autem
714 1881 770 1934 in
799 1881 1020 1937 basibus
1058 1883 1430 1940 columnarum
1478 1888 1645 1942 aeneis
1698 1889 1898 1956 aptius,

318 1989 481 2042 quam
513 1972 730 2027 initium
763 1973 1042 2042 sapientia:
1077 1975 1324 2031 timorem
1352 1977 1564 2032 Domini
1599 1978 1901 2048 intelligere

319 2064 597 2126 debemus,
628 2065 696 2118 de
729 2077 837 2132 quo
863 2072 918 2120 et
953 2063 1094 2120 ﬁlius
1121 2064 1312 2121 Sirach
1336 2067 1413 2121 ait
1443 2085 1456 2122 :
1494 2067 1668 2122 Radix
1691 2069 1900 2139 sapien-

318 2152 404 2204 tiae
425 2162 519 2214 est,
549 2153 732 2206 timere
762 2152 928 2206 Deum
953 2152 1143 2224 (Eccli.
1175 2154 1237 2226 i).
1269 2155 1369 2212 Ubi
1413 2164 1468 2210 et
1498 2156 1725 2225 pulchre
1773 2157 1902 2212 sub-

311 2245 492 2315 jnnsit
526 2261 544 2297 :
583 2243 741 2297 Rami
793 2243 930 2298 enim
973 2244 1118 2299 illius
1166 2246 1418 2316 longaevi,
1466 2247 1591 2316 quia
1642 2249 1899 2302 nimirum

319 2338 560 2405 germina
592 2338 854 2391 virtutum
881 2336 1200 2403 multifaria,
1231 2354 1350 2408 quae
1393 2339 1584 2394 timore
1636 2339 1731 2394 Dei
1782 2349 1900 2394 tan-

317 2444 480 2498 quam
519 2444 658 2498 opus
707 2436 764 2482 et
811 2429 1082 2484 caelatum:
1147 2430 1522 2485 columnarum
1565 2432 1631 2486 de
1679 2431 1898 2488 basibus

316 2521 601 2590 prodeunt,
630 2535 907 2588 nunquam
936 2519 1115 2574 fructu
1155 2536 1266 2576 sua:
1295 2522 1564 2578 mercedis
1611 2523 1891 2578 carebunt.

317 2613 499 2675 Quare
531 2618 709 2663 autem
735 2609 923 2681 viginti
952 2609 1152 2664 iuerint
1179 2611 1443 2668 columnae
1471 2613 1527 2668 in
1569 2628 1677 2669 uno
1726 2613 1896 2670 latere

319 2699 471 2762 atrii,
500 2714 657 2768 supra
680 2699 793 2769 jam
823 2701 1127 2770 expositum
1156 2710 1239 2755 est
1263 2718 1276 2754 :
1302 2702 1393 2756 ubi
1417 2702 1661 2772 ejusdem
1684 2707 1896 2760 numeri

320 2789 518 2844 tabulae
567 2791 620 2844 in
657 2806 763 2845 uno
812 2791 984 2846 latere
1036 2790 1396 2858 tabernaculi,
1422 2803 1548 2848 sunt
1593 2793 1711 2848 ﬁeri
1754 2810 1895 2864 prte-

317 2888 506 2948 capue.

393 2968 650 3025 Similiter
672 2971 728 3024 in
766 2970 926 3025 latere
957 2971 1218 3043 aquilonis
1243 2988 1335 3042 per
1357 2971 1568 3042 longum
1593 2981 1744 3026 erunt
1788 2981 1898 3027 ten-

317 3062 448 3113 toria
478 3071 686 3115 centum
735 3062 1063 3126 cubitorum;
1111 3061 1364 3117 columnte
1391 3064 1605 3134 viginti,
1651 3074 1697 3118 et
1744 3063 1891 3118 bases

2003 1891 2131 1944 etin
2160 1889 2322 1945 latere
2345 1890 2532 1945 altaris
2584 1899 2734 1944 erunt
2776 1891 2998 1944 tentoria
3050 1891 3251 1944 cubitos
3298 1891 3583 1944 obtinentia

2001 1981 2320 2052 quindecim,
2364 1981 2620 2036 columna:
2641 1993 2764 2046 tres,
2793 1992 2841 2036 et
2883 1984 3030 2036 bases
3078 1984 3314 2036 totidem.
3343 1982 3582 2049 Quinde-

1999 2073 2108 2128 cim
2153 2088 2384 2144 namque
2409 2088 2530 2142 quae
2579 2074 2888 2142 septenario
2927 2081 2984 2128 et
3022 2074 3303 2128 octonario
3357 2087 3582 2127 numero

2002 2172 2270 2227 constant,
2297 2173 2443 2218 recte
2470 2163 2665 2232 gaudia
2692 2163 2978 2234 designant
3008 2163 3133 2218 vitae
3163 2173 3376 2218 aeterna:
3406 2181 3420 2217 :
3460 2178 3580 2231 qua:

2000 2269 2031 2308 a
2058 2255 2388 2309 sabbatismo
2416 2255 2680 2324 incipiens
2718 2256 3043 2320 animarum,
3091 2255 3143 2308 in
3180 2257 3580 2310 resurrectione

1999 2357 2285 2411 corporum
2315 2341 2611 2412 perﬁcitur.
2641 2341 2707 2396 In
2733 2343 2948 2396 introitu
2989 2358 3106 2396 vero
3129 2343 3256 2396 atrii
3279 2344 3369 2412 ﬁet
3413 2352 3582 2396 tento-

1999 2431 2135 2484 rium
2165 2431 2452 2484 cubitorum
2489 2432 2689 2501 uiginti,
2717 2447 2781 2485 ea;
2801 2431 3080 2500 hyacintho
3101 2441 3150 2484 et
3175 2449 3428 2502 purpura,
3461 2449 3578 2485 coc-

1998 2541 2160 2595 coque
2185 2524 2261 2578 bis
2283 2526 2468 2590 tincto,
2491 2534 2539 2579 et
2576 2524 2726 2594 bysso
2755 2533 2970 2588 retorta,
3001 2539 3152 2593 opere
3177 2523 3445 2594 plumarii.
3479 2523 3582 2577 Co-

1997 2614 2205 2670 lumnas
2253 2616 2460 2670 habebit
2498 2625 2727 2686 quatuor
2753 2631 2870 2668 cum
2919 2613 3127 2666 basibus
3148 2613 3380 2667 totidem.
3412 2613 3470 2666 In
3496 2614 3583 2667 in-

1998 2705 2162 2760 troitu
2211 2706 2335 2760 atrii
2377 2712 2612 2773 quatuor
2651 2713 2777 2759 sunt
2802 2702 3068 2757 columnae
3097 2720 3109 2755 :
3141 2702 3266 2771 quia
3323 2717 3428 2756 non
3473 2702 3578 2756 nisi

1995 2809 2095 2863 per
2126 2793 2286 2848 ﬁdem
2319 2803 2374 2848 et
2407 2801 2810 2848 sacramentum
2850 2790 3134 2859 evangelii,
3183 2805 3301 2858 quae
3346 2799 3579 2859 quatuor

1994 2883 2148 2937 libris
2181 2884 2546 2946 continentur,
2578 2885 2839 2938 unitatem
2885 2890 3087 2936 sancta:
3135 2882 3409 2944 Ecclesiae,
3449 2883 3573 2950 quis

1996 2974 2200 3044 ingredi
2228 2975 2448 3042 poterit.
2500 2973 2652 3029 Unde
2676 2972 2900 3042 pulchre
2940 2973 2992 3026 in
3027 2973 3142 3042 ipsa
3173 2972 3411 3026 Ecclesia
3448 2987 3568 3025 nios

1995 3066 2250 3135 antiquus
2279 3064 2520 3129 inolevit,
2556 3072 2615 3117 ut
2639 3064 2723 3118 his
2763 3063 2858 3132 qui
2881 3063 3276 3126 catecliizandi,
3311 3071 3366 3115 et
3412 3062 3567 3117 Chri-

318 3167 470 3204 tcnete
490 3152 727 3221 ejusdem
758 3153 985 3217 numeri,
1016 3163 1064 3207 et
1087 3153 1260 3223 capita
1285 3169 1463 3206 earum
1486 3169 1604 3207 cum
1625 3152 1890 3208 cwlaturis
1918 3142 1963 3204 C
1994 3157 2188 3210 stianis
2214 3155 2730 3210 suntsacramentis
2758 3153 3029 3217 initiandi,
3067 3162 3299 3222 quatuor
3345 3168 3574 3222 cvange-

316 3243 422 3294 suis
446 3252 715 3314 argentea.
746 3243 947 3299 Eadem
973 3245 1040 3299 de
1060 3244 1228 3299 latere
1256 3245 1523 3314 aquilonis
1551 3253 1888 3314 repetuntur,

316 3329 564 3400 quaejam
612 3333 682 3387 de
725 3333 896 3388 latere
942 3334 1168 3388 australi
1220 3344 1376 3389 erant
1401 3336 1722 3404 praemissa:
1765 3337 1893 3407 quia

319 3422 594 3490 utriusque
642 3425 948 3478 testamenti
1002 3438 1314 3494 praecones,
1370 3439 1610 3481 consono
1647 3441 1746 3480 nos
1797 3441 1893 3481 ore

319 3513 379 3565 ad
401 3513 645 3567 coelestia
673 3513 888 3583 erigunt
918 3531 930 3566 :
963 3514 1178 3567 tametsi
1202 3515 1552 3569 caeremonias
1585 3531 1893 3571 sacramen-

319 3610 488 3657 torum
520 3603 848 3668 babuerunt,
865 3618 964 3673 pro
991 3613 1294 3674 temporum
1321 3606 1526 3660 ratione
1554 3605 1886 3664 differentes.

321 3689 383 3743 In
416 3693 698 3746 altitudine
726 3709 846 3747 vero
899 3695 1023 3746 atrii
1049 3710 1168 3763 qua:
1197 3693 1404 3763 respicit
1430 3695 1500 3748 ad
1534 3696 1848 3751 occidentem
1870 3738 1887 3763 ,

1994 3247 2187 3302 liorum
2233 3245 2493 3316 principia
2517 3244 2842 3309 recitentur;
2881 3258 2944 3297 ac
2969 3243 3036 3296 de
3061 3243 3247 3312 ligni-is
3294 3250 3349 3297 et
3384 3243 3575 3298 ordine

1993 3350 2200 3398 eorum,
2228 3335 2284 3388 in
2327 3334 2606 3404 apertioue
2651 3333 2862 3386 aurium
2907 3347 3126 3385 suarum
3172 3331 3398 3385 solerter
3449 3346 3576 3385 eru-

1993 3425 2229 3488 diuntur,
2260 3439 2368 3492 quo
2414 3423 2587 3478 sciant
2621 3423 2817 3477 exinde
2867 3437 2932 3477 ac
2966 3422 3332 3486 meminerint,
3385 3422 3478 3491 qui
3519 3430 3576 3476 et

1991 3525 2121 3585 quot
2147 3525 2273 3571 sunt
2298 3515 2441 3581 libri,
2480 3530 2711 3584 quorum
2734 3515 2914 3569 verbis
2950 3515 3184 3569 maxime
3215 3515 3270 3569 in
3302 3514 3407 3569 fide
3434 3513 3576 3568 veri-

1991 3607 2118 3662 tatis
2173 3607 2402 3661 debeant
2428 3605 2652 3659 erudiri.
2707 3605 2766 3659 In
2816 3621 2923 3674 quo
2971 3606 3229 3669 introitu,
3279 3607 3572 3661 tentorium

1988 3710 2203 3766 quoque
2232 3695 2347 3749 ﬁeri
2401 3695 2709 3748 cubitorum
2738 3695 2929 3765 viginti
2974 3696 3305 3765 praecipitur,
3339 3696 3431 3764 qui
3481 3707 3571 3751 est

316 3792 461 3834 erant
488 3784 715 3836 tentoria
757 3800 848 3853 per
879 3785 1255 3855 quinquaginta
1286 3785 1508 3850 cubitos,
1557 3795 1604 3840 et
1634 3786 1890 3842 columnae
1987 3798 2246 3840 numerus
2268 3784 2408 3839 idem
2433 3783 2816 3852 quaternarius
2843 3784 3131 3852 quinquies
3155 3786 3366 3839 ductus.
3390 3784 3567 3850 Quin-

315 3871 503 3936 decem,
535 3873 785 3942 basesque
805 3872 1040 3939 totidem,
1065 3882 1172 3929 etc.
1203 3873 1458 3930 Latitudo
1483 3875 1606 3928 atrii
1651 3890 1772 3945 quae
1819 3876 1888 3932 ad
1987 3890 2094 3946 que
2123 3884 2303 3929 autem
2357 3881 2483 3929 sunt
2531 3873 2799 3928 notissimi
2850 3874 3094 3944 corporis
3124 3874 3295 3929 nostri
3353 3888 3568 3939 sensus,

314 3977 562 4016 occasum
588 3963 814 4032 respicit
857 3963 1008 4028 solis,
1044 3963 1136 4019 ubi
1170 3963 1458 4019 terminato
1480 3963 1664 4020 labore
1692 3965 1888 4021 diurno
1986 3967 2138 4022 visus
2167 3965 2440 4030 videlicet,
2489 3965 2728 4030 auditus,
2773 3973 2980 4035 gustus,
3025 3965 3255 4022 oti-actus
3282 3973 3338 4022 et
3365 3973 3568 4022 tactus.

312 4052 482 4108 rectis
504 4065 700 4120 sopora
725 4051 898 4122 gratia
939 4053 1200 4118 succedit,
1233 4053 1429 4108 merito
1452 4061 1663 4124 tempus
1685 4054 1888 4126 signill-
1983 4057 2133 4112 Bene
2175 4071 2305 4126 ergo
2327 4057 2381 4110 in
2413 4055 2637 4110 introitu
2662 4056 2787 4112 atrii
2819 4057 3110 4112 tentorium
3136 4057 3328 4128 viginti
3345 4057 3568 4114 cubito-

311 4154 395 4200 eat
422 4144 574 4211 illud,
602 4147 821 4216 quando
849 4149 1099 4202 cessante
1120 4156 1243 4216 post
1268 4155 1498 4203 mortem
1523 4148 1635 4204 vita
1665 4148 1884 4214 actuali,
1984 4164 2106 4206 rum
2148 4148 2204 4202 in
2229 4156 2463 4217 quatuor
2491 4146 2759 4202 columnis
2802 4147 3166 4216 suspenditur,
3202 4148 3328 4216 quia
3376 4159 3567 4202 omnes

309 4238 457 4306 quies
495 4239 798 4293 electorum
835 4246 890 4292 et
925 4253 1137 4294 merces
1170 4247 1374 4294 mterna
1421 4240 1888 4328 sequitur.thi-
1985 4240 2078 4310 qui
2107 4249 2350 4295 sanctam
2377 4237 2673 4293 Ecclesium
2700 4237 2925 4301 intrant,
2956 4237 3024 4290 ad
3061 4236 3298 4306 regulam
3324 4237 3568 4328 Evange-

304 4340 408 4394 que
445 4329 550 4393 illi,
597 4329 692 4398 qui
737 4327 792 4382 in
828 4328 987 4383 vinea
1039 4328 1236 4383 summi
1263 4328 1667 4398 patrisfamilias
1687 4326 1884 4401 opera-
1985 4330 2205 4394 liorum,
2234 4328 2390 4383 {idem
2423 4342 2576 4381 suam
2603 4327 2809 4395 pariter
2835 4335 2890 4380 et
2909 4335 3064 4381 actus
3100 4338 3428 4393 componere
3465 4326 3564 4380 de-

313 4418 522 4488 bsntur,
555 4433 680 4472 cum
707 4425 988 4473 seroessct
1009 4417 1234 4482 factum,
1253 4419 1474 4488 praemia
1487 4419 1570 4474 sui
1592 4433 1886 4488 percepero
1909 4473 1958 4488 ἢ
1985 4419 2145 4483 bent;
2179 4426 2240 4471 ut
2269 4416 2610 4472 continentes
2657 4414 2727 4469 ab
2774 4414 3047 4470 illecebris
3083 4413 3395 4469 carnalibus
3425 4429 3562 4469 cun-

307 4505 524 4562 laboris.
555 4507 726 4563 Recte
759 4507 1097 4564 occidentale
1129 4507 1272 4563 latus
1299 4508 1424 4562 atrii
1457 4509 1692 4564 tentoria
1720 4509 1882 4566 babe-

306 4596 391 4650 bat
411 4612 511 4666 per
553 4597 949 4667 quinquaginta
977 4597 1208 4662 cubitos,
1241 4605 1297 4654 et
1343 4597 1624 4654 columnas
1667 4598 1878 4655 decem.

305 4685 810 4758 Quinquagenarius
853 4703 1088 4758 namque
1130 4704 1428 4754 numerus,
1470 4699 1729 4746 consuete
1750 4690 1882 4746 insi-

302 4777 704 4842 gniﬁcationum
731 4777 783 4831 in
807 4778 922 4848 lege
949 4778 1478 4849 quinquagesimum,
1501 4779 1593 4850 qui
1618 4779 1878 4846 libertati,

301 4867 462 4932 quieti
497 4873 555 4919 et
594 4865 899 4920 remissioni
929 4874 1073 4921 totus
1094 4875 1212 4920 erat
1231 4876 1630 4938 congregatus:
1661 4877 1885 4938 propter

298 4956 436 5023 quod
464 4964 525 5009 et
544 4953 790 5010 Jubileus
807 4957 991 5011 vocari
1020 4964 1320 5027 praeceptus
1351 4955 1624 5013 est.Jobel
1645 4973 1879 5029 namque

300 5049 579 5105 dimittens
601 5057 698 5104 aut
723 5057 962 5105 mutatus
986 5051 1395 5121 interpretatur.
1434 5052 1726 5109 Denarium
1744 5070 1880 5124 quo-

298 5154 399 5208 que
429 5155 745 5206 numerum,
773 5149 985 5197 constat
1011 5142 1196 5197 eadem
1225 5157 1454 5214 superna
1486 5145 1706 5215 praemia
1732 5145 1877 5202 desi-

300 5244 494 5298 gnare:
518 5230 613 5284 ubi
637 5230 868 5285 humana
892 5237 1083 5285 natura
1117 5231 1171 5284 in
1207 5239 1434 5303 utraque
1459 5247 1555 5288 sua
1581 5233 1880 5289 substantia

301 5320 678 5378 immortaliter
702 5321 1004 5388 sublevata,
1032 5323 1087 5377 in
1130 5322 1324 5378 divina:
1345 5325 1632 5394 praesentia
1650 5325 1876 5382 visionis

303 5407 529 5465 letatur.
555 5411 700 5466 Deus
725 5428 960 5483 namque
1008 5413 1226 5469 trinitas
1247 5423 1358 5480 est;
1409 5430 1606 5486 corpus
1631 5425 1875 5472 nostrum

303 5514 365 5554 ex
394 5510 632 5570 quatuor
663 5502 946 5558 elementis
978 5503 1244 5560 subsistit.
1285 5505 1514 5561 Interior
1561 5505 1724 5562 homo
1771 5521 1874 5562 no-

305 5601 412 5646 ster
438 5594 683 5649 ternario
718 5611 947 5651 numero
971 5599 1468 5666 comprehenditur,
1497 5613 1618 5654 cum
1666 5616 1732 5655 ex
1764 5609 1876 5656 toto

305 5686 482 5752 corde,
515 5694 628 5741 tota
654 5687 859 5755 anima,
886 5696 994 5744 tota
1027 5688 1241 5757 virtute,
1275 5690 1442 5746 Deum
1474 5690 1694 5760 diligere
1722 5692 1876 5764 jube-

1985 4516 2102 4564 ctos
2149 4506 2234 4562 sui
2277 4505 2523 4574 corporis
2564 4519 2755 4560 sensus
2803 4503 3003 4559 divinis
3053 4502 3340 4573 subjugent
3386 4503 3560 4572 impe-

1981 4603 2097 4659 riis.
2112 4601 2230 4658 Non
2247 4603 2419 4658 solum
2438 4602 2583 4656 enim
2603 4599 2706 4654 hoc
2729 4599 3020 4655 tentorium
3041 4606 3273 4668 quatuor
3293 4596 3562 4652 columnis
3615 4617 3631 4632 -

1982 4693 2316 4755 sublevatur,
2341 4691 2435 4746 sed
2454 4698 2511 4745 et
2555 4690 2730 4759 ipsum
2754 4689 2807 4742 in
2855 4687 3190 4756 longitudine
3216 4701 3335 4750 sua,
3363 4685 3560 4755 quina-

1980 4784 2124 4839 rium
2144 4797 2430 4839 numerum
2444 4797 2540 4851 per
2551 4790 2783 4850 quatuor
2806 4777 3216 4847 multiplicatum
3238 4777 3420 4842 habet,
3435 4791 3561 4832 cum

1980 4877 2208 4948 quilibet
2238 4875 2470 4930 humiles
2495 4889 2558 4928 ac
2587 4873 2662 4944 pii
2689 4872 2962 4927 auditores
2982 4868 3048 4923 ad
3071 4867 3232 4923 [idem
3258 4869 3558 4928 venientes,

1984 4984 2094 5024 non
2149 4968 2322 5022 solum
2369 4963 2645 5034 Evangelii
2701 4961 2880 5017 verbis
2939 4959 3140 5024 imbui,
3202 4956 3558 5012 verumetiam

1985 5057 2350 5128 evangelicam
2376 5054 2476 5125 ipsi
2524 5066 2684 5123 agere
2711 5052 2877 5106 vitam
2909 5050 3298 5113 desiderantes,
3333 5053 3560 5102 cunctos

1984 5149 2069 5204 sui
2101 5145 2345 5216 corporis
2383 5157 2571 5198 sensus
2627 5141 2684 5196 in
2719 5139 3081 5195 obedientiam
3123 5135 3409 5191 cbaritatis
3454 5149 3556 5188 es-

1983 5239 2247 5310 pendunt.
2291 5235 2458 5290 Recte
2477 5241 2656 5288 autem
2677 5233 2782 5288 hoc
2814 5230 3038 5286 introitu
3066 5227 3191 5283 atrii
3227 5225 3551 5286 tentorium,

1985 5346 2094 5385 non
2141 5329 2282 5384 sicut
2308 5327 2363 5381 in
2387 5325 2593 5395 reliquo
2621 5323 2766 5378 atrio
2795 5323 2863 5377 de
2890 5322 3053 5392 bysso
3080 5327 3308 5380 retorta,
3342 5313 3437 5369 sed
3483 5312 3553 5366 de

1981 5427 2214 5490 quatuor
2241 5417 2300 5471 tit
2319 5415 2588 5470 coloribus
2612 5411 2982 5475 nobilissimis,
3015 5406 3309 5479 hyacintho
3339 5399 3553 5456 scilicet

1981 5518 2036 5566 et
2059 5522 2316 5579 purpura,
2361 5518 2630 5574 coccoque
2673 5501 2758 5559 bis
2787 5503 2974 5566 tincto,
3011 5507 3064 5553 et
3100 5498 3216 5566 ipsa
3265 5494 3429 5563 bysso
3458 5507 3552 5547 re-

1984 5579 2122 5652 tbi'ta
2149 5610 2312 5666 opere
2335 5593 2587 5665 plumarii
2617 5611 2628 5647 :
2660 5593 2786 5664 quia
2826 5589 3046 5660 pulchra
3071 5583 3288 5652 quidem
3335 5582 3424 5638 his
3456 5581 3557 5652 qui

1983 5689 2384 5746 catccbizaatur
2429 5684 2682 5750 Ecclesia:
2742 5682 2904 5738 iacies
2955 5674 3192 5733 exterius
3221 5673 3409 5743 fulget,
3455 5679 3556 5736 sed
