3954 6176
379 322 483 376 187

1048 320 1106 374 Β.
1146 318 1397 374 RABANI
1434 316 1651 374 MAURI
1693 316 2006 372 ARCI'IIEP.
2051 317 2356 376 MOGUN'l'.
2399 317 2679 374 OPERUM
2721 318 2897 374 PARS
2933 319 2973 374 l.

3519 325 3626 380 188

375 432 544 488 multo
569 433 880 502 praeclarior
902 429 1019 500 ejus
1072 433 1305 502 dignitas
1339 447 1404 487 ac
1441 433 1614 486 virtus
1665 431 1944 501 apparebit
1971 432 2023 490 A
2049 428 2327 500 Scriptura
2373 447 2526 486 sacra
2566 431 2856 502 designari.
2893 432 3050 489 Unde
3073 435 3329 504 scriptum
3359 448 3441 493 est
3473 457 3486 493 ε
3517 440 3634 496 Fu-

373 521 570 589 bisqui
598 535 716 575 eam
739 535 835 590 per
856 531 1256 576 sacramentum
1271 522 1826 593 baptismatisingredi
1841 537 1946 578 me-

375 622 583 668 rentur.
603 610 705 678 Qui
732 611 983 666 videlicet
1010 612 1220 666 colores
1246 627 1409 683 opere
1432 613 1683 682 plumarii
1711 621 1836 668 sunt
1858 613 1942 668 in—

375 706 550 758 vicem
576 704 790 767 variati,
818 719 938 758 cum
970 719 1303 774 unaquaeque
1322 705 1496 760 virtus
1530 705 1785 769 ﬁdelium,
1816 706 1948 761 vici-

375 809 568 847 narum
599 793 699 848 sibi
729 793 985 847 virtutum
1008 795 1289 860 societate,
1321 802 1375 849 et
1398 794 1544 850 velut
1568 797 1801 863 quadam
1821 810 1949 850 con-

375 883 761 953 sanguinitate,
786 884 1015 951 amplius
1039 884 1290 940 clarescit
1319 901 1334 939 :
1365 888 1613 956 quamvis
1642 888 1805 942 etiam
1831 889 1946 943 sin-

375 974 482 1041 guli
511 972 722 1027 colores
759 972 966 1042 praefati
997 974 1220 1044 singulis
1241 976 1537 1030 electorum
1579 979 1790 1045 possint
1817 993 1949 1033 con-

373 1063 576 1118 venire
607 1065 876 1132 personis.
923 1063 1058 1131 Quia
1089 1066 1232 1121 enim
1278 1067 1470 1137 aliquis
1498 1069 1658 1123 altius
1705 1069 1947 1125 cmlestia

375 1157 641 1225 speculari
670 1165 928 1223 meretur,
953 1159 1276 1230 hyacinthus
1302 1170 1416 1227 est;
1447 1163 1584 1216 alter
1607 1203 1618 1227 ,
1643 1163 1767 1232 quia
1794 1163 1946 1232 plura

373 1256 595 1319 propter
631 1248 898 1318 justitiam
946 1251 1181 1318 patitur,
1218 1267 1457 1322 purpura
1509 1263 1624 1318 est;
1673 1255 1784 1318 hic,
1822 1255 1948 1323 quia

375 1339 702 1394 ferventiore
733 1340 785 1392 in
802 1341 969 1394 Deum
995 1348 1052 1395 et
1075 1343 1378 1410 proximum
1402 1342 1687 1398 dilectione
1707 1343 1950 1398 ﬂamme-

375 1429 498 1496 scit,
529 1445 724 1485 coccus
752 1430 836 1484 bis
864 1431 1062 1486 tinctus
1090 1442 1209 1497 est;
1243 1433 1350 1498 ille,
1382 1435 1506 1504 quia
1539 1434 1844 1504 specialiter
1868 1436 1950 1490 in-

375 1519 628 1590 tegritate
654 1521 836 1574 carnis
858 1521 1137 1591 virginalis
1163 1523 1325 1589 albet,
1355 1525 1548 1595 byssus
1594 1534 1796 1582 retorta
1840 1537 1944 1582 est.

443 1607 634 1664 Omnes
668 1611 922 1667 columna:
959 1616 1082 1668 atrii
1116 1632 1207 1686 per
1244 1618 1516 1672 circuitum
1557 1622 1750 1675 vestitae
1795 1630 1948 1675 erunt

373 1700 574 1766 argenti
599 1697 829 1766 laminis,
858 1702 1112 1772 capitibus
1151 1707 1407 1774 argenteis
1451 1715 1500 1760 et
1532 1707 1739 1763 basibus
1766 1711 1941 1764 micis.

375 1786 694 1858 Diligentius
745 1805 810 1845 ea
861 1769 980 1861 qua:
1006 1769 1232 1848 dixerat
1265 1796 1521 1863 inculcat,
1552 1807 1611 1851 ut
1655 1799 1838 1853 sedulo
1873 1799 1950 1856 le-
1977 1769 2023 1828 Β

373 1882 580 1929 ctorem
601 1877 908 1944 admoneat,
943 1881 1212 1936 neminem
1235 1882 1374 1938 inter
1403 1885 1652 1942 doctores
1679 1890 1946 1955 veritatis,

373 1966 651 2022 columnas
681 1969 930 2025 videlicet
976 1972 1099 2026 atrii
1127 1973 1396 2039 caelestis,
1430 1991 1589 2044 posse
1622 1981 1947 2048 computari,

374 2058 466 2126 qui
502 2073 606 2112 non
639 2059 808 2114 instar
834 2060 960 2116 aeris
988 2061 1350 2118 invincibilem
1396 2065 1537 2119 inter
1582 2068 1808 2121 adversa
1854 2083 1951 2138 pa-

373 2147 617 2202 tientiam
673 2149 873 2205 habere
933 2151 1222 2219 didicerit,
1281 2169 1387 2208 non
1437 2170 1496 2210 se
1543 2156 1844 2210 caelestium
1893 2168 1948 2213 et

372 2237 715 2292 observantia
775 2246 831 2293 et
874 2242 1286 2298 annuntiatione
1325 2244 1652 2310 verborum,
1708 2243 1948 2316 undique

369 2327 517 2381 velut
567 2329 774 2399 argenti
813 2329 1028 2384 laminis
1081 2332 1290 2386 munire
1342 2341 1503 2402 atque
1536 2349 1806 2389 exornare
1854 2350 1951 2389 cu-

375 2419 616 2483 raverit,
669 2435 779 2474 non
837 2435 896 2475 se
952 2422 1097 2475 omni
1151 2423 1482 2492 subiectione
1534 2427 1816 2495 praeceptis
1863 2426 1949 2481 di-

380 2509 521 2564 vinis
546 2511 696 2578 quasi
721 2519 978 2582 argenteo
1002 2512 1179 2580 capite
1206 2528 1510 2582 supponere
1539 2517 1825 2582 studuerit,
1842 2533 1946 2573 non

375 2600 431 2653 in
484 2599 678 2656 timore
722 2601 818 2658 Dei
869 2601 1017 2656 velut
1061 2617 1210 2657 aenea
1261 2604 1376 2659 basi
1419 2605 1665 2662 stabilire
1724 2623 1950 2664 consue-

375 2690 534 2743 verit.

449 2777 512 2835 In
538 2779 860 2852 longitudine
885 2783 1152 2854 occupabit
1176 2784 1368 2839 atrium
1409 2785 1607 2841 subitos
1645 2796 1869 2855 centum,
1893 2790 1949 2847 in

378 2871 654 2926 latitudine
693 2866 1112 2944 quinquaginta:
1140 2876 1364 2931 altitudo
1394 2879 1619 2949 quinque
1657 2880 1948 2934 cubitorum

375 2963 496 3016 erit.
545 2961 773 3018 Centum
820 2967 1032 3022 cubitos
1082 2967 1427 3037 longitudinis
1475 2971 1636 3025 habet
1683 2971 1944 3038 Ecclesia,

375 3051 502 3120 quia
533 3052 684 3106 ulnas
710 3069 837 3107 suas
857 3055 1032 3109 elevat
1057 3057 1123 3110 ad
1148 3059 1286 3112 bona
1317 3073 1478 3126 opera
1515 3069 1737 3129 propter
1773 3060 1941 3114 vitam

371 3149 653 3196 aeternam.
692 3142 1084 3212 Quinquaginta
1134 3147 1469 3211 latitudinis,
1519 3149 1644 3216 quia
1702 3151 1942 3218 requiem

375 3239 561 3300 sperat
583 3232 986 3301 sempiternam,
1016 3235 1068 3286 in
1109 3237 1282 3304 gratia
1320 3235 1554 3306 Spiritus
1581 3240 1786 3304 sancti,
1828 3256 1948 3309 qua:

377 3319 838 3389 quinquagenario
873 3337 1098 3377 numero
1136 3324 1303 3378 voluit
1331 3325 1618 3395 designari,
1649 3344 1772 3382 cum
1812 3330 1944 3384 Pen-

379 3416 636 3473 tecosten,
673 3408 726 3462 id
754 3416 857 3474 est,
897 3412 1396 3483 quinquagesimum
1431 3413 1704 3470 Paschalis
1745 3416 1952 3472 festivi-

376 3501 504 3554 tatis
554 3501 727 3566 diem,
771 3517 868 3557 suo
917 3504 1148 3558 adventu
1177 3519 1497 3561 consecrare
1541 3507 1791 3577 dignatus
1842 3517 1945 3564 est.

373 3591 613 3646 Altitudo
636 3593 874 3662 quinque
902 3594 1205 3649 cubitorum
1235 3604 1318 3649 est
1335 3594 1488 3664 juxta
1517 3613 1801 3652 numerum
1831 3615 1951 3655 sen-

374 3695 530 3735 suum
551 3683 797 3752 corporis
820 3684 1013 3748 nostri,
1030 3684 1154 3752 quia
1173 3691 1301 3740 tunc
1327 3686 1551 3755 recipiet
1577 3690 1947 3759 unusquisque

373 3775 590 3844 propria
628 3778 871 3846 corporis
901 3779 982 3833 sui
1015 3787 1178 3849 prout
1221 3780 1412 3849 gessit,
1439 3781 1552 3836 sive
1580 3783 1805 3846 bonum,
1833 3781 1948 3837 sive

381 3867 600 3922 malum.

447 3954 647 4009 Cuncta
671 3972 794 4010 vasa
828 3957 1150 4011 tabernaculi
1173 3958 1228 4011 in
1254 3975 1432 4012 omnes
1476 3975 1604 4012 usus
1629 3959 1745 4028 ejus
1773 3969 1822 4012 et
1850 3974 1949 4012 car-

377 4049 658 4112 remonias,
684 4056 791 4100 tam
813 4047 1038 4117 paxillos
1063 4050 1180 4120 ejus
1198 4065 1358 4120 quam
1383 4051 1605 4116 attii,ea:
1633 4067 1736 4106 cere
1765 4051 1946 4120 facies.

387 4136 526 4192 V‘asa
558 4139 882 4194 tabernaculi
923 4141 977 4194 in
1013 4157 1188 4196 omnes
1218 4157 1344 4196 usus
1375 4142 1491 4213 cjus
1519 4152 1568 4196 et
1612 4143 1948 4197 caeremonias

379 4239 698 4298 praeparata,
729 4231 976 4286 homines
999 4239 1130 4286 sunt
1157 4231 1414 4288 Ecclesiae
1441 4233 1495 4287 in
1532 4233 1760 4288 diversis
1789 4232 1952 4286 meri-

379 4319 447 4373 tis
495 4319 856 4391 gradibusque
905 4320 1132 4378 Domino
1178 4321 1580 4388 deservientes;
1643 4337 1765 4393 quae
1822 4337 1953 4377 vasa

2044 519 2256 574 niculus
2297 521 2487 590 triplex
2522 519 2737 576 diﬁicile
2785 523 3053 592 rumpitur
3097 523 3294 596 (Eccle.
3337 527 3442 602 Iv),
3497 533 3630 600 quia

2023 611 2300 670 nimirum
2329 611 2608 682 Scriptura
2633 627 2753 682 quae
2779 613 3062 678 historico,
3092 615 3404 686 allegorico.
3423 623 3626 676 morali

2046 702 2326 757 consuevit
2351 717 2510 758 sensu
2541 702 2914 772 interpretari,
2935 704 3080 758 nulla
3108 705 3482 764 haereticorum
3505 713 3623 767 sive

2045 804 2377 860 paganorum
2429 790 2572 845 valet
2601 793 2957 861 perversitate
2995 795 3288 864 corrumpi.
3327 796 3442 865 Ipsa
3475 802 3624 871 enim

2047 881 2279 935 tentoria
2321 881 2436 935 sive
2459 881 2576 935 vela
2608 890 2666 935 ut
2697 883 2939 952 recipere
2977 882 3134 937 funes
3175 895 3395 952 possent
3423 888 3628 943 habere

2049 983 2269 1022 necesse
2294 975 2376 1022 est
2405 969 2458 1022 in
2499 968 2872 1039 superioribus
2895 970 3006 1024 suis
3039 985 3202 1025 ansas
3229 973 3341 1026 sive
3371 975 3625 1041 circulos,

2048 1057 2244 1125 quibus
2267 1057 2431 1112 iidem
2455 1055 2609 1112 funes
2631 1058 3072 1113 immitterentur.
3089 1060 3156 1114 Et
3177 1072 3232 1113 tu
3257 1063 3302 1115 si
3332 1065 3411 1116 vis
3442 1071 3624 1118 tento-

2051 1151 2190 1204 rium
2217 1149 2310 1203 Dei
2340 1147 2480 1211 ﬁeri,
2510 1165 2753 1220 prazpara
2797 1150 2851 1204 in
2898 1152 3060 1205 corde
3105 1159 3196 1205 tuo
3226 1155 3622 1222 receptaculum

2049 1238 2390 1292 sermonibus
2419 1235 2554 1306 ejus,
2600 1253 2708 1306 quo
2755 1238 2930 1306 possis
2981 1239 3049 1293 ad
3082 1254 3313 1308 superna
3343 1242 3620 1312 suspendi.

2049 1329 2400 1398 [inponantur
2425 1344 2554 1384 vero
2584 1329 2797 1398 paxillis
2841 1329 3214 1385 columnarum
3261 1332 3419 1387 funes
3444 1342 3626 1389 lentor

2049 1423 2272 1486 riorum,
2306 1421 2471 1476 utsic
2509 1436 2746 1491 expansa
2793 1429 2957 1491 atque
2987 1423 3040 1476 in
3077 1423 3247 1477 altum
3295 1424 3455 1489 elata,
3498 1424 3626 1493 pul-

2050 1513 2408 1568 cbritudinem
2429 1511 2759 1566 tabernaculi
2782 1513 3102 1581 compleant.
3127 1512 3478 1566 Committant
3498 1529 3628 1568 san—

2050 1605 2121 1658 cti
2163 1602 2543 1672 praedicatores
2598 1601 2833 1655 ﬁdelium
2863 1600 3114 1655 cordibus
3147 1601 3355 1670 eloquia
3394 1601 3577 1656 divina
3609 1622 3621 1656 :

2051 1709 2252 1764 eosque
2278 1710 2375 1764 per
2398 1694 2514 1748 haec
2542 1693 2610 1746 ad
2658 1693 2962 1762 exemplum
3013 1693 3096 1748 sui
3129 1692 3198 1746 ab
3243 1692 3445 1748 inﬁmis
3483 1694 3623 1764 erigi

2051 1791 2464 1849 commoneant,
2515 1797 2747 1852 expansa
2806 1782 3022 1836 funibus
3069 1797 3132 1836 ac
3175 1782 3454 1837 sublevata
3505 1784 3630 1838 vela‘

2050 1877 2166 1932 sive
2207 1874 2472 1939 tentoria,
2520 1873 2684 1928 decus
2733 1872 2818 1926 sui
2877 1871 3056 1942 operis
3099 1871 3424 1934 miriﬁcum,
3478 1872 3623 1941 quod

2049 1967 2290 2022 involuta
2332 1965 2706 2034 nequiverant,
2735 1963 2946 2019 cunctis
2970 1963 3127 2034 longe
3157 1961 3370 2032 lateque
3403 1963 3627 2018 demon-

2049 2064 2243 2114 strent.

2601 2143 2829 2201 CAPUT
2863 2142 3045 2199 XVIII.

2047 2239 2126 2294 De
2153 2216 2267 2293 oleo
2285 2235 2549 2306 o/Ierendo
2565 2251 2630 2288 ea:
2656 2232 2937 2306 arboribus
2960 2231 3237 2306 olivarum,
3256 2231 3324 2284 ad
3339 2231 3624 2306 luminaria

2275 2301 2582 2361 instruenda
2616 2306 2673 2358 in
2701 2301 3012 2357 candelabro
3047 2301 3390 2356 tabernaculi.

2119 2416 2356 2487 Prmcipe
2387 2414 2512 2485 [iliis
2543 2411 2713 2468 Israel
2731 2453 2747 2477 ,
2786 2420 2843 2465 ut
2883 2411 3105 2479 oﬁ'erant
3127 2409 3218 2463 tibi
3247 2408 3415 2462 oleum
3451 2408 3516 2462 de
3537 2425 3627 2462 ar-

2049 2508 2258 2562 boribus
2311 2504 2567 2559 olivarum
2602 2501 2961 2573 purissimum,
3007 2498 3213 2570 piloque
3243 2508 3540 2564 contusum,
3567 2507 3625 2552 ut

2047 2598 2230 2652 ardeat
2261 2595 2478 2650 lucerna
2503 2609 2703 2663 semper
2729 2593 2782 2646 in
2810 2591 3142 2645 tabernaculo
3169 2590 3448 2645 testimonii
3474 2600 3626 2644 extra

2047 2688 2236 2751 velum,
2279 2684 2417 2757 quod
2451 2698 2733 2754 appensum
2759 2691 2834 2735 est
2871 2681 3160 2734 testimonio
3177 2697 3194 2744 ;
3223 2691 3270 2734 et
3299 2679 3626 2734 collocabunt

2045 2795 2164 2835 eam
2210 2778 2388 2833 Aaron
2441 2786 2488 2832 et
2517 2775 2617 2846 ﬁlii
2654 2774 2789 2847 ejus.
2831 2772 3098 2844 Disposilo
3130 2782 3323 2827 ornatu
3373 2771 3625 2826 taberna-

2048 2874 2581 2940 culi,consequenter
2613 2871 2775 2924 etiam
2801 2867 2980 2920 lumen
3015 2866 3248 2919 lucernae
3269 2863 3621 2932 pnevidetur,

2049 2974 2108 3018 ut
2147 2966 2310 3018 decor
2331 2961 2448 3030 ejus
2475 2957 2836 3022 admirabilis,
2871 2956 3012 3011 sicut
3031 2955 3259 3008 interdiu
3299 2951 3498 3006 lumine
3529 2965 3621 3004 εο-

2049 3055 2170 3119 lari,
2204 3053 2276 3108 ita
2306 3053 2470 3108 etiam
2518 3060 2678 3106 noctu
2723 3048 3085 3103 lucernalibus
3134 3045 3361 3100 ﬂammis
3390 3043 3628 3097 illustre—

2056 3153 2174 3208 tur;
2206 3157 2306 3196 nec
2339 3156 2574 3210 unquam
2606 3141 2657 3194 in
2697 3141 2854 3194 duino
2888 3139 2983 3194 Dei
3032 3137 3228 3206 aliquis
3275 3135 3622 3189 tenebrarqu

2052 3235 2416 3303 locus,aliqua
2439 3233 2754 3286 umbrarum
2782 3231 2952 3301 possit
2978 3232 3110 3285 hora
3139 3238 3440 3298 suppetere.
3463 3225 3626 3280 Juxta

2047 3339 2183 3380 vero
2209 3325 2474 3394 mysticus
2504 3337 2695 3377 sensus
2723 3321 2850 3390 quid
2879 3321 3144 3389 signiticet
3163 3318 3340 3372 lumen
3368 3318 3626 3380 lucernas,

2048 3414 2311 3468 Dominus
2350 3412 2401 3465 in
2454 3409 2743 3480 Evangelia
2783 3409 3020 3464 declarat
3045 3409 3136 3477 qui
3174 3423 3296 3462 cum
3335 3422 3432 3477 per
3467 3421 3629 3475 para-

2049 3504 2230 3561 bolam
2269 3503 2495 3557 dixisset
2538 3520 2550 3554 :
2584 3501 2769 3570 Neque
2805 3498 3108 3554 accendunt
3137 3498 3427 3562 lucernam,
3457 3505 3512 3550 et
3535 3511 3630 3566 po-

2047 3605 2188 3652 nunt
2214 3611 2336 3652 eam
2360 3594 2464 3647 sub
2491 3592 2703 3656 modio,
2739 3591 2838 3646 sed
2887 3605 3052 3658 super
3098 3587 3511 3648 candelabrum,
3565 3593 3627 3641 ut

2045 3687 2230 3742 luceat
2278 3685 2549 3748 omnibus,
2577 3683 2669 3751 qui
2713 3683 2768 3736 in
2807 3682 2966 3736 domo
2999 3680 3096 3734 Dei
3145 3687 3272 3734 sunt
3300 3677 3512 3747 (Matth.
3545 3680 3625 3747 v),

2049 3795 2178 3834 mox
2211 3787 2395 3850 aperte
2420 3774 2735 3844 subjunxit:
2767 3773 2859 3828 Sic
2907 3774 3084 3828 luceat
3111 3772 3204 3826 lux
3237 3779 3414 3825 vestra
3441 3785 3625 3824 coram

2048 3871 2385 3933 hominibus,
2416 3876 2476 3922 ut
2502 3867 2720 3922 videant
2754 3880 2922 3936 opera
2951 3873 3132 3919 vestra
3174 3864 3334 3918 bona.
3379 3862 3626 3916 Lucerna

2045 3977 2182 4030 ergo
2206 3961 2346 4015 lucis
2375 3957 2428 4012 in
2473 3959 2634 4013 domo
2664 3957 2780 4022 Dei,
2811 3971 2977 4026 opera
3025 3963 3152 4009 sunt
3170 3951 3466 4022 justorum,
3508 3968 3629 4022 quae

2050 4062 2264 4108 mentes
2289 4051 2609 4106 intuentium
2641 4050 2754 4105 suis
2775 4047 3042 4120 exemplis
3064 4047 3392 4101 illuminant.
3426 4044 3628 4100 Verum

2047 4141 2361 4212 diligentius
2387 4138 2728 4203 intuendum,
2753 4138 2897 4208 quod
2943 4145 3001 4190 ut
3048 4135 3267 4190 lucerna
3319 4147 3531 4216 semper
3574 4134 3629 4187 in

2047 4231 2401 4289 tabernaculo
2431 4229 2528 4286 Dei
2574 4229 2747 4300 possit
2797 4230 3018 4293 ardere,
3047 4227 3143 4281 ﬁlii
3190 4227 3411 4296 quidem
3462 4224 3630 4280 Israel

2049 4325 2234 4380 oleum
2263 4319 2479 4387 oﬁ‘erre,
2510 4320 2692 4374 Aaron
2719 4327 2901 4373 autem
2931 4326 2988 4373 et
3031 4317 3126 4372 ﬁlii
3152 4315 3300 4384 ejus,
3345 4317 3518 4386 ipsam
3545 4314 3632 4369 lu-

378 4416 573 4461 cuncta
597 4408 712 4463 ﬁeri
741 4411 999 4479 jubentur
1022 4427 1195 4476 aenea,
1225 4412 1368 4469 illius
1405 4414 1681 4480 nimirum,
1709 4421 1769 4468 ut
1811 4426 1951 4482 saepe
1977 4433 2031 4494 ι)
2057 4430 2274 4472 cernam
2304 4413 2572 4469 collocare
2595 4412 2871 4481 jubentur.
2915 4408 3045 4476 Quae
3082 4415 3166 4462 est
3189 4407 3305 4461 huic
3329 4405 3629 4471 distinctio,

379 4499 582 4554 dictum
609 4509 713 4564 est,
744 4502 914 4572 ﬁgura
936 4505 1203 4572 mysterii,
1233 4513 1294 4559 ut
1311 4505 1558 4574 quisquis
1581 4506 1829 4576 pulsatur
1851 4505 1947 4560 ad-

381 4589 571 4655 versis,
611 4599 918 4659 perseveret
943 4592 995 4646 in
1023 4593 1183 4648 ﬁnem
1216 4612 1229 4648 :
1266 4610 1335 4649 ne
1374 4597 1696 4667 promissam
1733 4598 1837 4653 sibi
1863 4612 1952 4652 sa-

381 4679 543 4733 lutem
571 4678 775 4735 desidia
817 4683 1006 4750 perdat
1046 4701 1060 4737 :
1098 4685 1213 4739 sive
1254 4694 1316 4740 ut
1339 4685 1504 4741 ﬁdem
1543 4703 1705 4756 quam
1735 4688 1948 4754 didicit,

381 4769 549 4824 etiam
601 4769 837 4826 inimicis
885 4773 1303 4842 oblectantibus,
1338 4776 1518 4847 palam
1565 4779 1812 4833 conﬁteri
1842 4793 1950 4833 non

381 4869 586 4916 metuat
617 4880 629 4916 :
663 4864 756 4919 sed
793 4873 849 4919 et
890 4867 1079 4921 amicis
1098 4868 1258 4933 dona,
1295 4884 1414 4938 quae
1443 4873 1702 4941 percepit,
1737 4872 1953 4928 sedulus

380 4954 632 5009 insonare
655 4957 979 5011 meminerit.
995 4956 1095 5011 Es
1124 4974 1356 5030 namque
1379 4976 1634 5017 sonorum
1663 4971 1719 5018 et
1743 4971 1952 5018 naturae

377 5044 470 5097 diu
499 5043 759 5099 durabilis
785 5053 886 5100 est.
921 5046 1111 5102 Paxilli
1159 5058 1338 5105 autem
1368 5067 1504 5122 quos
1538 5053 1669 5107 dicit
1703 5053 1952 5109 taberna-

379 5133 484 5187 culi
515 5133 629 5188 sive
654 5136 798 5201 atrii,
842 5137 908 5191 ad
954 5138 1056 5193 hoc
1091 5149 1246 5194 erant
1287 5141 1436 5207 facti,
1472 5151 1533 5198 ut
1559 5142 1710 5198 inﬁxi
1744 5143 1951 5199 colum-

377 5241 573 5280 narum
599 5228 1022 5295 summitatibus,
1061 5229 1194 5286 foris
1235 5233 1557 5299 eminerent,
1584 5243 1640 5288 et
1688 5235 1952 5304 impositis

381 5315 484 5370 sibi
505 5315 748 5371 velorum
765 5317 876 5371 sive
900 5319 1251 5373 tentoriorum
1280 5319 1515 5386 funibus,
1537 5323 1615 5376 sic
1629 5338 1695 5377 ea
1715 5323 1954 5379 levantes

381 5419 411 5457 a
436 5412 602 5467 terra.
631 5405 1020 5475 suspenderent
1049 5425 1060 5461 :
1091 5422 1325 5477 quorum
1351 5409 1558 5466 factura
1588 5421 1643 5467 et
1662 5412 1950 5482 positione,

381 5510 489 5549 non
515 5495 748 5553 absurde
778 5498 895 5568 ipsa
923 5499 1202 5555 doctorum
1233 5510 1412 5569 potest
1441 5503 1619 5573 lingua
1649 5504 1944 5574 designari,

379 5600 503 5650 «iure
543 5591 884 5656 praedicando
935 5590 1268 5644 audientium
1312 5593 1473 5647 corda
1521 5594 1694 5663 tangit
1744 5609 1806 5648 ac
1836 5581 1954 5648 tan-

388 5675 558 5743 griido
623 5681 881 5736 sublevat.
935 5678 1175 5737 Funibus
1233 5680 1431 5737 etenim
1480 5681 1618 5738 solet
1671 5683 1955 5754 aliquoties

2049 4515 2114 4562 ut
2142 4505 2210 4560 ad
2262 4501 2603 4558 nutriendam
2654 4499 2884 4569 populus
2915 4499 3093 4553 oleum
3140 4496 3332 4552 oderat
3356 4495 3536 4551 lucem
3574 4496 3631 4550 in

2049 4599 2213 4652 domo
2231 4597 2467 4660 Domini,
2481 4601 2533 4649 et
2555 4593 2862 4649 sacerdotes
2877 4592 3148 4646 lucernam
3165 4597 3511 4658 componant,
3527 4588 3631 4642 nisi

2049 4684 2192 4740 forte
2226 4687 2331 4740 hoc
2361 4685 2589 4754 ﬁgurate
2625 4683 2940 4750 imperatur,
2975 4688 3033 4733 ut
3079 4678 3264 4733 ﬁdeles
3300 4685 3356 4746 et
3392 4676 3632 4747 religiosi

2051 4776 2353 4840 auditores,
2391 4780 2642 4844 prompta
2670 4773 2738 4826 ad
2761 4770 3120 4825 obedientium
3153 4768 3277 4823 ﬁdei
3296 4767 3476 4823 corda
3504 4765 3636 4821 aﬁ‘e-

2055 4867 2475 4922 rantzdoetores
2501 4877 2630 4918 vero
2649 4902 2663 4927 ,
2695 4861 2776 4915 eis
2797 4861 2974 4930 ignem
3002 4858 3150 4912 verbi
3179 4856 3415 4912 caelestis
3442 4870 3549 4924 quo
3579 4864 3636 4909 ct

2051 4956 2426 5012 illuminentur
2447 4951 2515 5006 ad
2543 4949 2997 5022 cog-noscendum,
3027 4957 3082 5002 et
3125 4945 3528 5001 inﬁammentur
3563 4944 3634 4998 ad

2049 5044 2386 5117 diligendum
2423 5041 2614 5106 Deum,
2645 5038 2988 5111 praedicando
3026 5036 3380 5092 ministrent?
3425 5033 3632 5089 Notan-

2055 5139 2184 5194 dum
2214 5144 2415 5200 autem,
2463 5132 2608 5200 quod
2657 5147 2766 5187 non
2798 5128 3168 5184 iudilferenter
3214 5125 3397 5182 oleum
3433 5123 3635 5179 θεῖοι-η

2053 5228 2151 5283 ﬁlii
2182 5223 2368 5288 Israel,
2397 5221 2492 5277 sed
2527 5235 2652 5276 cum
2686 5219 3064 5283 distinctione,
3091 5216 3270 5272 oleum
3310 5215 3378 5270 de
3423 5213 3636 5268 arbori-

2056 5321 2162 5374 bus
2219 5316 2484 5370 olivarum
2536 5311 2944 5383 praecipiuntur,
3003 5317 3059 5364 et
3111 5307 3334 5376 insuper
3390 5305 3632 5368 additur,

2057 5409 2407 5480 purissimum
2431 5407 2650 5478 piloque
2669 5411 2975 5461 contusum.
3015 5401 3169 5457 Sicut
3206 5415 3307 5456 nec
3330 5398 3469 5468 ignis
3492 5399 3636 5456 alius

2059 5500 2156 5571 qui
2197 5499 2262 5554 de
2301 5498 2439 5553 cmlo
2472 5496 2767 5560 descendit,
2799 5493 2884 5547 vel
2925 5493 2978 5546 in
3026 5491 3264 5546 lucernis
3301 5494 3507 5547 sanctis
3550 5506 3635 5544 ar-

2061 5590 2191 5645 dere
2210 5628 2224 5653 ,
2261 5587 2346 5644 vel
2373 5587 2425 5641 in
2449 5586 2606 5640 altari
2630 5584 2724 5638 Dei
2754 5584 2914 5638 debet
2950 5580 3192 5638 accendi.
3233 5579 3466 5640 Sanctus
3490 5580 3637 5635 enim

2061 5678 2284 5752 spiritus
2333 5675 2629 5748 disciplina:
2691 5674 2912 5746 ellugiet
2959 5675 3161 5730 ﬁctum.
3221 5678 3460 5736 onerant
3503 5686 3636 5744 ergo
