3992 6182
320 320 418 374 F9

1255 316 1748 375 COMMENTARIA
1785 319 1855 374 ΙΝ
1895 318 2200 376 EXODUM.
2240 352 2309 363 —
2347 321 2473 376 LlB.
2515 323 2600 378 IV.

3449 328 3552 385 {90

317 431 406 484 ﬁlii
425 425 598 482 Israel
619 424 797 480 oleum
835 425 902 480 ad
929 425 1200 480 lucernam
1235 427 1330 482 Dei
1357 444 1462 482 non
1494 429 1884 500 qualecunque,
1915 434 1966 491 Α
1989 430 2234 498 sequitur
2263 448 2275 483 :
2309 431 2375 484 Et
2419 430 2758 486 collocabant
2805 445 2924 485 eam
2975 430 3154 486 Aaron
3183 441 3239 488 et
3283 434 3374 489 ﬁlii
3413 436 3558 505 ejus.

315 521 406 574 sed
452 518 519 572 de
565 516 728 589 lignis
770 515 1066 581 olivarum,
1109 525 1165 571 et
1219 519 1323 573 hoc
1362 520 1708 588 purissimum
1755 521 1887 591 p_i_lo-

313 626 415 680 que
442 616 755 663 contusum.
790 605 1034 663 Olferant
1063 610 1187 664 boni
1211 611 1490 666 auditores
1519 583 1888 680 spiritualibus

313 700 645 763 doctoribus,
685 698 1074 754 conscientiam
1103 715 1294 769 puram
1345 708 1400 754 et
1441 701 1726 756 charitatis
1763 716 1886 772 gra-

314 791 437 844 tiam
465 787 779 853 fecundam,
813 788 1027 858 piloque
1054 789 1252 844 sedulae
1285 791 1623 860 probationis
1650 791 1717 844 ab
1738 790 1884 846 omni

314 881 563 950 nequitia:
594 880 974 935 commistione
1013 882 1448 949 permundatam,
1489 896 1607 949 qua:
1651 879 1762 935 sala
1805 881 1886 935 vi-

312 973 500 1027 delicet
555 973 856 1026 intentione
902 971 1147 1042 placendi
1203 979 1256 1025 et
1297 971 1564 1026 serviendi
1622 971 1880 1037 Domino,

309 1063 466 1117 verba
492 1063 613 1133 ejus
643 1063 832 1118 audire
865 1054 1114 1117 delectet.
1154 1062 1356 1117 Oﬁ‘erat
1393 1061 1573 1117 Aaron
1604 1078 1726 1118 cum
1759 1062 1882 1118 ﬁliis

311 1155 437 1218 suis,
475 1153 658 1224 ignem
693 1169 796 1207 non
842 1151 1098 1217 alienum,
1131 1152 1225 1206 sed
1270 1151 1498 1221 desuper
1541 1151 1764 1206 missum
1816 1151 1884 1205 ad

309 1243 711 1298 accendendam
769 1242 1045 1297 lucernam
1095 1259 1110 1296 :
1149 1241 1291 1295 sicut
1342 1241 1505 1296 etiam
1558 1241 1626 1294 ad
1683 1255 1881 1295 consu-

305 1332 494 1387 menda
548 1331 866 1385 holocausta
901 1345 964 1385 ac
1011 1330 1300 1385 redolenda
1329 1329 1702 1400 thymiamata.
1732 1329 1880 1384 Prte-

303 1425 480 1478 dicent
511 1424 736 1478 verbum
760 1423 1010 1478 doctores
1033 1439 1140 1477 non
1169 1437 1346 1487 suum,
1369 1423 1463 1478 sed
1493 1423 1724 1487 Domini,
1753 1437 1881 1490 pro-

301 1522 564 1569 testantes
590 1529 713 1568 cum
761 1513 975 1567 ﬁducia.
1009 1513 1126 1568 Non
1154 1514 1299 1584 enim
1349 1528 1539 1568 sumus
1585 1513 1724 1569 sicut
1761 1512 1880 1582 plu-

1991 522 2125 589 Quia
2154 539 2260 577 non
2303 524 2542 577 omnium
2587 531 2670 578 est
2721 533 3056 578 sacramenta
3095 526 3216 580 ﬁdei
3259 530 3553 596 praedicare

1988 612 2041 666 in
2071 614 2283 682 populo,
2321 614 2414 669 sed
2446 629 2632 668 eorum
2683 614 3037 678 solummodo,
3067 617 3157 684 qui
3206 626 3262 670 et
3303 622 3551 678 castitate

1987 701 2132 768 ﬁdei,
2161 712 2216 758 et
2265 706 2606 759 exsecutione
2655 705 2780 759 boni
2823 706 3024 774 operis,
3059 707 3126 759 ad
3174 706 3312 762 ﬁlios
3354 712 3550 767 summi

1986 794 2302 858 sacerdotis,
2354 793 2566 848 Domini
2610 794 2859 848 videlicet
2905 803 2960 848 et
3011 793 3304 850 Salvatoris
3352 800 3551 864 nostri,

1985 884 2256 951 pertinere
2302 885 2615 952 probantur.
2645 883 2788 937 Bene
2839 892 3018 937 autem
3064 885 3240 939 adhuc
3279 887 3547 943 subditur.

1984 973 2052 1027 Et
2101 988 2271 1042 usque
2301 987 2457 1026 mane
2497 971 2674 1027 luceat
2701 988 2882 1026 coram
2932 973 3178 1028 Domino.
3219 973 3354 1028 Cum
3402 977 3548 1030 enim

1983 1070 2259 1116 transacta
2307 1070 2465 1117 nocte
2493 1063 2668 1116 saeculi
2698 1060 2875 1129 hujus,
2907 1078 3062 1117 mane
3091 1063 3328 1116 futurum
3363 1066 3547 1119 saeculi

1983 1151 2255 1215 claruerit,
2298 1152 2365 1206 de
2409 1167 2518 1219 quo
2559 1151 2689 1205 dicit
2731 1151 3028 1220 Propheta,
3062 1151 3218 1206 Mane
3249 1153 3429 1207 astabo
3454 1155 3547 1208 tibi

1980 1253 2028 1296 et
2049 1243 2224 1297 videbo
2252 1241 2474 1312 (Psalm.
2495 1241 2549 1313 v)
2571 1281 2584 1306 ,
2612 1259 2716 1296 non
2744 1243 2856 1312 jam
2881 1243 3018 1297 ultra
3041 1243 3257 1298 lucerna
3282 1246 3546 1300 librorum

1981 1335 2295 1404 indigemus,
2335 1343 2628 1402 apparente
2652 1339 2706 1386 et
2750 1333 3053 1386 illustrante
3106 1349 3206 1386 nos
3241 1349 3369 1388 vera
3419 1335 3540 1390 luce

1977 1425 2180 1490 mundi,
2225 1425 2291 1480 de
2317 1440 2425 1494 quo
2467 1424 2597 1478 dicit
2640 1431 2697 1478 et
2731 1423 3034 1492 Propheta:
3075 1422 3227 1477 Vobis
3267 1434 3440 1479 autem
3469 1427 3541 1478 ti-

1977 1514 2231 1568 mentibus
2260 1530 2446 1567 nomen
2489 1530 2680 1577 meam,
2727 1513 2925 1567 orietur
2949 1513 3028 1567 sol
3051 1514 3290 1581 iustitiae.
3341 1513 3541 1583 Perpe-

300 1605 436 1668 rimi,
476 1604 848 1659 adulterantes
884 1605 1129 1670 verbum,
1161 1603 1255 1658 sed
1305 1617 1372 1675 ex
1420 1603 1748 1670 sinceritate,
1781 1603 1878 1657 sed
1973 1613 2095 1657 tuus
2123 1603 2219 1656 erit
2252 1602 2420 1656 cultus
2465 1619 2556 1671 per
2578 1603 2924 1656 successiones
2954 1618 3133 1655 eorum
3155 1619 3187 1655 a
3214 1602 3340 1670 ﬁliis
3371 1600 3541 1656 Israel

299 1709 360 1747 ex
382 1696 526 1758 Deo,
563 1695 706 1749 sicut
754 1708 938 1748 coram
966 1694 1076 1749 Deo
1107 1693 1161 1748 in
1191 1691 1409 1748 Christo
1431 1692 1723 1762 loquimur.
1760 1693 1873 1748 Hoc
1975 1693 2145 1766 (Mal.
2193 1691 2304 1764 ιν).
2354 1692 2628 1759 Quomodo
2685 1691 2828 1746 enim
2875 1691 3028 1761 juxta
3073 1692 3307 1744 litteram
3351 1704 3541 1760 perpe-

299 1784 415 1854 igne
443 1793 678 1839 utantur
717 1785 784 1839 ad
820 1783 1137 1839 illustranda
1174 1784 1480 1854 cognitione
1535 1783 1658 1838 ﬁdei
1705 1785 1870 1838 corda
1896 1786 1944 1844 B
1973 1795 2096 1840 tuus
2154 1800 2276 1840 esse
2319 1785 2520 1854 poterit
2566 1784 2746 1838 cultus
2795 1782 2954 1838 cilicii
3013 1781 3392 1844 sacerdotalis,
3445 1780 3538 1834 ubi

299 1875 663 1930 audientium:
683 1875 804 1939 hoc,
830 1875 899 1930 ad
922 1873 1248 1945 perﬁcienda
1277 1889 1341 1929 ac
1364 1873 1474 1928 Deo
1502 1873 1867 1929 consecranda

299 1964 609 2019 holocausta
634 1966 896 2019 bonorum
921 1979 1143 2034 operum
1169 1980 1417 2032 suorum;
1446 1966 1570 2030 hoc,
1586 1965 1654 2020 ad
1681 1964 1867 2020 incen-

297 2055 461 2107 denda
485 2042 1161 2124 thymiamatabrationum
1177 2062 1508 2109 sanctarum.
1527 2053 1669 2108 Bene
1683 2059 1864 2107 autem

295 2147 488 2201 dicitur
510 2163 524 2199 :
547 2137 618 2200 Ut
643 2145 831 2200 ardeat
866 2145 1083 2200 lucerna
1105 2145 1386 2214 semperin
1411 2143 1756 2200 tabernaculo
1787 2153 1864 2197 te-

295 2236 693 2304 stimonii,quia
711 2249 982 2304 nunquam
1005 2235 1060 2289 in
1086 2242 1276 2290 sancta
1290 2234 1531 2290 Ecclesia
1558 2233 1648 2288 lux
1673 2233 1862 2302 prndi-

293 2325 541 2389 cationis,
577 2339 852 2392 nunquam
870 2323 1030 2378 debet
1059 2323 1335 2378 humilitas
1364 2322 1670 2378 auditorum
1701 2336 1857 2392 pura,

292 2431 407 2486 quae
442 2417 585 2471 hanc
627 2415 860 2471 libenter
907 2415 1162 2485 excipiat,
1208 2414 1316 2468 imo
1343 2421 1397 2469 et
1427 2413 1653 2469 solerter
1683 2412 1862 2482 inqtri-

292 2517 390 2571 rat,
424 2508 632 2562 deesse.
669 2507 812 2561 Bene
853 2507 1070 2561 additur
1106 2522 1120 2559 :
1160 2505 1330 2560 Extra
1352 2504 1529 2559 velum
1575 2504 1718 2573 quod
1758 2518 1857 2572 op-

291 2615 516 2670 pansum
540 2608 622 2653 est
650 2598 978 2654 testimonio.
1009 2596 1126 2652 Non
1153 2597 1296 2652 enim
1342 2596 1482 2651 intra
1528 2595 1706 2650 velum
1733 2595 1857 2652 οωιί

289 2706 428 2758 opus
473 2691 728 2746 habemus
776 2689 998 2744 lucerna
1026 2689 1438 2759 scripturarum,
1475 2685 1568 2740 ubi
1598 2701 1726 2740 arca
1771 2695 1857 2741 est

292 2779 526 2844 Domini,
555 2788 610 2833 et
643 2779 922 2834 cherubim
969 2777 1149 2849 gloriae
1181 2774 1617 2846 propitiatorium
1661 2775 1854 2829 obum-

290 2872 464 2937 brant,
497 2871 550 2924 id
585 2879 687 2934 est,
730 2871 948 2941 agmina
973 2869 1214 2924 ccelestis
1240 2867 1464 2931 militiae,
1501 2865 1728 2936 gloriam
1773 2865 1857 2920 in-

290 2962 489 3016 trarnati
523 2961 619 3016 ﬁlii
649 2962 767 3026 Dei,
814 2975 976 3030 quem
1005 2959 1186 3029 posuit
1230 2957 1374 3012 Deus
1414 2955 1855 3028 propitiatiouem

1971 1882 2026 1930 et
2046 1875 2148 1944 ipsi
2174 1875 2230 1929 in
2257 1874 2618 1930 sacerdotium
2645 1882 2698 1928 et
2722 1873 3127 1928 tabernaculum
3151 1873 3204 1926 in
3247 1888 3355 1941 quo
3379 1887 3538 1942 gere-

1969 1965 2148 2029 batur,
2183 1971 2237 2019 et
2262 1964 2493 2033 populus
2532 1963 2618 2017 cui
2663 1963 3006 2031 gerebantur,
3029 1962 3144 2032 jam
3185 1962 3382 2016 dudum
3416 1976 3538 2016 esse

1969 2051 2355 2108 cessaverunt?
2399 2049 2552 2106 Unde
2589 2057 2802 2105 constat
2831 2052 2935 2105 hoc
2975 2051 3031 2105 in
3082 2058 3266 2105 sancta
3293 2049 3539 2104 Ecclesia

1967 2142 2187 2195 verbum
2209 2155 2329 2196 esse
2349 2138 2746 2209 complendum,
2760 2139 2852 2194 ubi
2879 2138 3286 2193 succedentibus
3311 2131 3414 2191 sibi
3439 2151 3538 2206 per

1965 2231 2210 2286 ordinem
2263 2230 2572 2286 doctoribus
2609 2228 2770 2283 simul
2799 2236 2854 2284 et
2885 2227 3218 2283 auditoribus
3263 2226 3533 2290 veritatis,

1966 2309 2242 2394 nunquam
2279 2325 2506 2380 deerunt
2531 2319 2838 2389 spirituales
2867 2319 2959 2373 ﬁlii
2986 2317 3172 2380 Israel,
3209 2316 3302 2385 qui
3332 2316 3387 2368 in
3431 2316 3533 2370 do-

1965 2434 2111 2474 mum
2141 2417 2353 2472 Domini
2373 2418 2512 2471 dona
2531 2415 2749 2485 pietatis
2773 2412 3017 2470 offerant,
3043 2419 3095 2465 et
3131 2408 3224 2462 ﬁlii
3251 2408 3452 2472 Aaron,
3478 2405 3534 2460 id

1963 2516 2066 2575 est,
2090 2506 2516 2564 veri'sacerdotis
2539 2503 2735 2570 nostri,
2764 2502 2856 2572 qui
2878 2500 2983 2556 illis
3007 2499 3179 2552 lucem
3203 2496 3351 2551 verbi
3375 2494 3533 2548 mini-

1961 2610 2136 2658 strent
2151 2620 2163 2654 :
2179 2603 2348 2657 donec
2363 2599 2627 2669 completo
2642 2596 2821 2652 seculi
2843 2592 3001 2662 hujus
3015 2599 3177 2655 statu,
3197 2597 3252 2644 et
3269 2590 3385 2658 ipso
3399 2604 3534 2658 quo-

1957 2707 2060 2764 que
2086 2691 2434 2748 tabernaculo
2457 2689 2556 2745 Dei
2580 2695 2722 2753 toto,
2761 2686 2815 2741 id
2843 2691 2928 2739 est
2953 2682 3205 2737 universa
3234 2679 3531 2734 electorum

1955 2783 2292 2837 multitudine
2319 2781 2388 2836 ad
2424 2793 2649 2850 regnum
2673 2776 2892 2832 cmleste
2930 2769 3210 2834 translata,
3239 2783 3344 2822 non
3373 2774 3533 2822 erunt

1957 2872 2116 2938 ultra,
2149 2871 2242 2940 qui
2289 2872 2358 2926 ab
2405 2868 2714 2925 hominibus
2756 2864 3073 2921 erudiantur
3103 2859 3372 2923 homines,
3403 2871 3530 2913 cum

1957 2962 2029 3018 sit
2061 2961 2204 3017 Deus
2234 2961 2410 3015 omnia
2440 2960 2495 3014 in
2530 2956 2789 3013 omnibus.

287 3067 378 3122 pro
398 3054 638 3122 peccatis
668 3053 894 3118 nostris,
925 3066 1159 3107 consona
1200 3064 1334 3106 voce
1369 3048 1683 3119 praedicant.
1708 3046 1854 3102 Bene
1879 3083 1924 3146 Ε

289 3190 3531 3226 MM

1457 3317 1756 3395 LIBER
1829 3315 2338 3409 QUARTUS.

797 3592 1022 3649 CAPUT
1061 3591 1349 3647 PRIMUM.
1956 3589 2205 3644 doctores
2231 3599 2431 3646 sanctae
2457 3591 2728 3655 Ecclesiae,
2759 3606 3098 3646 communem
3123 3591 3290 3646 vitam
3317 3554 3516 3648 electo-

292 3685 358 3742 De
379 3685 724 3754 adiﬁcatione
748 3685 925 3739 Aaron
950 3693 999 3739 et
1032 3685 1262 3752 ﬁliorum
1277 3683 1394 3753 ejus
1419 3684 1475 3736 in
1501 3682 1852 3736 sacerdotium
1953 3693 2105 3742 rum,
2147 3679 2403 3748 singulari
2431 3682 2626 3735 mentis
2653 3681 2888 3735 culmine
2927 3684 3331 3747 transcendere,
3359 3693 3414 3737 et
3439 3683 3522 3737 l‘a-

820 3755 1313 3808 constituendorum.

1964 3766 2150 3822 miliari
2199 3769 2528 3839 inspectione
2583 3772 2711 3839 quid
2756 3771 2841 3825 lex
2897 3771 3224 3842 generaliter
3269 3775 3522 3830 omnibus

352 3866 564 3935 Applica
610 3879 816 3935 quoque
852 3865 923 3918 ad
955 3875 1004 3918 te
1051 3864 1230 3918 Aaron
1274 3863 1492 3933 fratrem
1540 3871 1687 3916 tuum
1729 3877 1848 3915 cum
1951 3857 2157 3923 electis,
2210 3859 2341 3926 quid
2374 3874 2504 3914 vero
2541 3861 2730 3930 paucis
2774 3860 3189 3930 perfectioribus
3219 3863 3527 3930 specialiter

287 3954 401 4024 ﬁliis
422 3956 534 4007 suis
560 3954 627 4007 de
650 3954 820 4007 medio
841 3953 1072 4022 ﬁliorum
1099 3951 1288 4017 Israel,
1319 3961 1373 4004 ut
1408 3951 1702 4006 sacerdotio
1728 3949 1850 4019 fun—
1948 3947 2216 4018 loquatur,
2241 3949 2522 4005 attendere
2548 3969 2559 4004 τ
2584 3960 2644 4005 ιιι
2665 3950 2844 4005 altiori
2868 3951 3182 4006 excellentia
3207 3952 3525 4008 meritorum

284 4058 467 4115 gantur
492 4047 623 4100 mihi
654 4048 856 4111 Aaron,
904 4045 1096 4100 Nadab
1145 4055 1192 4100 et
1238 4045 1403 4109 Abiu,
1446 4055 1494 4098 et
1533 4043 1762 4098 Eleazar
1798 4050 1849 4098 et
1950 4039 2018 4094 ad
2043 4038 2233 4094 altiora
2258 4041 2469 4110 possint
2505 4042 2723 4110 praemia
2752 4042 3055 4111 pervenire.
3083 4040 3218 4095 Nam
3249 4042 3392 4112 quod
3416 4041 3527 4096 fra-

287 4136 520 4193 Itltamar
541 4136 737 4209 (Exod.
774 4136 914 4210 vm).
945 4138 1222 4210 Descripta
1248 4136 1457 4192 factura
1495 4134 1846 4201 tabernaculi,
1951 4137 2089 4184 trem
2126 4127 2283 4184 Suum
2315 4130 2527 4201 Moyses
2551 4146 2676 4186 cum
2707 4130 2833 4186 ﬁliis
2882 4131 2938 4184 in
2977 4130 3336 4185 sacerdotium
3381 4128 3526 4184 ordi-

283 4235 671 4299 consequenter
688 4227 995 4284 sacerdotes
1009 4229 1098 4297 qui
1122 4228 1174 4281 in
1199 4227 1585 4282 eoministrent
1601 4226 1853 4282 ordinan-
1951 4233 2083 4274 nare
2104 4219 2439 4290 praecipitur,
2469 4220 2599 4289 quid
2625 4219 2780 4274 nobis
2803 4219 2948 4272 aliud
2985 4218 3214 4288 mystice
3247 4231 3525 4271 commen-

285 4333 380 4385 tur,
414 4337 651 4394 quorum
679 4322 893 4392 quidem
925 4319 1194 4377 ordinatio
1219 4328 1275 4376 et
1312 4319 1554 4385 habitus,
1577 4328 1725 4372 recte
1750 4317 1852 4371 Ec-
1876 4326 1928 4386 ι)
1953 4308 2065 4373 dat,
2093 4309 2196 4362 nisi
2223 4309 2366 4377 quod
2392 4323 2582 4364 omnes
2618 4308 2712 4377 qui
2747 4306 2980 4362 ofﬁcium
3013 4305 3250 4394 doctoris
3281 4304 3524 4394 sortiun-

286 4413 454 4469 clesite
496 4413 868 4468 sacerdotibus
913 4410 1159 4481 congruit
1207 4424 1222 4463 :
1273 4411 1344 4463 ita
1389 4416 1449 4464 ut
1495 4423 1674 4473 omne,
1707 4407 1852 4476 quod

284 4502 386 4556 illic
409 4503 463 4556 in
488 4509 685 4556 ornatu
731 4501 958 4556 vestium
991 4499 1196 4554 clarum
1222 4498 1564 4553 extrinsecus
1592 4495 1849 4566 fulgebat,

286 4589 379 4642 hoc
426 4589 761 4644 intellectum
815 4586 1184 4658 spiritualiter,
1234 4585 1289 4640 in
1332 4584 1464 4654 ipsis
1510 4584 1852 4639 sacerdotum

285 4688 586 4733 nostrorum
643 4678 912 4732 mentibus
960 4677 1127 4731 altum
1161 4677 1306 4731 intus
1348 4675 1616 4739 emineat;
1657 4676 1759 4730 hoc
1799 4674 1851 4729 in

284 4782 462 4824 eorum
504 4767 718 4822 actibus
765 4783 876 4836 prae
926 4766 1135 4822 ueteris
1184 4765 1418 4820 ﬁdelium
1464 4765 1694 4828 meritis,
1720 4764 1853 4820 l‘oris

282 4857 573 4926 gloriosum
605 4857 886 4913 clarescat.
939 4856 1094 4914 Unde
1143 4866 1265 4925 apte
1314 4855 1622 4926 praecipitur
1661 4855 1848 4926 Moysi,

281 4956 336 5002 ut
388 4947 627 5018 applicet
657 4943 724 4999 ad
777 4961 836 5000 se
872 4945 1050 5001 Aaron
1101 4944 1322 4999 fratrem
1356 4961 1513 5000 suum
1569 4960 1692 5000 cum
1728 4945 1852 5002 ﬁliis

281 5038 345 5094 de
393 5039 574 5092 medio
614 5037 846 5092 liliorum
882 5035 1067 5101 Israel,
1099 5035 1166 5089 ad
1195 5033 1520 5106 iungendum
1550 5037 1851 5093 sacerdotio

281 5144 456 5184 coram
485 5128 733 5183 Domino.
765 5125 997 5182 Necesse
1021 5133 1106 5180 est
1141 5125 1305 5188 enim,
1348 5133 1406 5177 ut
1443 5123 1748 5194 quicunque
1785 5125 1852 5180 ad

279 5219 534 5288 majorem
586 5219 641 5273 in
697 5225 884 5272 sancta
934 5215 1177 5272 Ecclesia
1227 5215 1450 5286 gradum
1499 5215 1849 5285 promovendi

280 5319 420 5374 sunt,
447 5307 654 5380 majore
701 5307 899 5363 mentis
947 5305 1232 5369 industria,
1266 5320 1386 5359 sese
1437 5306 1503 5358 ad
1530 5303 1703 5375 legem
1755 5305 1850 5360 Dei

281 5400 562 5470 applicent,
616 5399 670 5453 id
700 5405 785 5454 est
825 5393 1129 5451 divinorum
1179 5395 1537 5450 observantia:
1571 5395 1851 5450 mandato-

283 5507 416 5560 mm,
442 5492 728 5548 solertiore
757 5504 870 5560 pra:
899 5488 1110 5543 ets-teris
1139 5488 1322 5540 animo
1369 5485 1707 5554 copulentur.
1737 5485 1851 5541 Hoc

279 5592 356 5637 est
397 5586 542 5640 enim
587 5599 684 5638 eos
710 5582 804 5652 qui
835 5579 1138 5634 sacerdotio
1167 5575 1402 5632 iuncturi
1431 5583 1556 5632 sunt
1585 5576 1650 5630 de
1676 5576 1850 5631 medio

282 5670 497 5733 lterum
527 5676 714 5742 Israel,
753 5673 822 5729 ad
876 5670 1090 5742 Moysen
1127 5667 1386 5741 applicari
1439 5685 1450 5720 :
1493 5665 1748 5738 praesules
1789 5681 1853 5722 ac

1953 4407 2062 4463 tur,
2087 4405 2236 4452 tanto
2266 4397 2462 4453 debent
2489 4396 2666 4452 studio
2690 4404 2744 4451 et
2791 4409 2974 4449 amore
3003 4392 3340 4449 meditationi
3386 4392 3525 4447 divi-

1950 4507 2034 4546 nae
2074 4491 2208 4562 legis
2257 4491 2559 4555 adhaerere,
2607 4496 2667 4543 ut
2716 4487 2869 4558 quasi
2903 4487 3115 4558 gemina
3159 4485 3212 4542 ei
3239 4485 3524 4540 videantur

1950 4582 2270 4653 cognatione
2301 4580 2610 4651 conjuncti?
2637 4579 2821 4649 Neque
2868 4579 2972 4634 hoc
3016 4577 3160 4648 quod
3195 4563 3358 4646 primi
3389 4574 3523 4629 ﬁlio-

1951 4686 2072 4724 rum
2097 4669 2279 4724 Aaron
2307 4676 2432 4738 post
2460 4669 2855 4724 ordinationem
2897 4682 3022 4722 cum
3062 4667 3239 4736 ignem
3285 4665 3522 4720 alienum

1949 4761 2208 4817 oﬁ‘errent
2228 4776 2412 4816 coram
2437 4760 2688 4826 Domino,
2702 4760 2824 4830 igne
2847 4757 3054 4814 cmlesti
3077 4756 3377 4827 perierunt,
3399 4769 3431 4809 a
3445 4755 3521 4809 si-

1950 4853 2291 4924 gniﬁcatione
2318 4852 2640 4906 miserabilis
2666 4850 2836 4906 nostri
2865 4848 3124 4919 temporis
3149 4847 3406 4902 abhorret
3425 4846 3518 4900 ubi

1950 4943 2190 4997 nonnulli
2220 4942 2562 4996 sacerdotum
2591 4955 2656 4994 ac
2681 4940 2962 4995 doctorum
3011 4937 3130 4993 loco
3175 4936 3332 5006 potiti
3372 4935 3520 5006 quod

1949 5035 2150 5090 dictum
2202 5047 2416 5103 quoque
2462 5046 2624 5102 grave
2671 5046 2737 5085 ac
2779 5030 3004 5100 lugubre
3057 5028 3192 5082 satis
3241 5034 3347 5092 est,
3391 5026 3519 5080 dum

1951 5127 2127 5196 ignem
2160 5123 2471 5194 cupiditatis
2511 5122 2619 5192 igni
2662 5135 2909 5190 superna:
2953 5119 3255 5174 dilectionis
3301 5124 3522 5183 antepo-

1950 5225 2102 5280 nunt,
2141 5216 2264 5285 igne
2291 5227 2538 5283 supernae
2586 5211 2805 5266 ultionis
2853 5211 3235 5274 absumuntur;
3290 5219 3518 5276 quorum

1948 5317 2207 5379 perpetua
2253 5307 2551 5369 damnatio,
2591 5304 2904 5373 temporalis
2927 5312 3013 5359 est
3055 5302 3286 5357 ﬁliorum
3333 5299 3515 5351 Aaron

1949 5405 2124 5452 morte
2150 5396 2401 5468 ﬁgurata,
2433 5395 2679 5466 quamvis
2705 5392 3106 5448 excellentioris
3128 5391 3294 5460 ﬁgura
3317 5391 3518 5454 myste-

1951 5487 2034 5549 rii,
2064 5487 2330 5556 quomodo
2359 5482 2765 5549 tabernaculum
2800 5497 2922 5537 cum
2954 5479 3233 5535 ornatibus
3275 5489 3341 5528 ac
3370 5473 3516 5529 vasis

1950 5578 2081 5641 suis,
2121 5584 2363 5631 sanetam
2392 5574 2637 5644 designat
2664 5571 2957 5628 Ecclesium
2975 5607 2990 5631 ,
3022 5560 3382 5636 pulcherrima
3410 5561 3515 5616 vir-

1946 5676 2117 5721 tutum
2169 5669 2279 5721 sivc
2331 5677 2681 5733 personarum
2727 5658 2964 5714 ﬁdelium
3020 5653 3277 5708 varietate
3324 5649 3516 5706 distin~
