  <div class='ocr_page' id='page_1' title='image "/cluster/home/n/w/nwhite01/storage/ocr_20150623/108/hvd.32044054759733/101.png"; bbox 0 0 3954 6176; ppageno 0'>
   <div class='ocr_carea' id='block_1_1' title="bbox 387 305 3639 380">
    <p class='ocr_par' dir='ltr' id='par_1_1' title="bbox 387 305 3639 380">
     <span class='ocr_line' id='line_1_1' title="bbox 387 305 3639 380; baseline -0.007 -1"><span class='ocrx_word' id='word_1_1' title='bbox 387 324 484 380; x_wconf 76' lang='grc'><strong>191</strong></span> <span class='ocrx_word' id='word_1_2' title='bbox 1056 318 1117 374; x_wconf 87' lang='grc' dir='ltr'><strong>Β.</strong></span> <span class='ocrx_word' id='word_1_3' title='bbox 1155 315 1408 374; x_wconf 80' lang='lat' dir='ltr'><strong>RABANI</strong></span> <span class='ocrx_word' id='word_1_4' title='bbox 1445 312 1663 372; x_wconf 77' lang='lat' dir='ltr'><strong>MAURI</strong></span> <span class='ocrx_word' id='word_1_5' title='bbox 1701 305 2020 366; x_wconf 80' lang='lat' dir='ltr'><strong>ARCHIEP.</strong></span> <span class='ocrx_word' id='word_1_6' title='bbox 2063 306 2368 363; x_wconf 77' lang='lat' dir='ltr'><strong>MOGUNT.</strong></span> <span class='ocrx_word' id='word_1_7' title='bbox 2409 306 2692 364; x_wconf 76' lang='lat' dir='ltr'><strong>OPERUM</strong></span> <span class='ocrx_word' id='word_1_8' title='bbox 2730 307 2908 364; x_wconf 79' lang='lat' dir='ltr'><strong>PARS</strong></span> <span class='ocrx_word' id='word_1_9' title='bbox 2945 308 2986 363; x_wconf 89' lang='grc' dir='ltr'><strong>Ι.</strong></span> <span class='ocrx_word' id='word_1_10' title='bbox 3528 312 3639 368; x_wconf 65' lang='lat'><strong>19:),</strong></span> 
     </span>
    </p>
   </div>
   <div class='ocr_carea' id='block_1_2' title="bbox 384 423 3640 505">
    <p class='ocr_par' dir='ltr' id='par_1_2' title="bbox 384 423 3640 505">
     <span class='ocr_line' id='line_1_2' title="bbox 384 423 3640 505; baseline -0.003 -12"><span class='ocrx_word' id='word_1_11' title='bbox 384 450 547 498; x_wconf 79' lang='lat' dir='ltr'><strong>ctam.</strong></span> <span class='ocrx_word' id='word_1_12' title='bbox 581 436 658 491; x_wconf 88' lang='lat' dir='ltr'><strong>lta</strong></span> <span class='ocrx_word' id='word_1_13' title='bbox 687 434 851 490; x_wconf 86' lang='lat' dir='ltr'><strong>etiam</strong></span> <span class='ocrx_word' id='word_1_14' title='bbox 886 450 1127 489; x_wconf 89' lang='lat' dir='ltr'><strong>summus</strong></span> <span class='ocrx_word' id='word_1_15' title='bbox 1155 434 1394 505; x_wconf 74' lang='lat' dir='ltr'><strong>ejusdem</strong></span> <span class='ocrx_word' id='word_1_16' title='bbox 1420 429 1746 488; x_wconf 91' lang='lat' dir='ltr'><strong>tabernaculi</strong></span> <span class='ocrx_word' id='word_1_17' title='bbox 1777 442 1956 482; x_wconf 89' lang='lat' dir='ltr'><strong>sacer—</strong></span> <span class='ocrx_word' id='word_1_18' title='bbox 1981 423 2028 483; x_wconf 84' lang='lat' dir='ltr'><strong>A</strong></span> <span class='ocrx_word' id='word_1_19' title='bbox 2057 430 2231 477; x_wconf 76' lang='lat' dir='ltr'><strong>autem</strong></span> <span class='ocrx_word' id='word_1_20' title='bbox 2260 423 2394 477; x_wconf 79' lang='lat' dir='ltr'><strong>ﬁunt</strong></span> <span class='ocrx_word' id='word_1_21' title='bbox 2424 425 2487 479; x_wconf 89' lang='lat' dir='ltr'><strong>de</strong></span> <span class='ocrx_word' id='word_1_22' title='bbox 2513 440 2646 479; x_wconf 90' lang='lat' dir='ltr'><strong>auro</strong></span> <span class='ocrx_word' id='word_1_23' title='bbox 2688 426 3044 496; x_wconf 88' lang='lat' dir='ltr'><strong>pretiosisque</strong></span> <span class='ocrx_word' id='word_1_24' title='bbox 3069 425 3360 490; x_wconf 88' lang='lat' dir='ltr'><strong>coloribus,</strong></span> <span class='ocrx_word' id='word_1_25' title='bbox 3391 427 3520 496; x_wconf 85' lang='lat' dir='ltr'><strong>quia</strong></span> <span class='ocrx_word' id='word_1_26' title='bbox 3546 428 3640 482; x_wconf 86' lang='lat' dir='ltr'><strong>ni—</strong></span> 
     </span>
    </p>
   </div>
   <div class='ocr_carea' id='block_1_3' title="bbox 385 511 3645 599">
    <p class='ocr_par' dir='ltr' id='par_1_3' title="bbox 385 511 3645 599">
     <span class='ocr_line' id='line_1_3' title="bbox 385 511 3645 599; baseline -0.002 -19"><span class='ocrx_word' id='word_1_27' title='bbox 385 529 484 586; x_wconf 87' lang='lat' dir='ltr'><strong>dos</strong></span> <span class='ocrx_word' id='word_1_28' title='bbox 535 528 759 599; x_wconf 79' lang='lat' dir='ltr'><strong>tlguram</strong></span> <span class='ocrx_word' id='word_1_29' title='bbox 792 532 939 579; x_wconf 88' lang='lat' dir='ltr'><strong>tenet</strong></span> <span class='ocrx_word' id='word_1_30' title='bbox 982 525 1097 578; x_wconf 90' lang='lat' dir='ltr'><strong>veri</strong></span> <span class='ocrx_word' id='word_1_31' title='bbox 1137 523 1407 593; x_wconf 83' lang='lat' dir='ltr'><strong>pontiﬁcis</strong></span> <span class='ocrx_word' id='word_1_32' title='bbox 1432 521 1557 577; x_wconf 83' lang='lat' dir='ltr'><strong>Jesu</strong></span> <span class='ocrx_word' id='word_1_33' title='bbox 1606 519 1830 582; x_wconf 79' lang='lat' dir='ltr'><strong>Christi,</strong></span> <span class='ocrx_word' id='word_1_34' title='bbox 1861 516 1954 587; x_wconf 93' lang='lat' dir='ltr'><strong>qui</strong></span> <span class='ocrx_word' id='word_1_35' title='bbox 2058 511 2132 566; x_wconf 85' lang='lat' dir='ltr'><strong>hil</strong></span> <span class='ocrx_word' id='word_1_36' title='bbox 2164 512 2266 567; x_wconf 89' lang='lat' dir='ltr'><strong>vile</strong></span> <span class='ocrx_word' id='word_1_37' title='bbox 2301 529 2364 568; x_wconf 90' lang='lat' dir='ltr'><strong>ac</strong></span> <span class='ocrx_word' id='word_1_38' title='bbox 2394 515 2669 569; x_wconf 84' lang='lat' dir='ltr'><strong>sordidum</strong></span> <span class='ocrx_word' id='word_1_39' title='bbox 2712 515 2764 569; x_wconf 91' lang='lat' dir='ltr'><strong>in</strong></span> <span class='ocrx_word' id='word_1_40' title='bbox 2797 515 3095 570; x_wconf 77' lang='lat' dir='ltr'><strong>sacerdotis</strong></span> <span class='ocrx_word' id='word_1_41' title='bbox 3123 530 3218 570; x_wconf 89' lang='lat' dir='ltr'><strong>ore</strong></span> <span class='ocrx_word' id='word_1_42' title='bbox 3242 514 3326 568; x_wconf 90' lang='lat' dir='ltr'><strong>vcl</strong></span> <span class='ocrx_word' id='word_1_43' title='bbox 3352 531 3517 586; x_wconf 90' lang='lat' dir='ltr'><strong>opere</strong></span> <span class='ocrx_word' id='word_1_44' title='bbox 3544 518 3645 572; x_wconf 84' lang='lat' dir='ltr'><strong>de—</strong></span> 
     </span>
    </p>
   </div>
   <div class='ocr_carea' id='block_1_4' title="bbox 388 607 1955 687">
    <p class='ocr_par' dir='ltr' id='par_1_4' title="bbox 388 607 1955 687">
     <span class='ocr_line' id='line_1_4' title="bbox 388 607 1955 687; baseline -0.011 -12"><span class='ocrx_word' id='word_1_45' title='bbox 388 619 740 687; x_wconf 82' lang='lat' dir='ltr'><strong>semetipsum</strong></span> <span class='ocrx_word' id='word_1_46' title='bbox 781 612 977 668; x_wconf 91' lang='lat' dir='ltr'><strong>obtulit</strong></span> <span class='ocrx_word' id='word_1_47' title='bbox 1003 612 1327 667; x_wconf 86' lang='lat' dir='ltr'><strong>oblationem</strong></span> <span class='ocrx_word' id='word_1_48' title='bbox 1365 618 1420 666; x_wconf 90' lang='lat' dir='ltr'><strong>et</strong></span> <span class='ocrx_word' id='word_1_49' title='bbox 1447 610 1679 675; x_wconf 77' lang='lat' dir='ltr'><strong>hostiam</strong></span> <span class='ocrx_word' id='word_1_50' title='bbox 1723 607 1832 661; x_wconf 88' lang='lat' dir='ltr'><strong>Deo</strong></span> <span class='ocrx_word' id='word_1_51' title='bbox 1855 620 1955 674; x_wconf 92' lang='lat' dir='ltr'><strong>pro</strong></span> 
     </span>
    </p>
   </div>
   <div class='ocr_carea' id='block_1_5' title="bbox 390 693 1958 771">
    <p class='ocr_par' dir='ltr' id='par_1_5' title="bbox 390 693 1958 771">
     <span class='ocr_line' id='line_1_5' title="bbox 390 693 1958 771; baseline -0.011 -8"><span class='ocrx_word' id='word_1_52' title='bbox 390 706 571 771; x_wconf 87' lang='lat' dir='ltr'><strong>nobis,</strong></span> <span class='ocrx_word' id='word_1_53' title='bbox 602 705 658 758; x_wconf 90' lang='lat' dir='ltr'><strong>in</strong></span> <span class='ocrx_word' id='word_1_54' title='bbox 698 703 920 758; x_wconf 88' lang='lat' dir='ltr'><strong>odorem</strong></span> <span class='ocrx_word' id='word_1_55' title='bbox 959 701 1272 765; x_wconf 89' lang='lat' dir='ltr'><strong>suavitatis;</strong></span> <span class='ocrx_word' id='word_1_56' title='bbox 1299 700 1389 770; x_wconf 88' lang='lat' dir='ltr'><strong>qui</strong></span> <span class='ocrx_word' id='word_1_57' title='bbox 1420 698 1612 768; x_wconf 85' lang='lat' dir='ltr'><strong>etjure</strong></span> <span class='ocrx_word' id='word_1_58' title='bbox 1639 704 1816 768; x_wconf 79' lang='lat' dir='ltr'><strong>potest</strong></span> <span class='ocrx_word' id='word_1_59' title='bbox 1848 693 1958 748; x_wconf 88' lang='lat' dir='ltr'><strong>fra-</strong></span> 
     </span>
    </p>
   </div>
   <div class='ocr_carea' id='block_1_6' title="bbox 390 784 1956 863">
    <p class='ocr_par' dir='ltr' id='par_1_6' title="bbox 390 784 1956 863">
     <span class='ocr_line' id='line_1_6' title="bbox 390 784 1956 863; baseline -0.006 -14"><span class='ocrx_word' id='word_1_60' title='bbox 390 803 473 849; x_wconf 85' lang='lat' dir='ltr'><strong>ter</strong></span> <span class='ocrx_word' id='word_1_61' title='bbox 517 792 683 863; x_wconf 81' lang='lat' dir='ltr'><strong>Moysi</strong></span> <span class='ocrx_word' id='word_1_62' title='bbox 713 790 912 846; x_wconf 88' lang='lat' dir='ltr'><strong>vocari.</strong></span> <span class='ocrx_word' id='word_1_63' title='bbox 938 788 1069 855; x_wconf 88' lang='lat' dir='ltr'><strong>Quis</strong></span> <span class='ocrx_word' id='word_1_64' title='bbox 1093 789 1237 843; x_wconf 87' lang='lat' dir='ltr'><strong>enim</strong></span> <span class='ocrx_word' id='word_1_65' title='bbox 1268 786 1497 857; x_wconf 85' lang='lat' dir='ltr'><strong>amplius</strong></span> <span class='ocrx_word' id='word_1_66' title='bbox 1534 785 1688 840; x_wconf 85' lang='lat' dir='ltr'><strong>alteri</strong></span> <span class='ocrx_word' id='word_1_67' title='bbox 1718 784 1956 839; x_wconf 87' lang='lat' dir='ltr'><strong>fraterno</strong></span> 
     </span>
    </p>
   </div>
   <div class='ocr_carea' id='block_1_7' title="bbox 391 876 1956 947">
    <p class='ocr_par' dir='ltr' id='par_1_7' title="bbox 391 876 1956 947">
     <span class='ocr_line' id='line_1_7' title="bbox 391 876 1956 947; baseline -0.006 -9"><span class='ocrx_word' id='word_1_68' title='bbox 391 892 477 939; x_wconf 87' lang='lat' dir='ltr'><strong>est</strong></span> <span class='ocrx_word' id='word_1_69' title='bbox 511 883 714 936; x_wconf 71' lang='lat' dir='ltr'><strong>fmdere</strong></span> <span class='ocrx_word' id='word_1_70' title='bbox 740 894 1033 943; x_wconf 84' lang='lat' dir='ltr'><strong>connexus,</strong></span> <span class='ocrx_word' id='word_1_71' title='bbox 1080 893 1241 947; x_wconf 89' lang='lat' dir='ltr'><strong>quam</strong></span> <span class='ocrx_word' id='word_1_72' title='bbox 1296 876 1546 933; x_wconf 85' lang='lat' dir='ltr'><strong>Christus</strong></span> <span class='ocrx_word' id='word_1_73' title='bbox 1593 876 1797 947; x_wconf 80' lang='lat' dir='ltr'><strong>Moysi;</strong></span> <span class='ocrx_word' id='word_1_74' title='bbox 1832 876 1956 947; x_wconf 90' lang='lat' dir='ltr'><strong>legi,</strong></span> 
     </span>
    </p>
   </div>
   <div class='ocr_carea' id='block_1_8' title="bbox 391 966 1504 1044">
    <p class='ocr_par' dir='ltr' id='par_1_8' title="bbox 391 966 1504 1044">
     <span class='ocr_line' id='line_1_8' title="bbox 391 966 1504 1044; baseline -0.006 -16"><span class='ocrx_word' id='word_1_75' title='bbox 391 973 588 1044; x_wconf 88' lang='lat' dir='ltr'><strong>gratia,</strong></span> <span class='ocrx_word' id='word_1_76' title='bbox 619 970 824 1026; x_wconf 87' lang='lat' dir='ltr'><strong>Novum</strong></span> <span class='ocrx_word' id='word_1_77' title='bbox 847 968 1253 1023; x_wconf 88' lang='lat' dir='ltr'><strong>Testamentum</strong></span> <span class='ocrx_word' id='word_1_78' title='bbox 1288 966 1504 1022; x_wconf 81' lang='lat' dir='ltr'><strong>Veteri?</strong></span> 
     </span>
    </p>
   </div>
   <div class='ocr_carea' id='block_1_9' title="bbox 999 1056 1331 1114">
    <p class='ocr_par' dir='ltr' id='par_1_9' title="bbox 999 1056 1331 1114">
     <span class='ocr_line' id='line_1_9' title="bbox 999 1056 1331 1114; baseline -0.012 0"><span class='ocrx_word' id='word_1_79' title='bbox 999 1057 1226 1114; x_wconf 83' lang='lat' dir='ltr'><strong>CAPUT</strong></span> <span class='ocrx_word' id='word_1_80' title='bbox 1268 1056 1331 1111; x_wconf 86' lang='lat' dir='ltr'><strong>Il.</strong></span> 
     </span>
    </p>
   </div>
   <div class='ocr_carea' id='block_1_10' title="bbox 505 1144 1856 1214">
    <p class='ocr_par' dir='ltr' id='par_1_10' title="bbox 505 1144 1856 1214">
     <span class='ocr_line' id='line_1_10' title="bbox 505 1144 1856 1214; baseline -0.004 -10"><span class='ocrx_word' id='word_1_81' title='bbox 505 1149 579 1204; x_wconf 87' lang='lat' dir='ltr'><strong>De</strong></span> <span class='ocrx_word' id='word_1_82' title='bbox 613 1157 745 1203; x_wconf 85' lang='lat' dir='ltr'><strong>veste</strong></span> <span class='ocrx_word' id='word_1_83' title='bbox 774 1145 1088 1202; x_wconf 72' lang='lat' dir='ltr'><strong>sacerdotali</strong></span> <span class='ocrx_word' id='word_1_84' title='bbox 1127 1147 1304 1199; x_wconf 82' lang='lat' dir='ltr'><strong>Aaron</strong></span> <span class='ocrx_word' id='word_1_85' title='bbox 1350 1152 1399 1198; x_wconf 89' lang='lat' dir='ltr'><strong>et</strong></span> <span class='ocrx_word' id='word_1_86' title='bbox 1448 1144 1679 1213; x_wconf 78' lang='lat' dir='ltr'><strong>filiorum</strong></span> <span class='ocrx_word' id='word_1_87' title='bbox 1718 1144 1856 1214; x_wconf 87' lang='lat' dir='ltr'><strong>ejus.</strong></span> 
     </span>
    </p>
   </div>
   <div class='ocr_carea' id='block_1_11' title="bbox 463 1232 1963 1309">
    <p class='ocr_par' dir='ltr' id='par_1_11' title="bbox 463 1232 1963 1309">
     <span class='ocr_line' id='line_1_11' title="bbox 463 1232 1963 1309; baseline -0.005 -17"><span class='ocrx_word' id='word_1_88' title='bbox 463 1238 749 1309; x_wconf 82' lang='lat' dir='ltr'><strong>Faeiesque</strong></span> <span class='ocrx_word' id='word_1_89' title='bbox 777 1246 967 1291; x_wconf 82' lang='lat' dir='ltr'><strong>vestem</strong></span> <span class='ocrx_word' id='word_1_90' title='bbox 1002 1244 1237 1290; x_wconf 86' lang='lat' dir='ltr'><strong>sanctam</strong></span> <span class='ocrx_word' id='word_1_91' title='bbox 1266 1233 1420 1303; x_wconf 92' lang='lat' dir='ltr'><strong>fratri</strong></span> <span class='ocrx_word' id='word_1_92' title='bbox 1449 1243 1539 1287; x_wconf 90' lang='lat' dir='ltr'><strong>tuo</strong></span> <span class='ocrx_word' id='word_1_93' title='bbox 1564 1234 1620 1286; x_wconf 88' lang='lat' dir='ltr'><strong>in</strong></span> <span class='ocrx_word' id='word_1_94' title='bbox 1654 1232 1874 1303; x_wconf 79' lang='lat' dir='ltr'><strong>gloriam</strong></span> <span class='ocrx_word' id='word_1_95' title='bbox 1914 1239 1963 1286; x_wconf 82' lang='lat' dir='ltr'><strong>et</strong></span> 
     </span>
    </p>
   </div>
   <div class='ocr_carea' id='block_1_12' title="bbox 393 1322 1963 1397">
    <p class='ocr_par' dir='ltr' id='par_1_12' title="bbox 393 1322 1963 1397">
     <span class='ocr_line' id='line_1_12' title="bbox 393 1322 1963 1397; baseline -0.007 -13"><span class='ocrx_word' id='word_1_96' title='bbox 393 1333 651 1390; x_wconf 77' lang='lat' dir='ltr'><strong>decorem,</strong></span> <span class='ocrx_word' id='word_1_97' title='bbox 699 1336 746 1380; x_wconf 87' lang='lat' dir='ltr'><strong>et</strong></span> <span class='ocrx_word' id='word_1_98' title='bbox 791 1326 1018 1397; x_wconf 84' lang='lat' dir='ltr'><strong>loqueris</strong></span> <span class='ocrx_word' id='word_1_99' title='bbox 1062 1325 1262 1379; x_wconf 83' lang='lat' dir='ltr'><strong>cunctis</strong></span> <span class='ocrx_word' id='word_1_100' title='bbox 1290 1322 1607 1394; x_wconf 72' lang='lat' dir='ltr'><strong>sapientibus</strong></span> <span class='ocrx_word' id='word_1_101' title='bbox 1630 1322 1805 1385; x_wconf 89' lang='lat' dir='ltr'><strong>corde,</strong></span> <span class='ocrx_word' id='word_1_102' title='bbox 1835 1337 1963 1393; x_wconf 82' lang='lat' dir='ltr'><strong>quos</strong></span> 
     </span>
    </p>
   </div>
   <div class='ocr_carea' id='block_1_13' title="bbox 400 1411 1966 1490">
    <p class='ocr_par' dir='ltr' id='par_1_13' title="bbox 400 1411 1966 1490">
     <span class='ocr_line' id='line_1_13' title="bbox 400 1411 1966 1490; baseline -0.007 -14"><span class='ocrx_word' id='word_1_103' title='bbox 400 1419 588 1490; x_wconf 71' lang='lat' dir='ltr'><strong>repleri</strong></span> <span class='ocrx_word' id='word_1_104' title='bbox 611 1418 801 1489; x_wconf 86' lang='lat' dir='ltr'><strong>spiritu</strong></span> <span class='ocrx_word' id='word_1_105' title='bbox 827 1417 1140 1489; x_wconf 66' lang='lat' dir='ltr'><strong>prudentiae,</strong></span> <span class='ocrx_word' id='word_1_106' title='bbox 1168 1423 1223 1469; x_wconf 88' lang='lat' dir='ltr'><strong>ut</strong></span> <span class='ocrx_word' id='word_1_107' title='bbox 1255 1414 1454 1483; x_wconf 82' lang='lat' dir='ltr'><strong>faciant</strong></span> <span class='ocrx_word' id='word_1_108' title='bbox 1479 1423 1642 1468; x_wconf 83' lang='lat' dir='ltr'><strong>vestes</strong></span> <span class='ocrx_word' id='word_1_109' title='bbox 1672 1413 1847 1466; x_wconf 85' lang='lat' dir='ltr'><strong>Aaron</strong></span> <span class='ocrx_word' id='word_1_110' title='bbox 1865 1451 1879 1475; x_wconf 92' lang='lat'><strong>,</strong></span> <span class='ocrx_word' id='word_1_111' title='bbox 1912 1411 1966 1465; x_wconf 87' lang='lat' dir='ltr'><strong>in</strong></span> 
     </span>
    </p>
   </div>
   <div class='ocr_carea' id='block_1_14' title="bbox 2060 601 3648 676">
    <p class='ocr_par' dir='ltr' id='par_1_14' title="bbox 2060 601 3648 676">
     <span class='ocr_line' id='line_1_14' title="bbox 2060 601 3648 676; baseline 0.005 -22"><span class='ocrx_word' id='word_1_112' title='bbox 2060 601 2151 655; x_wconf 85' lang='lat' dir='ltr'><strong>bet</strong></span> <span class='ocrx_word' id='word_1_113' title='bbox 2192 617 2481 672; x_wconf 85' lang='lat' dir='ltr'><strong>apparere;</strong></span> <span class='ocrx_word' id='word_1_114' title='bbox 2536 605 2631 659; x_wconf 89' lang='lat' dir='ltr'><strong>sed</strong></span> <span class='ocrx_word' id='word_1_115' title='bbox 2668 613 2859 660; x_wconf 88' lang='lat' dir='ltr'><strong>cuncta</strong></span> <span class='ocrx_word' id='word_1_116' title='bbox 2889 620 3009 674; x_wconf 68' lang='lat' dir='ltr'><strong>qua:</strong></span> <span class='ocrx_word' id='word_1_117' title='bbox 3049 605 3178 676; x_wconf 89' lang='lat' dir='ltr'><strong>agit,</strong></span> <span class='ocrx_word' id='word_1_118' title='bbox 3227 605 3477 661; x_wconf 90' lang='lat' dir='ltr'><strong>universa</strong></span> <span class='ocrx_word' id='word_1_119' title='bbox 3517 622 3648 676; x_wconf 70' lang='lat' dir='ltr'><strong>qua:</strong></span> 
     </span>
    </p>
   </div>
   <div class='ocr_carea' id='block_1_15' title="bbox 2060 690 3648 764">
    <p class='ocr_par' dir='ltr' id='par_1_15' title="bbox 2060 690 3648 764">
     <span class='ocr_line' id='line_1_15' title="bbox 2060 690 3648 764; baseline 0.006 -21"><span class='ocrx_word' id='word_1_120' title='bbox 2060 690 2314 759; x_wconf 81' lang='lat' dir='ltr'><strong>loquitur,</strong></span> <span class='ocrx_word' id='word_1_121' title='bbox 2341 693 2524 747; x_wconf 89' lang='lat' dir='ltr'><strong>omnia</strong></span> <span class='ocrx_word' id='word_1_122' title='bbox 2572 709 2693 764; x_wconf 68' lang='lat' dir='ltr'><strong>qua:</strong></span> <span class='ocrx_word' id='word_1_123' title='bbox 2737 695 2957 761; x_wconf 80' lang='lat' dir='ltr'><strong>cogitat,</strong></span> <span class='ocrx_word' id='word_1_124' title='bbox 2990 701 3044 748; x_wconf 92' lang='lat' dir='ltr'><strong>et</strong></span> <span class='ocrx_word' id='word_1_125' title='bbox 3089 708 3272 748; x_wconf 86' lang='lat' dir='ltr'><strong>coram</strong></span> <span class='ocrx_word' id='word_1_126' title='bbox 3323 695 3648 753; x_wconf 73' lang='lat' dir='ltr'><strong>hominibus</strong></span> 
     </span>
    </p>
   </div>
   <div class='ocr_carea' id='block_1_16' title="bbox 2057 780 3649 854">
    <p class='ocr_par' dir='ltr' id='par_1_16' title="bbox 2057 780 3649 854">
     <span class='ocr_line' id='line_1_16' title="bbox 2057 780 3649 854; baseline 0.004 -20"><span class='ocrx_word' id='word_1_127' title='bbox 2057 780 2404 850; x_wconf 66' lang='lat' dir='ltr'><strong>prmclara,et</strong></span> <span class='ocrx_word' id='word_1_128' title='bbox 2430 782 2484 835; x_wconf 89' lang='lat' dir='ltr'><strong>in</strong></span> <span class='ocrx_word' id='word_1_129' title='bbox 2510 792 2796 852; x_wconf 87' lang='lat' dir='ltr'><strong>conspectu</strong></span> <span class='ocrx_word' id='word_1_130' title='bbox 2828 782 3025 838; x_wconf 90' lang='lat' dir='ltr'><strong>interni</strong></span> <span class='ocrx_word' id='word_1_131' title='bbox 3055 783 3245 837; x_wconf 88' lang='lat' dir='ltr'><strong>arbitri</strong></span> <span class='ocrx_word' id='word_1_132' title='bbox 3275 792 3493 854; x_wconf 83' lang='lat' dir='ltr'><strong>oportet</strong></span> <span class='ocrx_word' id='word_1_133' title='bbox 3517 799 3649 840; x_wconf 83' lang='lat' dir='ltr'><strong>esse</strong></span> 
     </span>
    </p>
   </div>
   <div class='ocr_carea' id='block_1_17' title="bbox 2062 870 3649 945">
    <p class='ocr_par' dir='ltr' id='par_1_17' title="bbox 2062 870 3649 945">
     <span class='ocr_line' id='line_1_17' title="bbox 2062 870 3649 945; baseline 0.004 -21"><span class='ocrx_word' id='word_1_134' title='bbox 2062 870 2315 941; x_wconf 84' lang='lat' dir='ltr'><strong>gloriosa.</strong></span> <span class='ocrx_word' id='word_1_135' title='bbox 2347 870 2498 938; x_wconf 84' lang='lat' dir='ltr'><strong>Quod</strong></span> <span class='ocrx_word' id='word_1_136' title='bbox 2533 872 2733 927; x_wconf 89' lang='lat' dir='ltr'><strong>dictum</strong></span> <span class='ocrx_word' id='word_1_137' title='bbox 2761 881 2878 938; x_wconf 92' lang='lat' dir='ltr'><strong>est,</strong></span> <span class='ocrx_word' id='word_1_138' title='bbox 2911 872 2977 926; x_wconf 86' lang='lat' dir='ltr'><strong>Et</strong></span> <span class='ocrx_word' id='word_1_139' title='bbox 3001 889 3159 944; x_wconf 86' lang='lat' dir='ltr'><strong>pones</strong></span> <span class='ocrx_word' id='word_1_140' title='bbox 3204 873 3259 928; x_wconf 89' lang='lat' dir='ltr'><strong>in</strong></span> <span class='ocrx_word' id='word_1_141' title='bbox 3306 884 3527 945; x_wconf 85' lang='lat' dir='ltr'><strong>utroque</strong></span> <span class='ocrx_word' id='word_1_142' title='bbox 3555 874 3649 930; x_wconf 85' lang='lat' dir='ltr'><strong>la-</strong></span> 
     </span>
    </p>
   </div>
   <div class='ocr_carea' id='block_1_18' title="bbox 2062 961 3652 1033">
    <p class='ocr_par' dir='ltr' id='par_1_18' title="bbox 2062 961 3652 1033">
     <span class='ocr_line' id='line_1_18' title="bbox 2062 961 3652 1033; baseline 0.004 -19"><span class='ocrx_word' id='word_1_143' title='bbox 2062 970 2167 1015; x_wconf 86' lang='lat' dir='ltr'><strong>tere</strong></span> <span class='ocrx_word' id='word_1_144' title='bbox 2209 961 2674 1032; x_wconf 80' lang='lat' dir='ltr'><strong>superhumeralis,</strong></span> <span class='ocrx_word' id='word_1_145' title='bbox 2729 963 3029 1017; x_wconf 85' lang='lat' dir='ltr'><strong>memoriale</strong></span> <span class='ocrx_word' id='word_1_146' title='bbox 3073 962 3198 1033; x_wconf 80' lang='lat' dir='ltr'><strong>ﬁliis</strong></span> <span class='ocrx_word' id='word_1_147' title='bbox 3239 962 3437 1029; x_wconf 84' lang='lat' dir='ltr'><strong>Israel,</strong></span> <span class='ocrx_word' id='word_1_148' title='bbox 3496 981 3652 1021; x_wconf 85' lang='lat' dir='ltr'><strong>nunc</strong></span> 
     </span>
    </p>
   </div>
   <div class='ocr_carea' id='block_1_19' title="bbox 2064 1055 3647 1127">
    <p class='ocr_par' dir='ltr' id='par_1_19' title="bbox 2064 1055 3647 1127">
     <span class='ocr_line' id='line_1_19' title="bbox 2064 1055 3647 1127; baseline 0.001 -18"><span class='ocrx_word' id='word_1_149' title='bbox 2064 1070 2276 1125; x_wconf 88' lang='lat' dir='ltr'><strong>quoque</strong></span> <span class='ocrx_word' id='word_1_150' title='bbox 2304 1055 2542 1126; x_wconf 81' lang='lat' dir='ltr'><strong>pontifex</strong></span> <span class='ocrx_word' id='word_1_151' title='bbox 2567 1056 2619 1110; x_wconf 93' lang='lat' dir='ltr'><strong>in</strong></span> <span class='ocrx_word' id='word_1_152' title='bbox 2644 1056 3070 1126; x_wconf 90' lang='lat' dir='ltr'><strong>superhumerali</strong></span> <span class='ocrx_word' id='word_1_153' title='bbox 3093 1058 3312 1111; x_wconf 86' lang='lat' dir='ltr'><strong>nomina</strong></span> <span class='ocrx_word' id='word_1_154' title='bbox 3342 1065 3520 1127; x_wconf 81' lang='lat' dir='ltr'><strong>gestat</strong></span> <span class='ocrx_word' id='word_1_155' title='bbox 3540 1073 3647 1127; x_wconf 53' lang='lat' dir='ltr'><strong>pa-</strong></span> 
     </span>
    </p>
   </div>
   <div class='ocr_carea' id='block_1_20' title="bbox 2063 1147 3644 1218">
    <p class='ocr_par' dir='ltr' id='par_1_20' title="bbox 2063 1147 3644 1218">
     <span class='ocr_line' id='line_1_20' title="bbox 2063 1147 3644 1218; baseline 0.001 -16"><span class='ocrx_word' id='word_1_156' title='bbox 2063 1148 2442 1211; x_wconf 89' lang='lat' dir='ltr'><strong>triarcharum,</strong></span> <span class='ocrx_word' id='word_1_157' title='bbox 2470 1162 2591 1202; x_wconf 92' lang='lat' dir='ltr'><strong>cum</strong></span> <span class='ocrx_word' id='word_1_158' title='bbox 2623 1147 2815 1203; x_wconf 91' lang='lat' dir='ltr'><strong>doctor</strong></span> <span class='ocrx_word' id='word_1_159' title='bbox 2837 1148 2958 1216; x_wconf 86' lang='lat' dir='ltr'><strong>quis</strong></span> <span class='ocrx_word' id='word_1_160' title='bbox 2985 1149 3100 1204; x_wconf 84' lang='lat' dir='ltr'><strong>sive</strong></span> <span class='ocrx_word' id='word_1_161' title='bbox 3126 1149 3321 1218; x_wconf 64' lang='lat' dir='ltr'><strong>pracsul</strong></span> <span class='ocrx_word' id='word_1_162' title='bbox 3360 1149 3644 1210; x_wconf 77' lang='lat' dir='ltr'><strong>Ecclesizn,</strong></span> 
     </span>
    </p>
   </div>
   <div class='ocr_carea' id='block_1_21' title="bbox 2066 1239 3648 1311">
    <p class='ocr_par' dir='ltr' id='par_1_21' title="bbox 2066 1239 3648 1311">
     <span class='ocr_line' id='line_1_21' title="bbox 2066 1239 3648 1311; baseline 0.001 -17"><span class='ocrx_word' id='word_1_163' title='bbox 2066 1239 2120 1294; x_wconf 90' lang='lat' dir='ltr'><strong>in</strong></span> <span class='ocrx_word' id='word_1_164' title='bbox 2176 1239 2426 1294; x_wconf 88' lang='lat' dir='ltr'><strong>omnibus</strong></span> <span class='ocrx_word' id='word_1_165' title='bbox 2460 1253 2579 1309; x_wconf 69' lang='lat' dir='ltr'><strong>qua:</strong></span> <span class='ocrx_word' id='word_1_166' title='bbox 2627 1239 2738 1310; x_wconf 88' lang='lat' dir='ltr'><strong>agit</strong></span> <span class='ocrx_word' id='word_1_167' title='bbox 2784 1247 2997 1309; x_wconf 85' lang='lat' dir='ltr'><strong>patrum</strong></span> <span class='ocrx_word' id='word_1_168' title='bbox 3043 1241 3460 1311; x_wconf 65' lang='lat' dir='ltr'><strong>praecedentium</strong></span> <span class='ocrx_word' id='word_1_169' title='bbox 3499 1242 3648 1296; x_wconf 84' lang='lat' dir='ltr'><strong>facta</strong></span> 
     </span>
    </p>
   </div>
   <div class='ocr_carea' id='block_1_22' title="bbox 2066 1328 3652 1397">
    <p class='ocr_par' dir='ltr' id='par_1_22' title="bbox 2066 1328 3652 1397">
     <span class='ocr_line' id='line_1_22' title="bbox 2066 1328 3652 1397; baseline 0.003 -15"><span class='ocrx_word' id='word_1_170' title='bbox 2066 1328 2395 1394; x_wconf 81' lang='lat' dir='ltr'><strong>considerat,</strong></span> <span class='ocrx_word' id='word_1_171' title='bbox 2425 1336 2587 1397; x_wconf 87' lang='lat' dir='ltr'><strong>atque</strong></span> <span class='ocrx_word' id='word_1_172' title='bbox 2626 1328 2694 1382; x_wconf 88' lang='lat' dir='ltr'><strong>ad</strong></span> <span class='ocrx_word' id='word_1_173' title='bbox 2722 1342 2909 1383; x_wconf 89' lang='lat' dir='ltr'><strong>eorum</strong></span> <span class='ocrx_word' id='word_1_174' title='bbox 2956 1330 3315 1386; x_wconf 87' lang='lat' dir='ltr'><strong>imitationem</strong></span> <span class='ocrx_word' id='word_1_175' title='bbox 3345 1333 3516 1386; x_wconf 89' lang='lat' dir='ltr'><strong>vitam</strong></span> <span class='ocrx_word' id='word_1_176' title='bbox 3562 1333 3652 1389; x_wconf 78' lang='lat' dir='ltr'><strong>di—</strong></span> 
     </span>
    </p>
   </div>
   <div class='ocr_carea' id='block_1_23' title="bbox 2066 1417 3653 1490">
    <p class='ocr_par' dir='ltr' id='par_1_23' title="bbox 2066 1417 3653 1490">
     <span class='ocr_line' id='line_1_23' title="bbox 2066 1417 3653 1490; baseline 0.002 -17"><span class='ocrx_word' id='word_1_177' title='bbox 2066 1420 2261 1490; x_wconf 84' lang='lat' dir='ltr'><strong>rigere,</strong></span> <span class='ocrx_word' id='word_1_178' title='bbox 2301 1425 2357 1474; x_wconf 88' lang='lat' dir='ltr'><strong>et</strong></span> <span class='ocrx_word' id='word_1_179' title='bbox 2402 1433 2540 1472; x_wconf 92' lang='lat' dir='ltr'><strong>onus</strong></span> <span class='ocrx_word' id='word_1_180' title='bbox 2574 1417 2896 1489; x_wconf 74' lang='lat' dir='ltr'><strong>evangelica:</strong></span> <span class='ocrx_word' id='word_1_181' title='bbox 2933 1419 3284 1489; x_wconf 79' lang='lat' dir='ltr'><strong>perfectionis</strong></span> <span class='ocrx_word' id='word_1_182' title='bbox 3325 1419 3469 1476; x_wconf 89' lang='lat' dir='ltr'><strong>ferre</strong></span> <span class='ocrx_word' id='word_1_183' title='bbox 3498 1429 3653 1476; x_wconf 81' lang='lat' dir='ltr'><strong>sata-</strong></span> 
     </span>
    </p>
   </div>
   <div class='ocr_carea' id='block_1_24' title="bbox 395 1500 3651 1583">
    <p class='ocr_par' dir='ltr' id='par_1_24' title="bbox 395 1500 3651 1583">
     <span class='ocr_line' id='line_1_24' title="bbox 395 1500 3651 1583; baseline 0.001 -20"><span class='ocrx_word' id='word_1_184' title='bbox 395 1510 583 1578; x_wconf 77' lang='lat' dir='ltr'><strong>quibus</strong></span> <span class='ocrx_word' id='word_1_185' title='bbox 630 1508 987 1577; x_wconf 75' lang='lat' dir='ltr'><strong>sanctiﬁcatus</strong></span> <span class='ocrx_word' id='word_1_186' title='bbox 1028 1506 1287 1559; x_wconf 85' lang='lat' dir='ltr'><strong>ministret</strong></span> <span class='ocrx_word' id='word_1_187' title='bbox 1331 1503 1458 1557; x_wconf 82' lang='lat' dir='ltr'><strong>mihi</strong></span> <span class='ocrx_word' id='word_1_188' title='bbox 1507 1502 1703 1574; x_wconf 68' lang='lat' dir='ltr'><strong>(Exod.</strong></span> <span class='ocrx_word' id='word_1_189' title='bbox 1746 1500 1962 1571; x_wconf 85' lang='lat' dir='ltr'><strong>xxvm).</strong></span> <span class='ocrx_word' id='word_1_190' title='bbox 2009 1572 2019 1583; x_wconf 33' lang='grc' dir='ltr'><strong>ο</strong></span> <span class='ocrx_word' id='word_1_191' title='bbox 2069 1509 2165 1578; x_wconf 86' lang='lat' dir='ltr'><strong>git.</strong></span> <span class='ocrx_word' id='word_1_192' title='bbox 2194 1506 2323 1575; x_wconf 75' lang='lat' dir='ltr'><strong>Qua:</strong></span> <span class='ocrx_word' id='word_1_193' title='bbox 2350 1505 2601 1562; x_wconf 82' lang='lat' dir='ltr'><strong>videlicet</strong></span> <span class='ocrx_word' id='word_1_194' title='bbox 2625 1508 2840 1562; x_wconf 88' lang='lat' dir='ltr'><strong>nomina</strong></span> <span class='ocrx_word' id='word_1_195' title='bbox 2885 1516 3098 1578; x_wconf 86' lang='lat' dir='ltr'><strong>patrum</strong></span> <span class='ocrx_word' id='word_1_196' title='bbox 3128 1518 3252 1581; x_wconf 87' lang='lat' dir='ltr'><strong>apte</strong></span> <span class='ocrx_word' id='word_1_197' title='bbox 3286 1512 3341 1566; x_wconf 90' lang='lat' dir='ltr'><strong>in</strong></span> <span class='ocrx_word' id='word_1_198' title='bbox 3374 1512 3651 1583; x_wconf 79' lang='lat' dir='ltr'><strong>lapidibus</strong></span> 
     </span>
    </p>
   </div>
   <div class='ocr_carea' id='block_1_25' title="bbox 401 1593 3650 1673">
    <p class='ocr_par' dir='ltr' id='par_1_25' title="bbox 401 1593 3650 1673">
     <span class='ocr_line' id='line_1_25' title="bbox 401 1593 3650 1673; baseline 0.001 -18"><span class='ocrx_word' id='word_1_199' title='bbox 401 1602 589 1655; x_wconf 79' lang='lat' dir='ltr'><strong>Vestes</strong></span> <span class='ocrx_word' id='word_1_200' title='bbox 637 1606 837 1655; x_wconf 63' lang='lat' dir='ltr'><strong>sanctae</strong></span> <span class='ocrx_word' id='word_1_201' title='bbox 880 1597 1057 1653; x_wconf 83' lang='lat' dir='ltr'><strong>Aaron</strong></span> <span class='ocrx_word' id='word_1_202' title='bbox 1100 1613 1235 1668; x_wconf 89' lang='lat' dir='ltr'><strong>quas</strong></span> <span class='ocrx_word' id='word_1_203' title='bbox 1274 1596 1346 1651; x_wconf 91' lang='lat' dir='ltr'><strong>illi</strong></span> <span class='ocrx_word' id='word_1_204' title='bbox 1390 1595 1599 1666; x_wconf 79' lang='lat' dir='ltr'><strong>Moyses</strong></span> <span class='ocrx_word' id='word_1_205' title='bbox 1629 1593 1774 1658; x_wconf 88' lang='lat' dir='ltr'><strong>fecit,</strong></span> <span class='ocrx_word' id='word_1_206' title='bbox 1803 1608 1967 1673; x_wconf 88' lang='lat' dir='ltr'><strong>opera</strong></span> <span class='ocrx_word' id='word_1_207' title='bbox 2068 1596 2319 1667; x_wconf 88' lang='lat' dir='ltr'><strong>pretiosis</strong></span> <span class='ocrx_word' id='word_1_208' title='bbox 2341 1597 2510 1667; x_wconf 90' lang='lat' dir='ltr'><strong>sculpi</strong></span> <span class='ocrx_word' id='word_1_209' title='bbox 2538 1595 2687 1665; x_wconf 76' lang='lat' dir='ltr'><strong>iussa</strong></span> <span class='ocrx_word' id='word_1_210' title='bbox 2733 1606 2879 1653; x_wconf 91' lang='lat' dir='ltr'><strong>sunt.</strong></span> <span class='ocrx_word' id='word_1_211' title='bbox 2910 1599 3138 1670; x_wconf 84' lang='lat' dir='ltr'><strong>Lapides</strong></span> <span class='ocrx_word' id='word_1_212' title='bbox 3167 1603 3365 1672; x_wconf 88' lang='lat' dir='ltr'><strong>quippe</strong></span> <span class='ocrx_word' id='word_1_213' title='bbox 3393 1603 3650 1672; x_wconf 81' lang='lat' dir='ltr'><strong>pretiosi,</strong></span> 
     </span>
    </p>
   </div>
   <div class='ocr_carea' id='block_1_26' title="bbox 400 1685 3655 1764">
    <p class='ocr_par' dir='ltr' id='par_1_26' title="bbox 400 1685 3655 1764">
     <span class='ocr_line' id='line_1_26' title="bbox 400 1685 3655 1764; baseline 0.002 -19"><span class='ocrx_word' id='word_1_214' title='bbox 400 1697 528 1745; x_wconf 86' lang='lat' dir='ltr'><strong>sunt</strong></span> <span class='ocrx_word' id='word_1_215' title='bbox 535 1688 760 1759; x_wconf 72' lang='lat' dir='ltr'><strong>iustitia:</strong></span> <span class='ocrx_word' id='word_1_216' title='bbox 780 1697 835 1744; x_wconf 88' lang='lat' dir='ltr'><strong>et</strong></span> <span class='ocrx_word' id='word_1_217' title='bbox 856 1689 1179 1754; x_wconf 88' lang='lat' dir='ltr'><strong>sanctitatis,</strong></span> <span class='ocrx_word' id='word_1_218' title='bbox 1198 1702 1317 1757; x_wconf 79' lang='lat' dir='ltr'><strong>quae</strong></span> <span class='ocrx_word' id='word_1_219' title='bbox 1339 1687 1619 1757; x_wconf 88' lang='lat' dir='ltr'><strong>Scriptura</strong></span> <span class='ocrx_word' id='word_1_220' title='bbox 1644 1701 1813 1741; x_wconf 63' lang='lat' dir='ltr'><strong>sacrae</strong></span> <span class='ocrx_word' id='word_1_221' title='bbox 1840 1685 1971 1756; x_wconf 82' lang='lat' dir='ltr'><strong>legis</strong></span> <span class='ocrx_word' id='word_1_222' title='bbox 2002 1753 2042 1764; x_wconf 75' lang='lat'><em>_</em></span> <span class='ocrx_word' id='word_1_223' title='bbox 2072 1702 2234 1758; x_wconf 86' lang='lat' dir='ltr'><strong>opera</strong></span> <span class='ocrx_word' id='word_1_224' title='bbox 2249 1687 2509 1742; x_wconf 90' lang='lat' dir='ltr'><strong>virtutum</strong></span> <span class='ocrx_word' id='word_1_225' title='bbox 2533 1696 2658 1743; x_wconf 90' lang='lat' dir='ltr'><strong>sunt</strong></span> <span class='ocrx_word' id='word_1_226' title='bbox 2682 1689 3073 1758; x_wconf 83' lang='lat' dir='ltr'><strong>spiritualium;</strong></span> <span class='ocrx_word' id='word_1_227' title='bbox 3102 1692 3372 1764; x_wconf 84' lang='lat' dir='ltr'><strong>habetque</strong></span> <span class='ocrx_word' id='word_1_228' title='bbox 3386 1694 3655 1750; x_wconf 81' lang='lat' dir='ltr'><strong>sacerdos</strong></span> 
     </span>
    </p>
   </div>
   <div class='ocr_carea' id='block_1_27' title="bbox 402 1753 3646 1850">
    <p class='ocr_par' dir='ltr' id='par_1_27' title="bbox 402 1753 3646 1850">
     <span class='ocr_line' id='line_1_27' title="bbox 402 1753 3646 1850; baseline 0 -15"><span class='ocrx_word' id='word_1_229' title='bbox 402 1753 703 1836; x_wconf 77' lang='lat' dir='ltr'><strong>rectoribus</strong></span> <span class='ocrx_word' id='word_1_230' title='bbox 738 1780 985 1836; x_wconf 81' lang='lat' dir='ltr'><strong>habenda</strong></span> <span class='ocrx_word' id='word_1_231' title='bbox 1017 1753 1378 1846; x_wconf 79' lang='lat' dir='ltr'><strong>commendat,</strong></span> <span class='ocrx_word' id='word_1_232' title='bbox 1427 1753 1655 1849; x_wconf 79' lang='lat' dir='ltr'><strong>quorum</strong></span> <span class='ocrx_word' id='word_1_233' title='bbox 1683 1785 1738 1833; x_wconf 91' lang='lat' dir='ltr'><strong>et</strong></span> <span class='ocrx_word' id='word_1_234' title='bbox 1779 1778 1833 1832; x_wconf 90' lang='lat' dir='ltr'><strong>in</strong></span> <span class='ocrx_word' id='word_1_235' title='bbox 1882 1753 1969 1834; x_wconf 83' lang='lat' dir='ltr'><strong>bis</strong></span> <span class='ocrx_word' id='word_1_236' title='bbox 2002 1753 2045 1812; x_wconf 73' lang='grc' dir='ltr'><strong><em>Β</em></strong></span> <span class='ocrx_word' id='word_1_237' title='bbox 2073 1753 2127 1828; x_wconf 80' lang='lat' dir='ltr'><strong>in</strong></span> <span class='ocrx_word' id='word_1_238' title='bbox 2142 1775 2382 1829; x_wconf 88' lang='lat' dir='ltr'><strong>humeris</strong></span> <span class='ocrx_word' id='word_1_239' title='bbox 2396 1774 2600 1845; x_wconf 85' lang='lat' dir='ltr'><strong>lapides</strong></span> <span class='ocrx_word' id='word_1_240' title='bbox 2616 1753 2978 1845; x_wconf 82' lang='lat' dir='ltr'><strong>pretiosos,et</strong></span> <span class='ocrx_word' id='word_1_241' title='bbox 2991 1778 3047 1832; x_wconf 91' lang='lat' dir='ltr'><strong>in</strong></span> <span class='ocrx_word' id='word_1_242' title='bbox 3060 1753 3155 1834; x_wconf 25' lang='lat' dir='ltr'><strong>Veis</strong></span> <span class='ocrx_word' id='word_1_243' title='bbox 3183 1753 3400 1835; x_wconf 80' lang='lat' dir='ltr'><strong>nomina</strong></span> <span class='ocrx_word' id='word_1_244' title='bbox 3423 1792 3646 1850; x_wconf 86' lang='lat' dir='ltr'><strong>patrum</strong></span> 
     </span>
    </p>
   </div>
   <div class='ocr_carea' id='block_1_28' title="bbox 403 1867 1967 1939">
    <p class='ocr_par' dir='ltr' id='par_1_28' title="bbox 403 1867 1967 1939">
     <span class='ocr_line' id='line_1_28' title="bbox 403 1867 1967 1939; baseline -0.001 -17"><span class='ocrx_word' id='word_1_245' title='bbox 403 1870 495 1938; x_wconf 89' lang='lat' dir='ltr'><strong>qui</strong></span> <span class='ocrx_word' id='word_1_246' title='bbox 545 1883 873 1939; x_wconf 75' lang='lat' dir='ltr'><strong>prtecessere</strong></span> <span class='ocrx_word' id='word_1_247' title='bbox 900 1870 954 1923; x_wconf 91' lang='lat' dir='ltr'><strong>in</strong></span> <span class='ocrx_word' id='word_1_248' title='bbox 984 1868 1201 1924; x_wconf 83' lang='lat' dir='ltr'><strong>Christo</strong></span> <span class='ocrx_word' id='word_1_249' title='bbox 1235 1868 1476 1938; x_wconf 89' lang='lat' dir='ltr'><strong>exempla</strong></span> <span class='ocrx_word' id='word_1_250' title='bbox 1514 1881 1634 1938; x_wconf 66' lang='lat' dir='ltr'><strong>quae</strong></span> <span class='ocrx_word' id='word_1_251' title='bbox 1666 1867 1967 1933; x_wconf 87' lang='lat' dir='ltr'><strong>imitentur,</strong></span> 
     </span>
    </p>
   </div>
   <div class='ocr_carea' id='block_1_29' title="bbox 399 1955 1972 2029">
    <p class='ocr_par' dir='ltr' id='par_1_29' title="bbox 399 1955 1972 2029">
     <span class='ocr_line' id='line_1_29' title="bbox 399 1955 1972 2029; baseline 0 -16"><span class='ocrx_word' id='word_1_252' title='bbox 399 1960 656 2015; x_wconf 86' lang='lat' dir='ltr'><strong>ostendit.</strong></span> <span class='ocrx_word' id='word_1_253' title='bbox 693 1958 975 2029; x_wconf 86' lang='lat' dir='ltr'><strong>Sapientes</strong></span> <span class='ocrx_word' id='word_1_254' title='bbox 1017 1967 1193 2013; x_wconf 90' lang='lat' dir='ltr'><strong>autem</strong></span> <span class='ocrx_word' id='word_1_255' title='bbox 1223 1959 1402 2025; x_wconf 89' lang='lat' dir='ltr'><strong>corde,</strong></span> <span class='ocrx_word' id='word_1_256' title='bbox 1436 1972 1572 2028; x_wconf 87' lang='lat' dir='ltr'><strong>quos</strong></span> <span class='ocrx_word' id='word_1_257' title='bbox 1600 1958 1666 2013; x_wconf 90' lang='lat' dir='ltr'><strong>ad</strong></span> <span class='ocrx_word' id='word_1_258' title='bbox 1697 1955 1972 2013; x_wconf 86' lang='lat' dir='ltr'><strong>faciendas</strong></span> 
     </span>
    </p>
   </div>
   <div class='ocr_carea' id='block_1_30' title="bbox 398 2047 1973 2119">
    <p class='ocr_par' dir='ltr' id='par_1_30' title="bbox 398 2047 1973 2119">
     <span class='ocr_line' id='line_1_30' title="bbox 398 2047 1973 2119; baseline -0.002 -15"><span class='ocrx_word' id='word_1_259' title='bbox 398 2048 622 2105; x_wconf 88' lang='lat' dir='ltr'><strong>easdem</strong></span> <span class='ocrx_word' id='word_1_260' title='bbox 645 2058 845 2115; x_wconf 82' lang='lat' dir='ltr'><strong>vestes,</strong></span> <span class='ocrx_word' id='word_1_261' title='bbox 868 2050 1011 2104; x_wconf 82' lang='lat' dir='ltr'><strong>Deus</strong></span> <span class='ocrx_word' id='word_1_262' title='bbox 1041 2049 1232 2119; x_wconf 88' lang='lat' dir='ltr'><strong>spiritu</strong></span> <span class='ocrx_word' id='word_1_263' title='bbox 1253 2047 1549 2118; x_wconf 74' lang='lat' dir='ltr'><strong>prudentiae</strong></span> <span class='ocrx_word' id='word_1_264' title='bbox 1593 2047 1836 2117; x_wconf 75' lang='lat' dir='ltr'><strong>replevit,</strong></span> <span class='ocrx_word' id='word_1_265' title='bbox 1869 2047 1973 2117; x_wconf 88' lang='lat' dir='ltr'><strong>ipsi</strong></span> 
     </span>
    </p>
   </div>
   <div class='ocr_carea' id='block_1_31' title="bbox 406 2139 1975 2212">
    <p class='ocr_par' dir='ltr' id='par_1_31' title="bbox 406 2139 1975 2212">
     <span class='ocr_line' id='line_1_31' title="bbox 406 2139 1975 2212; baseline -0.001 -17"><span class='ocrx_word' id='word_1_266' title='bbox 406 2149 534 2196; x_wconf 90' lang='lat' dir='ltr'><strong>sunt</strong></span> <span class='ocrx_word' id='word_1_267' title='bbox 567 2142 843 2212; x_wconf 62' lang='lat' dir='ltr'><strong>prophetat</strong></span> <span class='ocrx_word' id='word_1_268' title='bbox 872 2147 927 2195; x_wconf 91' lang='lat' dir='ltr'><strong>et</strong></span> <span class='ocrx_word' id='word_1_269' title='bbox 952 2141 1200 2211; x_wconf 89' lang='lat' dir='ltr'><strong>apostoli,</strong></span> <span class='ocrx_word' id='word_1_270' title='bbox 1228 2141 1520 2211; x_wconf 64' lang='lat' dir='ltr'><strong>ca‘terique</strong></span> <span class='ocrx_word' id='word_1_271' title='bbox 1559 2140 1807 2195; x_wconf 85' lang='lat' dir='ltr'><strong>doctores</strong></span> <span class='ocrx_word' id='word_1_272' title='bbox 1833 2139 1975 2193; x_wconf 90' lang='lat' dir='ltr'><strong>veri-</strong></span> 
     </span>
    </p>
   </div>
   <div class='ocr_carea' id='block_1_32' title="bbox 405 2231 1976 2305">
    <p class='ocr_par' dir='ltr' id='par_1_32' title="bbox 405 2231 1976 2305">
     <span class='ocr_line' id='line_1_32' title="bbox 405 2231 1976 2305; baseline -0.002 -17"><span class='ocrx_word' id='word_1_273' title='bbox 405 2233 551 2299; x_wconf 86' lang='lat' dir='ltr'><strong>tatis,</strong></span> <span class='ocrx_word' id='word_1_274' title='bbox 582 2234 673 2303; x_wconf 90' lang='lat' dir='ltr'><strong>qui</strong></span> <span class='ocrx_word' id='word_1_275' title='bbox 694 2234 851 2289; x_wconf 90' lang='lat' dir='ltr'><strong>nobis</strong></span> <span class='ocrx_word' id='word_1_276' title='bbox 879 2234 1241 2305; x_wconf 87' lang='lat' dir='ltr'><strong>apertissime,</strong></span> <span class='ocrx_word' id='word_1_277' title='bbox 1287 2233 1554 2302; x_wconf 87' lang='lat' dir='ltr'><strong>quomodo</strong></span> <span class='ocrx_word' id='word_1_278' title='bbox 1582 2231 1762 2286; x_wconf 81' lang='lat' dir='ltr'><strong>vivere</strong></span> <span class='ocrx_word' id='word_1_279' title='bbox 1795 2245 1976 2286; x_wconf 90' lang='lat' dir='ltr'><strong>sacer-</strong></span> 
     </span>
    </p>
   </div>
   <div class='ocr_carea' id='block_1_33' title="bbox 405 2321 1973 2393">
    <p class='ocr_par' dir='ltr' id='par_1_33' title="bbox 405 2321 1973 2393">
     <span class='ocr_line' id='line_1_33' title="bbox 405 2321 1973 2393; baseline -0.003 -14"><span class='ocrx_word' id='word_1_280' title='bbox 405 2325 580 2392; x_wconf 89' lang='lat' dir='ltr'><strong>dotes,</strong></span> <span class='ocrx_word' id='word_1_281' title='bbox 602 2333 658 2380; x_wconf 88' lang='lat' dir='ltr'><strong>et</strong></span> <span class='ocrx_word' id='word_1_282' title='bbox 705 2325 940 2379; x_wconf 90' lang='lat' dir='ltr'><strong>ministri</strong></span> <span class='ocrx_word' id='word_1_283' title='bbox 975 2323 1180 2388; x_wconf 84' lang='lat' dir='ltr'><strong>altaris,</strong></span> <span class='ocrx_word' id='word_1_284' title='bbox 1220 2323 1450 2393; x_wconf 78' lang='lat' dir='ltr'><strong>qualiter</strong></span> <span class='ocrx_word' id='word_1_285' title='bbox 1496 2323 1691 2378; x_wconf 88' lang='lat' dir='ltr'><strong>docere</strong></span> <span class='ocrx_word' id='word_1_286' title='bbox 1724 2321 1973 2386; x_wconf 85' lang='lat' dir='ltr'><strong>debeant,</strong></span> 
     </span>
    </p>
   </div>
   <div class='ocr_carea' id='block_1_34' title="bbox 407 2408 1976 2482">
    <p class='ocr_par' dir='ltr' id='par_1_34' title="bbox 407 2408 1976 2482">
     <span class='ocr_line' id='line_1_34' title="bbox 407 2408 1976 2482; baseline -0.004 -12"><span class='ocrx_word' id='word_1_287' title='bbox 407 2416 521 2470; x_wconf 87' lang='lat' dir='ltr'><strong>sive</strong></span> <span class='ocrx_word' id='word_1_288' title='bbox 545 2414 791 2482; x_wconf 88' lang='lat' dir='ltr'><strong>exemplo</strong></span> <span class='ocrx_word' id='word_1_289' title='bbox 831 2426 943 2468; x_wconf 63' lang='lat' dir='ltr'><strong>suae</strong></span> <span class='ocrx_word' id='word_1_290' title='bbox 970 2412 1216 2475; x_wconf 89' lang='lat' dir='ltr'><strong>actionis,</strong></span> <span class='ocrx_word' id='word_1_291' title='bbox 1245 2426 1338 2465; x_wconf 90' lang='lat' dir='ltr'><strong>seu</strong></span> <span class='ocrx_word' id='word_1_292' title='bbox 1359 2412 1526 2467; x_wconf 91' lang='lat' dir='ltr'><strong>verbo</strong></span> <span class='ocrx_word' id='word_1_293' title='bbox 1560 2408 1976 2475; x_wconf 83' lang='lat' dir='ltr'><strong>exhortationis,</strong></span> 
     </span>
    </p>
   </div>
   <div class='ocr_carea' id='block_1_35' title="bbox 408 2501 1974 2573">
    <p class='ocr_par' dir='ltr' id='par_1_35' title="bbox 408 2501 1974 2573">
     <span class='ocr_line' id='line_1_35' title="bbox 408 2501 1974 2573; baseline -0.004 -12"><span class='ocrx_word' id='word_1_294' title='bbox 408 2506 718 2562; x_wconf 88' lang='lat' dir='ltr'><strong>ostendunt.</strong></span> <span class='ocrx_word' id='word_1_295' title='bbox 769 2505 975 2572; x_wconf 84' lang='lat' dir='ltr'><strong>Quibus</strong></span> <span class='ocrx_word' id='word_1_296' title='bbox 1022 2511 1106 2558; x_wconf 91' lang='lat' dir='ltr'><strong>est</strong></span> <span class='ocrx_word' id='word_1_297' title='bbox 1161 2502 1288 2556; x_wconf 90' lang='lat' dir='ltr'><strong>illud</strong></span> <span class='ocrx_word' id='word_1_298' title='bbox 1334 2502 1577 2573; x_wconf 86' lang='lat' dir='ltr'><strong>Apostoli</strong></span> <span class='ocrx_word' id='word_1_299' title='bbox 1624 2504 1692 2557; x_wconf 88' lang='lat' dir='ltr'><strong>ad</strong></span> <span class='ocrx_word' id='word_1_300' title='bbox 1735 2501 1913 2556; x_wconf 83' lang='lat' dir='ltr'><strong>Titum</strong></span> <span class='ocrx_word' id='word_1_301' title='bbox 1960 2518 1974 2555; x_wconf 89' lang='lat'><strong>:</strong></span> 
     </span>
    </p>
   </div>
   <div class='ocr_carea' id='block_1_36' title="bbox 410 2592 1980 2667">
    <p class='ocr_par' dir='ltr' id='par_1_36' title="bbox 410 2592 1980 2667">
     <span class='ocr_line' id='line_1_36' title="bbox 410 2592 1980 2667; baseline -0.004 -15"><span class='ocrx_word' id='word_1_302' title='bbox 410 2597 622 2667; x_wconf 84' lang='lat' dir='ltr'><strong>Oportet</strong></span> <span class='ocrx_word' id='word_1_303' title='bbox 667 2597 802 2650; x_wconf 88' lang='lat' dir='ltr'><strong>enim</strong></span> <span class='ocrx_word' id='word_1_304' title='bbox 848 2596 1141 2666; x_wconf 80' lang='lat' dir='ltr'><strong>episcopum</strong></span> <span class='ocrx_word' id='word_1_305' title='bbox 1190 2595 1301 2647; x_wconf 75' lang='lat' dir='ltr'><strong>sine</strong></span> <span class='ocrx_word' id='word_1_306' title='bbox 1343 2594 1559 2647; x_wconf 84' lang='lat' dir='ltr'><strong>crimine</strong></span> <span class='ocrx_word' id='word_1_307' title='bbox 1596 2609 1705 2648; x_wconf 88' lang='lat' dir='ltr'><strong>esse</strong></span> <span class='ocrx_word' id='word_1_308' title='bbox 1730 2633 1745 2658; x_wconf 94' lang='lat'><strong>,</strong></span> <span class='ocrx_word' id='word_1_309' title='bbox 1785 2601 1842 2646; x_wconf 87' lang='lat' dir='ltr'><strong>ut</strong></span> <span class='ocrx_word' id='word_1_310' title='bbox 1880 2592 1980 2647; x_wconf 85' lang='lat' dir='ltr'><strong>Dei</strong></span> 
     </span>
    </p>
   </div>
   <div class='ocr_carea' id='block_1_37' title="bbox 403 2685 1980 2758">
    <p class='ocr_par' dir='ltr' id='par_1_37' title="bbox 403 2685 1980 2758">
     <span class='ocr_line' id='line_1_37' title="bbox 403 2685 1980 2758; baseline -0.002 -16"><span class='ocrx_word' id='word_1_311' title='bbox 403 2689 829 2758; x_wconf 80' lang='lat' dir='ltr'><strong>dispensatorem,</strong></span> <span class='ocrx_word' id='word_1_312' title='bbox 867 2704 969 2741; x_wconf 89' lang='lat' dir='ltr'><strong>non</strong></span> <span class='ocrx_word' id='word_1_313' title='bbox 1013 2686 1311 2752; x_wconf 84' lang='lat' dir='ltr'><strong>superbum,</strong></span> <span class='ocrx_word' id='word_1_314' title='bbox 1351 2702 1453 2740; x_wconf 89' lang='lat' dir='ltr'><strong>non</strong></span> <span class='ocrx_word' id='word_1_315' title='bbox 1482 2685 1828 2751; x_wconf 80' lang='lat' dir='ltr'><strong>iracundum,</strong></span> <span class='ocrx_word' id='word_1_316' title='bbox 1876 2700 1980 2739; x_wconf 87' lang='lat' dir='ltr'><strong>non</strong></span> 
     </span>
    </p>
   </div>
   <div class='ocr_carea' id='block_1_38' title="bbox 405 2773 1978 2847">
    <p class='ocr_par' dir='ltr' id='par_1_38' title="bbox 405 2773 1978 2847">
     <span class='ocr_line' id='line_1_38' title="bbox 405 2773 1978 2847; baseline -0.004 -14"><span class='ocrx_word' id='word_1_317' title='bbox 405 2777 745 2843; x_wconf 68' lang='lat' dir='ltr'><strong>vinolentum,</strong></span> <span class='ocrx_word' id='word_1_318' title='bbox 775 2793 876 2830; x_wconf 81' lang='lat' dir='ltr'><strong>non</strong></span> <span class='ocrx_word' id='word_1_319' title='bbox 921 2792 1299 2847; x_wconf 79' lang='lat' dir='ltr'><strong>percussorem,</strong></span> <span class='ocrx_word' id='word_1_320' title='bbox 1329 2793 1433 2830; x_wconf 89' lang='lat' dir='ltr'><strong>non</strong></span> <span class='ocrx_word' id='word_1_321' title='bbox 1463 2775 1630 2846; x_wconf 87' lang='lat' dir='ltr'><strong>turpis</strong></span> <span class='ocrx_word' id='word_1_322' title='bbox 1667 2773 1801 2828; x_wconf 89' lang='lat' dir='ltr'><strong>lucri</strong></span> <span class='ocrx_word' id='word_1_323' title='bbox 1826 2774 1978 2845; x_wconf 88' lang='lat' dir='ltr'><strong>cupi-</strong></span> 
     </span>
    </p>
   </div>
   <div class='ocr_carea' id='block_1_39' title="bbox 415 2866 1980 2938">
    <p class='ocr_par' dir='ltr' id='par_1_39' title="bbox 415 2866 1980 2938">
     <span class='ocr_line' id='line_1_39' title="bbox 415 2866 1980 2938; baseline -0.001 -16"><span class='ocrx_word' id='word_1_324' title='bbox 415 2869 563 2934; x_wconf 84' lang='lat' dir='ltr'><strong>dum,</strong></span> <span class='ocrx_word' id='word_1_325' title='bbox 603 2868 693 2922; x_wconf 85' lang='lat' dir='ltr'><strong>sed</strong></span> <span class='ocrx_word' id='word_1_326' title='bbox 735 2866 1066 2934; x_wconf 80' lang='lat' dir='ltr'><strong>hospitalem,</strong></span> <span class='ocrx_word' id='word_1_327' title='bbox 1100 2868 1403 2938; x_wconf 79' lang='lat' dir='ltr'><strong>benignum,</strong></span> <span class='ocrx_word' id='word_1_328' title='bbox 1450 2867 1716 2932; x_wconf 88' lang='lat' dir='ltr'><strong>sobrium,</strong></span> <span class='ocrx_word' id='word_1_329' title='bbox 1749 2867 1980 2936; x_wconf 87' lang='lat' dir='ltr'><strong>justum,</strong></span> 
     </span>
    </p>
   </div>
   <div class='ocr_carea' id='block_1_40' title="bbox 410 2958 1983 3028">
    <p class='ocr_par' dir='ltr' id='par_1_40' title="bbox 410 2958 1983 3028">
     <span class='ocr_line' id='line_1_40' title="bbox 410 2958 1983 3028; baseline 0 -16"><span class='ocrx_word' id='word_1_330' title='bbox 410 2967 680 3023; x_wconf 83' lang='lat' dir='ltr'><strong>sanctum,</strong></span> <span class='ocrx_word' id='word_1_331' title='bbox 724 2960 1104 3023; x_wconf 82' lang='lat' dir='ltr'><strong>continentem,</strong></span> <span class='ocrx_word' id='word_1_332' title='bbox 1154 2958 1541 3021; x_wconf 83' lang='lat' dir='ltr'><strong>amplectentem</strong></span> <span class='ocrx_word' id='word_1_333' title='bbox 1590 2974 1741 3021; x_wconf 87' lang='lat' dir='ltr'><strong>eum,</strong></span> <span class='ocrx_word' id='word_1_334' title='bbox 1786 2958 1875 3028; x_wconf 88' lang='lat' dir='ltr'><strong>qui</strong></span> <span class='ocrx_word' id='word_1_335' title='bbox 1905 2973 1983 3012; x_wconf 85' lang='lat' dir='ltr'><strong>se-</strong></span> 
     </span>
    </p>
   </div>
   <div class='ocr_carea' id='block_1_41' title="bbox 413 3044 1843 3118">
    <p class='ocr_par' dir='ltr' id='par_1_41' title="bbox 413 3044 1843 3118">
     <span class='ocr_line' id='line_1_41' title="bbox 413 3044 1843 3118; baseline -0.002 -16"><span class='ocrx_word' id='word_1_336' title='bbox 413 3048 640 3102; x_wconf 86' lang='lat' dir='ltr'><strong>cundum</strong></span> <span class='ocrx_word' id='word_1_337' title='bbox 665 3048 959 3102; x_wconf 86' lang='lat' dir='ltr'><strong>doctrinam</strong></span> <span class='ocrx_word' id='word_1_338' title='bbox 988 3058 1062 3101; x_wconf 75' lang='lat' dir='ltr'><strong>est</strong></span> <span class='ocrx_word' id='word_1_339' title='bbox 1085 3047 1600 3115; x_wconf 81' lang='lat' dir='ltr'><strong>ﬁdelem,sermonem</strong></span> <span class='ocrx_word' id='word_1_340' title='bbox 1627 3044 1753 3118; x_wconf 87' lang='lat' dir='ltr'><strong>(Tit.</strong></span> <span class='ocrx_word' id='word_1_341' title='bbox 1782 3044 1843 3118; x_wconf 87' lang='grc' dir='ltr'><strong>ι).</strong></span> 
     </span>
    </p>
   </div>
   <div class='ocr_carea' id='block_1_42' title="bbox 1012 3135 1366 3191">
    <p class='ocr_par' dir='ltr' id='par_1_42' title="bbox 1012 3135 1366 3191">
     <span class='ocr_line' id='line_1_42' title="bbox 1012 3135 1366 3191; baseline -0.003 -1"><span class='ocrx_word' id='word_1_342' title='bbox 1012 3136 1238 3191; x_wconf 79' lang='lat' dir='ltr'><strong>CAPUT</strong></span> <span class='ocrx_word' id='word_1_343' title='bbox 1282 3135 1366 3189; x_wconf 87' lang='lat' dir='ltr'><strong>lll.</strong></span> 
     </span>
    </p>
   </div>
   <div class='ocr_carea' id='block_1_43' title="bbox 782 3223 1596 3294">
    <p class='ocr_par' dir='ltr' id='par_1_43' title="bbox 782 3223 1596 3294">
     <span class='ocr_line' id='line_1_43' title="bbox 782 3223 1596 3294; baseline -0.001 -16"><span class='ocrx_word' id='word_1_344' title='bbox 782 3225 857 3278; x_wconf 89' lang='lat' dir='ltr'><strong>De</strong></span> <span class='ocrx_word' id='word_1_345' title='bbox 893 3224 1101 3293; x_wconf 86' lang='lat' dir='ltr'><strong>factura</strong></span> <span class='ocrx_word' id='word_1_346' title='bbox 1140 3223 1596 3294; x_wconf 86' lang='lat' dir='ltr'><strong>superhumeralis.</strong></span> 
     </span>
    </p>
   </div>
   <div class='ocr_carea' id='block_1_44' title="bbox 486 3311 1983 3383">
    <p class='ocr_par' dir='ltr' id='par_1_44' title="bbox 486 3311 1983 3383">
     <span class='ocr_line' id='line_1_44' title="bbox 486 3311 1983 3383; baseline 0 -16"><span class='ocrx_word' id='word_1_347' title='bbox 486 3314 615 3368; x_wconf 78' lang='lat' dir='ltr'><strong>ch</strong></span> <span class='ocrx_word' id='word_1_348' title='bbox 665 3323 836 3368; x_wconf 86' lang='lat' dir='ltr'><strong>autem</strong></span> <span class='ocrx_word' id='word_1_349' title='bbox 876 3314 1175 3368; x_wconf 81' lang='lat' dir='ltr'><strong>vestimenta</strong></span> <span class='ocrx_word' id='word_1_350' title='bbox 1214 3322 1389 3378; x_wconf 90' lang='lat' dir='ltr'><strong>erunt,</strong></span> <span class='ocrx_word' id='word_1_351' title='bbox 1420 3329 1537 3383; x_wconf 67' lang='lat' dir='ltr'><strong>quae</strong></span> <span class='ocrx_word' id='word_1_352' title='bbox 1583 3312 1775 3383; x_wconf 77' lang='lat' dir='ltr'><strong>facient</strong></span> <span class='ocrx_word' id='word_1_353' title='bbox 1811 3326 1829 3365; x_wconf 89' lang='lat'><strong><em>:</em></strong></span> <span class='ocrx_word' id='word_1_354' title='bbox 1879 3311 1983 3367; x_wconf 77' lang='grc' dir='ltr'><strong>Βα-</strong></span> 
     </span>
    </p>
   </div>
   <div class='ocr_carea' id='block_1_45' title="bbox 412 3402 1980 3474">
    <p class='ocr_par' dir='ltr' id='par_1_45' title="bbox 412 3402 1980 3474">
     <span class='ocr_line' id='line_1_45' title="bbox 412 3402 1980 3474; baseline -0.003 -14"><span class='ocrx_word' id='word_1_355' title='bbox 412 3404 607 3460; x_wconf 89' lang='lat' dir='ltr'><strong>tionale</strong></span> <span class='ocrx_word' id='word_1_356' title='bbox 630 3412 678 3458; x_wconf 88' lang='lat' dir='ltr'><strong>et</strong></span> <span class='ocrx_word' id='word_1_357' title='bbox 715 3403 1155 3474; x_wconf 84' lang='lat' dir='ltr'><strong>superhumerale,</strong></span> <span class='ocrx_word' id='word_1_358' title='bbox 1174 3404 1404 3457; x_wconf 89' lang='lat' dir='ltr'><strong>tunicam</strong></span> <span class='ocrx_word' id='word_1_359' title='bbox 1433 3412 1481 3455; x_wconf 90' lang='lat' dir='ltr'><strong>et</strong></span> <span class='ocrx_word' id='word_1_360' title='bbox 1506 3402 1696 3455; x_wconf 83' lang='lat' dir='ltr'><strong>lineam</strong></span> <span class='ocrx_word' id='word_1_361' title='bbox 1723 3403 1980 3469; x_wconf 86' lang='lat' dir='ltr'><strong>strictam,</strong></span> 
     </span>
    </p>
   </div>
   <div class='ocr_carea' id='block_1_46' title="bbox 417 3492 1985 3549">
    <p class='ocr_par' dir='ltr' id='par_1_46' title="bbox 417 3492 1985 3549">
     <span class='ocr_line' id='line_1_46' title="bbox 417 3492 1985 3549; baseline -0.002 0"><span class='ocrx_word' id='word_1_362' title='bbox 417 3496 639 3549; x_wconf 89' lang='lat' dir='ltr'><strong>cidarim</strong></span> <span class='ocrx_word' id='word_1_363' title='bbox 692 3503 741 3548; x_wconf 88' lang='lat' dir='ltr'><strong>et</strong></span> <span class='ocrx_word' id='word_1_364' title='bbox 798 3493 1080 3547; x_wconf 81' lang='lat' dir='ltr'><strong>baltheum.</strong></span> <span class='ocrx_word' id='word_1_365' title='bbox 1132 3492 1348 3546; x_wconf 79' lang='lat' dir='ltr'><strong>Facient</strong></span> <span class='ocrx_word' id='word_1_366' title='bbox 1379 3503 1426 3547; x_wconf 87' lang='lat' dir='ltr'><strong>et</strong></span> <span class='ocrx_word' id='word_1_367' title='bbox 1463 3492 1762 3547; x_wconf 81' lang='lat' dir='ltr'><strong>vestimenta</strong></span> <span class='ocrx_word' id='word_1_368' title='bbox 1802 3502 1985 3546; x_wconf 85' lang='lat' dir='ltr'><strong>sancta</strong></span> 
     </span>
    </p>
   </div>
   <div class='ocr_carea' id='block_1_47' title="bbox 417 3580 1983 3659">
    <p class='ocr_par' dir='ltr' id='par_1_47' title="bbox 417 3580 1983 3659">
     <span class='ocr_line' id='line_1_47' title="bbox 417 3580 1983 3659; baseline -0.001 -23"><span class='ocrx_word' id='word_1_369' title='bbox 417 3583 594 3659; x_wconf 79' lang='lat' dir='ltr'><strong>Aaron</strong></span> <span class='ocrx_word' id='word_1_370' title='bbox 621 3584 777 3654; x_wconf 86' lang='lat' dir='ltr'><strong>fratri</strong></span> <span class='ocrx_word' id='word_1_371' title='bbox 802 3591 891 3636; x_wconf 84' lang='lat' dir='ltr'><strong>tuo</strong></span> <span class='ocrx_word' id='word_1_372' title='bbox 919 3591 967 3636; x_wconf 89' lang='lat' dir='ltr'><strong>et</strong></span> <span class='ocrx_word' id='word_1_373' title='bbox 994 3580 1120 3648; x_wconf 84' lang='lat' dir='ltr'><strong>ﬁliis</strong></span> <span class='ocrx_word' id='word_1_374' title='bbox 1149 3581 1284 3652; x_wconf 78' lang='lat' dir='ltr'><strong>ejus,</strong></span> <span class='ocrx_word' id='word_1_375' title='bbox 1331 3589 1388 3634; x_wconf 86' lang='lat' dir='ltr'><strong>ut</strong></span> <span class='ocrx_word' id='word_1_376' title='bbox 1431 3581 1723 3635; x_wconf 79' lang='lat' dir='ltr'><strong>sacerdotio</strong></span> <span class='ocrx_word' id='word_1_377' title='bbox 1752 3580 1983 3650; x_wconf 84' lang='lat' dir='ltr'><strong>fungan-</strong></span> 
     </span>
    </p>
   </div>
   <div class='ocr_carea' id='block_1_48' title="bbox 414 3671 1984 3743">
    <p class='ocr_par' dir='ltr' id='par_1_48' title="bbox 414 3671 1984 3743">
     <span class='ocr_line' id='line_1_48' title="bbox 414 3671 1984 3743; baseline -0.004 -13"><span class='ocrx_word' id='word_1_378' title='bbox 414 3687 503 3730; x_wconf 89' lang='lat' dir='ltr'><strong>tur</strong></span> <span class='ocrx_word' id='word_1_379' title='bbox 537 3673 685 3737; x_wconf 84' lang='lat' dir='ltr'><strong>mihi,</strong></span> <span class='ocrx_word' id='word_1_380' title='bbox 714 3673 1068 3743; x_wconf 75' lang='lat' dir='ltr'><strong>accipiantque</strong></span> <span class='ocrx_word' id='word_1_381' title='bbox 1106 3688 1295 3726; x_wconf 87' lang='lat' dir='ltr'><strong>aurum</strong></span> <span class='ocrx_word' id='word_1_382' title='bbox 1323 3681 1369 3726; x_wconf 87' lang='lat' dir='ltr'><strong>et</strong></span> <span class='ocrx_word' id='word_1_383' title='bbox 1400 3671 1758 3742; x_wconf 81' lang='lat' dir='ltr'><strong>byacinthum,</strong></span> <span class='ocrx_word' id='word_1_384' title='bbox 1781 3680 1830 3725; x_wconf 89' lang='lat' dir='ltr'><strong>et</strong></span> <span class='ocrx_word' id='word_1_385' title='bbox 1855 3687 1984 3742; x_wconf 88' lang='lat' dir='ltr'><strong>pur-</strong></span> 
     </span>
    </p>
   </div>
   <div class='ocr_carea' id='block_1_49' title="bbox 411 3761 1981 3838">
    <p class='ocr_par' dir='ltr' id='par_1_49' title="bbox 411 3761 1981 3838">
     <span class='ocr_line' id='line_1_49' title="bbox 411 3761 1981 3838; baseline -0.004 -17"><span class='ocrx_word' id='word_1_386' title='bbox 411 3781 620 3838; x_wconf 84' lang='lat' dir='ltr'><strong>puram,</strong></span> <span class='ocrx_word' id='word_1_387' title='bbox 667 3780 975 3833; x_wconf 83' lang='lat' dir='ltr'><strong>coccumque</strong></span> <span class='ocrx_word' id='word_1_388' title='bbox 1022 3763 1096 3817; x_wconf 87' lang='lat' dir='ltr'><strong>bis</strong></span> <span class='ocrx_word' id='word_1_389' title='bbox 1143 3764 1383 3828; x_wconf 87' lang='lat' dir='ltr'><strong>tinctum,</strong></span> <span class='ocrx_word' id='word_1_390' title='bbox 1413 3771 1462 3816; x_wconf 87' lang='lat' dir='ltr'><strong>et</strong></span> <span class='ocrx_word' id='word_1_391' title='bbox 1519 3763 1727 3832; x_wconf 82' lang='lat' dir='ltr'><strong>byssum</strong></span> <span class='ocrx_word' id='word_1_392' title='bbox 1769 3761 1981 3833; x_wconf 71' lang='lat' dir='ltr'><strong>(Exod.</strong></span> 
     </span>
    </p>
   </div>
   <div class='ocr_carea' id='block_1_50' title="bbox 411 3852 1984 3927">
    <p class='ocr_par' dir='ltr' id='par_1_50' title="bbox 411 3852 1984 3927">
     <span class='ocr_line' id='line_1_50' title="bbox 411 3852 1984 3927; baseline -0.003 -17"><span class='ocrx_word' id='word_1_393' title='bbox 411 3853 638 3927; x_wconf 82' lang='lat' dir='ltr'><strong>xxvut).</strong></span> <span class='ocrx_word' id='word_1_394' title='bbox 675 3853 956 3921; x_wconf 87' lang='lat' dir='ltr'><strong>Quomodo</strong></span> <span class='ocrx_word' id='word_1_395' title='bbox 982 3854 1095 3908; x_wconf 65' lang='lat' dir='ltr'><strong>hinc</strong></span> <span class='ocrx_word' id='word_1_396' title='bbox 1120 3853 1328 3924; x_wconf 87' lang='lat' dir='ltr'><strong>singula</strong></span> <span class='ocrx_word' id='word_1_397' title='bbox 1364 3852 1504 3907; x_wconf 84' lang='lat' dir='ltr'><strong>facta</strong></span> <span class='ocrx_word' id='word_1_398' title='bbox 1533 3853 1661 3916; x_wconf 91' lang='lat' dir='ltr'><strong>sint,</strong></span> <span class='ocrx_word' id='word_1_399' title='bbox 1691 3852 1904 3922; x_wconf 87' lang='lat' dir='ltr'><strong>plenius</strong></span> <span class='ocrx_word' id='word_1_400' title='bbox 1928 3852 1984 3906; x_wconf 90' lang='lat' dir='ltr'><strong>in</strong></span> 
     </span>
    </p>
   </div>
   <div class='ocr_carea' id='block_1_51' title="bbox 413 3943 1987 4018">
    <p class='ocr_par' dir='ltr' id='par_1_51' title="bbox 413 3943 1987 4018">
     <span class='ocr_line' id='line_1_51' title="bbox 413 3943 1987 4018; baseline -0.002 -16"><span class='ocrx_word' id='word_1_401' title='bbox 413 3947 766 4018; x_wconf 87' lang='lat' dir='ltr'><strong>sequentibus</strong></span> <span class='ocrx_word' id='word_1_402' title='bbox 826 3945 1147 4014; x_wconf 82' lang='lat' dir='ltr'><strong>explicatur.</strong></span> <span class='ocrx_word' id='word_1_403' title='bbox 1194 3943 1475 3997; x_wconf 86' lang='lat' dir='ltr'><strong>Rationale</strong></span> <span class='ocrx_word' id='word_1_404' title='bbox 1525 3953 1704 3997; x_wconf 89' lang='lat' dir='ltr'><strong>autem</strong></span> <span class='ocrx_word' id='word_1_405' title='bbox 1747 3944 1987 4012; x_wconf 85' lang='lat' dir='ltr'><strong>pectoris</strong></span> 
     </span>
    </p>
   </div>
   <div class='ocr_carea' id='block_1_52' title="bbox 415 4031 1990 4104">
    <p class='ocr_par' dir='ltr' id='par_1_52' title="bbox 415 4031 1990 4104">
     <span class='ocr_line' id='line_1_52' title="bbox 415 4031 1990 4104; baseline -0.003 -14"><span class='ocrx_word' id='word_1_406' title='bbox 415 4035 652 4097; x_wconf 87' lang='lat' dir='ltr'><strong>habitus,</strong></span> <span class='ocrx_word' id='word_1_407' title='bbox 683 4031 1125 4104; x_wconf 84' lang='lat' dir='ltr'><strong>superhumerale</strong></span> <span class='ocrx_word' id='word_1_408' title='bbox 1175 4038 1261 4087; x_wconf 89' lang='lat' dir='ltr'><strong>est</strong></span> <span class='ocrx_word' id='word_1_409' title='bbox 1308 4031 1657 4086; x_wconf 85' lang='lat' dir='ltr'><strong>humerorum</strong></span> <span class='ocrx_word' id='word_1_410' title='bbox 1701 4031 1883 4086; x_wconf 91' lang='lat' dir='ltr'><strong>tunica</strong></span> <span class='ocrx_word' id='word_1_411' title='bbox 1932 4039 1990 4086; x_wconf 89' lang='lat' dir='ltr'><strong>et</strong></span> 
     </span>
    </p>
   </div>
   <div class='ocr_carea' id='block_1_53' title="bbox 415 4120 1983 4191">
    <p class='ocr_par' dir='ltr' id='par_1_53' title="bbox 415 4120 1983 4191">
     <span class='ocr_line' id='line_1_53' title="bbox 415 4120 1983 4191; baseline -0.003 -13"><span class='ocrx_word' id='word_1_412' title='bbox 415 4123 556 4179; x_wconf 81' lang='lat' dir='ltr'><strong>linea</strong></span> <span class='ocrx_word' id='word_1_413' title='bbox 582 4122 796 4188; x_wconf 90' lang='lat' dir='ltr'><strong>stricta,</strong></span> <span class='ocrx_word' id='word_1_414' title='bbox 826 4122 881 4177; x_wconf 89' lang='lat' dir='ltr'><strong>id</strong></span> <span class='ocrx_word' id='word_1_415' title='bbox 902 4128 1007 4186; x_wconf 90' lang='lat' dir='ltr'><strong>est,</strong></span> <span class='ocrx_word' id='word_1_416' title='bbox 1024 4121 1270 4186; x_wconf 88' lang='lat' dir='ltr'><strong>camisia,</strong></span> <span class='ocrx_word' id='word_1_417' title='bbox 1301 4126 1473 4175; x_wconf 91' lang='lat' dir='ltr'><strong>totum</strong></span> <span class='ocrx_word' id='word_1_418' title='bbox 1499 4133 1695 4189; x_wconf 89' lang='lat' dir='ltr'><strong>corpus</strong></span> <span class='ocrx_word' id='word_1_419' title='bbox 1716 4120 1983 4191; x_wconf 89' lang='lat' dir='ltr'><strong>operiunt.</strong></span> 
     </span>
    </p>
   </div>
   <div class='ocr_carea' id='block_1_54' title="bbox 414 4213 1988 4286">
    <p class='ocr_par' dir='ltr' id='par_1_54' title="bbox 414 4213 1988 4286">
     <span class='ocr_line' id='line_1_54' title="bbox 414 4213 1988 4286; baseline -0.002 -14"><span class='ocrx_word' id='word_1_420' title='bbox 414 4215 627 4273; x_wconf 86' lang='lat' dir='ltr'><strong>Cidaris</strong></span> <span class='ocrx_word' id='word_1_421' title='bbox 655 4224 818 4286; x_wconf 89' lang='lat' dir='ltr'><strong>caput</strong></span> <span class='ocrx_word' id='word_1_422' title='bbox 867 4222 1056 4281; x_wconf 89' lang='lat' dir='ltr'><strong>ornat,</strong></span> <span class='ocrx_word' id='word_1_423' title='bbox 1102 4214 1377 4270; x_wconf 86' lang='lat' dir='ltr'><strong>baltheum</strong></span> <span class='ocrx_word' id='word_1_424' title='bbox 1406 4221 1706 4284; x_wconf 80' lang='lat' dir='ltr'><strong>utrumque</strong></span> <span class='ocrx_word' id='word_1_425' title='bbox 1752 4213 1988 4269; x_wconf 89' lang='lat' dir='ltr'><strong>tunicam</strong></span> 
     </span>
    </p>
   </div>
   <div class='ocr_carea' id='block_1_55' title="bbox 416 4305 1985 4377">
    <p class='ocr_par' dir='ltr' id='par_1_55' title="bbox 416 4305 1985 4377">
     <span class='ocr_line' id='line_1_55' title="bbox 416 4305 1985 4377; baseline 0.001 -18"><span class='ocrx_word' id='word_1_426' title='bbox 416 4306 579 4362; x_wconf 82' lang='lat' dir='ltr'><strong>simul</strong></span> <span class='ocrx_word' id='word_1_427' title='bbox 626 4315 684 4362; x_wconf 89' lang='lat' dir='ltr'><strong>et</strong></span> <span class='ocrx_word' id='word_1_428' title='bbox 718 4306 1196 4377; x_wconf 85' lang='lat' dir='ltr'><strong>superhumerale,</strong></span> <span class='ocrx_word' id='word_1_429' title='bbox 1245 4306 1417 4361; x_wconf 89' lang='lat' dir='ltr'><strong>artius</strong></span> <span class='ocrx_word' id='word_1_430' title='bbox 1462 4305 1530 4361; x_wconf 89' lang='lat' dir='ltr'><strong>ad</strong></span> <span class='ocrx_word' id='word_1_431' title='bbox 1579 4319 1775 4376; x_wconf 90' lang='lat' dir='ltr'><strong>corpus</strong></span> <span class='ocrx_word' id='word_1_432' title='bbox 1818 4313 1985 4376; x_wconf 88' lang='lat' dir='ltr'><strong>aptat.</strong></span> 
     </span>
    </p>
   </div>
   <div class='ocr_carea' id='block_1_56' title="bbox 415 4397 2069 4481">
    <p class='ocr_par' dir='ltr' id='par_1_56' title="bbox 415 4397 2069 4481">
     <span class='ocr_line' id='line_1_56' title="bbox 415 4397 2069 4481; baseline 0.001 -29"><span class='ocrx_word' id='word_1_433' title='bbox 415 4399 623 4464; x_wconf 87' lang='lat' dir='ltr'><strong>Quibus</strong></span> <span class='ocrx_word' id='word_1_434' title='bbox 644 4414 741 4455; x_wconf 85' lang='lat' dir='ltr'><strong>sex</strong></span> <span class='ocrx_word' id='word_1_435' title='bbox 757 4399 1106 4463; x_wconf 89' lang='lat' dir='ltr'><strong>indumentis,</strong></span> <span class='ocrx_word' id='word_1_436' title='bbox 1130 4397 1356 4455; x_wconf 80' lang='lat' dir='ltr'><strong>inferius</strong></span> <span class='ocrx_word' id='word_1_437' title='bbox 1372 4399 1657 4469; x_wconf 89' lang='lat' dir='ltr'><strong>septimum</strong></span> <span class='ocrx_word' id='word_1_438' title='bbox 1671 4397 1911 4472; x_wconf 84' lang='lat' dir='ltr'><strong>jungitur</strong></span> <span class='ocrx_word' id='word_1_439' title='bbox 1937 4405 1992 4455; x_wconf 90' lang='lat' dir='ltr'><strong>et</strong></span> <span class='ocrx_word' id='word_1_440' title='bbox 2015 4422 2069 4481; x_wconf 74' lang='grc' dir='ltr'><strong>Β</strong></span> 
     </span>
    </p>
   </div>
   <div class='ocr_carea' id='block_1_57' title="bbox 414 4486 1990 4558">
    <p class='ocr_par' dir='ltr' id='par_1_57' title="bbox 414 4486 1990 4558">
     <span class='ocr_line' id='line_1_57' title="bbox 414 4486 1990 4558; baseline 0.004 -20"><span class='ocrx_word' id='word_1_441' title='bbox 414 4494 665 4540; x_wconf 85' lang='lat' dir='ltr'><strong>octavum</strong></span> <span class='ocrx_word' id='word_1_442' title='bbox 708 4503 722 4539; x_wconf 91' lang='lat'>:</span> <span class='ocrx_word' id='word_1_443' title='bbox 763 4486 1033 4540; x_wconf 88' lang='lat' dir='ltr'><strong>feminalia</strong></span> <span class='ocrx_word' id='word_1_444' title='bbox 1078 4487 1330 4543; x_wconf 81' lang='lat' dir='ltr'><strong>videlicet</strong></span> <span class='ocrx_word' id='word_1_445' title='bbox 1370 4487 1534 4554; x_wconf 88' lang='lat' dir='ltr'><strong>linea,</strong></span> <span class='ocrx_word' id='word_1_446' title='bbox 1566 4489 1632 4544; x_wconf 85' lang='lat' dir='ltr'><strong>ad</strong></span> <span class='ocrx_word' id='word_1_447' title='bbox 1677 4490 1990 4558; x_wconf 90' lang='lat' dir='ltr'><strong>cooperien-</strong></span> 
     </span>
    </p>
   </div>
   <div class='ocr_carea' id='block_1_58' title="bbox 419 4575 1990 4648">
    <p class='ocr_par' dir='ltr' id='par_1_58' title="bbox 419 4575 1990 4648">
     <span class='ocr_line' id='line_1_58' title="bbox 419 4575 1990 4648; baseline 0.003 -19"><span class='ocrx_word' id='word_1_448' title='bbox 419 4576 544 4629; x_wconf 86' lang='lat' dir='ltr'><strong>dam</strong></span> <span class='ocrx_word' id='word_1_449' title='bbox 596 4591 814 4630; x_wconf 89' lang='lat' dir='ltr'><strong>carnem</strong></span> <span class='ocrx_word' id='word_1_450' title='bbox 860 4575 1230 4644; x_wconf 87' lang='lat' dir='ltr'><strong>turpitudinis,</strong></span> <span class='ocrx_word' id='word_1_451' title='bbox 1269 4586 1323 4632; x_wconf 91' lang='lat' dir='ltr'><strong>et</strong></span> <span class='ocrx_word' id='word_1_452' title='bbox 1378 4576 1579 4632; x_wconf 90' lang='lat' dir='ltr'><strong>lamina</strong></span> <span class='ocrx_word' id='word_1_453' title='bbox 1625 4593 1787 4633; x_wconf 88' lang='lat' dir='ltr'><strong>aurea</strong></span> <span class='ocrx_word' id='word_1_454' title='bbox 1828 4594 1990 4648; x_wconf 90' lang='lat' dir='ltr'><strong>super</strong></span> 
     </span>
    </p>
   </div>
   <div class='ocr_carea' id='block_1_59' title="bbox 418 4665 1990 4735">
    <p class='ocr_par' dir='ltr' id='par_1_59' title="bbox 418 4665 1990 4735">
     <span class='ocr_line' id='line_1_59' title="bbox 418 4665 1990 4735; baseline 0.004 -17"><span class='ocrx_word' id='word_1_455' title='bbox 418 4665 666 4731; x_wconf 78' lang='lat' dir='ltr'><strong>cidarim,</strong></span> <span class='ocrx_word' id='word_1_456' title='bbox 695 4681 816 4735; x_wconf 72' lang='lat' dir='ltr'><strong>qua:</strong></span> <span class='ocrx_word' id='word_1_457' title='bbox 842 4665 1000 4721; x_wconf 91' lang='lat' dir='ltr'><strong>titulo</strong></span> <span class='ocrx_word' id='word_1_458' title='bbox 1035 4667 1270 4722; x_wconf 88' lang='lat' dir='ltr'><strong>nominis</strong></span> <span class='ocrx_word' id='word_1_459' title='bbox 1296 4666 1541 4732; x_wconf 87' lang='lat' dir='ltr'><strong>Domini,</strong></span> <span class='ocrx_word' id='word_1_460' title='bbox 1591 4670 1802 4724; x_wconf 64' lang='lat' dir='ltr'><strong>caeteris</strong></span> <span class='ocrx_word' id='word_1_461' title='bbox 1829 4670 1990 4727; x_wconf 86' lang='lat' dir='ltr'><strong>altior</strong></span> 
     </span>
    </p>
   </div>
   <div class='ocr_carea' id='block_1_60' title="bbox 2071 1862 3653 1938">
    <p class='ocr_par' dir='ltr' id='par_1_60' title="bbox 2071 1862 3653 1938">
     <span class='ocr_line' id='line_1_60' title="bbox 2071 1862 3653 1938; baseline 0.004 -21"><span class='ocrx_word' id='word_1_462' title='bbox 2071 1862 2350 1932; x_wconf 89' lang='lat' dir='ltr'><strong>inscripta,</strong></span> <span class='ocrx_word' id='word_1_463' title='bbox 2381 1877 2505 1918; x_wconf 90' lang='lat' dir='ltr'><strong>cum</strong></span> <span class='ocrx_word' id='word_1_464' title='bbox 2552 1870 2608 1918; x_wconf 91' lang='lat' dir='ltr'><strong>et</strong></span> <span class='ocrx_word' id='word_1_465' title='bbox 2651 1864 2770 1933; x_wconf 86' lang='lat' dir='ltr'><strong>ipse</strong></span> <span class='ocrx_word' id='word_1_466' title='bbox 2814 1864 3063 1920; x_wconf 86' lang='lat' dir='ltr'><strong>claritate</strong></span> <span class='ocrx_word' id='word_1_467' title='bbox 3103 1866 3368 1922; x_wconf 90' lang='lat' dir='ltr'><strong>bonorum</strong></span> <span class='ocrx_word' id='word_1_468' title='bbox 3419 1883 3653 1938; x_wconf 85' lang='lat' dir='ltr'><strong>operum</strong></span> 
     </span>
    </p>
   </div>
   <div class='ocr_carea' id='block_1_61' title="bbox 2070 1951 3657 2019">
    <p class='ocr_par' dir='ltr' id='par_1_61' title="bbox 2070 1951 3657 2019">
     <span class='ocr_line' id='line_1_61' title="bbox 2070 1951 3657 2019; baseline 0.003 -13"><span class='ocrx_word' id='word_1_469' title='bbox 2070 1951 2283 2007; x_wconf 88' lang='lat' dir='ltr'><strong>cunctis</strong></span> <span class='ocrx_word' id='word_1_470' title='bbox 2310 1951 2657 2008; x_wconf 87' lang='lat' dir='ltr'><strong>admirandus</strong></span> <span class='ocrx_word' id='word_1_471' title='bbox 2686 1952 2984 2019; x_wconf 82' lang='lat' dir='ltr'><strong>exstiterit,</strong></span> <span class='ocrx_word' id='word_1_472' title='bbox 3035 1960 3093 2014; x_wconf 84' lang='lat' dir='ltr'><strong>et</strong></span> <span class='ocrx_word' id='word_1_473' title='bbox 3137 1955 3382 2009; x_wconf 88' lang='lat' dir='ltr'><strong>eamdem</strong></span> <span class='ocrx_word' id='word_1_474' title='bbox 3432 1955 3657 2011; x_wconf 80' lang='lat' dir='ltr'><strong>clarita-</strong></span> 
     </span>
    </p>
   </div>
   <div class='ocr_carea' id='block_1_62' title="bbox 2072 2042 3654 2115">
    <p class='ocr_par' dir='ltr' id='par_1_62' title="bbox 2072 2042 3654 2115">
     <span class='ocr_line' id='line_1_62' title="bbox 2072 2042 3654 2115; baseline 0.001 -17"><span class='ocrx_word' id='word_1_475' title='bbox 2072 2048 2182 2098; x_wconf 85' lang='lat' dir='ltr'><strong>tem</strong></span> <span class='ocrx_word' id='word_1_476' title='bbox 2207 2055 2311 2096; x_wconf 93' lang='lat' dir='ltr'><strong>non</strong></span> <span class='ocrx_word' id='word_1_477' title='bbox 2341 2056 2371 2095; x_wconf 86' lang='lat' dir='ltr'><strong>a</strong></span> <span class='ocrx_word' id='word_1_478' title='bbox 2393 2056 2451 2097; x_wconf 90' lang='lat' dir='ltr'><strong>se</strong></span> <span class='ocrx_word' id='word_1_479' title='bbox 2474 2042 2689 2097; x_wconf 84' lang='lat' dir='ltr'><strong>naviter</strong></span> <span class='ocrx_word' id='word_1_480' title='bbox 2719 2043 3014 2108; x_wconf 87' lang='lat' dir='ltr'><strong>inventam,</strong></span> <span class='ocrx_word' id='word_1_481' title='bbox 3039 2043 3135 2098; x_wconf 90' lang='lat' dir='ltr'><strong>sed</strong></span> <span class='ocrx_word' id='word_1_482' title='bbox 3166 2044 3385 2114; x_wconf 90' lang='lat' dir='ltr'><strong>antiqua</strong></span> <span class='ocrx_word' id='word_1_483' title='bbox 3414 2045 3516 2100; x_wconf 89' lang='lat' dir='ltr'><strong>sibi</strong></span> <span class='ocrx_word' id='word_1_484' title='bbox 3549 2060 3654 2115; x_wconf 81' lang='lat' dir='ltr'><strong>pa-</strong></span> 
     </span>
    </p>
   </div>
   <div class='ocr_carea' id='block_1_63' title="bbox 2075 2131 3661 2203">
    <p class='ocr_par' dir='ltr' id='par_1_63' title="bbox 2075 2131 3661 2203">
     <span class='ocr_line' id='line_1_63' title="bbox 2075 2131 3661 2203; baseline 0.003 -18"><span class='ocrx_word' id='word_1_485' title='bbox 2075 2137 2214 2185; x_wconf 89' lang='lat' dir='ltr'><strong>trum</strong></span> <span class='ocrx_word' id='word_1_486' title='bbox 2237 2131 2558 2185; x_wconf 88' lang='lat' dir='ltr'><strong>auctoritate</strong></span> <span class='ocrx_word' id='word_1_487' title='bbox 2586 2131 2841 2186; x_wconf 91' lang='lat' dir='ltr'><strong>traditam</strong></span> <span class='ocrx_word' id='word_1_488' title='bbox 2864 2147 3004 2198; x_wconf 89' lang='lat' dir='ltr'><strong>esse,</strong></span> <span class='ocrx_word' id='word_1_489' title='bbox 3034 2133 3294 2188; x_wconf 85' lang='lat' dir='ltr'><strong>docuerit.</strong></span> <span class='ocrx_word' id='word_1_490' title='bbox 3317 2132 3523 2203; x_wconf 89' lang='lat' dir='ltr'><strong>Duplici</strong></span> <span class='ocrx_word' id='word_1_491' title='bbox 3554 2151 3661 2190; x_wconf 86' lang='lat' dir='ltr'><strong>au—</strong></span> 
     </span>
    </p>
   </div>
   <div class='ocr_carea' id='block_1_64' title="bbox 2075 2222 3663 2297">
    <p class='ocr_par' dir='ltr' id='par_1_64' title="bbox 2075 2222 3663 2297">
     <span class='ocr_line' id='line_1_64' title="bbox 2075 2222 3663 2297; baseline 0.006 -22"><span class='ocrx_word' id='word_1_492' title='bbox 2075 2228 2183 2275; x_wconf 87' lang='lat' dir='ltr'><strong>tem</strong></span> <span class='ocrx_word' id='word_1_493' title='bbox 2210 2222 2417 2277; x_wconf 87' lang='lat' dir='ltr'><strong>ratione</strong></span> <span class='ocrx_word' id='word_1_494' title='bbox 2446 2223 2563 2278; x_wconf 62' lang='lat' dir='ltr'><strong>haec</strong></span> <span class='ocrx_word' id='word_1_495' title='bbox 2593 2223 2649 2277; x_wconf 93' lang='lat' dir='ltr'><strong>in</strong></span> <span class='ocrx_word' id='word_1_496' title='bbox 2677 2223 2918 2279; x_wconf 89' lang='lat' dir='ltr'><strong>humeris</strong></span> <span class='ocrx_word' id='word_1_497' title='bbox 2962 2233 3160 2295; x_wconf 87' lang='lat' dir='ltr'><strong>portat,</strong></span> <span class='ocrx_word' id='word_1_498' title='bbox 3186 2233 3247 2280; x_wconf 91' lang='lat' dir='ltr'><strong>ut</strong></span> <span class='ocrx_word' id='word_1_499' title='bbox 3291 2237 3344 2281; x_wconf 91' lang='lat' dir='ltr'><strong>et</strong></span> <span class='ocrx_word' id='word_1_500' title='bbox 3376 2226 3489 2296; x_wconf 89' lang='lat' dir='ltr'><strong>ipse</strong></span> <span class='ocrx_word' id='word_1_501' title='bbox 3513 2243 3663 2297; x_wconf 69' lang='lat' dir='ltr'><strong>prte-</strong></span> 
     </span>
    </p>
   </div>
   <div class='ocr_carea' id='block_1_65' title="bbox 2060 2310 3658 2384">
    <p class='ocr_par' dir='ltr' id='par_1_65' title="bbox 2060 2310 3658 2384">
     <span class='ocr_line' id='line_1_65' title="bbox 2060 2310 3658 2384; baseline 0.007 -19"><span class='ocrx_word' id='word_1_502' title='bbox 2060 2310 2246 2381; x_wconf 26' lang='lat' dir='ltr'><strong>‘ceptis</strong></span> <span class='ocrx_word' id='word_1_503' title='bbox 2271 2312 2555 2368; x_wconf 88' lang='lat' dir='ltr'><strong>dominicis</strong></span> <span class='ocrx_word' id='word_1_504' title='bbox 2597 2312 2882 2369; x_wconf 87' lang='lat' dir='ltr'><strong>humiliter</strong></span> <span class='ocrx_word' id='word_1_505' title='bbox 2910 2316 3155 2372; x_wconf 86' lang='lat' dir='ltr'><strong>subditus</strong></span> <span class='ocrx_word' id='word_1_506' title='bbox 3201 2317 3435 2384; x_wconf 85' lang='lat' dir='ltr'><strong>incedat,</strong></span> <span class='ocrx_word' id='word_1_507' title='bbox 3468 2327 3523 2374; x_wconf 94' lang='lat' dir='ltr'><strong>et</strong></span> <span class='ocrx_word' id='word_1_508' title='bbox 3550 2335 3658 2376; x_wconf 83' lang='lat' dir='ltr'><strong>au-</strong></span> 
     </span>
    </p>
   </div>
   <div class='ocr_carea' id='block_1_66' title="bbox 2077 2400 3668 2482">
    <p class='ocr_par' dir='ltr' id='par_1_66' title="bbox 2077 2400 3668 2482">
     <span class='ocr_line' id='line_1_66' title="bbox 2077 2400 3668 2482; baseline 0.006 -26"><span class='ocrx_word' id='word_1_509' title='bbox 2077 2400 2341 2457; x_wconf 90' lang='lat' dir='ltr'><strong>ditoribus</strong></span> <span class='ocrx_word' id='word_1_510' title='bbox 2377 2404 2490 2459; x_wconf 87' lang='lat' dir='ltr'><strong>suis</strong></span> <span class='ocrx_word' id='word_1_511' title='bbox 2530 2418 2743 2474; x_wconf 85' lang='lat' dir='ltr'><strong>semper</strong></span> <span class='ocrx_word' id='word_1_512' title='bbox 2780 2405 3043 2472; x_wconf 78' lang='lat' dir='ltr'><strong>etelestia,</strong></span> <span class='ocrx_word' id='word_1_513' title='bbox 3074 2408 3188 2463; x_wconf 89' lang='lat' dir='ltr'><strong>sive</strong></span> <span class='ocrx_word' id='word_1_514' title='bbox 3217 2423 3311 2462; x_wconf 90' lang='lat' dir='ltr'><strong>sua</strong></span> <span class='ocrx_word' id='word_1_515' title='bbox 3332 2450 3348 2473; x_wconf 92' lang='lat'><strong>,</strong></span> <span class='ocrx_word' id='word_1_516' title='bbox 3400 2410 3514 2465; x_wconf 89' lang='lat' dir='ltr'><strong>sive</strong></span> <span class='ocrx_word' id='word_1_517' title='bbox 3558 2426 3668 2482; x_wconf 77' lang='lat' dir='ltr'><strong>pa—</strong></span> 
     </span>
    </p>
   </div>
   <div class='ocr_carea' id='block_1_67' title="bbox 2079 2494 3661 2568">
    <p class='ocr_par' dir='ltr' id='par_1_67' title="bbox 2079 2494 3661 2568">
     <span class='ocr_line' id='line_1_67' title="bbox 2079 2494 3661 2568; baseline 0.006 -20"><span class='ocrx_word' id='word_1_518' title='bbox 2079 2501 2220 2548; x_wconf 86' lang='lat' dir='ltr'><strong>trum</strong></span> <span class='ocrx_word' id='word_1_519' title='bbox 2253 2494 2497 2565; x_wconf 88' lang='lat' dir='ltr'><strong>exempla</strong></span> <span class='ocrx_word' id='word_1_520' title='bbox 2523 2509 2644 2564; x_wconf 71' lang='lat' dir='ltr'><strong>quas</strong></span> <span class='ocrx_word' id='word_1_521' title='bbox 2669 2505 2986 2566; x_wconf 87' lang='lat' dir='ltr'><strong>sequantur,</strong></span> <span class='ocrx_word' id='word_1_522' title='bbox 3014 2506 3293 2568; x_wconf 79' lang='lat' dir='ltr'><strong>proponat.</strong></span> <span class='ocrx_word' id='word_1_523' title='bbox 3321 2498 3457 2568; x_wconf 83' lang='lat' dir='ltr'><strong>Apte</strong></span> <span class='ocrx_word' id='word_1_524' title='bbox 3486 2501 3661 2558; x_wconf 85' lang='lat' dir='ltr'><strong>etiam</strong></span> 
     </span>
    </p>
   </div>
   <div class='ocr_carea' id='block_1_68' title="bbox 2081 2582 3663 2661">
    <p class='ocr_par' dir='ltr' id='par_1_68' title="bbox 2081 2582 3663 2661">
     <span class='ocr_line' id='line_1_68' title="bbox 2081 2582 3663 2661; baseline 0.006 -23"><span class='ocrx_word' id='word_1_525' title='bbox 2081 2582 2243 2639; x_wconf 89' lang='lat' dir='ltr'><strong>iidem</strong></span> <span class='ocrx_word' id='word_1_526' title='bbox 2268 2583 2473 2653; x_wconf 90' lang='lat' dir='ltr'><strong>lapides</strong></span> <span class='ocrx_word' id='word_1_527' title='bbox 2502 2585 2700 2661; x_wconf 86' lang='lat' dir='ltr'><strong>includi</strong></span> <span class='ocrx_word' id='word_1_528' title='bbox 2748 2602 2883 2641; x_wconf 90' lang='lat' dir='ltr'><strong>auro</strong></span> <span class='ocrx_word' id='word_1_529' title='bbox 2911 2596 3073 2657; x_wconf 87' lang='lat' dir='ltr'><strong>atque</strong></span> <span class='ocrx_word' id='word_1_530' title='bbox 3110 2588 3433 2644; x_wconf 86' lang='lat' dir='ltr'><strong>circumdari</strong></span> <span class='ocrx_word' id='word_1_531' title='bbox 3456 2588 3663 2659; x_wconf 81' lang='lat' dir='ltr'><strong>juben-</strong></span> 
     </span>
    </p>
   </div>
   <div class='ocr_carea' id='block_1_69' title="bbox 2086 2672 3653 2750">
    <p class='ocr_par' dir='ltr' id='par_1_69' title="bbox 2086 2672 3653 2750">
     <span class='ocr_line' id='line_1_69' title="bbox 2086 2672 3653 2750; baseline 0.005 -22"><span class='ocrx_word' id='word_1_532' title='bbox 2086 2682 2195 2729; x_wconf 90' lang='lat' dir='ltr'><strong>tur.</strong></span> <span class='ocrx_word' id='word_1_533' title='bbox 2239 2672 2387 2728; x_wconf 85' lang='lat' dir='ltr'><strong>Auro</strong></span> <span class='ocrx_word' id='word_1_534' title='bbox 2427 2689 2661 2745; x_wconf 88' lang='lat' dir='ltr'><strong>namque</strong></span> <span class='ocrx_word' id='word_1_535' title='bbox 2697 2675 2782 2731; x_wconf 89' lang='lat' dir='ltr'><strong>vel</strong></span> <span class='ocrx_word' id='word_1_536' title='bbox 2818 2676 3128 2732; x_wconf 86' lang='lat' dir='ltr'><strong>intellectus</strong></span> <span class='ocrx_word' id='word_1_537' title='bbox 3175 2685 3234 2733; x_wconf 92' lang='lat' dir='ltr'><strong>ut</strong></span> <span class='ocrx_word' id='word_1_538' title='bbox 3276 2679 3653 2750; x_wconf 72' lang='lat' dir='ltr'><strong>supradicmm</strong></span> 
     </span>
    </p>
   </div>
   <div class='ocr_carea' id='block_1_70' title="bbox 2081 2764 3662 2838">
    <p class='ocr_par' dir='ltr' id='par_1_70' title="bbox 2081 2764 3662 2838">
     <span class='ocr_line' id='line_1_70' title="bbox 2081 2764 3662 2838; baseline 0.005 -21"><span class='ocrx_word' id='word_1_539' title='bbox 2081 2769 2183 2828; x_wconf 90' lang='lat' dir='ltr'><strong>est,</strong></span> <span class='ocrx_word' id='word_1_540' title='bbox 2205 2764 2288 2818; x_wconf 88' lang='lat' dir='ltr'><strong>vel</strong></span> <span class='ocrx_word' id='word_1_541' title='bbox 2326 2772 2472 2819; x_wconf 90' lang='lat' dir='ltr'><strong>certe</strong></span> <span class='ocrx_word' id='word_1_542' title='bbox 2506 2765 2744 2821; x_wconf 89' lang='lat' dir='ltr'><strong>charitas</strong></span> <span class='ocrx_word' id='word_1_543' title='bbox 2773 2766 3106 2833; x_wconf 86' lang='lat' dir='ltr'><strong>insinuatur,</strong></span> <span class='ocrx_word' id='word_1_544' title='bbox 3136 2769 3258 2838; x_wconf 89' lang='lat' dir='ltr'><strong>quia</strong></span> <span class='ocrx_word' id='word_1_545' title='bbox 3285 2771 3427 2825; x_wconf 92' lang='lat' dir='ltr'><strong>sicut</strong></span> <span class='ocrx_word' id='word_1_546' title='bbox 3457 2786 3662 2825; x_wconf 88' lang='lat' dir='ltr'><strong>aurum</strong></span> 
     </span>
    </p>
   </div>
   <div class='ocr_carea' id='block_1_71' title="bbox 2082 2855 3666 2930">
    <p class='ocr_par' dir='ltr' id='par_1_71' title="bbox 2082 2855 3666 2930">
     <span class='ocr_line' id='line_1_71' title="bbox 2082 2855 3666 2930; baseline 0.003 -20"><span class='ocrx_word' id='word_1_547' title='bbox 2082 2855 2338 2921; x_wconf 84' lang='lat' dir='ltr'><strong>metallis,</strong></span> <span class='ocrx_word' id='word_1_548' title='bbox 2367 2856 2441 2910; x_wconf 91' lang='lat' dir='ltr'><strong>ita</strong></span> <span class='ocrx_word' id='word_1_549' title='bbox 2468 2856 2703 2912; x_wconf 88' lang='lat' dir='ltr'><strong>charitas</strong></span> <span class='ocrx_word' id='word_1_550' title='bbox 2734 2857 3022 2913; x_wconf 88' lang='lat' dir='ltr'><strong>virtutibus</strong></span> <span class='ocrx_word' id='word_1_551' title='bbox 3054 2868 3278 2930; x_wconf 63' lang='lat' dir='ltr'><strong>praestat</strong></span> <span class='ocrx_word' id='word_1_552' title='bbox 3302 2861 3533 2916; x_wconf 69' lang='lat' dir='ltr'><strong>caeteris.</strong></span> <span class='ocrx_word' id='word_1_553' title='bbox 3569 2861 3666 2916; x_wconf 88' lang='lat' dir='ltr'><strong>ln-</strong></span> 
     </span>
    </p>
   </div>
   <div class='ocr_carea' id='block_1_72' title="bbox 2083 2943 3664 3021">
    <p class='ocr_par' dir='ltr' id='par_1_72' title="bbox 2083 2943 3664 3021">
     <span class='ocr_line' id='line_1_72' title="bbox 2083 2943 3664 3021; baseline 0.006 -24"><span class='ocrx_word' id='word_1_554' title='bbox 2083 2943 2372 2999; x_wconf 89' lang='lat' dir='ltr'><strong>cluduntur</strong></span> <span class='ocrx_word' id='word_1_555' title='bbox 2399 2961 2527 3001; x_wconf 89' lang='lat' dir='ltr'><strong>vero</strong></span> <span class='ocrx_word' id='word_1_556' title='bbox 2563 2961 2696 3001; x_wconf 88' lang='lat' dir='ltr'><strong>auro</strong></span> <span class='ocrx_word' id='word_1_557' title='bbox 2738 2946 2942 3017; x_wconf 87' lang='lat' dir='ltr'><strong>lapides</strong></span> <span class='ocrx_word' id='word_1_558' title='bbox 2971 2955 3026 3003; x_wconf 90' lang='lat' dir='ltr'><strong>et</strong></span> <span class='ocrx_word' id='word_1_559' title='bbox 3074 2950 3479 3005; x_wconf 90' lang='lat' dir='ltr'><strong>circumdantur</strong></span> <span class='ocrx_word' id='word_1_560' title='bbox 3527 2966 3664 3021; x_wconf 88' lang='lat' dir='ltr'><strong>pre-</strong></span> 
     </span>
    </p>
   </div>
   <div class='ocr_carea' id='block_1_73' title="bbox 2087 3034 3666 3110">
    <p class='ocr_par' dir='ltr' id='par_1_73' title="bbox 2087 3034 3666 3110">
     <span class='ocr_line' id='line_1_73' title="bbox 2087 3034 3666 3110; baseline 0.005 -22"><span class='ocrx_word' id='word_1_561' title='bbox 2087 3034 2232 3100; x_wconf 82' lang='lat' dir='ltr'><strong>tiosi,</strong></span> <span class='ocrx_word' id='word_1_562' title='bbox 2254 3050 2374 3090; x_wconf 90' lang='lat' dir='ltr'><strong>cum</strong></span> <span class='ocrx_word' id='word_1_563' title='bbox 2403 3037 2610 3106; x_wconf 88' lang='lat' dir='ltr'><strong>operati</strong></span> <span class='ocrx_word' id='word_1_564' title='bbox 2635 3037 2888 3092; x_wconf 88' lang='lat' dir='ltr'><strong>virtutem</strong></span> <span class='ocrx_word' id='word_1_565' title='bbox 2929 3038 3064 3093; x_wconf 88' lang='lat' dir='ltr'><strong>adeo</strong></span> <span class='ocrx_word' id='word_1_566' title='bbox 3092 3054 3229 3108; x_wconf 91' lang='lat' dir='ltr'><strong>puro</strong></span> <span class='ocrx_word' id='word_1_567' title='bbox 3256 3041 3493 3110; x_wconf 77' lang='lat' dir='ltr'><strong>undique</strong></span> <span class='ocrx_word' id='word_1_568' title='bbox 3533 3057 3666 3096; x_wconf 88' lang='lat' dir='ltr'><strong>ver-</strong></span> 
     </span>
    </p>
   </div>
   <div class='ocr_carea' id='block_1_74' title="bbox 2086 3124 3665 3196">
    <p class='ocr_par' dir='ltr' id='par_1_74' title="bbox 2086 3124 3665 3196">
     <span class='ocr_line' id='line_1_74' title="bbox 2086 3124 3665 3196; baseline 0.005 -17"><span class='ocrx_word' id='word_1_569' title='bbox 2086 3138 2206 3180; x_wconf 88' lang='lat' dir='ltr'><strong>sum</strong></span> <span class='ocrx_word' id='word_1_570' title='bbox 2235 3124 2505 3181; x_wconf 91' lang='lat' dir='ltr'><strong>intellectu</strong></span> <span class='ocrx_word' id='word_1_571' title='bbox 2540 3126 2991 3196; x_wconf 84' lang='lat' dir='ltr'><strong>circumspicitur,</strong></span> <span class='ocrx_word' id='word_1_572' title='bbox 3016 3136 3075 3182; x_wconf 93' lang='lat' dir='ltr'><strong>ut</strong></span> <span class='ocrx_word' id='word_1_573' title='bbox 3106 3128 3181 3183; x_wconf 91' lang='lat' dir='ltr'><strong>nil</strong></span> <span class='ocrx_word' id='word_1_574' title='bbox 3210 3128 3263 3183; x_wconf 90' lang='lat' dir='ltr'><strong>in</strong></span> <span class='ocrx_word' id='word_1_575' title='bbox 3300 3129 3380 3184; x_wconf 90' lang='lat' dir='ltr'><strong>eis</strong></span> <span class='ocrx_word' id='word_1_576' title='bbox 3407 3131 3665 3188; x_wconf 85' lang='lat' dir='ltr'><strong>vitiorum</strong></span> 
     </span>
    </p>
   </div>
   <div class='ocr_carea' id='block_1_75' title="bbox 2085 3216 3665 3292">
    <p class='ocr_par' dir='ltr' id='par_1_75' title="bbox 2085 3216 3665 3292">
     <span class='ocr_line' id='line_1_75' title="bbox 2085 3216 3665 3292; baseline 0.004 -22"><span class='ocrx_word' id='word_1_577' title='bbox 2085 3216 2272 3282; x_wconf 87' lang='lat' dir='ltr'><strong>latere,</strong></span> <span class='ocrx_word' id='word_1_578' title='bbox 2326 3217 2399 3271; x_wconf 91' lang='lat' dir='ltr'><strong>nil</strong></span> <span class='ocrx_word' id='word_1_579' title='bbox 2454 3233 2737 3274; x_wconf 89' lang='lat' dir='ltr'><strong>remanere</strong></span> <span class='ocrx_word' id='word_1_580' title='bbox 2785 3219 3062 3274; x_wconf 85' lang='lat' dir='ltr'><strong>sordidum</strong></span> <span class='ocrx_word' id='word_1_581' title='bbox 3120 3222 3486 3292; x_wconf 89' lang='lat' dir='ltr'><strong>permittatur,</strong></span> <span class='ocrx_word' id='word_1_582' title='bbox 3533 3238 3665 3278; x_wconf 86' lang='lat' dir='ltr'><strong>cum</strong></span> 
     </span>
    </p>
   </div>
   <div class='ocr_carea' id='block_1_76' title="bbox 2086 3305 3668 3378">
    <p class='ocr_par' dir='ltr' id='par_1_76' title="bbox 2086 3305 3668 3378">
     <span class='ocr_line' id='line_1_76' title="bbox 2086 3305 3668 3378; baseline 0.006 -19"><span class='ocrx_word' id='word_1_583' title='bbox 2086 3305 2216 3377; x_wconf 58' lang='lat' dir='ltr'><strong>ipsa;</strong></span> <span class='ocrx_word' id='word_1_584' title='bbox 2246 3306 2473 3361; x_wconf 88' lang='lat' dir='ltr'><strong>virtutes</strong></span> <span class='ocrx_word' id='word_1_585' title='bbox 2517 3308 2591 3360; x_wconf 91' lang='lat' dir='ltr'><strong>ita</strong></span> <span class='ocrx_word' id='word_1_586' title='bbox 2619 3309 2835 3363; x_wconf 87' lang='lat' dir='ltr'><strong>vinculo</strong></span> <span class='ocrx_word' id='word_1_587' title='bbox 2863 3309 3148 3366; x_wconf 90' lang='lat' dir='ltr'><strong>charitatis</strong></span> <span class='ocrx_word' id='word_1_588' title='bbox 3177 3314 3524 3368; x_wconf 88' lang='lat' dir='ltr'><strong>continentur</strong></span> <span class='ocrx_word' id='word_1_589' title='bbox 3545 3354 3561 3378; x_wconf 92' lang='lat'><strong>,</strong></span> <span class='ocrx_word' id='word_1_590' title='bbox 3602 3325 3668 3371; x_wconf 87' lang='lat' dir='ltr'><strong>ut</strong></span> 
     </span>
    </p>
   </div>
   <div class='ocr_carea' id='block_1_77' title="bbox 2084 3395 3667 3466">
    <p class='ocr_par' dir='ltr' id='par_1_77' title="bbox 2084 3395 3667 3466">
     <span class='ocr_line' id='line_1_77' title="bbox 2084 3395 3667 3466; baseline 0.005 -16"><span class='ocrx_word' id='word_1_591' title='bbox 2084 3395 2228 3450; x_wconf 87' lang='lat' dir='ltr'><strong>nulla</strong></span> <span class='ocrx_word' id='word_1_592' title='bbox 2259 3411 2439 3451; x_wconf 90' lang='lat' dir='ltr'><strong>rerum</strong></span> <span class='ocrx_word' id='word_1_593' title='bbox 2470 3396 2844 3462; x_wconf 85' lang='lat' dir='ltr'><strong>mutabilitate,</strong></span> <span class='ocrx_word' id='word_1_594' title='bbox 2873 3413 2902 3451; x_wconf 89' lang='lat' dir='ltr'><strong>a</strong></span> <span class='ocrx_word' id='word_1_595' title='bbox 2929 3415 3028 3454; x_wconf 93' lang='lat' dir='ltr'><strong>suo</strong></span> <span class='ocrx_word' id='word_1_596' title='bbox 3050 3408 3191 3454; x_wconf 89' lang='lat' dir='ltr'><strong>statu</strong></span> <span class='ocrx_word' id='word_1_597' title='bbox 3219 3400 3487 3466; x_wconf 85' lang='lat' dir='ltr'><strong>decidere,</strong></span> <span class='ocrx_word' id='word_1_598' title='bbox 3528 3420 3667 3458; x_wconf 87' lang='lat' dir='ltr'><strong>nun—</strong></span> 
     </span>
    </p>
   </div>
   <div class='ocr_carea' id='block_1_78' title="bbox 2087 3487 3664 3562">
    <p class='ocr_par' dir='ltr' id='par_1_78' title="bbox 2087 3487 3664 3562">
     <span class='ocr_line' id='line_1_78' title="bbox 2087 3487 3664 3562; baseline 0.007 -22"><span class='ocrx_word' id='word_1_599' title='bbox 2087 3502 2245 3557; x_wconf 89' lang='lat' dir='ltr'><strong>quam</strong></span> <span class='ocrx_word' id='word_1_600' title='bbox 2271 3487 2337 3542; x_wconf 92' lang='lat' dir='ltr'><strong>de</strong></span> <span class='ocrx_word' id='word_1_601' title='bbox 2360 3488 2546 3543; x_wconf 89' lang='lat' dir='ltr'><strong>habitu</strong></span> <span class='ocrx_word' id='word_1_602' title='bbox 2575 3488 2891 3555; x_wconf 86' lang='lat' dir='ltr'><strong>sacerdotis,</strong></span> <span class='ocrx_word' id='word_1_603' title='bbox 2909 3499 3155 3562; x_wconf 90' lang='lat' dir='ltr'><strong>torpente</strong></span> <span class='ocrx_word' id='word_1_604' title='bbox 3185 3494 3381 3546; x_wconf 82' lang='lat' dir='ltr'><strong>mentis</strong></span> <span class='ocrx_word' id='word_1_605' title='bbox 3419 3497 3664 3551; x_wconf 81' lang='lat' dir='ltr'><strong>custodia</strong></span> 
     </span>
    </p>
   </div>
   <div class='ocr_carea' id='block_1_79' title="bbox 2085 3578 2566 3649">
    <p class='ocr_par' dir='ltr' id='par_1_79' title="bbox 2085 3578 2566 3649">
     <span class='ocr_line' id='line_1_79' title="bbox 2085 3578 2566 3649; baseline 0.002 -18"><span class='ocrx_word' id='word_1_606' title='bbox 2085 3578 2301 3632; x_wconf 84' lang='lat' dir='ltr'><strong>valeant</strong></span> <span class='ocrx_word' id='word_1_607' title='bbox 2336 3579 2566 3649; x_wconf 85' lang='lat' dir='ltr'><strong>prolabi.</strong></span> 
     </span>
    </p>
   </div>
   <div class='ocr_carea' id='block_1_80' title="bbox 2082 3668 3665 3745">
    <p class='ocr_par' dir='ltr' id='par_1_80' title="bbox 2082 3668 3665 3745">
     <span class='ocr_line' id='line_1_80' title="bbox 2082 3668 3665 3745; baseline 0.004 -23"><span class='ocrx_word' id='word_1_608' title='bbox 2082 3694 2087 3697; x_wconf 86' lang='lat'><em>-</em></span> <span class='ocrx_word' id='word_1_609' title='bbox 2153 3668 2300 3724; x_wconf 89' lang='lat' dir='ltr'><strong>Bene</strong></span> <span class='ocrx_word' id='word_1_610' title='bbox 2334 3678 2510 3726; x_wconf 86' lang='lat' dir='ltr'><strong>autem</strong></span> <span class='ocrx_word' id='word_1_611' title='bbox 2542 3671 2785 3740; x_wconf 82' lang='lat' dir='ltr'><strong>sequitur</strong></span> <span class='ocrx_word' id='word_1_612' title='bbox 2816 3690 2828 3724; x_wconf 87' lang='lat'>:</span> <span class='ocrx_word' id='word_1_613' title='bbox 2862 3670 3196 3745; x_wconf 85' lang='lat' dir='ltr'><strong>Portabitque</strong></span> <span class='ocrx_word' id='word_1_614' title='bbox 3238 3676 3413 3728; x_wconf 81' lang='lat' dir='ltr'><strong>Aaron</strong></span> <span class='ocrx_word' id='word_1_615' title='bbox 3449 3676 3665 3729; x_wconf 79' lang='lat' dir='ltr'><strong>nomina</strong></span> 
     </span>
    </p>
   </div>
   <div class='ocr_carea' id='block_1_81' title="bbox 2084 3748 3669 3833">
    <p class='ocr_par' dir='ltr' id='par_1_81' title="bbox 2084 3748 3669 3833">
     <span class='ocr_line' id='line_1_81' title="bbox 2084 3748 3669 3833; baseline 0.003 -19"><span class='ocrx_word' id='word_1_616' title='bbox 2084 3776 2265 3815; x_wconf 82' lang='lat' dir='ltr'><strong>eorum</strong></span> <span class='ocrx_word' id='word_1_617' title='bbox 2315 3776 2491 3815; x_wconf 86' lang='lat' dir='ltr'><strong>coram</strong></span> <span class='ocrx_word' id='word_1_618' title='bbox 2537 3760 2783 3826; x_wconf 86' lang='lat' dir='ltr'><strong>Domino,</strong></span> <span class='ocrx_word' id='word_1_619' title='bbox 2826 3778 2980 3832; x_wconf 86' lang='lat' dir='ltr'><strong>super</strong></span> <span class='ocrx_word' id='word_1_620' title='bbox 3003 3748 3275 3833; x_wconf 83' lang='lat' dir='ltr'><strong>utrumque</strong></span> <span class='ocrx_word' id='word_1_621' title='bbox 3296 3763 3570 3818; x_wconf 81' lang='lat' dir='ltr'><strong>humerum</strong></span> <span class='ocrx_word' id='word_1_622' title='bbox 3602 3765 3669 3818; x_wconf 73' lang='lat' dir='ltr'><strong>ob</strong></span> 
     </span>
    </p>
   </div>
   <div class='ocr_carea' id='block_1_82' title="bbox 2087 3849 3670 3922">
    <p class='ocr_par' dir='ltr' id='par_1_82' title="bbox 2087 3849 3670 3922">
     <span class='ocr_line' id='line_1_82' title="bbox 2087 3849 3670 3922; baseline 0.004 -19"><span class='ocrx_word' id='word_1_623' title='bbox 2087 3850 2518 3905; x_wconf 87' lang='lat' dir='ltr'><strong>recordationem.</strong></span> <span class='ocrx_word' id='word_1_624' title='bbox 2567 3849 2828 3906; x_wconf 88' lang='lat' dir='ltr'><strong>Sacerdos</strong></span> <span class='ocrx_word' id='word_1_625' title='bbox 2872 3867 3104 3922; x_wconf 87' lang='lat' dir='ltr'><strong>namque</strong></span> <span class='ocrx_word' id='word_1_626' title='bbox 3137 3855 3206 3908; x_wconf 92' lang='lat' dir='ltr'><strong>ob</strong></span> <span class='ocrx_word' id='word_1_627' title='bbox 3238 3855 3670 3910; x_wconf 88' lang='lat' dir='ltr'><strong>recordationem</strong></span> 
     </span>
    </p>
   </div>
   <div class='ocr_carea' id='block_1_83' title="bbox 2084 3940 3667 4015">
    <p class='ocr_par' dir='ltr' id='par_1_83' title="bbox 2084 3940 3667 4015">
     <span class='ocr_line' id='line_1_83' title="bbox 2084 3940 3667 4015; baseline 0.004 -20"><span class='ocrx_word' id='word_1_628' title='bbox 2084 3940 2303 3995; x_wconf 86' lang='lat' dir='ltr'><strong>nomina</strong></span> <span class='ocrx_word' id='word_1_629' title='bbox 2338 3948 2553 4012; x_wconf 87' lang='lat' dir='ltr'><strong>patrum</strong></span> <span class='ocrx_word' id='word_1_630' title='bbox 2601 3957 2764 4011; x_wconf 90' lang='lat' dir='ltr'><strong>super</strong></span> <span class='ocrx_word' id='word_1_631' title='bbox 2821 3950 3108 4012; x_wconf 86' lang='lat' dir='ltr'><strong>utrumque</strong></span> <span class='ocrx_word' id='word_1_632' title='bbox 3133 3953 3314 4015; x_wconf 86' lang='lat' dir='ltr'><strong>portat</strong></span> <span class='ocrx_word' id='word_1_633' title='bbox 3356 3947 3667 4015; x_wconf 87' lang='lat' dir='ltr'><strong>humerum,</strong></span> 
     </span>
    </p>
   </div>
   <div class='ocr_carea' id='block_1_84' title="bbox 2087 4029 3669 4104">
    <p class='ocr_par' dir='ltr' id='par_1_84' title="bbox 2087 4029 3669 4104">
     <span class='ocr_line' id='line_1_84' title="bbox 2087 4029 3669 4104; baseline 0.007 -21"><span class='ocrx_word' id='word_1_634' title='bbox 2087 4043 2212 4084; x_wconf 91' lang='lat' dir='ltr'><strong>cum</strong></span> <span class='ocrx_word' id='word_1_635' title='bbox 2241 4030 2529 4102; x_wconf 88' lang='lat' dir='ltr'><strong>diligenter</strong></span> <span class='ocrx_word' id='word_1_636' title='bbox 2554 4032 2701 4086; x_wconf 89' lang='lat' dir='ltr'><strong>omni</strong></span> <span class='ocrx_word' id='word_1_637' title='bbox 2726 4029 2878 4097; x_wconf 85' lang='lat' dir='ltr'><strong>hora,</strong></span> <span class='ocrx_word' id='word_1_638' title='bbox 2914 4034 3328 4104; x_wconf 71' lang='lat' dir='ltr'><strong>praecedentium</strong></span> <span class='ocrx_word' id='word_1_639' title='bbox 3356 4045 3669 4094; x_wconf 88' lang='lat' dir='ltr'><strong>sanctorum</strong></span> 
     </span>
    </p>
   </div>
   <div class='ocr_carea' id='block_1_85' title="bbox 2085 4120 3670 4199">
    <p class='ocr_par' dir='ltr' id='par_1_85' title="bbox 2085 4120 3670 4199">
     <span class='ocr_line' id='line_1_85' title="bbox 2085 4120 3670 4199; baseline 0.006 -25"><span class='ocrx_word' id='word_1_640' title='bbox 2085 4120 2251 4175; x_wconf 84' lang='lat' dir='ltr'><strong>vitam</strong></span> <span class='ocrx_word' id='word_1_641' title='bbox 2281 4123 2635 4191; x_wconf 87' lang='lat' dir='ltr'><strong>perpendens,</strong></span> <span class='ocrx_word' id='word_1_642' title='bbox 2681 4131 2737 4177; x_wconf 90' lang='lat' dir='ltr'><strong>et</strong></span> <span class='ocrx_word' id='word_1_643' title='bbox 2764 4123 2820 4178; x_wconf 91' lang='lat' dir='ltr'><strong>in</strong></span> <span class='ocrx_word' id='word_1_644' title='bbox 2849 4124 3092 4179; x_wconf 83' lang='lat' dir='ltr'><strong>adversis</strong></span> <span class='ocrx_word' id='word_1_645' title='bbox 3116 4134 3171 4179; x_wconf 91' lang='lat' dir='ltr'><strong>et</strong></span> <span class='ocrx_word' id='word_1_646' title='bbox 3189 4128 3463 4199; x_wconf 73' lang='lat' dir='ltr'><strong>proSperis</strong></span> <span class='ocrx_word' id='word_1_647' title='bbox 3495 4130 3670 4184; x_wconf 85' lang='lat' dir='ltr'><strong>virtu-</strong></span> 
     </span>
    </p>
   </div>
   <div class='ocr_carea' id='block_1_86' title="bbox 2086 4214 3670 4286">
    <p class='ocr_par' dir='ltr' id='par_1_86' title="bbox 2086 4214 3670 4286">
     <span class='ocr_line' id='line_1_86' title="bbox 2086 4214 3670 4286; baseline 0.006 -22"><span class='ocrx_word' id='word_1_648' title='bbox 2086 4219 2200 4265; x_wconf 86' lang='lat' dir='ltr'><strong>tum</strong></span> <span class='ocrx_word' id='word_1_649' title='bbox 2233 4224 2450 4281; x_wconf 89' lang='lat' dir='ltr'><strong>semper</strong></span> <span class='ocrx_word' id='word_1_650' title='bbox 2468 4219 2786 4267; x_wconf 90' lang='lat' dir='ltr'><strong>ornamento</strong></span> <span class='ocrx_word' id='word_1_651' title='bbox 2815 4220 2898 4267; x_wconf 91' lang='lat' dir='ltr'><strong>est</strong></span> <span class='ocrx_word' id='word_1_652' title='bbox 2926 4214 3196 4281; x_wconf 90' lang='lat' dir='ltr'><strong>munitus;</strong></span> <span class='ocrx_word' id='word_1_653' title='bbox 3231 4217 3670 4286; x_wconf 85' lang='lat' dir='ltr'><strong>quatenusjuxta</strong></span> 
     </span>
    </p>
   </div>
   <div class='ocr_carea' id='block_1_87' title="bbox 2087 4301 3673 4372">
    <p class='ocr_par' dir='ltr' id='par_1_87' title="bbox 2087 4301 3673 4372">
     <span class='ocr_line' id='line_1_87' title="bbox 2087 4301 3673 4372; baseline 0.004 -15"><span class='ocrx_word' id='word_1_654' title='bbox 2087 4317 2276 4357; x_wconf 88' lang='lat' dir='ltr'><strong>vocem</strong></span> <span class='ocrx_word' id='word_1_655' title='bbox 2297 4301 2471 4369; x_wconf 86' lang='lat' dir='ltr'><strong>Pauli,</strong></span> <span class='ocrx_word' id='word_1_656' title='bbox 2517 4316 2617 4372; x_wconf 90' lang='lat' dir='ltr'><strong>per</strong></span> <span class='ocrx_word' id='word_1_657' title='bbox 2643 4318 2792 4356; x_wconf 87' lang='lat' dir='ltr'><strong>arma</strong></span> <span class='ocrx_word' id='word_1_658' title='bbox 2815 4301 3041 4372; x_wconf 63' lang='lat' dir='ltr'><strong>iustitiae</strong></span> <span class='ocrx_word' id='word_1_659' title='bbox 3068 4320 3099 4359; x_wconf 92' lang='lat' dir='ltr'><strong>a</strong></span> <span class='ocrx_word' id='word_1_660' title='bbox 3125 4306 3331 4361; x_wconf 79' lang='lat' dir='ltr'><strong>dextris</strong></span> <span class='ocrx_word' id='word_1_661' title='bbox 3359 4317 3413 4363; x_wconf 88' lang='lat' dir='ltr'><strong>et</strong></span> <span class='ocrx_word' id='word_1_662' title='bbox 3436 4309 3673 4365; x_wconf 85' lang='lat' dir='ltr'><strong>sinistris</strong></span> 
     </span>
    </p>
   </div>
   <div class='ocr_carea' id='block_1_88' title="bbox 2093 4391 3668 4464">
    <p class='ocr_par' dir='ltr' id='par_1_88' title="bbox 2093 4391 3668 4464">
     <span class='ocr_line' id='line_1_88' title="bbox 2093 4391 3668 4464; baseline 0.003 -18"><span class='ocrx_word' id='word_1_663' title='bbox 2093 4393 2362 4464; x_wconf 84' lang='lat' dir='ltr'><strong>gradiens,</strong></span> <span class='ocrx_word' id='word_1_664' title='bbox 2402 4406 2524 4448; x_wconf 90' lang='lat' dir='ltr'><strong>cum</strong></span> <span class='ocrx_word' id='word_1_665' title='bbox 2554 4392 2622 4448; x_wconf 90' lang='lat' dir='ltr'><strong>ad</strong></span> <span class='ocrx_word' id='word_1_666' title='bbox 2651 4391 2763 4448; x_wconf 88' lang='lat' dir='ltr'><strong>sola</strong></span> <span class='ocrx_word' id='word_1_667' title='bbox 2789 4406 2908 4461; x_wconf 85' lang='lat' dir='ltr'><strong>quae</strong></span> <span class='ocrx_word' id='word_1_668' title='bbox 2936 4391 3127 4448; x_wconf 90' lang='lat' dir='ltr'><strong>altiora</strong></span> <span class='ocrx_word' id='word_1_669' title='bbox 3180 4404 3307 4449; x_wconf 91' lang='lat' dir='ltr'><strong>sunt</strong></span> <span class='ocrx_word' id='word_1_670' title='bbox 3349 4396 3558 4459; x_wconf 91' lang='lat' dir='ltr'><strong>nititur,</strong></span> <span class='ocrx_word' id='word_1_671' title='bbox 3612 4397 3668 4451; x_wconf 91' lang='lat' dir='ltr'><strong>in</strong></span> 
     </span>
    </p>
   </div>
   <div class='ocr_carea' id='block_1_89' title="bbox 2096 4482 3672 4543">
    <p class='ocr_par' dir='ltr' id='par_1_89' title="bbox 2096 4482 3672 4543">
     <span class='ocr_line' id='line_1_89' title="bbox 2096 4482 3672 4543; baseline 0.004 -6"><span class='ocrx_word' id='word_1_672' title='bbox 2096 4482 2242 4537; x_wconf 90' lang='lat' dir='ltr'><strong>nullo</strong></span> <span class='ocrx_word' id='word_1_673' title='bbox 2270 4482 2643 4538; x_wconf 87' lang='lat' dir='ltr'><strong>delectationis</strong></span> <span class='ocrx_word' id='word_1_674' title='bbox 2673 4482 2870 4538; x_wconf 84' lang='lat' dir='ltr'><strong>intimae</strong></span> <span class='ocrx_word' id='word_1_675' title='bbox 2896 4484 3063 4540; x_wconf 88' lang='lat' dir='ltr'><strong>latere</strong></span> <span class='ocrx_word' id='word_1_676' title='bbox 3092 4486 3360 4542; x_wconf 81' lang='lat' dir='ltr'><strong>ﬂectatur.</strong></span> <span class='ocrx_word' id='word_1_677' title='bbox 3411 4486 3600 4541; x_wconf 72' lang='lat' dir='ltr'><strong>Facies</strong></span> <span class='ocrx_word' id='word_1_678' title='bbox 3622 4498 3672 4543; x_wconf 86' lang='lat' dir='ltr'><strong>et</strong></span> 
     </span>
    </p>
   </div>
   <div class='ocr_carea' id='block_1_90' title="bbox 2096 4576 3668 4652">
    <p class='ocr_par' dir='ltr' id='par_1_90' title="bbox 2096 4576 3668 4652">
     <span class='ocr_line' id='line_1_90' title="bbox 2096 4576 3668 4652; baseline 0.005 -24"><span class='ocrx_word' id='word_1_679' title='bbox 2096 4576 2311 4628; x_wconf 86' lang='lat' dir='ltr'><strong>uncinos</strong></span> <span class='ocrx_word' id='word_1_680' title='bbox 2333 4590 2398 4629; x_wconf 81' lang='lat' dir='ltr'><strong>ea:</strong></span> <span class='ocrx_word' id='word_1_681' title='bbox 2422 4591 2574 4640; x_wconf 90' lang='lat' dir='ltr'><strong>auro,</strong></span> <span class='ocrx_word' id='word_1_682' title='bbox 2601 4584 2649 4629; x_wconf 88' lang='lat' dir='ltr'><strong>et</strong></span> <span class='ocrx_word' id='word_1_683' title='bbox 2670 4576 2803 4630; x_wconf 84' lang='lat' dir='ltr'><strong>duas</strong></span> <span class='ocrx_word' id='word_1_684' title='bbox 2829 4579 3098 4634; x_wconf 74' lang='lat' dir='ltr'><strong>catenatas</strong></span> <span class='ocrx_word' id='word_1_685' title='bbox 3127 4595 3342 4635; x_wconf 75' lang='lat' dir='ltr'><strong>ex‘auro</strong></span> <span class='ocrx_word' id='word_1_686' title='bbox 3367 4582 3668 4652; x_wconf 86' lang='lat' dir='ltr'><strong>purissimo,</strong></span> 
     </span>
    </p>
   </div>
   <div class='ocr_carea' id='block_1_91' title="bbox 2095 4664 3671 4741">
    <p class='ocr_par' dir='ltr' id='par_1_91' title="bbox 2095 4664 3671 4741">
     <span class='ocr_line' id='line_1_91' title="bbox 2095 4664 3671 4741; baseline 0.008 -24"><span class='ocrx_word' id='word_1_687' title='bbox 2095 4664 2193 4718; x_wconf 84' lang='lat' dir='ltr'><strong>sibi</strong></span> <span class='ocrx_word' id='word_1_688' title='bbox 2218 4665 2435 4720; x_wconf 88' lang='lat' dir='ltr'><strong>invicem</strong></span> <span class='ocrx_word' id='word_1_689' title='bbox 2460 4667 2791 4734; x_wconf 61' lang='lat' dir='ltr'><strong>coherentes,</strong></span> <span class='ocrx_word' id='word_1_690' title='bbox 2815 4685 2944 4741; x_wconf 83' lang='lat' dir='ltr'><strong>quas</strong></span> <span class='ocrx_word' id='word_1_691' title='bbox 2970 4670 3163 4726; x_wconf 83' lang='lat' dir='ltr'><strong>inseres</strong></span> <span class='ocrx_word' id='word_1_692' title='bbox 3191 4674 3412 4727; x_wconf 85' lang='lat' dir='ltr'><strong>uncinis.</strong></span> <span class='ocrx_word' id='word_1_693' title='bbox 3431 4672 3671 4730; x_wconf 78' lang='lat' dir='ltr'><strong>chino‘s</strong></span> 
     </span>
    </p>
   </div>
   <div class='ocr_carea' id='block_1_92' title="bbox 420 4755 3674 4837">
    <p class='ocr_par' dir='ltr' id='par_1_92' title="bbox 420 4755 3674 4837">
     <span class='ocr_line' id='line_1_92' title="bbox 420 4755 3674 4837; baseline 0.006 -31"><span class='ocrx_word' id='word_1_694' title='bbox 420 4755 704 4820; x_wconf 77' lang='lat' dir='ltr'><strong>erunibus,</strong></span> <span class='ocrx_word' id='word_1_695' title='bbox 755 4756 1047 4811; x_wconf 85' lang='lat' dir='ltr'><strong>eminebat.</strong></span> <span class='ocrx_word' id='word_1_696' title='bbox 1096 4756 1260 4812; x_wconf 89' lang='lat' dir='ltr'><strong>Linea</strong></span> <span class='ocrx_word' id='word_1_697' title='bbox 1306 4764 1488 4812; x_wconf 90' lang='lat' dir='ltr'><strong>autem</strong></span> <span class='ocrx_word' id='word_1_698' title='bbox 1533 4758 1722 4814; x_wconf 90' lang='lat' dir='ltr'><strong>stricta</strong></span> <span class='ocrx_word' id='word_1_699' title='bbox 1769 4759 1987 4829; x_wconf 88' lang='lat' dir='ltr'><strong>dicitur,</strong></span> <span class='ocrx_word' id='word_1_700' title='bbox 2095 4771 2230 4826; x_wconf 90' lang='lat' dir='ltr'><strong>quos</strong></span> <span class='ocrx_word' id='word_1_701' title='bbox 2252 4758 2402 4825; x_wconf 90' lang='lat' dir='ltr'><strong>dicit,</strong></span> <span class='ocrx_word' id='word_1_702' title='bbox 2428 4760 2482 4813; x_wconf 87' lang='lat' dir='ltr'><strong>in</strong></span> <span class='ocrx_word' id='word_1_703' title='bbox 2517 4761 2780 4830; x_wconf 90' lang='lat' dir='ltr'><strong>supremis</strong></span> <span class='ocrx_word' id='word_1_704' title='bbox 2802 4772 2958 4818; x_wconf 88' lang='lat' dir='ltr'><strong>erant</strong></span> <span class='ocrx_word' id='word_1_705' title='bbox 2984 4764 3192 4836; x_wconf 81' lang='lat' dir='ltr'><strong>angulis</strong></span> <span class='ocrx_word' id='word_1_706' title='bbox 3215 4769 3674 4837; x_wconf 64' lang='lat' dir='ltr'><strong>superhumeralis</strong></span> 
     </span>
    </p>
   </div>
   <div class='ocr_carea' id='block_1_93' title="bbox 421 4845 3671 4930">
    <p class='ocr_par' dir='ltr' id='par_1_93' title="bbox 421 4845 3671 4930">
     <span class='ocr_line' id='line_1_93' title="bbox 421 4845 3671 4930; baseline 0.008 -31"><span class='ocrx_word' id='word_1_707' title='bbox 421 4846 677 4915; x_wconf 87' lang='lat' dir='ltr'><strong>quoniam</strong></span> <span class='ocrx_word' id='word_1_708' title='bbox 702 4850 1011 4904; x_wconf 57' lang='lat' dir='ltr'><strong>adhaerebat</strong></span> <span class='ocrx_word' id='word_1_709' title='bbox 1054 4850 1290 4920; x_wconf 88' lang='lat' dir='ltr'><strong>corpori,</strong></span> <span class='ocrx_word' id='word_1_710' title='bbox 1314 4858 1372 4905; x_wconf 89' lang='lat' dir='ltr'><strong>et</strong></span> <span class='ocrx_word' id='word_1_711' title='bbox 1407 4850 1481 4905; x_wconf 91' lang='lat' dir='ltr'><strong>ita</strong></span> <span class='ocrx_word' id='word_1_712' title='bbox 1512 4860 1660 4907; x_wconf 89' lang='lat' dir='ltr'><strong>arcta</strong></span> <span class='ocrx_word' id='word_1_713' title='bbox 1686 4862 1804 4907; x_wconf 88' lang='lat' dir='ltr'><strong>erat</strong></span> <span class='ocrx_word' id='word_1_714' title='bbox 1831 4856 1990 4909; x_wconf 89' lang='lat' dir='ltr'><strong>astri-</strong></span> <span class='ocrx_word' id='word_1_715' title='bbox 2095 4845 2246 4902; x_wconf 61' lang='lat' dir='ltr'><strong>fabre</strong></span> <span class='ocrx_word' id='word_1_716' title='bbox 2284 4847 2453 4904; x_wconf 54' lang='lat' dir='ltr'><strong>afﬁxi.</strong></span> <span class='ocrx_word' id='word_1_717' title='bbox 2516 4847 2786 4907; x_wconf 60' lang='grc' dir='ltr'><strong>(Σθῑθηυιεε</strong></span> <span class='ocrx_word' id='word_1_718' title='bbox 2816 4861 2994 4907; x_wconf 55' lang='lat' dir='ltr'><strong>autem</strong></span> <span class='ocrx_word' id='word_1_719' title='bbox 3040 4870 3173 4923; x_wconf 63' lang='lat' dir='ltr'><strong>quas</strong></span> <span class='ocrx_word' id='word_1_720' title='bbox 3228 4858 3519 4930; x_wconf 63' lang='grc' dir='ltr'><strong>ευῧὲυιιείῐο</strong></span> <span class='ocrx_word' id='word_1_721' title='bbox 3562 4875 3671 4913; x_wconf 74' lang='lat' dir='ltr'><strong>non</strong></span> 
     </span>
    </p>
   </div>
   <div class='ocr_carea' id='block_1_94' title="bbox 422 4936 3676 5016">
    <p class='ocr_par' dir='ltr' id='par_1_94' title="bbox 422 4936 3676 5016">
     <span class='ocr_line' id='line_1_94' title="bbox 422 4936 3676 5016; baseline 0.005 -25"><span class='ocrx_word' id='word_1_722' title='bbox 422 4936 527 4991; x_wconf 85' lang='lat' dir='ltr'><strong>ctis</strong></span> <span class='ocrx_word' id='word_1_723' title='bbox 560 4938 803 5003; x_wconf 77' lang='lat' dir='ltr'><strong>manicis,</strong></span> <span class='ocrx_word' id='word_1_724' title='bbox 852 4946 914 4993; x_wconf 92' lang='lat' dir='ltr'><strong>ut</strong></span> <span class='ocrx_word' id='word_1_725' title='bbox 939 4939 1079 4994; x_wconf 90' lang='lat' dir='ltr'><strong>nulla</strong></span> <span class='ocrx_word' id='word_1_726' title='bbox 1109 4939 1159 4994; x_wconf 87' lang='lat' dir='ltr'><strong>ei</strong></span> <span class='ocrx_word' id='word_1_727' title='bbox 1187 4940 1408 4995; x_wconf 91' lang='lat' dir='ltr'><strong>omnino</strong></span> <span class='ocrx_word' id='word_1_728' title='bbox 1437 4956 1567 5013; x_wconf 86' lang='lat' dir='ltr'><strong>ruga</strong></span> <span class='ocrx_word' id='word_1_729' title='bbox 1616 4942 1837 4998; x_wconf 89' lang='lat' dir='ltr'><strong>inesset.</strong></span> <span class='ocrx_word' id='word_1_730' title='bbox 1888 4944 1993 4999; x_wconf 91' lang='lat' dir='ltr'><strong>De-</strong></span> <span class='ocrx_word' id='word_1_731' title='bbox 2090 4940 2146 4995; x_wconf 89' lang='lat' dir='ltr'><strong>in</strong></span> <span class='ocrx_word' id='word_1_732' title='bbox 2169 4941 2288 5011; x_wconf 91' lang='lat' dir='ltr'><strong>ipso</strong></span> <span class='ocrx_word' id='word_1_733' title='bbox 2313 4942 2762 5012; x_wconf 86' lang='lat' dir='ltr'><strong>superhumerali,</strong></span> <span class='ocrx_word' id='word_1_734' title='bbox 2807 4945 2903 4999; x_wconf 89' lang='lat' dir='ltr'><strong>sed</strong></span> <span class='ocrx_word' id='word_1_735' title='bbox 2936 4947 3113 5016; x_wconf 89' lang='lat' dir='ltr'><strong>potius</strong></span> <span class='ocrx_word' id='word_1_736' title='bbox 3158 4949 3211 5003; x_wconf 86' lang='lat' dir='ltr'><strong>in</strong></span> <span class='ocrx_word' id='word_1_737' title='bbox 3261 4950 3527 5014; x_wconf 89' lang='lat' dir='ltr'><strong>rationali,</strong></span> <span class='ocrx_word' id='word_1_738' title='bbox 3568 4952 3676 5007; x_wconf 88' lang='lat' dir='ltr'><strong>hoc</strong></span> 
     </span>
    </p>
   </div>
   <div class='ocr_carea' id='block_1_95' title="bbox 424 5027 3673 5109">
    <p class='ocr_par' dir='ltr' id='par_1_95' title="bbox 424 5027 3673 5109">
     <span class='ocr_line' id='line_1_95' title="bbox 424 5027 3673 5109; baseline 0.005 -28"><span class='ocrx_word' id='word_1_739' title='bbox 424 5027 718 5082; x_wconf 84' lang='lat' dir='ltr'><strong>scendebat</strong></span> <span class='ocrx_word' id='word_1_740' title='bbox 753 5036 937 5084; x_wconf 88' lang='lat' dir='ltr'><strong>autem</strong></span> <span class='ocrx_word' id='word_1_741' title='bbox 979 5044 1151 5099; x_wconf 89' lang='lat' dir='ltr'><strong>usque</strong></span> <span class='ocrx_word' id='word_1_742' title='bbox 1180 5028 1248 5084; x_wconf 88' lang='lat' dir='ltr'><strong>ad</strong></span> <span class='ocrx_word' id='word_1_743' title='bbox 1289 5045 1446 5085; x_wconf 91' lang='lat' dir='ltr'><strong>crura</strong></span> <span class='ocrx_word' id='word_1_744' title='bbox 1474 5047 1489 5084; x_wconf 89' lang='lat'><strong>:</strong></span> <span class='ocrx_word' id='word_1_745' title='bbox 1516 5030 1658 5086; x_wconf 89' lang='lat' dir='ltr'><strong>unde</strong></span> <span class='ocrx_word' id='word_1_746' title='bbox 1703 5039 1760 5086; x_wconf 90' lang='lat' dir='ltr'><strong>et</strong></span> <span class='ocrx_word' id='word_1_747' title='bbox 1805 5030 1994 5090; x_wconf 74' lang='lat' dir='ltr'><strong>Gmce</strong></span> <span class='ocrx_word' id='word_1_748' title='bbox 2091 5043 2176 5089; x_wconf 87' lang='lat' dir='ltr'><strong>est</strong></span> <span class='ocrx_word' id='word_1_749' title='bbox 2200 5034 2253 5088; x_wconf 91' lang='lat' dir='ltr'><strong>in</strong></span> <span class='ocrx_word' id='word_1_750' title='bbox 2281 5032 2649 5104; x_wconf 89' lang='lat' dir='ltr'><strong>superioribus</strong></span> <span class='ocrx_word' id='word_1_751' title='bbox 2686 5032 2803 5102; x_wconf 82' lang='lat' dir='ltr'><strong>ejus</strong></span> <span class='ocrx_word' id='word_1_752' title='bbox 2836 5036 3066 5107; x_wconf 88' lang='lat' dir='ltr'><strong>angulis,</strong></span> <span class='ocrx_word' id='word_1_753' title='bbox 3095 5053 3193 5109; x_wconf 89' lang='lat' dir='ltr'><strong>per</strong></span> <span class='ocrx_word' id='word_1_754' title='bbox 3215 5040 3441 5095; x_wconf 88' lang='lat' dir='ltr'><strong>annulos</strong></span> <span class='ocrx_word' id='word_1_755' title='bbox 3476 5055 3673 5095; x_wconf 89' lang='lat' dir='ltr'><strong>aureos</strong></span> 
     </span>
    </p>
   </div>
   <div class='ocr_carea' id='block_1_96' title="bbox 422 5113 3669 5201">
    <p class='ocr_par' dir='ltr' id='par_1_96' title="bbox 422 5113 3669 5201">
     <span class='ocr_line' id='line_1_96' title="bbox 422 5113 3669 5201; baseline 0.006 -33"><span class='ocrx_word' id='word_1_756' title='bbox 422 5113 663 5186; x_wconf 86' lang='lat' dir='ltr'><strong>poderis,</strong></span> <span class='ocrx_word' id='word_1_757' title='bbox 686 5116 738 5172; x_wconf 92' lang='lat' dir='ltr'><strong>id</strong></span> <span class='ocrx_word' id='word_1_758' title='bbox 765 5124 872 5183; x_wconf 84' lang='lat' dir='ltr'><strong>est,</strong></span> <span class='ocrx_word' id='word_1_759' title='bbox 899 5117 1086 5173; x_wconf 89' lang='lat' dir='ltr'><strong>talaris</strong></span> <span class='ocrx_word' id='word_1_760' title='bbox 1114 5118 1426 5185; x_wconf 73' lang='lat' dir='ltr'><strong>vocabatur.</strong></span> <span class='ocrx_word' id='word_1_761' title='bbox 2092 5124 2343 5179; x_wconf 87' lang='lat' dir='ltr'><strong>videntur</strong></span> <span class='ocrx_word' id='word_1_762' title='bbox 2366 5122 2531 5178; x_wconf 86' lang='lat' dir='ltr'><strong>fuisse</strong></span> <span class='ocrx_word' id='word_1_763' title='bbox 2552 5138 2806 5187; x_wconf 69' lang='lat' dir='ltr'><strong>annexaa;</strong></span> <span class='ocrx_word' id='word_1_764' title='bbox 2834 5134 2892 5180; x_wconf 92' lang='lat' dir='ltr'><strong>ut</strong></span> <span class='ocrx_word' id='word_1_765' title='bbox 2920 5141 3041 5182; x_wconf 90' lang='lat' dir='ltr'><strong>cum</strong></span> <span class='ocrx_word' id='word_1_766' title='bbox 3068 5129 3381 5184; x_wconf 89' lang='lat' dir='ltr'><strong>indueretur</strong></span> <span class='ocrx_word' id='word_1_767' title='bbox 3405 5131 3669 5201; x_wconf 84' lang='lat' dir='ltr'><strong>pontifex,</strong></span> 
     </span>
    </p>
   </div>
   <div class='ocr_carea' id='block_1_97' title="bbox 501 5208 2000 5286">
    <p class='ocr_par' dir='ltr' id='par_1_97' title="bbox 501 5208 2000 5286">
     <span class='ocr_line' id='line_1_97' title="bbox 501 5208 2000 5286; baseline 0.007 -21"><span class='ocrx_word' id='word_1_768' title='bbox 501 5208 595 5265; x_wconf 78' lang='lat' dir='ltr'><strong>llis</strong></span> <span class='ocrx_word' id='word_1_769' title='bbox 606 5219 731 5266; x_wconf 87' lang='lat' dir='ltr'><strong>octo</strong></span> <span class='ocrx_word' id='word_1_770' title='bbox 744 5212 1030 5283; x_wconf 87' lang='lat' dir='ltr'><strong>generibus</strong></span> <span class='ocrx_word' id='word_1_771' title='bbox 1048 5213 1278 5269; x_wconf 88' lang='lat' dir='ltr'><strong>vestium</strong></span> <span class='ocrx_word' id='word_1_772' title='bbox 1302 5213 1541 5286; x_wconf 78' lang='lat' dir='ltr'><strong>pontifex</strong></span> <span class='ocrx_word' id='word_1_773' title='bbox 1567 5222 1806 5286; x_wconf 89' lang='lat' dir='ltr'><strong>tempore</strong></span> <span class='ocrx_word' id='word_1_774' title='bbox 1837 5219 2000 5275; x_wconf 88' lang='lat' dir='ltr'><strong>sacri-</strong></span> 
     </span>
    </p>
   </div>
   <div class='ocr_carea' id='block_1_98' title="bbox 426 5298 3671 5380">
    <p class='ocr_par' dir='ltr' id='par_1_98' title="bbox 426 5298 3671 5380">
     <span class='ocr_line' id='line_1_98' title="bbox 426 5298 3671 5380; baseline 0.003 -26"><span class='ocrx_word' id='word_1_775' title='bbox 426 5298 539 5357; x_wconf 74' lang='lat' dir='ltr'><strong>ﬁcii</strong></span> <span class='ocrx_word' id='word_1_776' title='bbox 564 5299 773 5356; x_wconf 85' lang='lat' dir='ltr'><strong>solebat</strong></span> <span class='ocrx_word' id='word_1_777' title='bbox 798 5300 966 5366; x_wconf 89' lang='lat' dir='ltr'><strong>indui,</strong></span> <span class='ocrx_word' id='word_1_778' title='bbox 993 5314 1027 5355; x_wconf 86' lang='lat' dir='ltr'><strong>e</strong></span> <span class='ocrx_word' id='word_1_779' title='bbox 1047 5302 1425 5372; x_wconf 75' lang='lat' dir='ltr'><strong>quibuserant</strong></span> <span class='ocrx_word' id='word_1_780' title='bbox 1451 5312 1683 5374; x_wconf 90' lang='lat' dir='ltr'><strong>quatuor</strong></span> <span class='ocrx_word' id='word_1_781' title='bbox 1700 5314 1757 5362; x_wconf 89' lang='lat' dir='ltr'><strong>et</strong></span> <span class='ocrx_word' id='word_1_782' title='bbox 1774 5306 2000 5365; x_wconf 88' lang='lat' dir='ltr'><strong>minoris</strong></span> <span class='ocrx_word' id='word_1_783' title='bbox 2095 5304 2307 5360; x_wconf 87' lang='lat' dir='ltr'><strong>uncinis</strong></span> <span class='ocrx_word' id='word_1_784' title='bbox 2318 5305 2770 5375; x_wconf 88' lang='lat' dir='ltr'><strong>superbumeralis</strong></span> <span class='ocrx_word' id='word_1_785' title='bbox 2789 5308 3025 5373; x_wconf 87' lang='lat' dir='ltr'><strong>annecti,</strong></span> <span class='ocrx_word' id='word_1_786' title='bbox 3041 5316 3308 5378; x_wconf 90' lang='lat' dir='ltr'><strong>quatenus</strong></span> <span class='ocrx_word' id='word_1_787' title='bbox 3324 5321 3549 5380; x_wconf 84' lang='lat' dir='ltr'><strong>utraque</strong></span> <span class='ocrx_word' id='word_1_788' title='bbox 3566 5311 3671 5365; x_wconf 85' lang='lat' dir='ltr'><strong>sibi</strong></span> 
     </span>
    </p>
   </div>
   <div class='ocr_carea' id='block_1_99' title="bbox 427 5390 3673 5468">
    <p class='ocr_par' dir='ltr' id='par_1_99' title="bbox 427 5390 3673 5468">
     <span class='ocr_line' id='line_1_99' title="bbox 427 5390 3673 5468; baseline 0.002 -22"><span class='ocrx_word' id='word_1_789' title='bbox 427 5390 1018 5448; x_wconf 81' lang='lat' dir='ltr'><strong>ordinissacerdotibus</strong></span> <span class='ocrx_word' id='word_1_790' title='bbox 1039 5392 1612 5450; x_wconf 82' lang='lat' dir='ltr'><strong>concessazteminalia</strong></span> <span class='ocrx_word' id='word_1_791' title='bbox 1631 5395 1902 5467; x_wconf 87' lang='lat' dir='ltr'><strong>videlicet,</strong></span> <span class='ocrx_word' id='word_1_792' title='bbox 1929 5399 1998 5454; x_wconf 87' lang='lat' dir='ltr'><strong>li-</strong></span> <span class='ocrx_word' id='word_1_793' title='bbox 2097 5401 2284 5450; x_wconf 89' lang='lat' dir='ltr'><strong>mutuo</strong></span> <span class='ocrx_word' id='word_1_794' title='bbox 2317 5394 2472 5448; x_wconf 81' lang='lat' dir='ltr'><strong>ﬁrma</strong></span> <span class='ocrx_word' id='word_1_795' title='bbox 2524 5394 2789 5467; x_wconf 84' lang='lat' dir='ltr'><strong>positione</strong></span> <span class='ocrx_word' id='word_1_796' title='bbox 2809 5395 3179 5462; x_wconf 62' lang='lat' dir='ltr'><strong>cohaererent;</strong></span> <span class='ocrx_word' id='word_1_797' title='bbox 3232 5398 3488 5468; x_wconf 83' lang='lat' dir='ltr'><strong>scriptum</strong></span> <span class='ocrx_word' id='word_1_798' title='bbox 3515 5414 3673 5452; x_wconf 82' lang='lat' dir='ltr'><strong>nam-</strong></span> 
     </span>
    </p>
   </div>
   <div class='ocr_carea' id='block_1_100' title="bbox 431 5481 3676 5555">
    <p class='ocr_par' dir='ltr' id='par_1_100' title="bbox 431 5481 3676 5555">
     <span class='ocr_line' id='line_1_100' title="bbox 431 5481 3676 5555; baseline 0.002 -17"><span class='ocrx_word' id='word_1_799' title='bbox 431 5498 535 5539; x_wconf 85' lang='lat' dir='ltr'><strong>uea</strong></span> <span class='ocrx_word' id='word_1_800' title='bbox 566 5484 771 5549; x_wconf 87' lang='lat' dir='ltr'><strong>tunica,</strong></span> <span class='ocrx_word' id='word_1_801' title='bbox 799 5489 854 5539; x_wconf 88' lang='lat' dir='ltr'><strong>et</strong></span> <span class='ocrx_word' id='word_1_802' title='bbox 877 5481 1123 5538; x_wconf 85' lang='lat' dir='ltr'><strong>baltheus</strong></span> <span class='ocrx_word' id='word_1_803' title='bbox 1149 5491 1204 5537; x_wconf 90' lang='lat' dir='ltr'><strong>et</strong></span> <span class='ocrx_word' id='word_1_804' title='bbox 1228 5483 1446 5539; x_wconf 86' lang='lat' dir='ltr'><strong>cidarls.</strong></span> <span class='ocrx_word' id='word_1_805' title='bbox 1496 5485 1718 5542; x_wconf 89' lang='lat' dir='ltr'><strong>Dicebat</strong></span> <span class='ocrx_word' id='word_1_806' title='bbox 1752 5489 1894 5543; x_wconf 91' lang='lat' dir='ltr'><strong>enim</strong></span> <span class='ocrx_word' id='word_1_807' title='bbox 1940 5500 2002 5545; x_wconf 88' lang='lat' dir='ltr'><strong>ut</strong></span> <span class='ocrx_word' id='word_1_808' title='bbox 2100 5498 2203 5554; x_wconf 85' lang='lat' dir='ltr'><strong>que</strong></span> <span class='ocrx_word' id='word_1_809' title='bbox 2229 5484 2469 5555; x_wconf 82' lang='lat' dir='ltr'><strong>apertius</strong></span> <span class='ocrx_word' id='word_1_810' title='bbox 2491 5493 2574 5539; x_wconf 72' lang='lat' dir='ltr'><strong>est</strong></span> <span class='ocrx_word' id='word_1_811' title='bbox 2599 5485 2652 5539; x_wconf 86' lang='lat' dir='ltr'><strong>in</strong></span> <span class='ocrx_word' id='word_1_812' title='bbox 2680 5485 3067 5554; x_wconf 69' lang='lat' dir='ltr'><strong>posterioribus</strong></span> <span class='ocrx_word' id='word_1_813' title='bbox 3096 5500 3109 5541; x_wconf 86' lang='lat'><strong>:</strong></span> <span class='ocrx_word' id='word_1_814' title='bbox 3138 5484 3396 5542; x_wconf 75' lang='lat' dir='ltr'><strong>Fecerunt</strong></span> <span class='ocrx_word' id='word_1_815' title='bbox 3428 5490 3483 5543; x_wconf 84' lang='lat' dir='ltr'><strong>in</strong></span> <span class='ocrx_word' id='word_1_816' title='bbox 3510 5493 3676 5543; x_wconf 73' lang='lat' dir='ltr'><strong>natio-</strong></span> 
     </span>
    </p>
   </div>
   <div class='ocr_carea' id='block_1_101' title="bbox 434 5572 3675 5646">
    <p class='ocr_par' dir='ltr' id='par_1_101' title="bbox 434 5572 3675 5646">
     <span class='ocr_line' id='line_1_101' title="bbox 434 5572 3675 5646; baseline 0.004 -21"><span class='ocrx_word' id='word_1_817' title='bbox 434 5588 542 5638; x_wconf 83' lang='lat' dir='ltr'><strong>quo</strong></span> <span class='ocrx_word' id='word_1_818' title='bbox 566 5573 766 5643; x_wconf 84' lang='lat' dir='ltr'><strong>majore</strong></span> <span class='ocrx_word' id='word_1_819' title='bbox 785 5572 908 5643; x_wconf 84' lang='lat' dir='ltr'><strong>quis</strong></span> <span class='ocrx_word' id='word_1_820' title='bbox 942 5573 1110 5644; x_wconf 82' lang='lat' dir='ltr'><strong>gradu</strong></span> <span class='ocrx_word' id='word_1_821' title='bbox 1152 5581 1296 5628; x_wconf 86' lang='lat' dir='ltr'><strong>esset</strong></span> <span class='ocrx_word' id='word_1_822' title='bbox 1323 5573 1569 5646; x_wconf 88' lang='lat' dir='ltr'><strong>insignis,</strong></span> <span class='ocrx_word' id='word_1_823' title='bbox 1592 5589 1658 5631; x_wconf 88' lang='lat' dir='ltr'><strong>eo</strong></span> <span class='ocrx_word' id='word_1_824' title='bbox 1685 5576 1928 5646; x_wconf 86' lang='lat' dir='ltr'><strong>pluribus</strong></span> <span class='ocrx_word' id='word_1_825' title='bbox 1949 5588 2005 5634; x_wconf 87' lang='lat' dir='ltr'><strong>et</strong></span> <span class='ocrx_word' id='word_1_826' title='bbox 2103 5573 2212 5629; x_wconf 88' lang='lat' dir='ltr'><strong>nali</strong></span> <span class='ocrx_word' id='word_1_827' title='bbox 2240 5585 2287 5628; x_wconf 89' lang='lat' dir='ltr'><strong>et</strong></span> <span class='ocrx_word' id='word_1_828' title='bbox 2312 5573 2579 5629; x_wconf 80' lang='lat' dir='ltr'><strong>catenulas</strong></span> <span class='ocrx_word' id='word_1_829' title='bbox 2602 5573 2701 5628; x_wconf 88' lang='lat' dir='ltr'><strong>sibi</strong></span> <span class='ocrx_word' id='word_1_830' title='bbox 2726 5575 3301 5643; x_wconf 67' lang='lat' dir='ltr'><strong>invicemcoha’rentcs,</strong></span> <span class='ocrx_word' id='word_1_831' title='bbox 3330 5582 3393 5635; x_wconf 86' lang='lat' dir='ltr'><strong>de</strong></span> <span class='ocrx_word' id='word_1_832' title='bbox 3422 5597 3554 5634; x_wconf 83' lang='lat' dir='ltr'><strong>auro</strong></span> <span class='ocrx_word' id='word_1_833' title='bbox 3580 5596 3675 5643; x_wconf 73' lang='lat' dir='ltr'><strong>ru-</strong></span> 
     </span>
    </p>
   </div>
   <div class='ocr_carea' id='block_1_102' title="bbox 434 5662 3669 5739">
    <p class='ocr_par' dir='ltr' id='par_1_102' title="bbox 434 5662 3669 5739">
     <span class='ocr_line' id='line_1_102' title="bbox 434 5662 3669 5739; baseline 0.003 -24"><span class='ocrx_word' id='word_1_834' title='bbox 434 5663 544 5726; x_wconf 86' lang='lat' dir='ltr'><strong>iam</strong></span> <span class='ocrx_word' id='word_1_835' title='bbox 575 5665 827 5722; x_wconf 87' lang='lat' dir='ltr'><strong>virtutum</strong></span> <span class='ocrx_word' id='word_1_836' title='bbox 857 5664 1065 5720; x_wconf 85' lang='lat' dir='ltr'><strong>actibus</strong></span> <span class='ocrx_word' id='word_1_837' title='bbox 1111 5662 1457 5721; x_wconf 86' lang='lat' dir='ltr'><strong>admirandus</strong></span> <span class='ocrx_word' id='word_1_838' title='bbox 1501 5664 1751 5739; x_wconf 80' lang='lat' dir='ltr'><strong>fulgeret.</strong></span> <span class='ocrx_word' id='word_1_839' title='bbox 1800 5667 2002 5724; x_wconf 81' lang='lat' dir='ltr'><strong>Cuncta</strong></span> <span class='ocrx_word' id='word_1_840' title='bbox 2104 5667 2329 5733; x_wconf 83' lang='lat' dir='ltr'><strong>rissimo,</strong></span> <span class='ocrx_word' id='word_1_841' title='bbox 2363 5674 2410 5719; x_wconf 83' lang='lat' dir='ltr'><strong>et</strong></span> <span class='ocrx_word' id='word_1_842' title='bbox 2437 5662 2567 5719; x_wconf 85' lang='lat' dir='ltr'><strong>duos</strong></span> <span class='ocrx_word' id='word_1_843' title='bbox 2591 5663 2823 5728; x_wconf 81' lang='lat' dir='ltr'><strong>uncinos,</strong></span> <span class='ocrx_word' id='word_1_844' title='bbox 2858 5666 3169 5738; x_wconf 79' lang='lat' dir='ltr'><strong>totidemque</strong></span> <span class='ocrx_word' id='word_1_845' title='bbox 3209 5668 3431 5724; x_wconf 75' lang='lat' dir='ltr'><strong>armatos</strong></span> <span class='ocrx_word' id='word_1_846' title='bbox 3461 5681 3669 5724; x_wconf 79' lang='lat' dir='ltr'><strong>aureos.</strong></span> 
     </span>
    </p>
   </div>
   <div class='ocr_carea' id='block_1_103' title="bbox 2096 5197 3779 5291">
    <p class='ocr_par' dir='ltr' id='par_1_103' title="bbox 2096 5197 3779 5291">
     <span class='ocr_line' id='line_1_103' title="bbox 2096 5197 3779 5291; baseline 0.003 -20"><span class='ocrx_word' id='word_1_847' title='bbox 2096 5214 2359 5271; x_wconf 77' lang='lat' dir='ltr'><strong>catenula:</strong></span> <span class='ocrx_word' id='word_1_848' title='bbox 2381 5229 2502 5285; x_wconf 71' lang='lat' dir='ltr'><strong>qua:</strong></span> <span class='ocrx_word' id='word_1_849' title='bbox 2528 5214 2593 5270; x_wconf 88' lang='lat' dir='ltr'><strong>de</strong></span> <span class='ocrx_word' id='word_1_850' title='bbox 2615 5215 2867 5272; x_wconf 88' lang='lat' dir='ltr'><strong>rationali</strong></span> <span class='ocrx_word' id='word_1_851' title='bbox 2913 5218 3239 5287; x_wconf 88' lang='lat' dir='ltr'><strong>pendebant,</strong></span> <span class='ocrx_word' id='word_1_852' title='bbox 3294 5197 3510 5291; x_wconf 79' lang='lat' dir='ltr'><strong>possent</strong></span> <span class='ocrx_word' id='word_1_853' title='bbox 3546 5235 3673 5275; x_wconf 88' lang='lat' dir='ltr'><strong>eum</strong></span> <span class='ocrx_word' id='word_1_854' title='bbox 3770 5197 3779 5209; x_wconf 32' lang='lat'><strong><em>\</em></strong></span> 
     </span>
    </p>
   </div>
  </div>
