3954 6176
295 307 404 363 195

1255 301 1749 359 (ΣΟΜΜΕΝΤΑΠΙΑ
1791 303 1855 357 IN
1898 301 2204 358 EXODLTM.
2257 335 2311 344 —
2348 302 2477 360 LIB.
2514 305 2604 362 IV.

3431 320 3531 378 ΚΝ

295 414 710 474 Porroannulos
730 424 1023 485 posuerunt
1054 415 1108 470 in
1122 423 1350 484 utroque
1375 415 1543 470 latere
1571 415 1871 481 rationalis,
1898 423 1951 484 Α
1975 415 2116 504 ferre
2145 416 2324 482 debet,
2354 420 2746 474 ostenduntur?
2795 421 2862 476 Et
2885 431 3006 492 apte
3054 427 3228 494 primo
3255 430 3322 486 de
3346 447 3539 504 super-

291 526 324 565 e
343 510 543 579 quibus
560 506 856 577 penderent
867 507 986 561 duze
1000 515 1226 569 catenae,
1240 521 1376 575 quos
1399 506 1742 560 inseruerunt
1769 523 1870 560 un-

290 599 454 662 cinis,
486 598 580 668 qui
607 597 660 650 in
685 595 1140 664 superbumeralis
1173 595 1381 664 angulis
1417 595 1742 649 eminebant.
1795 596 1873 650 De

290 706 525 763 quorum
556 689 725 760 ﬁgura
757 688 949 743 melius
982 688 1036 741 in
1066 686 1341 742 rationalis
1387 687 1720 758 expositione
1762 694 1874 740 tra-

290 781 552 839 stabitur.

902 870 1130 927 CAPUT
1167 870 1256 926 ιγ.

771 961 847 1017 De
867 961 1075 1032 factura
1099 961 1392 1016 rationalis.

361 1052 638 1107 Rationale
694 1068 894 1123 quoque
949 1051 1142 1121 iudicii
1199 1051 1358 1120 facies
1399 1067 1550 1120 apere
1601 1049 1868 1120 polymita,

290 1145 720 1210 iuxtatexturam
744 1142 1202 1213 superhumeralis,
1235 1158 1299 1196 ea:
1318 1159 1451 1196 auro
1483 1143 1786 1212 hyacintho,
1820 1151 1870 1195 et

288 1253 550 1306 purpura,
575 1251 826 1304 coccoque
859 1234 935 1288 bis
961 1236 1140 1298 tincta,
1172 1243 1220 1287 et
1263 1234 1415 1304 bysso
1465 1245 1680 1288 retorta.
1724 1233 1871 1299 Qua-

290 1325 610 1396 drangulunt
639 1326 737 1378 erit
767 1333 815 1378 et
848 1323 1058 1394 duplex.
1111 1322 1415 1378 Hensuram
1439 1324 1599 1394 palmi
1642 1325 1868 1389 habebit,

288 1426 401 1469 tam
426 1417 480 1469 in
507 1414 1023 1486 longitudine,quant
1050 1415 1104 1468 in
1138 1414 1416 1468 latitudine
1443 1413 1866 1485 (Exad.xxvm).

287 1504 471 1574 Opere
498 1504 776 1576 polymito,
803 1519 968 1573 opere
994 1503 1287 1558 multifario
1309 1504 1526 1558 dicitur.
1583 1502 1733 1558 Sicut
1773 1518 1870 1556 au-

289 1606 404 1653 tem
445 1598 500 1651 in
535 1597 960 1665 superbumerali
987 1610 1211 1666 operum
1237 1597 1514 1666 perfectio,
1563 1597 1638 1650 ita
1689 1597 1743 1651 in
1782 1612 1872 1650 ra-

285 1687 481 1744 tionali
505 1685 711 1756 judicii,
739 1701 845 1756 quo
866 1695 1053 1756 pectus
1082 1686 1376 1740 sacerdotis
1407 1685 1687 1755 tegebatur
1711 1685 1868 1739 simul

1975 503 2237 558 humerali
2278 504 2528 561 faciendo
2547 508 2874 578 praecipitur,
2919 513 3042 580 quia
3073 516 3316 586 quisquis
3353 503 3426 576 ad
3453 539 3542 577 sa-

1973 595 2267 649 cerdotium
2298 597 2771 668 magisteriumque
2799 602 2979 669 populi
3024 603 3118 658 Dei
3151 605 3543 673 promovendus

1970 692 2074 746 est,
2099 684 2331 752 primum
2364 684 2480 752 ejus
2509 687 2704 741 debent
2730 703 2891 756 opera
2905 693 3174 760 cognosci,
3202 702 3261 747 ut
3287 696 3412 750 dum
3441 699 3544 755 hoc

1971 775 2113 840 quod
2141 771 2275 827 foris
2304 775 2554 830 omnibus
2577 786 2747 845 patet,
2777 778 3254 848 irreprebensibile
3281 791 3542 856 paruerit,

1972 861 2356 916 convenienter
2389 879 2456 917 ex
2497 873 2757 934 tempore,
2789 875 2844 921 et
2899 868 3176 937 integritas
3203 875 3378 929 cordis
3406 876 3540 944 ejus,

1970 958 2026 1005 et
2052 949 2176 1004 ﬁdei
2199 952 2482 1010 sinceritas
2508 966 2797 1012 scrutetur.
2850 959 2936 1013 Fit
2971 970 3147 1016 autem
3193 964 3331 1020 idem
3357 982 3545 1036 super-

1971 1042 2249 1100 humerale
2294 1047 2359 1101 de
2400 1063 2532 1102 auro
2559 1060 2612 1103 et
2643 1051 2950 1122 hyacintho,
3007 1070 3071 1110 ac
3096 1072 3331 1127 purpura
3357 1076 3544 1116 cocco-

1969 1148 2076 1202 que
2102 1135 2186 1190 bis
2215 1136 2405 1202 tincto,
2430 1148 2482 1192 et
2510 1140 2668 1210 bysso
2691 1151 2910 1197 retorta.
2941 1145 3015 1198 De
3041 1162 3174 1201 auro
3197 1150 3458 1216 videlicet,
3483 1162 3544 1208 ut

1972 1234 2097 1280 ante
2126 1229 2304 1301 omnia
2335 1231 2387 1284 in
2418 1232 2599 1286 habitu
2629 1237 2942 1302 sacerdotis,
2995 1238 3298 1296 intellectus
3325 1245 3540 1313 sapien-

1971 1316 2060 1370 tia:
2117 1318 2486 1388 principaliter
2519 1324 2732 1378 emicet.
2801 1325 2935 1382 Hinc
2985 1338 3164 1384 autem
3220 1332 3543 1403 hyacinthus

1969 1407 2061 1474 qui
2089 1423 2249 1463 aereo
2273 1410 2452 1466 colore
2488 1413 2788 1482 resplendet
2816 1417 3143 1488 adiungitur,
3175 1430 3234 1475 ut
3267 1438 3362 1492 per
3382 1440 3543 1481 omne

1970 1495 2112 1560 quod
2154 1496 2494 1569 intelligendo
2527 1511 2792 1569 penetrat,
2822 1520 2927 1559 non
2959 1509 3026 1562 ad
3063 1508 3274 1565 favores
3309 1513 3540 1578 infimos,

1971 1585 2065 1638 sed
2094 1585 2162 1639 ad
2206 1602 2445 1644 amorem
2471 1592 2768 1647 caelestium
2816 1607 3018 1667 surgat,
3061 1615 3128 1654 ne
3161 1601 3286 1656 dum
3317 1605 3430 1659 suis
3454 1606 3541 1660 in-

1971 1675 2181 1730 cautius
2208 1675 2452 1733 laudibus
2471 1681 2730 1748 pascitur,
2760 1684 2874 1752 ipso
2891 1687 3131 1742 veritatis
3155 1689 3545 1748 intellectu‘va-

283 1788 344 1834 et
366 1778 683 1841 ornabatur,
696 1777 876 1831 cordis
904 1786 960 1830 et
982 1777 1369 1846 cogitationum
1399 1773 1516 1843 ejus
1539 1776 1760 1830 castitas
1773 1791 1867 1830 ex-

1970 1773 2176 1818 cuetur.
2228 1765 2373 1822 Auro
2399 1783 2610 1840 quoque
2657 1781 2712 1827 et
2736 1774 3024 1843 hyacintho
3053 1794 3290 1847 purpura
3339 1786 3539 1851 permi-

286 1868 564 1938 primitur.
617 1866 683 1920 Et
706 1867 844 1920 bene
867 1874 990 1935 post
1021 1865 1482 1933 superhumerale,
1508 1864 1770 1919 rationale
1794 1880 1874 1919 se-

286 1959 476 2027 quitur
516 1957 727 2027 judicii,
778 1964 839 2010 ut
866 1971 987 2010 cum
1035 1963 1160 2009 ante
1187 1955 1431 2010 homines
1464 1955 1587 2025 quis
1617 1956 1872 2010 innocens

288 2050 542 2103 manibus
554 2047 883 2118 apparuerit,
901 2045 1068 2100 multo
1089 2047 1260 2114 magis
1290 2047 1342 2101 in
1363 2057 1651 2116 conspectu
1675 2048 1870 2101 summi

282 2139 484 2208 judicis
499 2139 726 2192 mundus
753 2138 914 2192 corde
929 2137 1185 2191 assistere
1203 2137 1516 2200 contendat,
1537 2137 1682 2191 omni
1707 2152 1871 2206 agens

289 2230 578 2292 industria,
609 2240 669 2282 ut
693 2228 949 2297 quidqujd
997 2226 1130 2280 foris
1165 2241 1291 2297 erga
1332 2227 1604 2295 proximos
1632 2236 1753 2295 agat
1778 2233 1872 2280 aut

282 2320 513 2388 jndicet,
560 2327 730 2372 totum
753 2332 819 2371 ex
849 2316 1031 2386 regula
1065 2317 1290 2370 interna:
1318 2317 1540 2371 rationis
1564 2317 1867 2385 probatum,

288 2427 355 2464 ac
379 2426 480 2464 suo
515 2409 784 2464 conditori
839 2408 1092 2477 placitum
1146 2407 1363 2476 fulgeat.
1425 2408 1556 2461 item
1608 2407 1870 2463 rationale

283 2499 478 2570 judicii
508 2500 760 2553 sacerdos
781 2499 834 2551 in
859 2506 1073 2567 pectore
1101 2497 1242 2552 ferre
1271 2497 1600 2567 praecipitur,
1625 2499 1751 2567 quia
1779 2499 1872 2554 de-

287 2591 386 2646 bet
420 2599 603 2645 rector
657 2589 837 2643 subtili
867 2603 1082 2658 semper
1120 2590 1390 2654 examine,
1439 2591 1576 2644 bona
1623 2591 1870 2660 malaque

289 2683 619 2746 discernere,
675 2688 727 2735 et
763 2695 883 2748 quae
907 2681 990 2734 vel
1039 2680 1252 2750 quibus,
1283 2683 1498 2750 quando
1526 2681 1611 2734 vel
1641 2682 1872 2750 qualiter

287 2780 616 2842 congruant,
648 2770 887 2825 studiose
910 2771 1165 2840 cogitare.
1224 2770 1424 2839 Duplex
1455 2781 1636 2825 autem
1668 2771 1867 2828 factum

285 2873 376 2919 est
398 2862 681 2927 rationale,
709 2869 770 2916 ut
791 2861 1002 2917 facilius
1044 2863 1278 2931 lapidum
1309 2865 1522 2933 pondus
1556 2865 1867 2921 sustineret.

287 2954 400 3008 Sed
421 2957 538 3008 haec
568 2951 856 3022 duplicatio
882 2952 1176 3016 rationalis,
1206 2953 1258 3006 in
1297 2952 1484 3023 legalis
1529 2961 1748 3022 pectore
1783 2969 1870 3008 sa-

284 3041 546 3107 cerdotis,
572 3041 744 3111 typice
771 3055 870 3095 nos
898 3040 1168 3106 admonet,
1187 3047 1246 3094 ut
1272 3041 1534 3095 rationem
1555 3041 1723 3096 nostri
1742 3057 1870 3097 exa-

1973 1861 2173 1917 scetur,
2209 1863 2266 1908 ut
2291 1857 2540 1912 videlicet
2564 1863 2896 1918 sacerdotale
2927 1881 3020 1920 cor
3046 1882 3166 1922 cum
3195 1884 3404 1926 summa
3426 1888 3545 1942 qua:

1973 1942 2230 2009 praedicat
2259 1955 2458 2014 sperat,
2491 1947 2541 2000 in
2568 1951 2854 2020 semetipso
2879 1955 3042 2009 etiam
3073 1961 3441 2028 suggestioues
3471 1964 3547 2017 vi-

1975 2029 2170 2083 tiorum
2203 2033 2479 2101 reprimat,
2501 2036 2685 2104 eisque
2717 2052 2783 2091 ex
2811 2042 2953 2112 regia
2988 2053 3249 2110 potestate
3273 2051 3546 2104 contradi-

1972 2126 2096 2181 cat;
2121 2130 2386 2182 quatenus
2414 2125 2746 2180 nobilitatem
2775 2142 2988 2198 semper
3030 2132 3232 2189 intimze
3258 2150 3543 2206 regenera—

1973 2208 2134 2262 tionis
2181 2211 2406 2279 aspiciat
2434 2221 2490 2266 et
2511 2215 2748 2271 caelestis
2776 2219 2927 2288 regni
2968 2220 3070 2274 sibi
3100 2223 3345 2278 habitum
3383 2228 3544 2281 mori-

1971 2297 2073 2352 bus
2119 2299 2392 2366 defendat,
2449 2307 2693 2372 quamvis
2723 2319 2782 2362 ut
2825 2311 3073 2378 superius
3100 2314 3300 2368 dictum
3329 2290 3431 2381 esi,
3487 2318 3543 2372 in

1970 2403 2240 2458 purpureo
2271 2393 2472 2458 colore,
2522 2397 2695 2464 possit
2745 2399 2861 2468 ipsa
2916 2401 3106 2458 eﬂ‘usio
3145 2407 3420 2473 sanguinis
3447 2425 3547 2478 pro

1971 2479 2188 2537 Christo
2211 2483 2295 2538 vel
2323 2485 2656 2542 diversarum
2685 2489 2968 2545 tolerantia
2997 2507 3368 2560 pressurarum
3393 2498 3549 2554 intel-

1971 2570 2085 2640 ligi.
2138 2572 2256 2642 Ipsa
2282 2577 2534 2631 esrenim
2560 2593 2714 2646 crux,
2738 2597 2897 2650 quam
2926 2595 3210 2652 sequentes
3241 2589 3544 2657 Dominum,

1971 2664 2212 2730 quotidie
2250 2665 2391 2721 ferre
2419 2667 2690 2735 jubemur.
2742 2671 2893 2727 Unde
2947 2676 3140 2729 merito
3186 2677 3307 2732 talis
3337 2681 3547 2748 species

1972 2753 2116 2809 inter
2140 2754 2274 2810 alias
2303 2757 2357 2810 in
2390 2757 2616 2814 humero
2646 2762 2942 2817 sacerdotis
2983 2763 3229 2833 refulget,
3284 2777 3343 2821 ut
3373 2768 3546 2836 ipsum

1971 2846 2040 2899 ad
2073 2847 2390 2917 patiendum
2413 2852 2634 2905 adversa
2661 2866 2871 2920 semper
2899 2855 3087 2910 doceat
3109 2871 3228 2911 esse
3274 2869 3546 2928 paratum.

1970 2931 2120 2988 Auro
2147 2944 2326 2990 autem
2359 2937 2650 3008 hyacintho
2690 2955 2754 2995 ac
2777 2956 3049 3011 purpurae,
3078 2945 3162 3000 bis
3195 2947 3392 3004 tinctus
3427 2965 3554 3006 coc-

1972 3041 2069 3082 cus
2091 3024 2420 3099 adiungitur,
2446 3037 2508 3084 ut
2536 3038 2660 3085 ante
2686 3031 2884 3087 interni
2914 3033 3112 3102 judicis
3137 3037 3338 3104 oculos,
3367 3043 3548 3096 omnia

286 3135 473 3195 minis,
528 3142 583 3187 et
609 3131 890 3186 invisibilis
948 3133 1092 3187 intus
1126 3133 1328 3188 arbiter
1368 3134 1580 3202 probet,
1611 3143 1664 3188 et
1720 3149 1865 3188 nun-
1893 3119 1938 3181 (ἶ
1973 3116 2233 3172 Virtutum
2282 3119 2418 3173 bona
2457 3135 2523 3174 ex
2555 3121 2819 3176 οιιθνίιίηθ
2868 3124 3208 3192 decorentur.
3254 3136 3313 3182 ιιι
3357 3139 3548 3186 cuncta

284 3237 456 3289 quam
501 3220 733 3274 humana
778 3219 910 3274 foris
936 3219 1282 3284 existimatio,
1322 3220 1514 3274 merito
1538 3229 1862 3277 contemnet.

286 3312 448 3378 Quod
474 3320 650 3364 autem
684 3323 990 3364 mensuram
1012 3309 1176 3378 palmi
1204 3309 1434 3364 habebat
1458 3324 1554 3378 per
1577 3311 1864 3378 quadrum,

283 3407 544 3453 conatum
570 3397 954 3468 infatigabilem
991 3413 1053 3453 ac
1079 3408 1392 3469 perpetuum
1430 3400 1530 3468 pia:
1554 3400 1867 3458 intentionis

285 3491 548 3545 ostendit.
591 3489 691 3557 Qui
734 3489 876 3544 enim
926 3489 1105 3559 palmo
1135 3490 1336 3560 aliquid
1362 3491 1605 3557 metitur,
1654 3507 1866 3549 summo

285 3581 478 3651 utique
505 3583 786 3637 conamine
811 3582 1079 3652 dispansis
1109 3583 1291 3653 digitis
1337 3600 1556 3640 manum
1601 3587 1864 3652 extendit,

287 3684 356 3729 ut
382 3674 548 3743 possit
570 3688 876 3728 mensuram
902 3673 1220 3742 quiquaerit,
1236 3674 1392 3744 plene
1418 3685 1473 3731 et
1486 3677 1689 3746 absque
1715 3692 1868 3732 scru-

287 3763 423 3835 pulo
435 3753 946 3906 dubietatisgnere.
979 3762 1132 3818 Unde
1157 3765 1350 3820 merito
1375 3766 1627 3836 sicutper
1649 3782 1866 3821 manum

287 3854 558 3906 metatio.
592 3853 666 3906 ita
694 3869 728 3906 ι)
811 3852 1046 3906 nalmum
1075 3853 1395 3906 exnrimitur
1421 3855 1534 3906 insa
1561 3853 1866 3906 inﬂexibilis

285 3854 558 3926 operatio,
592 3853 666 3906 ita
694 3852 790 3922 p3?
811 3852 1046 3922 palmum
1075 3853 1395 3923 exprimitur
1421 3855 1534 3924 ipsa
1561 3853 1867 3912 inﬂexibilis

287 3943 568 4000 contentio
580 3942 732 3996 bona:
753 3942 1103 4012 operationis,
1117 3941 1246 3996 dum
1271 3957 1422 3998 suam
1442 3945 1670 4014 quisque
1684 3945 1869 4002 dexte-

289 4044 416 4086 ram
464 4033 516 4086 in
557 4033 805 4087 universa
840 4048 958 4101 quae
987 4032 1128 4087 valet
1153 4033 1383 4102 insignia
1429 4035 1707 4102 virtutum,
1734 4035 1870 4092 dila-

290 4130 409 4176 lare
427 4121 645 4191 satagit.
677 4119 945 4192 Ponesque
966 4122 1022 4176 in
1046 4139 1104 4176 ea
1131 4134 1354 4194 quatuor
1379 4125 1586 4180 ordines
1610 4125 1864 4194 lapidum.

288 4213 362 4266 In
389 4214 558 4282 primo
585 4229 732 4266 versu
761 4215 856 4267 erit
887 4213 1020 4284 lapis
1050 4215 1257 4268 sardius
1291 4225 1338 4269 et
1371 4217 1608 4286 topazius
1640 4227 1688 4271 et
1729 4234 1870 4272 sma-

289 4306 508 4373 ragdus.
556 4303 623 4357 In
651 4304 876 4358 secunda
903 4305 1270 4369 carbunculus,
1315 4310 1588 4378 sapphirus
1609 4320 1656 4363 et
1674 4311 1865 4379 jaspis.

289 4396 362 4449 In
388 4397 538 4450 tertio
587 4395 841 4466 ligurius,
872 4396 1079 4450 achates
1108 4406 1156 4450 et
1185 4399 1524 4468 amethystus.
1576 4399 1643 4454 In
1677 4410 1863 4470 quarta

287 4487 659 4555 chrysalithus,
677 4486 959 4556 anychinus
987 4495 1035 4540 et
1063 4485 1311 4556 beryllus.
1342 4487 1544 4542 Inclusi
1562 4506 1692 4543 auro
1711 4501 1864 4544 erunt

288 4594 384 4645 per
409 4578 618 4632 ordines
651 4593 797 4642 suos,
822 4577 1180 4647 habebantque
1205 4579 1417 4632 nomina
1443 4579 1669 4647 ﬁliorum
1697 4580 1866 4635 Israel

288 4666 586 4720 duodecim.
639 4665 981 4720 Lcetabuntur
1000 4668 1193 4737 singuli
1219 4667 1420 4738 lapides
1445 4671 1737 4724 nominibus
1760 4672 1869 4726 sin-

285 4755 533 4826 gulorum
565 4797 580 4820 ,
634 4773 727 4826 per
771 4757 1043 4810 duodecim
1094 4758 1280 4812 tribus.
1357 4757 1482 4813 Huic
1537 4775 1869 4829 gemmarum

287 4847 488 4917 positio
541 4847 877 4901 diversarum
927 4849 981 4902 in
1040 4849 1335 4915 rationali,
1374 4851 1718 4921 multiplicem
1775 4870 1870 4908 va-

285 4938 493 4994 riarum
546 4938 806 4993 virtutum
847 4939 1079 5010 gratiam
1126 4941 1392 5012 designat,
1447 4959 1566 5014 qua:
1614 4947 1868 5002 concordi

282 5031 450 5086 serie.

922 5119 1149 5177 CAPUT
1187 5123 1250 5177 ν.

709 5207 784 5261 De
811 5211 984 5263 tunica
1009 5213 1466 5281 superhumeralis.

359 5294 595 5350 Faciant
617 5306 788 5350 autem
809 5299 1228 5367 superhumerale
1263 5301 1325 5354 de
1354 5319 1485 5356 auro
1516 5314 1561 5357 et
1587 5305 1866 5374 hyacintho

284 5401 351 5439 ac
378 5402 620 5456 purpura
647 5402 896 5456 coccoque
912 5388 987 5441 bis
1014 5391 1174 5444 tincto
1198 5401 1244 5444 et
1280 5392 1428 5461 bysso
1470 5404 1683 5460 retorta,
1717 5415 1867 5466 apere

282 5477 542 5545 polymita
574 5475 771 5539 (Exod.
801 5479 1015 5549 xxviii).
1069 5480 1330 5546 Quoniam
1366 5485 1419 5538 in
1443 5485 1680 5542 humeris
1702 5504 1868 5543 onera

285 5575 509 5633 portare
537 5566 793 5632 solemus,
825 5570 953 5638 quid
989 5572 1426 5639 superhumerale
1449 5576 1739 5645 pontiﬁcis,
1764 5580 1868 5634 nisi

287 5655 504 5712 labores
531 5657 794 5713 bonorum
818 5674 1061 5730 operum,
1087 5677 1204 5730 quae
1223 5662 1421 5733 jugiter
1445 5681 1627 5720 coram
1644 5666 1869 5723 Domino

1967 3221 2088 3276 quas
2131 3223 2313 3263 coram
2366 3210 2672 3266 hominibus
2709 3212 2952 3280 rutilant,
3013 3216 3126 3272 haec
3174 3219 3228 3273 in
3253 3232 3548 3291 conspectu

1966 3299 2164 3354 occulti
2189 3301 2383 3355 arbitri
2410 3301 2624 3357 ﬂamma
2665 3304 2842 3359 intimi
2877 3309 3077 3363 amoris
3121 3313 3396 3368 accendat.
3421 3316 3551 3383 Quae

1967 3395 2174 3451 scilicet
2223 3397 2482 3461 charitas,
2519 3399 2644 3468 quia
2679 3400 2848 3455 Deum
2883 3417 2948 3457 ac
3008 3405 3313 3474 proximum
3351 3408 3546 3480 diligit,

1967 3488 2119 3556 quasi
2145 3502 2214 3542 ex
2239 3488 2437 3557 duplici
2460 3489 2693 3545 tinctura
2725 3490 2991 3560 fulgescit.
3025 3493 3128 3549 Sed
3154 3511 3277 3551 eum
3307 3513 3460 3555 mens
3483 3503 3550 3556 ad

1965 3584 2231 3645 pracepta
2281 3577 2560 3633 charitatis
2587 3581 2884 3645 contendit,
2936 3591 3111 3637 restat
3145 3586 3332 3652 procul
3363 3588 3546 3655 dubio,

1968 3675 2030 3720 ut
2058 3682 2156 3735 per
2191 3667 2572 3722 abstinentiam
2612 3685 2741 3724 caro
2785 3681 3110 3739 macerctur,
3139 3677 3280 3730 unde
3319 3679 3402 3733 bis
3439 3680 3548 3734 tin-

1967 3764 2057 3809 cto
2081 3769 2267 3820 cocco,
2300 3764 2441 3811 torta
2461 3758 2652 3828 byssus
2674 3759 3014 3831 adjungatur.
3063 3763 3140 3818 De
3171 3772 3312 3819 terra
3349 3770 3549 3823 etenim

1968 3849 2163 3920 byssus
2211 3850 2402 3904 nitenti
2454 3850 2635 3921 specie
2661 3851 2851 3906 oritur.
2910 3851 2979 3907 Et
3005 3854 3135 3923 quid
3173 3870 3272 3925 per
3304 3857 3546 3928 byssum,

1968 3938 2072 3992 nisi
2100 3939 2338 3995 candens
2371 3940 2565 3996 decore
2594 3941 2870 3996 munditiae
2900 3943 3196 4012 corporalis
3225 3947 3552 4006 castitasde-

1974 4030 2221 4102 signatur
2247 4032 2271 4085 τ
2323 4031 2452 4098 Quae
2481 4033 2734 4088 videlicet
2759 4039 2918 4096 torta,
2957 4033 3338 4104 pulchritudini
3361 4053 3552 4109 super-

1968 4122 2266 4178 bumeralis
2291 4122 2603 4191 innectitur,
2661 4124 2787 4194 quia
2836 4134 2963 4178 tunc
2991 4125 3306 4181 castimonia
3337 4129 3402 4183 ad
3429 4144 3552 4198 per-

1968 4213 2165 4271 fectum
2192 4215 2468 4269 munditiae
2487 4215 2776 4270 candorem
2808 4215 3042 4281 ducitur,
3082 4232 3204 4271 cum
3253 4233 3351 4286 per
3382 4219 3549 4272 absti-

1969 4309 2209 4362 nentiam
2244 4322 2375 4362 caro
2402 4306 2677 4377 fatigatur.
2729 4307 2911 4360 Potest
2959 4308 3026 4362 de
3069 4323 3232 4363 cocco
3267 4311 3357 4377 qui
3409 4310 3548 4380 ignis

1969 4398 2156 4468 specie
2181 4396 2428 4468 refulget,
2486 4405 2542 4452 et
2590 4398 2692 4452 hoc
2720 4411 2824 4451 non
2858 4398 3239 4453 convenienter
3283 4400 3409 4467 dici,
3453 4404 3547 4472 qui

1967 4487 2088 4550 ideo
2134 4486 2359 4542 fortasse
2406 4487 2492 4542 bis
2546 4488 2743 4542 tinctus
2771 4485 2884 4540 ﬂeri
2929 4496 3231 4558 praeceptus
3279 4491 3370 4558 sit,
3419 4493 3547 4562 quia

1968 4577 2108 4646 ignis
2139 4576 2404 4645 duplicem
2453 4577 2652 4632 habere
2676 4577 2785 4630 vim
2825 4577 3013 4643 soleat,
3041 4580 3228 4634 urendi
3259 4581 3464 4637 scilicet
3491 4593 3548 4640 et

1968 4668 2213 4734 lueendi;
2249 4668 2402 4737 cujus
2445 4677 2692 4722 naturam
2740 4668 2935 4727 imitari
2961 4670 3261 4738 praisulem,
3293 4673 3345 4726 in
3381 4677 3548 4731 verbo

1969 4763 2224 4817 nimirum
2241 4763 2498 4818 doctrina:
2519 4761 2772 4816 salutaris
2793 4769 3024 4830 oportet,
3046 4771 3104 4816 ut
3129 4770 3183 4816 et
3211 4763 3382 4818 lucem
3405 4767 3548 4821 vide.

1971 4852 2096 4907 licet
2123 4852 2361 4907 scientiae
2412 4849 2845 4906 desiderantibus
2876 4851 3107 4920 aperire,
3156 4862 3212 4906 et
3246 4853 3544 4925 rubiginem

1969 4951 2311 5013 peccatorum
2334 4943 2388 4995 in
2411 4942 2872 5010 contemptorihus
2889 4949 3040 4996 curet
3059 4943 3383 5014 increpando
3398 4961 3545 5001 com—

1969 5034 2190 5089 burere.
2238 5033 2386 5086 Duas
2413 5048 2532 5085 oras
2552 5032 2768 5101 junctae
2798 5032 3000 5084 habebit
3035 5033 3089 5086 in
3122 5043 3337 5104 utroque
3383 5035 3546 5092 latere

1969 5130 2349 5192 summitatum,
2381 5137 2434 5180 ut
2464 5126 2518 5180 in
2548 5141 2708 5178 unum
2733 5126 2962 5178 redeant.
3006 5125 3082 5179 De
3113 5126 3212 5180 hoc
3242 5126 3292 5179 in
3317 5143 3544 5194 sequen—

1970 5219 2112 5272 tibus
2143 5219 2217 5272 ita
2237 5217 2435 5273 dicitur
2461 5235 2474 5270 :
2510 5215 2656 5271 Fecit
2697 5217 2858 5285 igitur
2882 5218 3302 5286 superhumerale
3329 5221 3392 5271 de
3412 5235 3569 5286 auro,

1973 5311 2250 5380 hyacintho
2272 5321 2319 5365 et
2347 5327 2603 5380 purpura.
2651 5309 2718 5363 Et
2754 5309 2910 5378 paulo
2938 5317 3060 5378 post
3091 5327 3103 5361 :
3137 5309 3281 5363 Duas
3301 5327 3420 5363 oras
3443 5309 3543 5362 sibi

1971 5405 2187 5458 invicem
2201 5405 2493 5473 copulatas,
2517 5406 2570 5458 in
2609 5414 2826 5473 utroque
2857 5403 3016 5458 latere
3036 5405 3408 5457 summitatum.
3462 5403 3544 5458 Ex

1973 5510 2079 5562 quo
2107 5495 2397 5548 verisimile
2429 5495 2658 5558 videtur,
2714 5495 2855 5562 quod
2879 5494 3154 5564 applicata:
3191 5499 3388 5554 vestes,
3413 5506 3542 5546 con-

1973 5581 2168 5650 iuncta:
2189 5583 2288 5637 sibi
2320 5582 2537 5638 fuerunt
2568 5597 2678 5636 ora:
2725 5583 3003 5650 utriusque
3028 5580 3196 5650 partis
3223 5579 3275 5630 in
3312 5592 3544 5650 utroque

1974 5671 2160 5737 latere,
2217 5687 2246 5725 a
2277 5687 2488 5726 sursum
2524 5686 2693 5741 usque
2734 5670 3005 5734 deorsum,
3055 5668 3126 5720 ita
3155 5673 3213 5718 ut
3259 5665 3540 5723 dimidium
