3992 6182
411 234 516 291 195

1108 223 1167 276 Β.
1209 220 1464 280 RABANI
1501 220 1719 276 MAUlll
1759 214 2073 272 ARCHlEl'.
2118 214 2420 272 MOGUNT.
2461 213 2746 272 OPEBUM
2785 214 2963 271 PARS
2995 215 3040 270 Ι.

3557 220 3665 274 196

409 349 578 407 vestis
621 343 929 400 intuendum
956 339 1127 396 oculis
1155 337 1286 394 foris
1328 337 1644 408 appareret,
1704 334 1982 391 dimidium
2009 332 2057 398 Α
2084 344 2208 399 spes
2237 330 2360 386 vita:
2388 330 2644 386 catastis.
2674 333 2916 387 omnium
2960 333 3123 388 corda
3164 341 3376 404 patrum
3411 336 3666 404 repleret.

411 455 543 496 vero
573 436 714 490 aliud
740 433 966 488 interius
989 432 1205 494 lateret;
1232 427 1324 482 sed
1345 442 1456 482 ora:
1480 434 1833 493 utrorumque
1854 437 1984 478 con-

410 531 626 601 iunctae,
657 540 826 594 usque
875 522 943 578 ad
963 531 1236 576 extremos
1262 516 1483 587 angulos
1507 516 1574 571 ad
1607 514 1864 570 inferiora
1885 515 1980 568 de-

412 619 752 679 scenderent.
821 615 878 669 ln
908 627 1018 683 quo
1053 609 1182 682 quid
1210 609 1353 663 aliud
1387 605 1542 662 nobis
1589 604 1764 676 typice
1791 601 1986 658 intelli-

413 713 644 785 gendum
691 717 794 773 est,
825 707 929 762 nisi
962 713 1022 759 ut
1054 717 1177 757 cum
1206 701 1346 756 bona
1375 697 1509 754 foris
1532 711 1696 766 opera
1727 693 1987 764 proximis

413 804 770 867 ostendimus,
794 799 982 855 eadem
1012 798 1157 852 intus
1183 808 1369 850 coram
1398 791 1627 847 Domino
1644 791 1850 860 integra
1880 800 1989 842 ser-

414 909 603 950 vemus
632 909 645 945 :
680 907 748 946 ne
776 903 1012 958 unquam
1036 886 1121 941 vel
1146 884 1449 940 castitatem
1473 895 1622 950 pura:
1649 877 1990 948 cogitationis

415 984 593 1039 minor
621 982 721 1051 pia“:
745 978 973 1034 actionis
1004 975 1264 1047 perfectio
1292 980 1569 1042 sequatur,
1596 970 1679 1024 vel
1705 967 1992 1039 profectio.

415 1090 538 1130 nem
582 1085 702 1140 qua:
730 1069 940 1123 videtur
967 1064 1174 1134 operis,
1210 1060 1623 1132 imperfectioris
1669 1059 1865 1112 mentis
1910 1058 1994 1112 in-

419 1163 588 1220 tentio
623 1177 688 1216 ex
711 1167 865 1230 parte
900 1155 1196 1213 solitariam
1238 1153 1525 1221 relinquat.
1569 1149 1675 1204 Sed
1700 1150 1856 1218 quasi
1877 1149 1996 1204 dua:

415 1270 526 1311 ora:
548 1247 1004 1321 superbumerali’s
1041 1245 1145 1300 sibi
1173 1243 1403 1298 invicem
1442 1240 1762 1310 copulentur
1805 1257 1821 1293 :
1869 1239 1997 1293 dum

416 1344 599 1402 omnia
629 1356 748 1410 quae
787 1339 920 1394 foris
952 1338 1091 1393 bona
1132 1342 1518 1399 monstramus,
1559 1333 1706 1387 intus
1755 1347 1890 1401 pura
1945 1338 2000 1386 et

417 1432 648 1502 simplici
674 1428 970 1483 intentione
997 1426 1108 1480 Deo
1135 1423 1381 1496 placendi
1423 1422 1683 1493 gerimus,
1715 1428 1771 1475 et
1812 1421 1914 1475 hoc
1944 1420 1999 1474 in

420 1539 649 1596 utroque
673 1526 843 1580 latere
889 1518 1366 1590 superhumeralis,
1393 1526 1450 1571 ut
1497 1517 1639 1571 inter
1674 1515 1899 1569 adversa
1947 1521 2004 1568 et

2083 421 2236 488 Quod
2278 437 2407 477 vero
2449 424 2647 478 diversi
2680 425 2896 494 generis
2949 426 3218 496 lapidibus
3270 426 3430 481 iidem
3475 430 3669 498 scripti

2082 521 2227 578 sunt,
2253 513 2536 567 denuntiat
2565 514 2815 586 ﬁgurate,
2844 517 2970 585 quia
3013 513 3291 586 multiplex
3320 526 3402 572 est
3432 521 3677 575 varietas

2083 612 2138 659 et
2189 605 2361 675 gratia
2399 605 2664 662 bonorum
2691 621 2936 675 operum,
2967 609 3163 677 quibus
3189 607 3413 678 prmfata
3450 621 3678 665 sancto—

2085 711 2206 749 rum
2237 695 2389 759 ﬁdes,
2419 711 2544 765 spes
2573 705 2629 751 et
2646 698 3218 753 charitasconﬁrmata
3242 701 3488 772 refulget.
3514 700 3678 767 Quod

2087 794 2266 838 autem
2294 785 2348 840 in
2365 785 2611 840 rationali
2633 794 2867 855 quatuor
2890 787 3108 842 ordines
3131 787 3368 856 fuerunt,
3396 799 3449 845 et
3474 792 3677 844 horum

2089 875 2286 946 singuli
2321 875 2520 944 quique
2546 884 2654 931 tres
2681 877 2920 932 habuere
2957 877 3184 947 lapides,
3210 879 3339 947 quid
3361 880 3514 934 nobis
3539 880 3680 934 inti-

2090 975 2267 1022 matur
2291 967 2485 1036 typice,
2517 967 2622 1022 nisi
2647 975 2706 1021 ut
2743 968 2797 1022 in
2821 968 3110 1026 virtutibus
3130 984 3250 1037 qua:
3272 968 3680 1040 distinguuntur

2094 1067 2328 1127 quatuor
2379 1059 2704 1128 principales
2735 1099 2750 1122 ,
2800 1059 2957 1114 ﬁdem
2997 1068 3197 1114 sanctae
3245 1061 3501 1115 trinitatis
3561 1076 3677 1116 non

2096 1147 2279 1202 ﬁctam
2328 1149 2638 1203 teneamus?
2683 1148 2976 1203 Possumus
3019 1162 3149 1203 sane
3194 1148 3247 1201 in
3285 1149 3440 1205 vario
3477 1151 3680 1205 decoro

2099 1237 2358 1306 lapidum,
2389 1252 2496 1292 non
2523 1238 2696 1292 solum
2717 1237 3020 1293 claritatem
3045 1237 3393 1293 multifariam
3420 1241 3680 1296 sacerdo-

2100 1330 2223 1384 talis
2237 1337 2388 1384 actus
2402 1335 2456 1384 et
2466 1329 2828 1398 cogitationis,
2842 1329 3191 1383 verumctiam
3206 1329 3561 1398 spiritualium
3580 1345 3682 1386 ac-

2101 1422 2281 1492 cipere
2311 1421 2638 1476 charismata
2664 1422 2924 1476 virtutum
2957 1437 3022 1477 ac
3045 1421 3304 1478 miracula
3337 1425 3632 1478 sanitatum
3659 1443 3675 1479 :

2107 1515 2174 1570 de
2209 1515 2400 1584 quibus
2420 1515 2535 1583 ipse
2557 1513 2816 1568 Dominus
2839 1513 3098 1584 apostolis
3130 1530 3142 1565 :
3182 1512 3449 1582 lufirmos,
3476 1514 3677 1585 inquit,

417 1631 674 1689 prospera
691 1611 940 1669 concordi
972 1623 1184 1677 semper
1212 1607 1422 1662 actione
1448 1603 2002 1672 etcogitatione,~oon-
2028 1669 2073 1689 ἢ
2103 1614 2305 1669 curate,
2343 1613 2576 1660 mortuos
2613 1606 2878 1669 suecitate,
2914 1603 3144 1674 leprosos
3181 1604 3448 1669 mandate,
3478 1605 3681 1659 dieme-

419 1669 578 1765 (rlitoei
612 1714 799 1761 nostro
823 1669 1143 1758 serviamus.
1213 1699 1440 1770 Ipsaque
1473 1669 1680 1752 textura
1714 1706 1763 1750 et
1809 1704 1995 1748 cuncta
2028 1669 2074 1728 Β
2103 1714 2192 1752 nes
2218 1697 2388 1767 ejicite
2427 1696 2640 1768 (Matth.
2669 1697 2747 1767 ι).
2814 1696 2882 1751 Et
2900 1669 3096 1752 iterum
3131 1713 3144 1749 :
3194 1695 3357 1765 Signa
3387 1707 3558 1750 autem
3588 1713 3680 1751 ens

419 1802 588 1871 operis
618 1799 860 1862 varietas,
907 1795 1003 1848 erit
1026 1809 1092 1847 ea:
1139 1807 1290 1856 auro,
1341 1791 1620 1860 hyacintho
1649 1798 1696 1842 et
1738 1803 1994 1858 purpura,

421 1906 674 1960 coccoque
697 1889 774 1942 bis
801 1888 983 1949 tincto,
1007 1894 1054 1937 et
1080 1883 1230 1952 bysso
1253 1890 1466 1935 retorta.
1503 1879 1618 1933 Non
1646 1878 1820 1932 inima
1845 1887 1998 1947 parte

423 1977 881 2050 superhumeralis
906 1987 1120 2037 aurum,
1153 1972 1205 2026 in
1235 1971 1402 2024 altera
1430 1967 1774 2040 hyacinthus,
1820 1969 1873 2022 in
1894 1967 1998 2022 alia

420 2086 636 2127 rursum
687 2069 776 2122 alii
827 2073 987 2136 atque
1043 2063 1130 2122 alii
1168 2062 1377 2116 colores
1425 2060 1644 2114 fuerunt
1677 2101 1693 2124 ,
1735 2059 1829 2114 sed
1877 2075 1997 2114 om-

423 2177 521 2217 nes
556 2159 768 2224 _colores
801 2157 983 2224 utique
1012 2169 1108 2224 per
1141 2152 1321 2207 omnia
1349 2166 1473 2205 cum
1519 2165 1654 2204 auro
1685 2150 1802 2220 ipso
1851 2149 2000 2204 fuere

429 2222 688 2314 contexti,
717 2250 842 2318 quia
870 2246 1123 2302 nimirum
1154 2245 1206 2296 in
1241 2242 1450 2296 actione
1477 2240 1819 2303 sacerdotali,
1866 2254 2001 2294 nun«

425 2359 588 2413 quam
642 2341 822 2409 aliqua
865 2350 1182 2406 magnarum
1213 2335 1472 2388 virtutum
1497 2372 1513 2397 ,
1572 2332 1659 2387 vel
1701 2333 1767 2385 ad
1811 2332 2001 2385 horam

429 2435 588 2489 debet
623 2429 938 2491 intermitti;
984 2426 1077 2480 sed
1118 2439 1332 2494 semper
1371 2439 1504 2479 auro
1548 2423 1825 2494 sapientia:
1873 2422 2004 2475 luci-

425 2520 546 2585 dus,
567 2531 779 2588 semper
807 2514 1095 2586 hyacintho
1117 2513 1231 2582 spei
1254 2513 1305 2566 in
1339 2528 1572 2582 superna
1599 2520 1831 2576 erectus,
1865 2525 2007 2564 sem.

422 2626 524 2682 per
545 2611 694 2682 regni
737 2607 974 2664 caelestis
1008 2619 1266 2674 purpura,
1297 2603 1555 2658 adversus
1579 2599 2005 2661 vitiorttm,bella

424 2703 819 2775 magnanimus,
851 2713 1062 2768 semper
1091 2711 1254 2751 cocco
1288 2696 1371 2751 bis
1421 2694 1586 2748 tincto
1614 2693 1839 2764 geminae
1870 2691 2006 2746 dile-

424 2794 620 2850 ctionis
642 2791 946 2853 ﬂammans,
967 2801 1179 2855 semper
1202 2792 1402 2840 retorta
1416 2784 1576 2854 bysso
1592 2783 1871 2853 castigata:
1882 2795 2004 2836 car-

425 2884 512 2939 nis
535 2881 786 2937 sacerdos
813 2879 928 2934 sive
951 2877 1137 2931 doctor
1174 2873 1432 2939 ﬁdelium,
1457 2872 1614 2928 debet
1641 2886 1762 2927 esse
1782 2871 2004 2926 nitidus.

498 2964 780 3040 Sumesque
808 2965 1005 3034 lapides
1029 2964 1160 3016 duos
1185 2961 1486 3032 onychinos,
1534 2972 1580 3014 et
1608 2959 1812 3029 scalpe:
1846 2961 1902 3013 in
1931 2958 2004 3012 eis

429 3062 640 3140 nomina
669 3058 900 3128 ﬁliorum
928 3052 1114 3107 Israel.
1187 3050 1296 3106 Sea:
1333 3050 1544 3103 nomina
1581 3050 1637 3101 in
1664 3047 1838 3118 lapide
1875 3063 2000 3111 uno,

423 3162 477 3208 et
517 3139 608 3205 sex
637 3149 834 3218 reliqua
873 3145 930 3198 in
983 3141 1179 3205 altero,
1219 3141 1379 3209 juxta
1428 3139 1662 3193 ordinem
1715 3139 2004 3193 natiuitatis

422 3257 631 3306 eorum,
659 3255 809 3310 opere
837 3237 1134 3308 sculptoris,
1157 3245 1205 3289 et
1234 3234 1487 3288 cwlatura
1509 3234 1782 3305 gemmarii
1803 3232 2006 3303 sculpes

429 3348 541 3397 eos,
579 3329 866 3386 nominibus
911 3326 1142 3395 ﬁliorum
1190 3323 1381 3390 Israel,
1413 3323 1641 3378 inclusos
1694 3340 1825 3377 auro
1851 3333 2006 3393 atque

429 3421 779 3478 circumdatos
803 3432 821 3469 :
842 3427 889 3473 et
915 3433 1072 3486 ponas
1095 3416 1148 3469 in
1180 3425 1398 3486 utroque
1422 3413 1582 3467 latere
1609 3415 2007 3483 superbumera-

432 3515 498 3574 lis
518 3511 814 3568 memoriale
831 3510 958 3581 ﬁliis
989 3507 1178 3564 Israel.
1221 3506 1354 3561 Tres
1373 3507 1443 3560 ob
1476 3520 1668 3560 causas
1697 3506 1878 3560 Aaron
1906 3520 2005 3560 no-

436 3605 585 3660 mina
606 3603 1034 3672 patriarcharum
1059 3599 1198 3654 inter
1219 3597 1483 3653 sacriﬁcia
1505 3610 1719 3665 semper
1747 3595 1801 3648 in
1823 3595 2008 3651 hume-

434 3695 514 3750 ris
565 3694 701 3747 sicut
733 3692 871 3747 etin
908 3701 1128 3763 pectore
1177 3689 1444 3759 portabat,
1493 3695 1553 3741 ut
1605 3687 1850 3743 videlicet
1893 3687 2008 3756 ipse

437 3783 614 3845 ﬁdem,
639 3783 910 3852 vitamque
952 3781 1379 3852 patriarcharum
1427 3777 2004 3843 meminissetimitari,

435 3883 498 3929 ut
519 3873 799 3928 duodecim
831 3872 1062 3926 tribuum
1083 3885 1202 3939 qure
1227 3869 1293 3924 de
1324 3869 1408 3923 bis
1438 3877 1580 3922 naue
1601 3876 1749 3932 sunt,
1786 3867 1840 3921 in
1879 3882 2008 3921 ora-

439 3963 676 4018 tionibus
704 3970 759 4015 et
787 3958 1066 4015 sacriﬁciis
1109 3972 1315 4012 memor
1337 3957 1608 4021 existeret,
1639 3964 1698 4010 ut
1743 3956 1884 4011 idem
1912 3969 2010 4024 po-

438 4053 596 4125 pulus
625 4050 825 4122 scripta
870 4050 926 4104 in
953 4056 1102 4104 veste
1130 4047 1372 4119 prmsulis
1414 4048 1496 4103 sui
1543 4056 1758 4117 patrum
1789 4046 2008 4101 nomina

439 4144 628 4198 videns
654 4148 872 4196 curaret
905 4138 1109 4204 sedulo,
1139 4152 1206 4192 ne
1233 4137 1301 4194 ab
1331 4136 1542 4192 illorum
1587 4135 1794 4190 meritis
1829 4135 2009 4190 desci-

441 4235 700 4300 soeus,ad
725 4246 968 4288 errorum
990 4228 1238 4300 contagia
1269 4229 1580 4285 declinaret.
1626 4226 1708 4281 Ad
1735 4227 1838 4281 hoc
1865 4216 2010 4282 enim

439 4327 586 4380 velut
609 4324 886 4393 disposita,
913 4323 966 4377 in
1005 4321 1299 4378 sacerdotis
1317 4320 1479 4376 debet
1491 4318 1658 4375 corde
1679 4333 1892 4388 semper
1916 4333 2009 4387 ap-

440 4429 652 4485 parere.
707 4409 913 4483 Singuli
939 4420 1117 4469 autem
1139 4412 1344 4482 lapides
1363 4411 1586 4482 singulis
1614 4421 1827 4481 patrum
1845 4409 2011 4463 nomi-

444 4506 603 4561 nibus
622 4504 1004 4565 inscribuntur,
1044 4502 1170 4556 dum
1200 4510 1510 4557 sanctorum
1527 4501 1698 4554 vitam
1728 4508 1905 4554 rector
1928 4500 2012 4554 in-

443 4594 698 4663 spiciens,
725 4592 778 4646 in
805 4593 998 4662 quibus
1018 4592 1249 4646 maxime
1269 4593 1525 4646 virtutum
1539 4592 1794 4660 operibus
1817 4591 2014 4646 ﬂorue-

447 4690 592 4744 runt,
634 4678 812 4733 sedula
853 4678 1200 4746 inquisitione
1247 4686 1539 4742 scrutatur,
1580 4689 1634 4732 et
1663 4679 1778 4733 hinc
1818 4688 2014 4734 cuncta

447 4769 646 4825 abditis
679 4766 759 4823 sui
800 4767 1033 4837 pectoris
1063 4767 1370 4822 meditando
1412 4768 1661 4837 colligere
1689 4777 1853 4838 atque
1881 4785 2013 4839 ope-

449 4862 618 4918 rando
637 4857 874 4929 proferre
895 4858 1107 4928 satagit.
1151 4857 1336 4928 Neque
1379 4859 1521 4915 enim
1571 4860 1686 4915 sine
1734 4863 1867 4917 certi
1923 4877 2014 4917 ra—

451 4953 599 5008 tione
625 4951 970 5016 sacramenti,
1016 4952 1089 5004 ita
1117 4959 1344 5019 utraque
1385 4953 1552 5006 vestis
1593 4953 1856 5023 lapidibus
1895 4969 2023 5024 pre-

451 5045 604 5102 tiosis
641 5043 909 5107 redimita,
940 5059 1003 5098 ac
1038 5050 1248 5112 patrum
1296 5045 1570 5100 nominum
1619 5046 1870 5116 insignita
1915 5057 2020 5113 est,

451 5144 512 5192 ut
539 5136 650 5206 ipsa
683 5134 898 5194 nomina
930 5135 981 5189 in
1007 5134 1432 5204 superbumerali
1467 5135 1682 5205 quidem
1713 5138 1922 5193 duobus
1945 5138 2022 5191 Ia—

446 5228 664 5300 pidibus
705 5225 862 5280 unius
891 5225 1234 5296 ejusdemque
1259 5228 1493 5298 generis,
1530 5229 1584 5282 in
1609 5229 1858 5284 rationali
1893 5245 2022 5285 vero

450 5315 732 5376 duodecim
760 5316 1066 5370 nominibus
1095 5317 1290 5372 diversi
1339 5319 1550 5388 generis
1578 5318 1835 5389 inscripta
1863 5328 2020 5387 sunt;

453 5410 548 5468 sed
599 5409 740 5480 quod
780 5407 1042 5478 patresin
1087 5407 1350 5478 lapidibus
1375 5411 1647 5478 pretiosis,
1678 5412 1836 5467 unius
1855 5424 2024 5482 atque

455 5501 788 5556 indissimilis
816 5500 1031 5570 generis
1073 5500 1267 5570 sculpti
1319 5509 1461 5567 sunt,
1514 5502 1784 5573 signiﬁcat
1812 5515 2022 5573 aperte,

455 5591 596 5656 quod
639 5608 740 5648 una
774 5591 902 5650 ﬁdes
932 5592 986 5646 in
1006 5591 1174 5648 Deum
1201 5591 1385 5647 eadem
1434 5593 1694 5660 Charitas,
1720 5595 2022 5650 communis

2100 1789 2190 1858 qui
2215 1788 2434 1842 credunt
2455 1788 2566 1841 Iure
2597 1795 2905 1858 sequentur:
2951 1785 3019 1841 In
3049 1786 3254 1840 nomine
3283 1802 3394 1839 meo
3415 1785 3687 1841 damonia

2097 1880 2326 1949 ejicienr,
2353 1879 2545 1949 tinguis
2569 1877 2848 1949 loquentur
2867 1878 3034 1943 novis,
3063 1887 3319 1947 serpentes
3339 1875 3540 1940 tollent,
3563 1887 3610 1931 et
3634 1880 3682 1931 si

2099 1971 2424 2041 mortiferum
2449 1971 2574 2041 quid
2600 1970 2840 2035 biberint,
2869 1987 2971 2024 non
2998 1971 3070 2024 eis
3096 1970 3312 2024 nocebit.
3346 1970 3542 2024 Verum
3557 1970 3678 2024 sive

2100 2061 2203 2116 hoc
2231 2062 2342 2115 sive
2358 2060 2507 2127 illud,
2536 2069 2823 2129 utrumque
2851 2060 3148 2130 designant.
3190 2059 3351 2113 Recte
3369 2059 3532 2114 etiam
3571 2059 3684 2113 duo

2101 2153 2310 2223 lapides
2329 2153 2606 2223 onychini,
2639 2153 2694 2206 in
2725 2149 3168 2221 superbumerali,
3194 2151 3384 2205 eodem
3408 2149 3686 2204 duodena-

2103 2243 2187 2298 rio
2201 2249 2355 2297 erant
2385 2251 2595 2312 patrum
2623 2255 2848 2296 numero
2863 2239 3147 2309 sculpti.ut
3173 2239 3472 2294 doctrinam
3497 2239 3689 2294 ﬁdem-

2105 2349 2210 2405 que
2240 2334 2605 2404 apostolorum
2632 2334 2847 2402 utrique
2871 2333 3051 2402 populi
3087 2329 3392 2386 Judmorum
3432 2330 3688 2386 videlicet

2103 2432 2158 2478 et
2186 2425 2423 2495 gentium
2444 2422 2780 2493 profuturam
2811 2437 2930 2478 esse
2961 2422 3323 2493 designarent.
3355 2421 3514 2476 Juxta
3536 2422 3687 2492 quo]

2105 2514 2280 2570 eidem
2303 2512 2649 2568 intellectuali
2671 2511 2990 2578 Jerusalem,
3033 2513 3134 2567 hoc
3157 2521 3259 2577 est,
3298 2511 3550 2568 Ecclesiae
3571 2527 3689 2567 sua!

2105 2607 2366 2663 Dominus
2392 2620 2488 2678 per
2510 2607 2827 2676 prephetam
2853 2604 3130 2660 manifeste
3153 2605 3428 2674 promissit
3457 2606 3642 2660 dicens
3667 2623 3682 2660 :

2105 2698 2188 2754 Ad
2221 2697 2498 2751 dexteram
2528 2696 2673 2750 enim
2687 2704 2742 2750 et
2773 2696 2839 2750 ad
2863 2696 3049 2750 laevam
3072 2696 3398 2766 penetrabis,
3416 2705 3469 2749 et
3490 2711 3681 2750 semen

2107 2795 2260 2842 tuum
2305 2797 2493 2859 gentes
2526 2787 2884 2842 luereditabit.
2967 2786 3114 2852 Quod
3141 2797 3322 2841 autem
3347 2787 3501 2857 'onyx
3530 2787 3688 2841 rubri

2108 2875 2284 2933 fertur
2334 2892 2455 2933 esse
2487 2876 2700 2939 coloris,
2752 2876 2988 2946 singulos
3013 2875 3261 2930 videlicet
3307 2875 3511 2929 habens
3546 2874 3689 2930 albis

2111 2967 2448 3038 cingentibus
2483 2966 2632 3020 zonis
2652 2966 2774 3036 quis
2799 2981 2904 3019 non
2926 2964 3123 3029 videat,
3155 2964 3295 3032 quod
3320 2963 3403 3018 vel
3434 2963 3689 3018 ardorem

2110 3057 2413 3122 cbaritatis,
2435 3056 2519 3111 vel
2536 3056 2709 3110 lucem
2735 3054 2981 3124 designet
2998 3054 3235 3108 scientiae
3245 3053 3532 3108 comitante
3547 3067 3692 3107 zona

2112 3147 2432 3204 castitatis?
2495 3144 2804 3216 Cujnsmodi
2866 3144 3128 3214 lapidibus
3168 3125 3421 3213 inscripta
3469 3151 3695 3214 patrum

2110 3237 2372 3294 vocabula
2399 3245 2575 3306 gestat
2607 3236 2880 3300 sacerdos,
2912 3249 3032 3290 cum
3065 3245 3352 3291 exsecutus
3378 3236 3694 3305 prmcedcn-

2113 3332 2245 3386 tium
2264 3329 2532 3398 iustorum
2560 3329 2832 3394 charitati,
2870 3327 3174 3393 humilitati,
3220 3328 3497 3393 doctrinm,
3523 3337 3692 3384 cane-

2111 3421 2295 3489 risque
2334 3420 2598 3473 virtutum
2641 3417 2914 3488 Operibus,
2947 3416 3075 3488 juge
3117 3417 3351 3471 studium
3407 3417 3690 3486 impendit.

2112 3510 2178 3565 Et
2203 3513 2306 3566 hoc
2331 3511 2387 3564 in
2411 3518 2640 3578 utroque
2666 3509 2912 3574 humero,
2943 3515 3004 3562 ut
3043 3508 3156 3562 sive
3196 3505 3409 3562 Judaaus
3440 3507 3559 3577 quis
3591 3521 3694 3561 seu

2112 3601 2178 3655 de
2205 3599 2453 3669 gentibus
2479 3599 2641 3664 adsit,
2675 3597 2978 3653 claritatem
3017 3612 3230 3667 semper
3259 3598 3312 3651 in
3341 3597 3559 3652 doctore
3593 3613 3693 3652 ve-

2113 3693 2288 3748 ritatis
2330 3700 2384 3746 et
2426 3690 2642 3760 pietatis
2682 3705 2778 3760 per
2813 3704 2976 3759 quam
3029 3690 3143 3759 ipse
3181 3690 3247 3744 ad
3298 3687 3520 3744 meliora
3563 3703 3691 3758 pro-

2113 3783 2324 3848 fecerit,
2355 3791 2613 3851 aspcctet.

2113 3879 2326 3931 invicem
2363 3877 2675 3930 contuentes
2697 3892 2760 3929 ex
2806 3889 2936 3928 auro
2964 3873 3260 3942 purissimo,
3297 3882 3344 3926 et
3365 3874 3496 3926 duos
3524 3889 3695 3925 annu-

2114 3966 2192 4019 los
2229 3981 2435 4026 aureos,
2471 3982 2598 4035 quos
2650 3981 2806 4033 pones
2829 3965 2884 4017 in
2927 3975 3146 4034 utraque
3180 3961 3448 4016 ra:ionalis
3474 3963 3696 4015 summi-

2115 4063 2240 4118 tate,
2270 4063 2580 4123 catenasque
2611 4070 2797 4107 aureas
2833 4054 3022 4124 junges
3077 4054 3309 4117 annalis,
3347 4055 3434 4124 qui
3474 4063 3593 4108 sunt
3634 4053 3694 4107 in

2115 4147 2439 4217 marginibus
2469 4148 2604 4217 ejus,
2631 4159 2678 4201 et
2702 4149 2934 4219 ipsarum
2965 4157 3265 4202 catenarum
3293 4159 3533 4202 extrema:
3554 4148 3695 4202 duo-

2116 4236 2211 4290 bus
2258 4235 2640 4306 copulabuntur
2673 4238 2896 4303 uncinis,
2924 4239 2978 4292 in
3016 4248 3231 4308 utroque
3261 4238 3421 4292 latere
3447 4239 3699 4307 superfut-

2689 3779 2876 3836 Facies
2909 3782 2965 3834 in
2995 3779 3241 3834 rationali
3270 3779 3538 3833 catenulas
3589 3779 3692 3833 sibi

2040 4328 2801 4426 Dmeralis‘quodnrationale
2847 4332 3073 4400 respicit.
3135 4331 3277 4386 Ordo
3322 4332 3499 4400 operis
3522 4348 3692 4400 quan-

2120 4427 2232 4472 tum
2272 4417 2428 4471 nobis
2477 4417 2707 4483 videtur,
2758 4418 2884 4472 hinc
2936 4419 3135 4473 etenim
3188 4419 3308 4472 fuit.
3375 4420 3484 4473 Duo
3535 4427 3697 4473 erant

2116 4506 2298 4560 uncini
2349 4521 2509 4576 supra
2570 4507 2625 4560 in
2683 4506 2892 4561 duobus
2953 4509 3409 4577 superhumeralis
3483 4509 3697 4579 angulis

2118 4595 2374 4666 impositi,
2406 4603 2460 4651 et
2505 4596 2612 4651 duo
2639 4605 2826 4651 contra
2855 4597 3039 4651 annuli
3087 4599 3138 4651 in
3170 4598 3376 4653 duobus
3414 4599 3698 4654 rationalis

2119 4689 2331 4744 annulis
2359 4703 2600 4752 sursum;
2632 4703 2663 4743 e
2691 4689 2884 4756 quibus
2904 4689 3205 4759 pendebant
3235 4692 3566 4746 duaccatente
3597 4707 3699 4745 au-

2121 4799 2245 4849 reae,
2273 4797 2392 4854 qua:
2418 4791 2660 4851 tempore
2679 4782 2931 4838 induendi
2959 4784 3335 4839 inserebantur
3353 4785 3584 4850 uncinis,
3601 4785 3699 4854 qui

2121 4875 2175 4930 in
2203 4876 2661 4946 superbumeralis
2688 4877 2899 4947 angulis
2919 4878 3250 4945 eminebant,
3283 4890 3340 4934 ut
3376 4881 3428 4934 in
3459 4895 3700 4948 sequen-

2121 4967 2262 5022 tibus
2281 4967 2519 5034 apertius
2550 4967 2807 5036 scriptum
2834 4976 2918 5022 est
2951 4988 2961 5020 :
2990 4977 3048 5022 ut
3070 4969 3508 5037 superbumerale
3527 4977 3582 5022 et
3605 4985 3700 5022 ra-

2119 5057 2334 5120 tionale,
2365 5065 2550 5110 mutuo
2582 5065 2946 5120 necterentur,
2976 5074 3204 5127 quorum
3232 5059 3475 5128 superior
3497 5074 3703 5114 conne-

2118 5145 2208 5198 xio
2227 5145 2501 5213 hucusque
2529 5145 2726 5213 scripta
2749 5153 2853 5199 est.
2890 5145 3142 5215 Sequitur
3168 5158 3346 5202 autem
3363 5149 3426 5203 de
3453 5147 3702 5202 inferiori

2125 5249 2244 5304 quae
2263 5247 2382 5289 erat
2424 5235 2612 5289 subtus
2640 5237 2881 5302 ascellas,
2939 5235 3214 5306 Scriptura
3246 5238 3318 5292 ita
3359 5238 3654 5306 Slllljlclt‘ils
3688 5257 3700 5289 :

2127 5322 2315 5378 Facies
2327 5333 2374 5378 et
2402 5323 2532 5378 duos
2554 5324 2775 5378 annulos
2796 5341 2980 5379 aureos
3005 5342 3134 5396 quos
3154 5343 3311 5395 pones
3339 5328 3391 5379 in
3426 5328 3706 5380 summita-

2125 5415 2263 5470 tibus
2299 5414 2592 5479 rationalis,
2623 5417 2747 5468 etin
2776 5417 2881 5470 oris
2910 5431 3026 5486 quae
3066 5432 3093 5469 e
3136 5417 3337 5486 regione
3363 5426 3481 5470 sum
3518 5433 3709 5484 super-

2126 5503 2412 5558 Itunteralis
2462 5513 2512 5557 et
2557 5505 2842 5572 posteriora
2895 5504 3010 5572 ejus
3053 5505 3329 5574 aspiciunt.
3416 5505 3566 5571 Quod
3621 5506 3710 5558 di-

2129 5599 2222 5664 ci-t,
2251 5607 2304 5651 ct
2354 5598 2406 5650 in
2453 5598 2564 5651 oris
2599 5612 2716 5664 qua:
2743 5611 2772 5650 e
2805 5599 3018 5666 regione
3061 5607 3183 5651 sunt
3223 5594 3707 5664 superlnuucralis.
