3992 6182
294 290 400 346 1·ῡῖ

1253 272 1747 334 (ΣΟΜΜΕΝΤΑΒΙΑ
1786 268 1852 325 IN
1892 266 2204 324 EXODUM.
2238 298 2308 308 —
2348 267 2475 322 un.
2515 267 2623 328 Γ,

3452 266 3553 324 198

295 420 406 460 non
454 398 724 470 signiﬁcat
760 397 812 450 in
863 395 974 450 oris
1013 390 1486 462 superhtuneralis,
1538 389 1630 442 sed
1665 387 1719 440 in
1760 385 1874 441 oris
1901 381 2064 439 Atas
2110 394 2176 435 ex
2233 378 2525 433 multifaria
2573 379 2830 432 virtutum
2884 379 3198 446 operatione
3251 379 3552 448 perﬁcitur.

296 495 424 560 illis,
449 507 572 562 quae
593 505 623 543 e
655 488 876 559 regione
904 492 1030 539 sunt
1057 480 1515 552 superbumeralis
1541 493 1555 532 :
1589 479 1691 532 hoc
1713 483 1798 530 est
1825 475 1879 529 in

297 588 412 643 oris
441 580 744 641 rationalis,
777 593 900 647 qua:
923 575 1172 630 videlicet
1193 589 1290 627 ore
1315 587 1346 626 e
1371 571 1591 642 regione
1613 567 1879 636 superbu-

297 674 521 732 meralis
541 679 691 727 sunt.
749 667 949 722 Annali
971 667 1115 720 enim
1148 665 1225 719 illi
1255 665 1345 734 qui
1375 664 1427 718 in
1460 661 1663 716 ultimis
1683 667 1737 714 et
1762 657 1883 712 inﬁ-

297 769 405 823 mis
425 773 582 820 erant
609 759 820 832 angulis
847 757 1147 821 rationalis,
1188 758 1458 811 habebant
1485 763 1676 809 contra
1723 769 1782 808 se
1827 753 1880 808 in

298 874 334 910 ιι
343 867 528 923 traque
548 852 722 906 latere
733 847 1188 918 superbumeralis
1198 862 1350 916 teque
1362 846 1495 901 alios
1509 845 1752 911 annulos,
1769 846 1885 915 qui-

298 948 398 1000 bus
425 943 534 1013 ipsi
548 941 700 996 vittis
725 939 1018 1009 ligantibus
1033 935 1392 1007 iungerentur
1417 953 1432 988 :
1457 936 1523 990 de
1546 936 1741 1005 quibus
1765 935 1886 989 sub-

300 1039 594 1101 sequenter
626 1028 977 1099 adiungitur:
1032 1025 1142 1080 Nec
1174 1042 1277 1080 non
1310 1024 1442 1079 alios
1489 1027 1623 1078 duos
1662 1023 1884 1078 annulos

299 1140 488 1178 aureos
515 1163 531 1185 ,
581 1123 672 1192 qui
708 1119 934 1190 ponendi
972 1127 1092 1172 sunt
1127 1119 1183 1170 in
1226 1127 1445 1187 utroque
1489 1115 1652 1170 latere
1703 1132 1888 1186 super-

299 1214 590 1268 ltauteralis
642 1214 906 1276 deorsum,
937 1211 1074 1282 quod
1105 1210 1308 1280 respicit
1330 1218 1509 1263 contra
1548 1209 1734 1278 faciem
1748 1209 1882 1278 jun-

300 1315 463 1359 ctam:
502 1304 794 1373 inferioris,
823 1312 880 1354 ut
907 1302 1080 1371 aptari
1113 1299 1275 1370 possit
1305 1314 1420 1352 cum
1447 1299 1881 1369 superhamerali.

299 1392 501 1448 Contra
569 1392 762 1446 faciem
806 1390 938 1444 dicit
979 1388 1246 1458 iuncturas
1297 1385 1601 1451 inferioris,
1654 1387 1779 1456 quia
1822 1387 1890 1441 de

293 1479 554 1550 iunctura
592 1480 868 1549 superiore
886 1493 1006 1548 quae
1030 1483 1149 1530 erat
1177 1491 1340 1545 super
1360 1474 1629 1544 scapulas,
1664 1483 1789 1529 ante
1809 1475 1888 1529 di-

298 1583 479 1632 xerat.
542 1574 688 1626 Inter
710 1586 846 1640 quas
870 1570 1120 1625 videlicet
1161 1567 1445 1637 iuncturas
1479 1568 1583 1622 hoc
1628 1566 1884 1631 distabat,

301 1667 443 1734 quod
471 1665 722 1734 superior
747 1662 832 1716 his
860 1661 1122 1716 catenulis
1144 1701 1160 1726 ,
1199 1659 1423 1715 inferior
1466 1673 1595 1714 vero
1637 1666 1757 1713 erat
1785 1660 1885 1714 vit-

303 1757 373 1810 tis
432 1754 579 1808 facta
625 1753 934 1823 ligantibus.
999 1751 1150 1807 Unde
1203 1759 1326 1819 apte
1359 1747 1702 1820 subiungitur
1741 1766 1754 1801 :

299 1847 648 1915 instringetur
689 1841 946 1897 rationale
973 1841 1182 1895 manalis
1211 1842 1322 1894 suis
1362 1856 1480 1894 cum
1529 1839 1740 1894 annalis
1791 1855 1885 1891 su—

303 1933 686 2007 perhunteralis
752 1933 881 1986 uitta
947 1931 1320 2001 hyacinthina,
1387 1938 1446 1983 ut
1502 1938 1710 1982 maneat
1764 1928 1888 1997 jun-

305 2039 454 2080 ctam
515 2024 842 2094 fabrefacta,
901 2031 949 2076 et
985 2022 1050 2074 ab
1080 2022 1297 2076 invicem
1331 2019 1588 2073 rationale
1617 2027 1666 2072 et
1705 2034 1886 2087 super-

308 2117 576 2170 bumerale
624 2123 884 2186 nequeant
927 2114 1180 2183 separari.
1235 2112 1351 2166 Non
1393 2117 1570 2165 autem
1591 2109 1884 2178 putandum

305 2218 408 2272 est,
440 2217 736 2278 utrumque
761 2205 1128 2261 indumentum
1155 2203 1314 2260 simul
1352 2217 1472 2258 esse
1518 2201 1880 2256 terminattnn.

309 2302 445 2361 Nam
473 2301 739 2355 rationale
766 2298 909 2367 quod
935 2312 1240 2352 mensuram
1294 2294 1456 2365 palmi
1499 2294 1552 2348 in
1583 2293 1879 2355 altitudine,

309 2394 450 2447 sicut
487 2401 545 2445 et
577 2391 631 2444 in
680 2389 965 2443 latitudine
1003 2387 1210 2449 habuit,
1266 2400 1373 2438 non
1436 2383 1603 2437 multo
1655 2381 1884 2450 amplius

311 2497 470 2550 quam
496 2489 689 2550 pectus
716 2479 888 2533 solum
924 2486 1104 2546 tegere
1141 2474 1458 2530 sufﬁciebat.
1522 2473 1886 2544 Superhume-

307 2575 424 2628 rale
451 2581 632 2626 autem
671 2586 841 2641 usque
867 2570 934 2624 ad
964 2568 1236 2638 cingulum
1263 2567 1620 2637 pertingebat,
1643 2565 1782 2620 sicut
1829 2566 1883 2618 in

306 2662 705 2734 posterioribus
720 2660 1157 2716 manifestissime
1180 2658 1495 2718 ostenditur,
1521 2656 1611 2710 ubi
1625 2657 1885 2725 scriptum

307 2765 399 2809 est
433 2773 447 2807 :
496 2753 624 2808 llaec
648 2762 699 2806 et
722 2761 847 2807 ante
875 2760 931 2807 et
953 2759 1098 2806 retro
1124 2751 1198 2804 ita
1227 2749 1621 2804 conveniebant
1653 2747 1776 2813 sibi,
1830 2755 1889 2800 ut

308 2843 756 2916 superbumerale
777 2852 832 2897 et
843 2841 1104 2896 rationale
1117 2847 1300 2894 mutuo
1316 2845 1679 2901 necterentur,
1699 2837 1887 2890 stricta

311 2937 377 2990 ad
401 2935 666 3000 balteum,
705 2943 760 2990 et
785 2933 1000 2988 annalis
1029 2931 1221 2987 fortius
1243 2930 1510 3000 capulata,
1538 2944 1672 2998 quos
1698 2929 1892 2998 junge—

311 3027 407 3080 bat
440 3026 575 3079 vitta
605 3025 974 3095 hyacinthina,
1026 3038 1092 3078 ne
1117 3021 1488 3088 laxeﬂuerent,
1515 3031 1570 3076 et
1613 3037 1643 3075 a
1671 3036 1730 3076 se
1756 3020 1892 3075 invi-

309 3130 431 3168 cem
472 3123 838 3167 moverentur.
893 3111 1019 3166 llzec
1049 3110 1116 3166 de
1144 3111 1254 3180 ipsa
1277 3113 1607 3167 connexione
1629 3111 1890 3180 superbu-

312 3204 537 3258 meralis
564 3211 620 3257 et
654 3202 954 3267 rationalis,
982 3201 1275 3256 secundum
1304 3200 1540 3256 litteram
1575 3200 1717 3254 dicta
1746 3208 1889 3254 sunt.

312 3292 456 3360 Quia
485 3307 618 3347 vero
645 3291 786 3360 quod
812 3291 1008 3360 swpius
1051 3289 1258 3345 dictum
1299 3297 1405 3355 est,
1453 3287 1894 3360 superbumerale

313 3386 382 3439 ad
411 3400 638 3454 operum
665 3385 1180 3440 consummationem
1204 3384 1490 3449 bonorum,
1516 3381 1776 3436 rationale
1795 3395 1894 3435 au-

316 3486 430 3532 tem
461 3478 533 3531 ad
559 3476 963 3547 signiﬁcandam
984 3474 1364 3547 cogitationum
1385 3474 1701 3528 munditiam
1725 3473 1894 3543 perti-

316 3571 479 3632 tinct,
506 3568 770 3623 connexio
790 3583 910 3638 quae
935 3568 1050 3622 haec
1071 3568 1124 3620 in
1154 3565 1474 3620 alterutrum
1510 3565 1700 3631 sociat,
1751 3573 1898 3620 recte

320 3656 476 3711 illam
495 3657 692 3710 mentis
720 3657 1040 3711 industriam
1068 3655 1295 3726 ﬁgurate
1323 3656 1621 3720 denuntiat,
1655 3669 1774 3725 qua:
1803 3655 1898 3709 do-

320 3757 539 3804 ctorum
587 3748 822 3802 ﬁdelium
869 3748 1144 3803 intellectu
1191 3763 1256 3803 ac
1290 3747 1394 3801 ﬁde
1432 3761 1552 3801 cum
1587 3747 1900 3816 operatione

318 3837 688 3909 conjungitur.
741 3837 916 3893 Manet
947 3839 1086 3892 enim
1111 3838 1363 3908 junctura
1409 3836 1560 3890 fabre
1591 3834 1754 3902 facta,
1783 3844 1843 3890 ut
1869 3849 1900 3888 a

320 3947 384 3985 se
409 3930 641 3984 invicem
675 3929 938 3984 rationale
964 3936 1019 3983 et
1047 3927 1486 3999 superbumerale
1525 3936 1792 3998 nequeant
1812 3941 1902 3982 se-

318 4019 530 4090 parari,
563 4018 769 4087 quando
793 4025 941 4073 tanta
968 4019 1272 4074 eruditione
1309 4026 1424 4072 toto
1452 4032 1676 4087 operum
1726 4017 1903 4073 studio

319 4111 647 4180 praeminet
689 4119 885 4175 rector,
938 4118 996 4164 ut
1029 4110 1102 4164 nil
1139 4125 1206 4164 ex
1242 4110 1327 4165 his
1355 4124 1475 4178 qua:
1496 4109 1736 4164 facienda
1783 4123 1904 4164 esse

320 4198 646 4267 cognoverit
672 4197 924 4252 infectum
953 4197 1238 4266 relinquat,
1263 4197 1338 4250 nil
1367 4213 1433 4251 ex
1468 4196 1571 4252 illis
1614 4212 1731 4266 qua:
1754 4204 1905 4251 recta

323 4289 515 4341 facere
536 4289 773 4342 cernitur
800 4304 895 4358 per
918 4287 1180 4342 incuriam
1207 4288 1387 4342 cordis
1407 4287 1607 4342 virtute
1631 4287 1908 4341 rectitudi-

1917 3068 1961 3129 C

2054 491 2198 558 Quas
2239 489 2481 559 profecto
2525 488 2762 559 virgulas
2805 503 3078 558 exponens
3116 489 3399 559 Apostolus
3437 490 3555 547 ait:

1983 579 2228 636 Charitas
2255 582 2455 652 patiens
2487 590 2584 646 est,
2615 579 2831 650 benigna
2868 589 2961 633 est.
2995 577 3238 633 Charitas
3267 598 3368 635 non
3393 600 3557 639 amm-

1983 672 2156 737 latur;
2181 689 2282 725 non
2313 672 2419 741 agit
2442 687 2732 741 perperam,
2765 667 2865 724 non
2897 672 3137 740 inﬂatur,
3163 688 3263 724 non
3287 682 3360 724 est
3392 673 3556 727 ambi-

1982 763 2136 826 tiosa,
2175 779 2275 815 non
2312 761 2497 832 qua'rit
2528 777 2644 831 quae
2690 776 2788 813 sua
2834 769 2976 825 sunt,
3010 777 3112 814 non
3153 760 3414 825 irritatur,
3455 777 3556 816 non

1983 856 2173 924 cogitat
2197 853 2412 916 malum,
2436 869 2538 906 non
2567 852 2755 923 gaudet
2775 869 2929 922 super
2948 853 3241 923 iniquitate,
3269 855 3556 924 congaudet

1984 953 2154 997 autem
2197 943 2420 997 veritati.
2467 940 2657 996 Omnia
2698 943 2902 1011 suﬁ‘ert,
2944 942 3116 995 omnia
3157 943 3338 1008 credit,
3382 945 3558 998 omnia

1983 1043 2177 1104 sperat,
2216 1034 2390 1086 omnia
2423 1033 2660 1085 sustinet.
2708 1031 2915 1086 Habeat
2942 1039 2997 1084 et
3028 1031 3252 1086 annulus
3285 1047 3498 1097 aureos,
3527 1049 3558 1086 e

1987 1126 2180 1194 quibus
2223 1125 2422 1178 eaedem
2454 1131 2656 1176 catenae
2688 1121 2973 1192 pendeant,
3017 1121 3070 1174 id
3101 1129 3202 1186 est,
3227 1120 3408 1190 jugem
3446 1137 3559 1175 me-

1987 1215 2213 1270 moriam
2239 1220 2510 1286 perpetuae
2545 1221 2597 1267 et
2629 1226 2898 1280 nunquam
2926 1211 3169 1265 ﬁnienda:
3195 1211 3475 1266 charitatis
3503 1213 3555 1265 in

1988 1303 2190 1359 cmlesti
2225 1303 2421 1372 patria,
2460 1317 2524 1356 ex
2551 1317 2655 1372 qua
2696 1301 2866 1356 solum
2902 1301 3160 1356 memoria
3191 1299 3302 1354 ﬁeri
3333 1315 3558 1355 consue-

1984 1394 2082 1459 vit,
2114 1402 2175 1447 ut
2200 1393 2451 1448 continua
2479 1394 2633 1447 nobis
2660 1392 2867 1462 possint
2899 1392 3109 1446 vincula
3140 1391 3417 1446 charitatis
3447 1406 3558 1444 ma-

1985 1499 2134 1539 nere.
2165 1483 2370 1538 Habeat
2417 1483 2550 1536 duos
2592 1483 2817 1536 uncinos
2855 1477 3304 1550 superhm'neralis
3349 1479 3557 1549 angulis

1987 1575 2302 1641 eminentes,
2348 1575 2541 1644 quibus
2582 1575 2886 1628 inserantur
2922 1579 3146 1636 catenae,
3199 1570 3301 1624 hoc
3345 1578 3449 1634 est,
3499 1569 3553 1624 in

1988 1668 2102 1736 ipso
2131 1667 2353 1722 exordio
2382 1667 2638 1736 cujusque
2666 1666 2818 1720 bonae
2847 1663 3094 1728 actionis,
3124 1661 3319 1718 habeat
3347 1661 3556 1716 ﬁrmam

1815 1749 1884 1802 Et
1913 1727 1958 1784 Β
1989 1727 2096 1810 ὑθο
2138 1755 2380 1826 placendi
2425 1727 2795 1818 intentionem,
2824 1768 2943 1822 quae
2983 1727 3104 1821 apta
3138 1752 3206 1805 sit
3239 1765 3338 1821 per
3376 1751 3555 1804 omnia

1986 1847 2338 1916 suscipienda:
2381 1855 2436 1902 et
2459 1847 2791 1901 continendae
2827 1846 2882 1899 in
2912 1860 2970 1900 se
3011 1845 3312 1899 dilectionis
3358 1844 3451 1899 Dei
3503 1852 3559 1898 et

1986 1939 2238 2009 proximi,
2269 1939 2341 1993 ita
2374 1947 2431 1992 ut
2456 1939 2567 1993 sive
2593 1939 2826 1993 secunda
2851 1953 2943 1993 seu
2967 1938 3187 1992 adversa
3217 1951 3439 2005 quaeque
3467 1951 3560 1989 oc-

1986 2031 2270 2095 eurrerint,
2297 2045 2573 2098 nunquam
2602 2029 2951 2098 saluberrima
2976 2028 3076 2098 pia:
3103 2027 3398 2081 devotionis
3429 2027 3560 2080 reti-

1989 2119 2174 2174 nacula
2204 2119 2361 2174 laxet.
2394 2119 2507 2174 lloc
2531 2127 2610 2174 est
2639 2134 2870 2188 namque
2895 2119 3224 2174 sacerdotem
3253 2118 3304 2171 in
3330 2125 3560 2185 utroque

1988 2211 2212 2266 humero
2241 2211 2463 2264 uncinos
2493 2210 2581 2279 qui
2627 2209 2899 2264 catenulas
2943 2207 3221 2262 rationalis
3266 2207 3555 2276 excipiant,

1987 2301 2220 2367 habere;
2255 2312 2308 2357 et
2341 2303 2393 2356 in
2439 2301 2712 2372 prosperis
2748 2315 2893 2366 eum,
2939 2307 2994 2354 et
3043 2298 3096 2353 in
3141 2297 3346 2369 asperis
3382 2313 3559 2352 rerum

1987 2395 2288 2457 eventibus,
2338 2394 2502 2446 ﬁxum
2552 2394 2661 2446 Deo
2703 2390 2947 2462 placendi
2987 2390 3219 2444 studium
3264 2403 3472 2459 gerere,
3507 2395 3563 2440 et

1986 2481 2146 2551 hujus
2175 2484 2472 2538 intentione
2509 2482 2688 2546 studii,
2735 2483 2787 2536 in
2837 2481 3004 2550 ipsius
3042 2479 3200 2535 simul
3238 2487 3292 2533 et
3331 2478 3560 2548 proximi

1987 2589 2174 2629 amore
2199 2575 2419 2628 ﬁrmari.
2447 2573 2693 2628 luserunt
2715 2587 2841 2642 ergo
2863 2587 2921 2625 se
2940 2571 3119 2626 uncini
3149 2571 3560 2640 superliumerao

1986 2665 2054 2720 lis
2087 2666 2348 2720 catenulis
2390 2664 2588 2730 aureis,
2618 2679 2737 2733 qua:
2767 2664 2832 2717 de
2858 2662 3135 2716 rationalis
3161 2659 3562 2716 summitatibus

1987 2755 2298 2821 afferentur,
2327 2773 2446 2811 cum
2481 2772 2543 2810 ea
2585 2771 2702 2826 quae
2743 2770 2892 2810 mens
2939 2754 3330 2808 rationabiliter
3373 2754 3438 2808 de
3483 2754 3565 2807 in-

1989 2857 2140 2902 terna
2163 2848 2281 2902 luce
2304 2847 2582 2903 charitatis
2625 2846 2959 2916 degustabat,
2988 2859 3109 2898 mox
3139 2843 3392 2897 alacritas
3428 2843 3564 2903 bene

1989 2938 2246 3008 operandi
2275 2935 2502 2990 libenter
2531 2936 2852 3004 amplexata,
2880 2932 3107 3002 suscipit
3137 2949 3204 2987 ne
3242 2931 3380 2988 forte
3409 2933 3568 2986 citius

1991 3028 2208 3083 habitus
2243 3025 2522 3080 rationalis
2557 3024 2971 3094 pulcherrimus,
3004 3040 3033 3077 a
3070 3032 3286 3092 pectore
3320 3022 3568 3077 sacerdo-

1995 3118 2062 3171 tis
2097 3116 2389 3179 relabatur,
2418 3114 2460 3168 si
2501 3129 2608 3167 non
2637 3128 2760 3168 eum
2799 3111 3107 3166 aceelerans
3134 3111 3255 3167 boni
3283 3111 3460 3181 operis
3487 3110 3567 3163 vi-

1992 3209 2146 3263 cinus
2197 3206 2288 3276 qui
2334 3205 2608 3261 contineat
2653 3203 3038 3274 apprehendat.
3071 3201 3441 3274 Submgantur
3472 3203 3572 3258 eis

1994 3299 2115 3354 dem
2150 3296 2411 3352 catcnulis
2459 3297 2511 3350 in
2565 3295 2846 3360 auxilium,
2894 3302 2948 3350 et
2995 3295 3143 3349 vittae
3191 3294 3572 3365 hyacinthina,

1995 3389 2188 3456 quibus
2219 3382 2446 3456 uterque
2486 3385 2784 3440 sacerdotis
2809 3384 3025 3440 habitus
3057 3386 3122 3439 ad
3152 3383 3382 3439 invicem
3411 3399 3575 3454 copu-

1996 3477 2156 3543 letur,
2185 3478 2238 3532 id
2277 3485 2378 3544 est,
2427 3476 2670 3548 ligatum
2699 3474 2950 3530 desiderii
2979 3474 3213 3530 caelestis
3239 3473 3572 3540 fortissimae,

1997 3583 2117 3637 quae
2146 3567 2356 3620 annulis
2377 3567 2558 3621 aureis
2577 3565 2851 3630 immissae,
2871 3563 3310 3634 superbumerale
3338 3578 3460 3618 cum
3487 3580 3576 3618 ra-

2003 3659 2184 3714 tionali
2213 3657 2606 3728 constringunt,
2626 3673 2747 3711 eum
2773 3657 2952 3726 agnita
2979 3657 3098 3711 luce
3138 3658 3328 3727 patriae
3372 3672 3570 3728 peren-

1999 3747 2103 3812 nis,
2135 3746 2188 3800 in
2217 3745 2364 3800 illam
2409 3743 2731 3802 ineffabilem
2766 3745 2990 3816 gloriam
3018 3746 3371 3815 suspiramus,
3409 3755 3576 3816 utque

2000 3835 2070 3891 ad
2098 3837 2239 3891 hanc
2264 3836 2465 3890 intrare
2505 3849 2834 3902 mereamur,
2870 3835 3122 3890 concordi
3151 3851 3362 3904 semper
3395 3835 3500 3891 ﬁde
3525 3845 3581 3892 et

2000 3926 2132 3992 vita,
2162 3941 2326 3996 opere
2365 3934 2421 3981 et
2464 3925 2820 3997 professione,
2851 3926 2905 3980 in
2934 3925 3278 3981 tabernaculo
3301 3928 3580 3996 prmsenﬁs

2002 4016 2259 4071 Ecclesia:
2307 4017 2532 4072 Domino
2563 4016 2767 4071 servire
2812 4017 3143 4073 studeamus.
3196 4015 3347 4084 Quod
3401 4026 3578 4071 autem

2004 4107 2444 4178 superbumerale
2485 4107 2732 4161 strictum
2761 4116 2879 4161 erat
2908 4108 3142 4172 baltheo,
3171 4117 3228 4162 ut
3269 4109 3322 4161 in
3350 4123 3580 4175 sequen-

2006 4198 2150 4252 tibus
2182 4197 2270 4251 ubi
2310 4195 2550 4265 pontifex
2586 4195 2924 4260 induebatur,
2949 4198 3187 4265 apertius
3213 4196 3501 4259 indicatur,
3528 4203 3584 4248 et

2009 4283 2462 4354 superbumerale,
2496 4283 2691 4352 inquit,
2719 4283 2990 4352 imposuit,
3015 4284 3157 4352 quod
3183 4284 3452 4352 stringens
3477 4283 3586 4338 bal-

328 4378 420 4430 nis
450 4377 641 4445 privet.
685 4375 928 4431 Deﬁuunt
950 4392 1180 4446 namque
1210 4375 1521 4431 indumenta
1541 4377 1826 4446 pontificis,
1851 4384 1906 4430 et
1932 4409 1984 4469 Ι)
2011 4376 2159 4438 theo,
2183 4373 2384 4441 aptavit
2410 4372 2656 4426 rationali
2684 4387 2698 4425 :
2723 4373 2842 4443 quis
2869 4389 2976 4427 non
3002 4373 3197 4436 videat,
3231 4373 3372 4444 quod
3403 4382 3586 4430 custos

325 4485 358 4521 a
393 4484 460 4522 se
488 4468 715 4522 invicem
745 4475 1046 4533 moventur,
1066 4469 1112 4522 si
1139 4468 1221 4522 vel
1247 4468 1410 4524 decus
1438 4468 1618 4536 operis
1652 4468 1778 4522 boni
1807 4467 1908 4521 mi-

327 4574 445 4612 nor
471 4557 647 4612 cordis
694 4558 933 4613 custodia
963 4557 1226 4624 sordidat,
1280 4558 1361 4612 vel
1404 4557 1709 4613 castitatem
1759 4571 1909 4626 parte

325 4647 699 4718 cogitationis,
724 4648 1004 4719 integritas
1015 4663 1123 4704 non
1139 4648 1381 4718 sequitur
1397 4647 1650 4718 perfectze
1662 4646 1905 4702 actionis.

329 4737 454 4794 Sed
503 4753 574 4792 ne
599 4739 711 4793 hate
739 4738 808 4792 ab
842 4738 1068 4793 invicem
1107 4738 1318 4793 valeant
1351 4738 1588 4802 dissolvi,
1619 4737 1910 4792 habeatsa-

326 4825 540 4882 cerdos
591 4826 641 4880 in
685 4827 931 4882 rationali
961 4828 1096 4883 duas
1145 4829 1421 4883 catenulas
1449 4844 1515 4882 ex
1561 4843 1694 4882 auro
1726 4827 1908 4897 puris-

326 4919 506 4980 sima,
535 4917 588 4970 id
628 4925 732 4981 est,
762 4918 1218 4972 continuationem
1242 4928 1405 4972 castae
1428 4925 1482 4972 et
1516 4934 1620 4973 non
1652 4917 1790 4971 ﬁcta:
1838 4917 1918 4970 di-

327 5008 615 5072 lectionis,
645 5009 788 5063 cordi
819 5024 917 5062 suo
944 5008 1172 5062 ﬁrmiter
1198 5005 1433 5070 afﬁxam,
1477 5021 1603 5076 qua:
1645 5020 1918 5074 nunquam

327 5113 542 5154 manus
562 5107 612 5150 et
641 5097 875 5166 linguam
900 5097 1069 5168 ipsius
1097 5096 1165 5151 ab
1181 5097 1433 5165 (equitate
1461 5097 1581 5166 puri
1603 5110 1793 5150 sensus
1815 5096 1923 5149 dis-

326 5189 555 5244 sentire
580 5188 874 5256 permittat.
941 5187 1006 5242 Et
1030 5187 1166 5241 bene
1212 5187 1346 5241 duas
1373 5204 1386 5239 :
1418 5195 1478 5240 ut
1511 5196 1565 5241 et
1594 5188 1650 5240 in
1692 5187 1777 5241 his
1803 5201 1923 5255 quae

323 5282 408 5336 ad
459 5279 652 5333 divinae
696 5278 903 5334 cultum
951 5278 1248 5342 servitutis,
1299 5285 1353 5332 et
1380 5278 1432 5330 in
1458 5277 1537 5332 eis
1556 5293 1674 5346 quae
1721 5277 1788 5331 ad
1821 5276 1926 5330 fra~

325 5381 518 5426 ternae
567 5369 862 5422 subsidium
890 5368 1229 5421 necessitatis
1275 5367 1568 5437 pertinent,
1618 5367 1721 5420 rite
1767 5381 1924 5420 orna-

327 5473 438 5540 ως,
463 5463 694 5516 incedat.
752 5461 819 5514 Et
839 5461 1055 5530 quidem
1081 5469 1205 5515 ante
1237 5475 1371 5530 opus
1399 5459 1678 5514 charitatis
1698 5474 1795 5527 per
1832 5474 1926 5513 ca-

328 5559 562 5616 tenatas
594 5558 921 5628 exprimitur
953 5572 1176 5622 aureas,
1215 5556 1341 5626 quia
1383 5554 1525 5610 sicut
1577 5550 1822 5606 catenula
1859 5564 1927 5604 ex

327 5649 595 5723 plurimis
640 5648 758 5703 auri
809 5646 1032 5718 virgulis
1075 5662 1179 5702 una
1229 5645 1585 5710 connectitur,
1639 5643 1711 5697 ita
1753 5643 1930 5698 chari-

2013 4466 2276 4519 banorum
2305 4479 2528 4533 operum
2561 4461 2870 4518 ﬁdelissima
2912 4463 3083 4518 virtus
3124 4474 3206 4519 est
3228 4464 3584 4532 continentia,

2015 4559 2081 4613 de
2101 4572 2204 4626 qua
2233 4555 2489 4610 Dominus
2522 4556 2573 4608 in
2599 4554 2887 4627 Evangelia
2911 4572 2926 4610 :
2958 4555 3076 4611 Sint
3099 4554 3258 4609 lumbi
3285 4558 3434 4610 vestri
3453 4575 3589 4628 prm-

2015 4648 2194 4713 cincti,
2237 4656 2284 4701 et
2321 4646 2548 4700 lucerna:
2579 4645 2817 4700 ardentes
2857 4645 3007 4718 (Luc.
3054 4646 3172 4719 xu).
3219 4647 3410 4702 Lumbi
3440 4648 3592 4702 vide-

2015 4739 2140 4793 licet
2164 4738 2458 4809 prazcincti,
2502 4754 2600 4809 per
2626 4738 3045 4805 continentiam;
3090 4739 3324 4794 lucerna:
3347 4753 3477 4794 vero
3501 4756 3589 4794 ar-

2016 4831 2223 4895 dentes,
2264 4845 2360 4899 per
2386 4828 2752 4898 operationem
2788 4829 3062 4882 virtutum.
3107 4825 3443 4899 Portaln'tque
3484 4830 3593 4883 Aa-

2015 4939 2108 4976 ron
2145 4922 2356 4974 nomina
2385 4921 2616 4988 ﬁliorum
2647 4919 2815 4974 Israel
2843 4921 2900 4974 in
2938 4920 3186 4976 rationali
3216 4920 3407 4988 judicii
3437 4936 3592 4990 super

2013 5019 2190 5080 pectus
2218 5026 2390 5074 suum,
2417 5010 2627 5079 quando
2663 5010 2951 5080 ingreditur
2987 5010 3365 5075 sanctuarium,
3393 5025 3590 5063 memo-

2017 5101 2147 5155 riale
2189 5117 2368 5155 coram
2415 5101 2638 5155 Domino
2692 5102 2748 5155 in
2795 5111 3064 5155 (eternum.
3113 5100 3337 5171 Semper
3375 5102 3592 5170 quidem

2018 5200 2230 5261 oportet
2251 5192 2582 5246 sacerdotem
2606 5191 2918 5245 memoriam
2941 5199 3156 5260 patrum
3184 5191 3238 5244 in
3260 5198 3477 5259 pectore
3496 5200 3595 5238 suo

2027 5280 2189 5345 ferre,
2223 5281 2314 5335 sed
2358 5281 2689 5350 permaxime
2751 5287 2897 5344 tunc,
2939 5281 3154 5348 quando
3195 5279 3597 5333 ministratur-us

2027 5388 2208 5428 coram
2238 5372 2483 5437 Domino,
2515 5372 2581 5427 ad
2607 5371 2776 5425 altare
2805 5371 3067 5434 ascendit,
3106 5377 3164 5424 ut
3191 5384 3296 5437 quo
3331 5364 3597 5421 sacratius

2027 5471 2110 5516 est
2146 5461 2522 5521 ministerium,
2566 5476 2633 5512 eo
2677 5459 2929 5513 solertius
2958 5468 3069 5513 toto
3095 5473 3152 5512 se
3200 5469 3412 5522 semper
3439 5468 3597 5506 mun-

2029 5553 2166 5608 dans
2191 5553 2387 5617 studio,
2421 5561 2530 5606 tota
2569 5550 2828 5604 industria
2868 5550 3065 5602 mentis
3103 5561 3374 5601 exornans
3399 5554 3452 5600 ct
3482 5560 3600 5598 cor~

2031 5643 2198 5714 poris,
2225 5652 2535 5698 sanctarum
2563 5639 2802 5709 exempla
2827 5638 3094 5707 respiciat,
3121 5637 3423 5707 horumque
3453 5636 3604 5691 sedu-
