3956 6176
1917 181 1948 234 is

386 278 490 334 199

1050 273 1122 326 Β.
1165 269 1415 328 RABANI
1457 269 1672 325 MAURI
1713 221 2034 326 ARCHIEP.
2073 270 2377 329 MOGUNT.
2415 271 2698 330 OPEBUM
2733 274 2911 331 PARS
2947 275 2988 330 l.

3509 280 3615 336 200

383 395 468 450 lus
515 391 756 448 imitator
795 387 1056 454 existens,
1111 397 1293 458 aptum
1345 402 1406 442 se
1455 378 1656 440 divitiis
1692 384 1948 439 exhibere
1975 390 2022 449 Α
2049 395 2104 440 et
2139 388 2385 458 amplecti
2420 389 2694 452 debemus,
2735 397 2795 444 ut
2834 389 3134 445 claritatem
3181 390 3235 445 in
3284 391 3375 447 illo
3419 393 3616 452 divina.-

380 491 538 540 curet
556 483 877 552 aspectibus.
905 480 1032 534 Item
1058 479 1271 534 nomina
1300 476 1528 530 ﬁliorum
1553 475 1739 539 lsrael,
1768 475 1948 529 Aaron

381 589 545 644 super
568 580 756 643 pectus
780 586 934 625 suum
964 570 1274 625 memoriale
1298 583 1479 622 coram
1519 566 1746 620 Domino
1773 574 1951 636 portat

382 666 438 720 in
459 674 736 728 aeternum,
761 661 976 732 quando
998 660 1190 732 praesul
1215 660 1441 730 quisque
1466 657 1658 724 ﬁdelis,
1675 673 1950 727 nunquam

376 771 565 812 eorum
607 754 800 823 quibus
834 752 1087 821 praelatus
1125 759 1229 816 est,
1279 765 1464 804 curam
1504 750 1812 804 intermittit
1850 749 1949 804 ha-

377 845 527 908 bere,
561 844 654 898 sed
692 843 852 895 vitam
878 840 1076 913 jugiter
1121 839 1331 894 illorum
1371 847 1428 893 et
1474 838 1830 904 exhortando,
1861 839 1946 892 in-

377 934 665 1003 crepando,
705 931 1029 987 consolando
1055 931 1199 1000 ipsos
1246 929 1572 994 confortare,
1609 936 1663 984 et
1690 944 1796 983 non
1821 945 1949 984 con-

378 1024 682 1079 fortandam
712 1023 1093 1091 tutandamque
1119 1022 1342 1077 Domino
1368 1021 1576 1077 crebris
1611 1021 1664 1076 in
1692 1023 1946 1078 orationi-

376 1116 479 1170 bus
514 1113 909 1177 commendare,
952 1112 1167 1181 satagit.
1209 1111 1378 1165 Panes
1413 1119 1589 1164 autem
1619 1111 1674 1164 in
1702 1111 1948 1166 rationali

365 1204 563 1274 judicii
600 1203 889 1257 doctrinam
921 1211 968 1255 et
996 1201 1277 1266 veritatem,
1303 1217 1420 1270 qua:
1457 1209 1609 1254 erunt
1649 1201 1703 1254 in
1743 1210 1946 1270 pectore

374 1295 576 1357 Aaron,
613 1291 823 1361 quando
848 1290 1164 1359 ingredietur
1191 1306 1368 1344 coram
1409 1289 1654 1343 Domino.
1684 1290 1805 1345 Ideo
1845 1290 1942 1345 do-

373 1384 546 1437 ctrina
576 1390 632 1437 et
654 1383 854 1436 veritas
880 1381 933 1434 in
964 1379 1210 1435 rationali
1238 1378 1447 1448 judicii,
1476 1381 1588 1436 sive
1614 1380 1806 1435 litteris
1837 1381 1944 1436 im-

371 1489 578 1544 pressa,
608 1489 701 1528 seu
746 1473 798 1527 in
833 1472 1021 1527 eadem
1063 1480 1214 1526 veste
1257 1471 1493 1535 indutus,
1521 1471 1854 1526 meminisset
1884 1487 1944 1527 se

371 1565 564 1619 studiis
593 1564 872 1628 doctrinm,
903 1563 975 1617 ita
1002 1563 1166 1616 etiam
1199 1562 1580 1631 discipulorum
1609 1565 1940 1634 septuaginta

373 1656 478 1709 duo
506 1656 647 1709 circa
675 1655 835 1724 pedes
863 1669 1144 1708 numerum
1175 1653 1504 1720 assignatum
1532 1654 1771 1709 haberet.
1802 1654 1941 1710 Con-

2052 476 2354 546 majestatis
2385 492 2481 548 per
2506 493 2666 546 quam
2695 477 2863 532 creati
2891 493 3097 542 sumus,
3128 479 3332 547 pariter
3355 481 3616 538 conﬁten-

2051 565 2178 620 dum
2204 581 2322 623 esse
2347 569 2654 624 noverimus
2679 582 2695 622 :
2718 569 2794 622 ita
2820 577 3046 624 mortem
3085 578 3374 640 assumpta
3414 574 3484 628 ab
3523 573 3619 629 illo

2051 657 2399 714 humanitatis
2419 659 2679 722 conﬁteri,
2705 668 2765 714 ut
2789 661 3031 716 eamdem
3053 675 3175 714 mox
3204 661 3615 728 humanitatem,

2050 746 2104 800 in
2124 757 2380 803 aeternam
2411 751 2476 804 de
2503 758 2676 806 morte
2695 750 2919 820 gloriam
2948 751 3307 806 resurrexisse
3330 751 3613 808 fateamur.

2049 835 2306 893 Sanctum
2335 849 2514 894 autem
2556 840 2763 894 Domini
2789 841 2929 910 quod
2958 841 3011 894 in
3042 840 3240 894 lamina
3266 842 3432 911 scalpi
3456 841 3615 910 jube-

2049 935 2156 992 tur,
2200 943 2392 983 nomen
2437 926 2554 996 ejus
2593 937 2836 985 sanctum
2875 940 2930 985 et
2970 931 3277 986 venerabile
3322 932 3617 1003 signiﬁcat,

2047 1015 2191 1086 quod
2215 1018 2354 1087 apud
2382 1016 2634 1074 Hebraeos
2661 1028 2892 1088 quatuor
2915 1020 3110 1074 litteris
3142 1021 3416 1078 vocalibus
3449 1026 3618 1083 scribi

2047 1107 2229 1163 solet:
2275 1109 2378 1165 hoc
2422 1119 2524 1176 est,
2559 1121 2768 1172 rma-td.
2813 1113 2977 1182 Cujus
3020 1114 3392 1185 interpretatio
3435 1116 3616 1186 lingua

2046 1214 2233 1254 eorum
2279 1199 2543 1256 ineﬂ'abile
2583 1211 2777 1258 sonat:
2805 1219 2913 1258 non
2953 1204 3078 1274 quia
3112 1205 3216 1260 dici
3263 1221 3370 1260 non
3411 1216 3612 1276 potest.

2045 1289 2138 1344 sed
2166 1289 2292 1360 quia
2325 1291 2465 1345 ﬁniri
2495 1305 2655 1346 sensu
2699 1301 2755 1346 et
2801 1293 3070 1348 intellectu
3107 1302 3370 1350 creatura
3415 1296 3616 1350 nullius

2042 1385 2236 1447 potest.
2267 1377 2334 1432 Et
2357 1379 2493 1434 bene
2515 1391 2744 1448 quatuor
2771 1380 2965 1436 litteris
3007 1382 3146 1437 idem
3177 1397 3374 1438 nomen
3400 1382 3614 1439 Domini

2041 1467 2098 1522 in
2145 1467 2320 1522 fronte
2354 1469 2625 1538 pontiﬁcis
2663 1481 2782 1524 erat
2808 1470 3089 1539 scriptum,
3118 1478 3336 1541 propter
3365 1471 3621 1528 videlictt

2041 1557 2453 1630 signiﬁcantiam
2500 1561 2721 1615 totidem
2770 1561 3005 1631 partium
3057 1561 3350 1616 Dominicis:
3400 1561 3609 1628 crucis,

2042 1666 2205 1720 quam
2234 1651 2288 1705 in
2326 1649 2500 1705 fronte
2543 1651 2808 1720 portaturi
2859 1666 3096 1715 eramus,
3141 1652 3245 1706 hoc
3280 1658 3385 1717 est,
3425 1667 3613 1721 supre-

373 1752 479 1798 stat
512 1744 653 1797 enim
701 1743 824 1812 quia
860 1743 1000 1796 sicut
1031 1742 1393 1796 duodenarius
1436 1745 1797 1812 apostolorum
1845 1760 1942 1798 nu-
1970 1743 2016 1803 B
2043 1755 2205 1806 mam,
2234 1739 2500 1807 dextram,
2529 1739 2738 1806 laevam,
2775 1739 3032 1795 inﬁmam.
3075 1740 3293 1811 Ligatur
3321 1749 3498 1796 autem
3534 1740 3616 1796 la-

373 1849 574 1897 merus,
599 1832 913 1903 episcopalis
950 1831 1172 1900 gradum
1212 1833 1488 1904 dignitatis
1519 1835 1812 1901 inchoavit,
1861 1837 1941 1893 sic

372 1925 617 1994 discipuli
657 1926 991 1995 septuaginta
1031 1924 1156 1989 duo,
1182 1926 1275 1994 qui
1316 1935 1372 1980 et
1401 1927 1500 1994 ipsi
1543 1927 1608 1980 ad
1640 1928 1939 1996 pradican—

371 2017 498 2069 dum
535 2018 754 2070 verbum
785 2026 908 2070 sunt
935 2017 1036 2070 mis
1070 2017 1085 2070 i
1127 2032 1158 2070 a
1206 2016 1452 2081 Domino,
1494 2017 1719 2087 gradum
1769 2034 1944 2074 sacer-

372 2105 502 2159 dotii
534 2107 778 2169 minoris,
827 2105 916 2174 qui
961 2121 1101 2160 nunc
1130 2105 1529 2176 presbyteratus
1564 2116 1806 2172 vocatur,
1844 2124 1940 2163 sua

369 2193 630 2248 electione
675 2195 974 2264 signarunt.
1028 2193 1284 2248 Portabat
1335 2202 1390 2248 et
1439 2196 1774 2264 septuaginta
1835 2197 1940 2251 duo

371 2282 725 2336 tintinnabula
769 2298 954 2348 aurea,
1000 2299 1118 2337 cum
1161 2283 1379 2336 totidem
1413 2284 1565 2337 malis
1609 2284 1837 2353 punicis,
1882 2294 1941 2340 ut

369 2374 674 2428 ostenderet
701 2374 946 2444 mystice,
976 2375 1116 2443 quod
1165 2373 1296 2428 ﬁdes
1336 2381 1392 2428 et
1439 2375 1681 2444 operatio
1718 2375 1940 2444 justitia:

369 2465 677 2518 universum
720 2466 974 2518 mundum
1018 2473 1162 2518 esset
1202 2465 1268 2518 ab
1308 2479 1552 2518 errorum
1585 2466 1820 2520 tenebris
1873 2467 1939 2520 ad

367 2569 551 2607 veram
578 2553 749 2607 lucem
785 2553 1126 2622 perductura.
1156 2551 1288 2605 Tres
1322 2567 1554 2622 namque
1585 2552 1698 2606 dies
1739 2567 1802 2607 ac
1836 2568 1934 2608 no-

366 2653 498 2707 ctes,
527 2642 689 2697 horas
719 2643 916 2696 habent
956 2642 1287 2711 septuaginta
1315 2641 1468 2704 duas,
1514 2649 1568 2694 et
1596 2641 1718 2710 quia
1749 2641 1827 2696 sol
1845 2641 1936 2710 ju-

367 2734 528 2787 stitia:
568 2733 791 2786 visibilis
831 2749 1018 2787 omnes
1067 2733 1248 2786 mundi
1295 2743 1474 2802 partes
1510 2733 1562 2787 in
1606 2749 1752 2788 Lxxn
1787 2734 1936 2790 horis

365 2841 526 2894 supra
560 2823 803 2894 infraque
824 2824 1118 2888 lustrando,
1144 2824 1313 2878 tribus
1339 2824 1546 2878 vicibus
1573 2823 1787 2888 circuit,
1813 2833 1937 2894 apte

367 2918 453 2977 hic
487 2932 740 2972 numerus
777 2916 1255 2970 tintinnabulorum
1301 2926 1357 2970 et
1405 2917 1665 2988 majorum
1711 2917 1938 2974 diversi-

364 3020 473 3066 tate
501 3009 694 3064 coloris
724 3007 913 3063 tunica:
947 3007 1213 3078 pontiﬁcis
1245 3007 1461 3061 indutus
1491 3015 1595 3072 est,
1639 3007 1705 3061 ad
1738 3007 1936 3063 docen-

2041 1831 2188 1884 mina
2233 1845 2352 1900 quae
2391 1839 2635 1886 sanctum
2682 1830 2892 1886 Domini
2933 1831 3190 1899 continet,
3228 1832 3360 1886 vitta
3389 1831 3615 1902 hyacin-

2040 1921 2210 1985 thina,
2243 1934 2365 1974 cum
2409 1921 2548 1975 tiara
2587 1921 2876 1990 pontiﬁcis,
2921 1923 3135 1992 quando
3174 1937 3269 1992 spe
3310 1922 3611 1978 cmlcstium

2040 2009 2384 2077 praemiorum
2412 2025 2572 2079 quam
2599 2011 2920 2080 hyacinthus
2946 2011 3233 2082 signiﬁcat,
3272 2011 3325 2066 in
3356 2012 3458 2068 ﬁde
3481 2029 3614 2069 con-

2040 2097 2322 2163 fortamur,
2352 2109 2407 2154 et
2444 2115 2508 2156 eo
2547 2100 2750 2156 arctius
2780 2101 2863 2156 vel
2907 2112 3244 2157 sacramenta
3280 2113 3476 2157 nostra:
3519 2119 3612 2159 re-

2039 2190 2384 2258 demptionis,
2429 2190 2514 2245 vel
2560 2191 2843 2261 imaginem
2886 2207 2950 2246 ac
2993 2193 3393 2248 similitudinem
3436 2195 3610 2249 nostri

2039 2279 2367 2346 conditoris,
2419 2287 2474 2335 et
2522 2283 2904 2350 redemptionis
2965 2283 3332 2337 intemeratam
3393 2298 3614 2340 servare

2039 2370 2428 2435 contendimus,
2457 2386 2564 2440 quo
2589 2372 2792 2426 nullum
2836 2387 2954 2428 esse
2983 2372 3126 2426 aliud
3163 2373 3352 2428 salutis
3382 2373 3485 2428 iter
3511 2391 3610 2429 co-

2037 2461 2338 2530 gnovimus.
2387 2459 2723 2533 Portabitque
2752 2464 2928 2518 Aaron
2956 2465 3253 2535 iniquitates
3282 2481 3461 2521 eorum
3488 2483 3610 2536 qua:

2040 2550 2318 2606 obtulerint
2341 2562 2388 2607 et
2414 2554 2845 2623 sanctiﬁcanerint
2867 2554 2963 2623 ﬁlii
2986 2553 3176 2621 Israel,
3205 2555 3257 2609 in
3276 2557 3472 2610 cunctis
3492 2573 3611 2609 mu-

2039 2642 2246 2696 neribus
2257 2653 2305 2696 et
2320 2642 2552 2697 donariis
2567 2643 2695 2698 suis.
2711 2643 2895 2698 Portat
2910 2653 3140 2714 namque
3161 2644 3396 2714 pontifex
3419 2645 3611 2714 iniqui-

2041 2740 2178 2788 tates
2199 2733 2552 2799 subditorum,
2579 2734 2631 2788 id
2660 2743 2762 2798 est,
2793 2739 3040 2804 exportat
3065 2744 3120 2790 et
3146 2734 3342 2799 aufert,
3369 2749 3488 2788 cum
3515 2746 3614 2788 aut

2037 2839 2132 2881 eos
2171 2824 2410 2881 docendo
2455 2826 2522 2881 ad
2559 2825 2929 2895 paenitentiam
2963 2826 3371 2880 commissorum
3411 2839 3607 2894 provo-

2037 2923 2150 2982 cat,
2184 2922 2277 2970 aut
2308 2929 2405 2985 pro
2447 2916 2829 2986 ptenitentibus
2858 2914 3222 2985 supplicando,
3259 2915 3483 2985 gratiam
3526 2913 3611 2968 eis

2032 3004 2164 3074 justi
2188 3003 2383 3073 iudicis
2409 3005 2680 3060 conciliat.
2715 3006 2865 3062 Facit
2885 3014 3062 3060 autem
3093 3005 3195 3060 hoc
3218 3005 3272 3059 in
3298 3004 3612 3060 muneribus

361 3103 489 3155 dum
520 3099 766 3169 ﬁgurate,
792 3098 932 3167 quod
958 3097 1035 3151 sol
1061 3095 1282 3164 justitize
1307 3095 1550 3150 Christus
1575 3097 1759 3150 orbem
1789 3106 1936 3152 esset
1961 3087 2004 3149 C
2035 3103 2091 3148 et
2111 3095 2347 3150 donariis
2372 3110 2490 3164 quae
2517 3095 2616 3165 ipsi
2640 3095 2929 3150 obtulerint
2953 3095 3180 3150 Domino
3217 3104 3272 3150 et
3304 3095 3611 3151 sanctiﬁca-

363 3191 760 3244 illuminaturus
800 3189 1132 3251 universum,
1159 3187 1315 3255 eique
1359 3187 1556 3240 donum
1587 3187 1927 3256 prmbiturus,

358 3291 416 3335 et
437 3295 578 3334 verte
604 3278 744 3341 ﬁdei,
775 3293 894 3346 qua:
915 3277 968 3330 in
991 3277 1262 3347 agnitione
1283 3283 1338 3329 et
1366 3275 1703 3331 confessione
1732 3287 1930 3333 sancta:

362 3371 640 3426 Trinitatis
664 3379 718 3424 et
740 3369 890 3424 home
916 3367 1266 3438 operationis.

976 3475 1199 3531 CAPUT
1241 3472 1328 3530 Vl.

359 3570 436 3627 De
480 3571 678 3625 lamina
723 3585 885 3624 aurea
911 3568 1192 3706 facienda];
1234 3569 1310 3650 ,αα
1361 3569 1652 3624 ornandam
1707 3569 1929 3638 frontem

1011 3649 1152 3706 ponti
1198 3655 1292 3691 cis.

1011 3649 1292 3708 ροηιψειε.

429 3729 615 3786 Facies
636 3741 683 3786 et
711 3729 960 3784 laminam
990 3729 1052 3783 de
1090 3745 1219 3782 auro
1241 3728 1541 3799 purissimo,
1570 3730 1623 3784 in
1652 3747 1754 3800 qua
1791 3729 1930 3785 scul-

357 3839 444 3891 pes
467 3838 616 3890 opere
637 3820 894 3874 ccelatoris
917 3830 1156 3874 sanctum
1187 3819 1432 3874 Domino.
1467 3819 1776 3891 Ligabisqne
1815 3839 1929 3876 eam

357 3914 485 3965 vitta
506 3911 867 3981 hyacinthina,
889 3919 936 3963 et
965 3910 1058 3964 erit
1081 3926 1234 3978 super
1258 3909 1447 3962 tiaram
1475 3910 1747 3964 imminens
1769 3910 1930 3979 fronti

355 3999 614 4070 pontiﬁcis
637 3997 831 4069 (Exod.
865 3998 1075 4067 xxvm).
1095 3996 1316 4050 Lamina
1342 3997 1456 4050 hmo
1483 4012 1642 4052 aurea
1673 3999 1724 4052 in
1755 3999 1929 4053 fronte

355 4087 644 4158 pontiﬁcis,
675 4088 727 4140 in
751 4101 855 4156 qua
881 4095 1120 4140 sanctum
1151 4085 1396 4148 Domino,
1422 4084 1533 4140 sive
1557 4097 1800 4142 sanctum
1827 4087 1931 4143 Do-

358 4179 512 4244 mini,
548 4187 609 4232 ut
632 4180 684 4233 in
717 4178 1060 4246 sequentibus
1081 4176 1396 4247 appellatur,
1418 4177 1684 4247 seulptum
1706 4187 1810 4244 est,
1845 4195 1930 4234 sa-

355 4270 558 4325 cratius
595 4268 807 4323 caeteris
833 4277 949 4322 erat
978 4267 1301 4322 indumentis
1331 4266 1490 4333 illius,
1505 4276 1560 4321 et
1587 4267 1780 4324 merito
1805 4270 1929 4340 quia

357 4359 497 4414 sicut
521 4358 698 4412 divina
728 4357 966 4428 potentia
988 4357 1198 4412 cunctis
1239 4373 1358 4427 qua:
1397 4358 1601 4412 creavit
1635 4360 1929 4428 superemi-

358 4458 464 4512 net,
495 4451 567 4502 ita
601 4449 881 4517 oportebat
916 4459 973 4501 ut
999 4464 1190 4503 nomen
1218 4445 1334 4514 ejus
1378 4456 1630 4504 ueterum
1654 4450 1922 4518 pontiﬁcis

349 4539 595 4593 habitum
625 4547 978 4606 ornatumque
1026 4539 1429 4601 transcendens,
1476 4538 1634 4592 altius
1670 4539 1918 4607 praemi—

358 4639 525 4692 neret,
559 4636 614 4681 et
643 4627 783 4680 velut
811 4635 1001 4680 cuncta
1037 4627 1401 4692 sanctilicans,
1446 4627 1698 4681 eximiam
1745 4629 1798 4682 in
1841 4629 1920 4682 eis

357 4717 537 4772 sedem
568 4725 789 4769 teneret.
822 4714 1097 4785 Signiﬁcat
1137 4722 1314 4768 autem
1361 4715 1528 4783 ipsam
1573 4715 1920 4784 professionis

355 4816 553 4861 nostra:
592 4804 858 4868 ﬁduciam,
887 4819 1047 4873 quam
1079 4805 1131 4857 in
1171 4802 1344 4856 fronte
1378 4813 1653 4872 portamus
1682 4805 1918 4860 dicentes

357 4895 549 4967 singuli
573 4911 692 4949 cum
721 4892 972 4962 Apostolo
1001 4909 1014 4944 :
1044 4891 1176 4944 Mihi
1201 4901 1373 4944 autent
1399 4892 1528 4945 absit
1555 4893 1793 4962 gloriari,
1823 4894 1922 4948 nisi

357 4988 410 5039 in
440 5001 589 5038 cruce
624 4983 832 5036 Domini
867 4981 1030 5034 nostri
1057 4980 1184 5034 Jesu
1224 4978 1418 5034 Christi
1449 4980 1589 5051 (Cal.
1613 4981 1707 5056 γι).
1741 4983 1810 5038 Et
1839 5000 1922 5038 re-

356 5085 442 5129 etc
467 5075 567 5128 hoc
593 5088 755 5127 unum
791 5072 844 5126 in
885 5079 995 5126 toto
1039 5070 1307 5142 pontiﬁcis
1344 5071 1524 5126 habitu
1563 5072 1628 5126 de
1669 5088 1800 5128 auro
1841 5084 1925 5129 est

359 5167 470 5222 solo
516 5166 736 5230 factum,
782 5174 838 5218 ut
878 5164 1192 5219 munditiam
1227 5165 1406 5220 cordis
1446 5165 1557 5218 sive
1583 5167 1839 5235 corporis,
1868 5167 1921 5220 in

356 5275 460 5327 qua
516 5256 769 5328 mysteria
824 5255 1202 5324 redemptionis
1250 5266 1446 5309 nostra:
1496 5256 1786 5309 recondere
1838 5256 1920 5310 vel

359 5360 567 5420 gestare
590 5347 899 5411 debeamus,
931 5349 1250 5408 ostenderet,
1283 5344 1365 5399 vel
1405 5353 1550 5399 certe
1575 5360 1705 5397 auro
1733 5345 1923 5398 inscri-

358 5451 504 5510 ptum
544 5441 597 5494 in
624 5439 798 5493 fronte
829 5435 1080 5491 sacerdos
1109 5444 1352 5490 sanctum
1399 5434 1607 5488 Domini
1645 5443 1836 5502 gestat,
1863 5443 1922 5487 ut

357 5532 588 5583 insinuet
614 5529 855 5600 mystice,
885 5525 1024 5594 quod
1054 5526 1124 5578 ita
1151 5527 1457 5594 passionem
1489 5525 1695 5577 Domini
1721 5535 1772 5578 et
1805 5523 1920 5578 Sal-

358 5621 556 5674 \3L0l'i5
592 5620 783 5685 nostri,
815 5634 909 5689 per
939 5632 1096 5686 quam
1142 5616 1397 5684 redempti
1439 5632 1645 5681 sumus,
1677 5617 1917 5671 venerari

2031 3186 2212 3240 verint
2237 3200 2358 3240 cum
2399 3200 2498 3254 pro
2543 3183 2806 3240 fructibus
2834 3185 3010 3254 dignis
3039 3185 3384 3254 pmnitentiaa,
3413 3185 3463 3238 id
3499 3195 3604 3246 est,

2031 3269 2388 3345 eleemosynis
2431 3275 2750 3344 caaterisque
2784 3275 3008 3343 justitia:
3035 3274 3287 3343 operibus
3319 3288 3436 3342 qua:
3468 3272 3611 3330 fece-

2033 3377 2192 3433 runt,
2241 3367 2564 3438 pmnitentes
2607 3384 2638 3422 a
2687 3377 2836 3423 reatu
2882 3367 3141 3423 scelerum
3182 3383 3302 3436 qua:
3338 3367 3613 3436 quondam

2029 3468 2382 3528 patraverunt
2435 3460 2683 3515 absolvit.
2732 3459 2851 3513 Erit
2895 3469 3068 3513 autem
3096 3458 3292 3512 lumina
3316 3475 3515 3528 semper
3552 3459 3611 3512 in

2031 3552 2201 3618 fronte
2237 3549 2369 3619 ejus,
2398 3560 2453 3604 ut
2483 3549 2721 3620 placatus
2759 3549 2825 3602 sit
2855 3548 2928 3602 eis
2967 3547 3240 3601 Dominus.
3272 3546 3327 3601 Si
3354 3547 3492 3600 enim
3531 3545 3612 3599 la-

2031 3637 2176 3691 mina
2202 3637 2420 3692 nomine
2447 3637 2656 3692 Domini
2685 3635 2887 3707 scripta
2930 3649 3138 3705 semper
3162 3634 3324 3689 fuerit
3351 3635 3402 3689 in
3427 3632 3612 3690 fronte

2028 3727 2232 3793 Aaron,
2273 3727 2569 3798 placabitur
2616 3727 2740 3783 ﬁliis
2783 3727 2946 3782 lsrael
2985 3726 3283 3780 Dominus:
3315 3726 3439 3796 quia
3479 3739 3611 3782 cum

2031 3819 2220 3874 doctor
2246 3819 2360 3888 ipse
2411 3817 2638 3872 ﬁdeliter
2665 3831 2723 3872 se
2761 3817 2942 3871 divino
2984 3815 3205 3872 servitio
3249 3831 3382 3884 pura
3424 3822 3609 3870 mente

2029 3908 2348 3972 subdiderit,
2378 3924 2500 3963 mox
2526 3907 2688 3962 etiam
2722 3906 2919 3962 subditi
2946 3906 3205 3975 exemplis
3232 3905 3372 3959 illius
3399 3919 3463 3958 ac
3495 3920 3606 3959 mo-

2029 3998 2157 4053 nitis
2183 3999 2414 4065 accensi,
2443 4007 2495 4052 et
2519 3999 2618 4067 ipsi
2644 4006 2786 4052 recte
2813 3997 3011 4062 vivere,
3043 3997 3376 4067 gratiamque
3404 3997 3605 4052 interni

2030 4089 2350 4158 inspectoris
2405 4088 2700 4157 promereri
2756 4095 3020 4158 satagunt.
3075 4084 3404 4156 Stringesque
3453 4084 3607 4154 bysso

2028 4180 2277 4234 tunicam.
2307 4177 2432 4232 lltec
2453 4186 2535 4231 est
2562 4177 2740 4231 tunica
2765 4177 3008 4242 interior,
3031 4191 3190 4246 quam
3217 4191 3377 4244 supra
3401 4175 3601 4230 lineam

2028 4273 2274 4328 strictam
2323 4277 2616 4338 nuncupat.
2665 4270 2838 4338 Quare
2878 4277 3055 4323 autem
3103 4269 3241 4323 linea
3289 4269 3472 4322 stricta
3532 4270 3608 4341 sit

2028 4364 2192 4427 dicta,
2225 4361 2308 4415 vel
2360 4360 2523 4432 bysso
2564 4361 2755 4432 stringi
2797 4360 3154 4430 praecipiatur,
3201 4357 3311 4426 jam
3353 4358 3607 4426 superius

2027 4453 2328 4522 expositum
2354 4459 2454 4505 est.
2484 4450 2549 4504 Et
2575 4465 2715 4504 nunc
2741 4447 3117 4517 adjiciendum,
3144 4449 3270 4518 quia
3295 4447 3466 4503 solent
3495 4447 3604 4501 mi—

2024 4540 2149 4596 lites
2189 4535 2390 4595 habere
2433 4539 2620 4602 lineas,
2650 4552 2784 4606 quas
2816 4537 3067 4592 camisias
3097 4545 3310 4600 vocant,
3345 4537 3420 4591 sic
3446 4545 3605 4605 aptas

2025 4627 2284 4683 membris
2316 4637 2372 4684 et
2399 4629 2614 4683 strictas
2643 4627 2982 4695 corporibus,
3009 4635 3069 4682 ut
3093 4626 3325 4695 expediti
3359 4626 3487 4689 sint,
3515 4627 3605 4682 vel

2027 4718 2329 4783 adversum,
2363 4717 2444 4770 vel
2471 4717 2537 4771 ad
2575 4717 2817 4784 praelium
2845 4716 3121 4787 dirigenda
3140 4716 3338 4786 jacnlo,
3369 4717 3603 4770 tenendo

2025 4808 2232 4877 clypeo,
2254 4824 2381 4862 ense
2408 4807 2672 4871 librando,
2694 4815 2748 4860 et
2770 4821 3086 4876 quocunque
3107 4805 3400 4860 necessitas
3422 4812 3599 4856 traxe-

2028 4899 2099 4952 rit
2131 4918 2140 4951 :
2176 4898 2386 4967 qualem
2415 4906 2468 4951 et
2490 4895 2622 4950 Joab
2647 4897 2897 4951 habuisse
2925 4895 3140 4965 legitur,
3177 4893 3389 4963 quando
3427 4893 3565 4946 Ama

2025 5004 2139 5042 sam
2173 4987 2438 5041 interfecit
2463 5005 2475 5038 :
2518 4985 2760 5039 strictam
2787 4985 2989 5039 scilicet
3014 4984 3082 5037 ad
3112 4997 3416 5037 mensuram
3443 4981 3590 5034 habi.

2026 5084 2114 5131 tus
2147 5076 2248 5130 sui.
2293 5075 2431 5144 Ergo
2469 5083 2524 5128 et
2566 5074 2874 5129 sacerdotes
2914 5072 3086 5142 parati
3131 5072 3184 5125 in
3231 5070 3588 5125 ministerium

2024 5170 2118 5224 Dei
2147 5176 2368 5224 utuntur
2407 5169 2506 5222 hac
2538 5168 2733 5232 tunica,
2771 5174 2829 5219 ut
2857 5166 3115 5220 habentes
3143 5162 3592 5233 pulchritudinem

2021 5259 2482 5321 vestimentorum,
2515 5257 2776 5311 nudorum
2813 5254 3086 5310 celeritate
3117 5253 3436 5307 discurrant.
3468 5250 3596 5303 llmc

2024 5358 2200 5399 autem
2229 5345 2366 5398 linea
2412 5360 2515 5397 non
2562 5343 2731 5398 solum
2759 5343 2944 5397 stricta
2970 5349 3023 5394 et
3071 5340 3211 5393 veris
3238 5337 3590 5406 inquirendis,

2023 5454 2128 5491 non
2155 5446 2329 5490 autem
2358 5434 2608 5490 curandis
2650 5433 3011 5500 rimandisqne
3044 5427 3388 5484 smcularibus
3431 5438 3591 5491 nego-

2024 5527 2135 5590 tiis,
2164 5534 2487 5594 praeceptum
2521 5523 2875 5578 sacerdotium
2909 5519 3070 5572 fuisse
3096 5523 3485 5571 consecratum.
3522 5511 3586 5562 Et

2020 5613 2233 5682 grsfabit
2267 5613 2526 5682 judicium
2565 5611 2795 5678 ﬁliorum
2839 5606 3004 5662 Israel
3049 5607 3100 5660 in
3138 5615 3340 5676 pectore
3377 5619 3490 5662 suo,
3533 5599 3584 5651 in
