3956 6176
247 427 526 486 conspectu
553 420 766 478 Domini
783 443 998 498 semper.
1027 431 1289 495 Sacerdos
1307 443 1569 511 judicium
1597 451 1825 508 ﬁliorum

245 503 410 558 Israel
439 507 496 561 in
542 521 764 578 pectore
792 531 890 572 suo
918 520 970 573 in
1012 538 1302 595 conspectu
1335 533 1545 591 Domini
1577 543 1830 609 gestabit,

245 612 368 650 cum
410 600 755 657 subditorum
796 622 986 666 causas
1011 629 1108 682 pro
1141 619 1253 673 sola
1293 623 1492 680 interni
1518 629 1716 698 judicis
1747 633 1825 686 in-

245 687 488 742 tentione
517 688 760 759 discutit,
786 705 846 749 ut
874 700 1008 754 nihil
1037 720 1097 759 se
1121 708 1169 762 ei
1197 687 1830 777 humilitatis'aduxisceat

244 775 301 829 in
327 792 412 841 eo,
436 779 584 848 quod
608 782 789 839 divina
815 791 1024 856 positus
1046 797 1164 851 vice
1194 801 1488 871 dispensat.

851 897 1083 958 CAPUT
1123 908 1230 962 VII.

241 970 317 1024 De
359 977 542 1030 tunica
590 979 730 1036 linea
760 995 808 1037 et
839 988 978 1081 tliara
1025 992 1236 1081 byssina
1262 1040 1276 1064 ,
1324 1019 1386 1056 ac
1427 1005 1600 1062 balteo
1677 1027 1828 1081 opere

806 1040 1084 1124 plumarioa

311 1151 498 1209 Facies
527 1168 574 1211 et
604 1163 837 1218 tunicam
863 1172 1305 1238 super/tumentis
1339 1190 1502 1237 totam
1534 1187 1824 1257 hyacinthi-

234 1259 354 1297 nam
382 1246 582 1316 (Exod.
617 1258 829 1327 xxvm).
878 1261 1078 1318 Tunica
1132 1269 1329 1327 dicitur
1367 1246 1822 1346 superbumeralis

232 1331 384 1400 cujus
415 1352 546 1406 pars
571 1357 676 1396 non
709 1346 929 1403 minima
963 1358 1387 1422 superhumerali
1422 1331 1720 1438 tegebatur,
1754 1377 1821 1430 ad

231 1425 636 1486 distinctionem
678 1438 872 1493 tunicae
901 1457 1020 1511 qua:
1065 1457 1180 1502 erat
1217 1451 1444 1509 interius
1479 1458 1652 1527 linea;
1685 1479 1819 1532 qua-

229 1531 344 1569 rum
388 1522 600 1587 pariter
636 1529 882 1583 meminit
925 1537 1171 1604 superius
1214 1542 1443 1599 dicens:
1476 1548 1598 1605 Haec
1639 1565 1818 1609 autem

226 1616 382 1660 erunt
417 1613 746 1670 vestimenta
795 1634 917 1688 quae
963 1623 1163 1682 facient
1195 1648 1207 1683 :
1241 1633 1502 1693 rationale
1542 1649 1596 1695 et
1630 1657 1818 1714 super-

226 1695 526 1766 humerale,
562 1704 802 1760 tunicam
830 1718 885 1763 et
911 1710 1106 1770 lineam
1137 1721 1401 1778 strictam.
1446 1727 1678 1787 lnterior
1720 1751 1813 1790 au-

225 1791 329 1838 tem
359 1797 482 1843 erat
524 1790 664 1847 linea
716 1797 830 1852 sive
869 1801 1104 1871 byssina,
1152 1815 1293 1879 quod
1342 1814 1434 1872 lini
1475 1835 1592 1876 esse
1642 1839 1808 1896 genus

225 1876 461 1896 μυην,
505 1895 513 1896 ,

1168 1876 1184 1879 _
1642 1876 1671 1896 ο
1687 1876 1807 1884 ““”’””

225 1876 618 1936 nobilissimum
647 1897 892 1960 constat;
918 1897 1155 1952 exterior
1177 1915 1304 1957 vero
1335 1908 1514 1964 tunica
1540 1921 1649 1969 tota
1678 1915 1808 1986 hya-

225 1963 418 1986 Λῖ-ιιῖ-.
433 1982 454 1986 -
508 1985 519 1986 γ
536 1969 567 1986 Ἰ
731 1975 743 1986 ⁵
913 1980 924 1986 ⁵
996 1983 1005 1986 ”

1546 1963 1649 1969 η--
1678 1963 1780 1986 ..Γ

222 1963 460 2019 cinthina
493 1969 568 2022 nil
594 1975 819 2030 omnino
841 1980 1038 2037 coloris
1065 1986 1286 2046 alterius
1315 1994 1623 2067 admittens,
1656 2007 1808 2076 cujus

222 2059 394 2122 specie
456 2061 741 2130 uniformi,
805 2073 1088 2132 manifeste
1132 2081 1239 2136 vita
1289 2089 1584 2147 sacerdotis
1631 2099 1805 2166 qualis

220 2160 338 2201 esse
358 2150 572 2218 debeat,
601 2156 844 2226 docetur,
876 2164 977 2220 hoe
998 2176 1102 2234 est,
1127 2177 1375 2242 supernis
1399 2181 1570 2236 solum
1600 2187 1803 2245 deside-

219 2239 311 2292 riis
365 2241 705 2302 incessanter
751 2252 980 2322 intenta,
1031 2269 1087 2314 et
1139 2272 1600 2329 conversationem
1647 2277 1799 2347 juxta

213 2330 527 2400 Apostolum
561 2339 767 2398 habens
798 2345 851 2399 in
873 2349 1042 2416 ccelis,
1072 2367 1137 2407 ae
1161 2356 1245 2410 sui
1279 2356 1576 2420 Salvatoris

215 2421 469 2480 deranter
491 2444 817 2499 exspectans
845 2439 1154 2497 adventum.
1180 2444 1308 2512 Quae
1329 2451 1577 2511 videlicet
1617 2463 1794 2518 tunica

212 2512 350 2570 sicut
378 2527 434 2571 et
461 2518 682 2590 byssina
727 2528 795 2582 ad
840 2531 1004 2598 pedes
1049 2551 1220 2606 usque
1262 2545 1624 2618 pertingebat,
1656 2555 1796 2611 unde

208 2609 442 2672 utraque
491 2608 676 2666 Grazce
715 2617 932 2678 poderis
976 2623 1118 2678 dicta
1155 2608 1279 2695 est;—
1322 2640 1380 2686 ut
1423 2608 1795 2700 ostenderetur

209 2689 288 2742 nil
312 2693 372 2744 in
393 2699 704 2756 sacerdotali
729 2705 835 2758 vita
859 2707 1098 2766 inﬁmum
1117 2730 1177 2770 ac
1196 2721 1468 2779 sordidum
1489 2744 1789 2801 remanere,

215 2793 268 2801 η
283 2780 310 2801 ί,
348 2797 366 2801 ,
381 2798 425 2801 __
441 2799 460 2801 _
655 2792 667 2801 .

1526 2780 1789 2801 -κ--τ--ν-ν,

211 2780 310 2833 sed
337 2797 507 2840 omne
534 2792 668 2856 quod
692 2805 899 2864 ageret,
935 2804 1086 2869 quasi
1117 2808 1354 2866 aethereo
1383 2815 1560 2872 colore
1587 2825 1793 2891 specio-

194 3418 342 3484 cujus
375 3425 547 3477 medio
586 3443 767 3496 supra,
801 3435 899 3487 erit
933 3440 1204 3509 capitium,
1245 3457 1297 3500 et
1339 3465 1432 3505 ora
1460 3471 1552 3523 per
1589 3474 1774 3528 gyrum

1192 3508 1196 3509 ν
1460 3508 1470 3523 ,
1589 3508 1669 3528 ,ισ-
1688 3508 1771 3515 ην·-

191 3508 302 3573 ejus
322 3513 686 3573 terti!is,sicut
712 3520 832 3593 ﬁeri
859 3525 986 3580 solet
1023 3529 1076 3583 in
1103 3537 1346 3592 extremis
1377 3543 1587 3598 vestium
1610 3551 1771 3618 parti-

177 4153 290 4191 mm
324 4143 488 4195 vestit
531 4155 586 4199 et
637 4161 812 4218 ornat,
869 4161 1084 4225 quando
1133 4170 1328 4222 rectori
1380 4143 1629 4232 ﬁduciam

173 4231 371 4296 quandi
399 4235 599 4304 subdit,
629 4256 694 4295 ac
718 4247 1040 4313 przedicandi
1071 4257 1312 4312 cmlestia
1345 4266 1576 4321 maxima
1607 4287 1744 4340 prac-

1607 4319 1716 4340 την

171 4319 278 4386 bet,
307 4323 415 4378 hoc
439 4339 540 4392 est,
565 4334 706 4399 quod
736 4337 848 4404 ipse
892 4356 996 4396 non
1035 4345 1206 4400 solum
1241 4350 1293 4404 in
1325 4368 1587 4420 procursu
1625 4365 1747 4420 vitae

170 4424 274 4464 suae
302 4424 454 4469 recte
481 4418 697 4486 vixerit,
725 4426 816 4479 sed
848 4429 1020 4497 ipsum
1051 4449 1158 4502 quo

167 4500 427 4556 ctitudine
470 4511 713 4577 ceperit.
763 4514 965 4572 Tunica
1008 4500 1136 4593 ergo
1176 4500 1479 4589 sacerdotis
1526 4540 1744 4608 hyacin-

166 4587 305 4644 thina
335 4591 501 4649 habet
534 4613 686 4655 oram
713 4603 766 4658 in
801 4609 998 4677 capitio
1025 4587 1284 4684 teittilem,
1314 4622 1452 4678 sicut
1483 4626 1536 4680 in
1563 4587 1743 4687 extre-

163 4679 258 4733 mis
280 4685 516 4738 vestium
535 4691 779 4755 partibus
799 4695 918 4750 ﬁeri
947 4700 1106 4767 solet,
1136 4720 1258 4762 cum
1295 4710 1484 4768 doctor
1511 4719 1739 4788 quisque

159 4774 425 4844 egregius,
457 4792 488 4829 a
519 4788 665 4834 tanta
695 4784 1026 4851 perfectione
1070 4810 1204 4864 opus
1232 4801 1490 4860 virtutum
1527 4774 1734 4882 incipit,

156 4863 217 4916 ad
241 4875 508 4934 quantam
537 4871 761 4939 quilibet
791 4877 950 4934 altius
989 4863 1291 4945 diutissime
1325 4863 1734 4966 laborans,"rvi;

151 4951 443 5022 aliquando
497 4966 763 5032 pervenit,
813 4985 935 5025 cum
987 4983 1137 5033 tanto
1186 4981 1378 5040 timore
1420 4989 1727 5063 famulatus,

147 5047 285 5097 omni
313 5047 452 5100 hora
471 5048 622 5116 juxta
657 5071 960 5117 sermonem
991 5065 1291 5141 Prophetm,
1319 5079 1578 5138 sollicitus
1615 5101 1727 5140 am-

146 5130 284 5186 bulat
313 5151 442 5190 cum
469 5139 696 5199 Domino
730 5146 841 5203 Deo
868 5167 985 5219 suo,
1018 5130 1277 5225 quantum
1317 5167 1453 5225 alius
1482 5176 1604 5242 quis
1645 5178 1726 5232 vel

143 5225 456 5290 moriturus,
501 5232 585 5284 vel
626 5236 691 5288 ad
722 5237 982 5306 judicium
1015 5246 1224 5305 Domini
1256 5257 1338 5310 sui
1368 5259 1612 5318 ultimum
1643 5267 1724 5321 in-

139 5326 428 5378 gressurus
454 5322 538 5374 vix
572 5325 768 5383 habere
796 5332 1009 5389 sullieit.

194 5406 464 5463 Deorsum
487 5430 605 5468 vero
640 5420 713 5472 ad
750 5424 904 5489 pedes
939 5428 1169 5496 ejusdem
1199 5440 1387 5493 turtij
1411 5459 1503 5511 per
1531 5449 1721 5503 circui-

133 5503 253 5561 tus,
285 5502 449 5570 quasi
488 5507 630 5560 mala
676 5514 868 5577 punica
897 5516 1057 5582 facies
1096 5539 1162 5574 ex
1203 5525 1482 5595 hyacintho
1516 5547 1563 5588 et
1591 5557 1718 5606 puro

129 5601 269 5654 pura,
306 5600 365 5644 et
387 5608 538 5648 cocco
569 5597 646 5651 bis
673 5602 856 5668 tincto,
882 5609 1048 5664 mistis
1088 5615 1141 5666 in
1181 5621 1348 5673 medio
1393 5625 1714 5684 tintinnabu-

125 5674 200 5730 lis.
243 5681 514 5740 Deorsum
565 5704 799 5760 namque
827 5697 894 5750 ad
934 5701 1096 5767 pedes
1145 5710 1334 5764 tunica:
1381 5715 1514 5770 ﬁunt
1555 5723 1709 5788 quasi

523 5781 802 5845 ΡΑτιιοι.
836 5788 1052 5853 CVlll.

3406 406 3510 460 2-03

1857 463 1904 521 Α
1933 461 2069 515 mala
2113 468 2302 533 punica
2348 483 2401 528 et
2441 477 2796 535 tintinnabula
2829 497 2925 551 per
2957 501 3166 557 gyrum,
3196 481 3408 561 quando
3441 497 3512 550 ad

1936 558 2137 606 tantam
2164 561 2534 618 excellentiam
2581 567 2786 623 devota:
2819 571 2927 626 Deo
2961 582 3381 638 conversationis
3423 599 3514 638 sa-

1933 643 2123 696 cerdos
2150 652 2477 715 pervenerit,
2507 663 2566 708 ut
2596 657 2666 710 nil
2694 659 2744 712 in
2781 661 2871 715 illo
2900 663 3042 718 aliud
3072 683 3234 736 quam
3261 672 3512 741 splendor

1931 738 1985 783 ct
2010 735 2203 800 gratia,
2231 736 2434 808 ﬂosque
2461 753 2517 796 ut
2543 746 2610 798 ita
2641 749 2868 805 dixerim
2897 735 3362 817 variusbonorum
3387 779 3513 835 0pc-

1932 836 2047 874 rum
2074 825 2319 881 videatur
2344 847 2356 882 :
2389 832 2460 884 nil
2484 836 2550 888 ab
2573 836 2662 890 illo
2689 839 2831 893 aliud
2859 858 2979 897 cum
3007 861 3068 900 os
3097 851 3322 918 aperuit,
3345 867 3506 922 quam

1929 913 2279 970 suavissimus
2323 920 2513 976 horum
2565 942 2726 983 sonus
2771 933 3041 990 audiatur.
3086 938 3218 1005 Quia
3260 944 3403 998 enim
3453 947 3505 1002 in

1929 1001 2070 1055 malo
2107 1008 2304 1072 punico
2333 1012 2498 1068 multa
2545 1017 2770 1075 interius
2807 1038 2972 1093 grana
3015 1044 3123 1084 uno
3150 1030 3280 1088 foris
3306 1038 3508 1094 cortice

1928 1099 2196 1159 teguntur,
2226 1108 2370 1153 recte
2388 1117 2487 1171 per
2511 1106 2650 1160 mala
2680 1111 2896 1178 punica,
2927 1117 3218 1176 multifaria
3242 1125 3501 1184 virtutum

1923 1183 2185 1247 operatio,
2231 1203 2339 1242 uno
2371 1192 2648 1252 charitatis
2681 1202 2974 1258 munimine
3017 1209 3254 1280 undique
3285 1230 3502 1272 versum

1925 1277 2062 1325 tecta
2112 1274 2445 1346 designatur.
2499 1283 2593 1339 llis
2641 1303 2770 1344 vero
2815 1292 2870 1344 in
2918 1297 3094 1352 medio
3139 1274 3498 1362 tintinnabula

1921 1364 2334 1435 permiscentur,
2362 1387 2484 1428 cum
2514 1393 2686 1446 neque
2714 1396 2848 1452 opus
2879 1388 3174 1447 sacerdotis
3200 1410 3434 1467 unquam
3465 1417 3494 1454 a

1919 1453 2098 1506 sonitu
2134 1460 2283 1515 verbi
2317 1466 2458 1531 quod
2492 1467 2729 1537 loquitur
2774 1475 3067 1548 discrepat,
3119 1499 3294 1555 neque
3339 1504 3366 1543 a
3411 1506 3500 1546 rc-

1919 1541 2178 1600 ctitudine
2223 1553 2420 1620 operis,
2467 1560 2688 1616 territus
2734 1565 2994 1636 adversis,
3039 1572 3232 1642 lingua:
3288 1581 3498 1636 sonitus

1918 1631 2186 1690 dissentit.
2212 1639 2316 1724 'Ubi
2344 1645 2566 1712 pulchre
2595 1653 2809 1708 additur
2838 1671 2852 1708 :
2886 1631 3058 1715 Ita'ut
3085 1631 3493 1725 tiiitinnaliuiuir;

1917 1723 1984 1775 sit
2005 1721 2221 1782 aureum
2243 1741 2291 1784 et
2316 1734 2510 1790 malum
2530 1743 2776 1808 punicum
2797 1761 2816 1799 :
2844 1763 3150 1823 rursumque
3175 1757 3496 1814 tintinnabu-

2530 1797 2540 1808 ,
2799 1797 2808 1799 ν
2846 1797 3149 1823 ,-..--...-.,....

1840 1797 1885 1854 Β
1912 1812 2019 1866 lum
2047 1815 2195 1872 aliud
2221 1838 2458 1891 aureum,
2490 1840 2538 1882 et
2564 1832 2757 1886 malum
2786 1840 3053 1906 punicum.
3077 1846 3255 1903 Aurea
3293 1852 3492 1923 quippe

1912 1904 2272 1965 tintinnabula
2312 1914 2670 1985 hyacinthina;
2705 1904 2975 1994 pontiﬁcis
3012 1937 3204 1994 tunica:
3244 1940 3488 1998 inserun-

1909 2001 2017 2058 tur,
2063 2006 2119 2050 et
2161 2004 2308 2057 omni
2351 2019 2413 2058 ex
2455 2019 2609 2075 parte
2667 2016 3091 2090 circumdantur,
3137 2043 3259 2084 cum
3312 2037 3490 2091 omnis

1907 2099 2086 2141 sermo
2133 2089 2249 2158 ejus
2291 2094 2591 2156 claritatem
2656 2121 2902 2176 superna:
2946 2114 3080 2172 lucis
3134 2132 3379 2190 resonat;
3433 2136 3488 2182 ct

1906 2174 2048 2230 idem
2069 2181 2276 2237 sonitus
2300 2185 2444 2240 velut
2464 2189 2826 2260 hyacinthina:
2856 2202 3052 2260 tunicae
3081 2207 3237 2265 ﬁrme
3265 2211 3482 2280 inﬁxus,

1903 2282 2125 2352 operum
2157 2289 2370 2347 quoque
2404 2282 2569 2352 ipsius
2597 2290 2941 2360 sublimitate,
2974 2299 3305 2359 audientium
3333 2323 3482 2363 men-

1903 2358 2043 2414 tibus
2066 2369 2494 2426 commendatur.
2523 2375 2788 2448 Fiuntque
2816 2384 2939 2439 bina
2970 2388 3109 2443 mala
3135 2392 3338 2450 circum
3368 2399 3480 2452 siu-

1899 2447 2021 2514 gula
2062 2452 2435 2524 tintinnabula,
2465 2472 2520 2516 et
2547 2447 2748 2522 circum
2783 2471 2986 2543 singula
3026 2479 3182 2543 mala,
3216 2482 3342 2539 bina
3374 2487 3480 2540 tin-

1900 2541 2196 2612 tinnabula,
2238 2565 2362 2606 cum
2412 2563 2466 2608 et
2506 2559 2685 2614 omnia
2719 2577 2837 2632 quae
2868 2565 3121 2637 loquitur,
3156 2573 3312 2630 bonis
3349 2592 3479 2633 con-

1896 2631 2181 2690 ﬁrmantur
2205 2641 2434 2707 actibus,
2466 2656 2629 2716 atque
2667 2651 2720 2704 in
2740 2631 3057 2713 auditorum
3086 2663 3288 2719 arctius
3311 2669 3476 2725 corde

1895 2720 2144 2791 ﬁguntur,
2171 2738 2226 2783 et
2257 2733 2506 2790 universa
2546 2754 2665 2808 quae
2696 2743 2826 2814 agit,
2853 2740 3014 2815 quain
3043 2751 3152 2806 sint
3179 2755 3474 2813 rationabi-

1891 2809 1980 2875 lia,
2014 2814 2248 2874 discreto
2290 2827 2555 2882 sermonis
2584 2830 2760 2885 sonitu
2791 2832 3179 2902 producuntur.
3209 2842 3354 2902 Bene
3379 2860 3472 2901 au-

1891 2907 1998 2954 tem
2029 2908 2269 2974 sequitur
2289 2929 2300 2962 :
3118 2952 3121 2956 ·

2475 3007 2699 3066 CAPUT
2743 3011 2866 3069 Vill.

1875 3465 2009 3521 rium
2041 3470 2093 3523 in
2132 3487 2403 3545 conspectu
2440 3479 2672 3550 Domini,
2720 3496 2768 3540 et
2812 3506 2914 3544 non
2962 3495 3222 3551 moriatur
3255 3499 3453 3572 (Exod.

1872 3559 2086 3630 xxviii).
2123 3559 2388 3621 Sacerdos
2435 3584 2668 3641 namque
2694 3575 2999 3647 ingrediens
3034 3584 3119 3638 vel
3170 3591 3455 3658 egrediens

1868 3646 2116 3713 moritur,
2165 3652 2211 3705 si
2258 3651 2324 3707 de
2369 3672 2433 3710 eo
2462 3662 2670 3716 sonitus
2717 3646 2822 3720 non
2865 3670 3099 3740 auditur,
3139 3678 3264 3745 quia
3312 3680 3449 3738 iram

1866 3744 2053 3790 contra
2084 3753 2141 3792 se
2168 3743 2361 3797 occulti
2383 3744 2582 3813 judicis
2611 3754 2796 3823 exigit,
2829 3758 2874 3812 si
2897 3761 3014 3817 sine
3042 3743 3446 3834 praedicationis

1863 3826 2040 3880 sonitu
2079 3827 2298 3886 incedit.
2331 3833 2484 3900 Quod
2523 3840 2568 3894 si
2620 3839 2836 3914 Josephi
2877 3826 3100 3926 (Αηείᾆ.)
3143 3860 3324 3915 verbis
3363 3826 3444 3916 in:

1862 3918 2083 3974 tendere
2143 3923 2470 3985 voluerimus
2511 3935 2706 4002 quibus
2759 3918 2920 4007 dicit,
2969 3946 3109 4002 mala
3155 3950 3209 4005 in
3259 3956 3441 4013 tunica

1857 4008 2126 4073 pontiﬁcis
2146 4017 2484 4087 septuaginta
2510 4023 2643 4080 duos
2665 4025 2850 4095 fuisse,
2875 4042 2928 4086 et
2956 4032 3193 4102 ejusdem
3225 4049 3438 4100 numeri

1855 4095 2234 4166 tintinnabula,
2281 4113 2532 4177 congruit
2576 4115 2678 4170 hoc
2709 4117 2895 4189 ﬁguris
2935 4129 3335 4198 mysteriorum,
3381 4144 3441 4187 ut

1852 4185 1990 4240 sicut
2015 4189 2067 4242 in
2096 4191 2344 4259 humero',
2378 4213 2408 4250 a
2435 4211 2654 4268 pectore
2685 4211 3039 4276 apostolicum
3073 4215 3215 4272 ferre
3249 4237 3440 4276 nume-

1851 4287 1968 4327 rum
1989 4277 2174 4346 jussus
2204 4293 2306 4339 est.
2353 4287 2550 4343 Verum
2580 4294 2742 4348 etiam
2769 4300 3023 4365 ponderis
3067 4315 3150 4360 est
3185 4309 3435 4366 VidCiiCt'l

1847 4365 1913 4418 ad
1940 4369 2104 4436 pedes
2123 4389 2295 4444 usque
2319 4379 2666 4450 descendens,
2691 4402 2812 4441 cum
2838 4394 3168 4453 continentia
3199 4417 3303 4457 non
3335 4409 3430 4463 “Li

1159 4452 1264 4506 que
1290 4445 1569 4501 exordium
1599 4467 1629 4504 a
1662 4470 1742 4506 re-
1773 4483 1822 4541 Ι)
1848 4459 2068 4517 cuilibet
2096 4470 2337 4525 membro
2365 4474 2628 4532 violenter
2658 4478 2927 4550 imposita,
2974 4487 3067 4542 sed
3097 4489 3151 4545 in
3194 4502 3304 4550 toto
3345 4511 3432 4556 est

1183 4532 1477 4556 οηηηηιηε-
1528 4540 1542 4556 ι
1564 4554 1596 4556 ,κ
1668 4542 1678 4552 ο

1847 4566 2073 4620 corpore
2115 4557 2504 4620 delectabiliter
2541 4584 2932 4631 consummata.
2981 4578 3106 4637 Hzee
3135 4587 3334 4642 etenim
3364 4591 3429 4644 li-

1844 4655 1968 4708 nea,
2017 4662 2209 4705 manus
2258 4668 2320 4708 ac
2363 4656 2581 4712 brachia
2611 4661 2771 4718 debet
2810 4669 3077 4742 stringere
3105 4679 3422 4748 sacerdotis,

1842 4747 1909 4786 ne
1936 4736 2064 4803 quid
2085 4740 2186 4795 nisi
2210 4743 2340 4800 utile
2373 4745 2568 4815 faciat;
2608 4764 2817 4821 pectus,
2841 4774 2909 4814 ne
2939 4736 3066 4832 quid
3092 4765 3253 4825 inane
3278 4776 3423 4844 cogi-

1839 4829 1941 4889 tet;
1993 4839 2266 4899 ventrem,
2315 4852 2382 4891 ne
2433 4839 2651 4896 delicias
2698 4845 2837 4901 ultra
2894 4829 3110 4910 modum
3161 4829 3420 4932 appetens

1841 4909 2000 4932 num
2345 4925 2355 4932 _
2550 4929 2564 4932 ,

3101 4909 3108 4910 ,
3162 4909 3416 4932 Ὗρω..-

1839 4909 2006 4968 Deum
2059 4933 2214 4973 suum
2269 4925 2488 4994 gulosus
2540 4929 2719 4988 facere
2771 4951 3062 5006 praesumat
3105 4967 3118 4999 :
3170 4949 3416 5019 subjecta

1835 5004 1978 5058 enim
2002 5011 2172 5064 ventri
2207 5017 2466 5082 membra,
2505 5037 2571 5075 ne
2600 5022 2942 5097 lasciviendo,
2974 5040 3140 5090 totam
3171 5021 3417 5099 sacerdo-

1831 5095 1956 5151 talis
1988 5097 2202 5157 habitus
2231 5107 2685 5174 pulchritudinem
2727 5095 3093 5194 corrumpant.
3126 5127 3310 5188 Genua
3343 5152 3412 5190 ne

1829 5187 1897 5241 ab
1927 5192 2184 5249 orationis
2230 5197 2484 5255 instantia
2513 5212 2774 5276 torpeant.
2813 5187 2996 5271 Tibias
3029 5227 3083 5274 et
3125 5224 3307 5291 pedes,
3340 5243 3410 5282 ne

1829 5279 1894 5330 ad
1923 5281 2118 5336 malum
2154 5297 2396 5342 currant.
2444 5291 2701 5352 induatur
2747 5305 2999 5361 sacerdos
3047 5311 3220 5378 primo
3264 5313 3404 5368 linea

1823 5368 2026 5442 stricta,
2056 5381 2114 5424 ut
2138 5381 2190 5427 et
2220 5391 2416 5446 corpus
2466 5384 2534 5437 ab
2564 5384 2765 5456 iniquis
2787 5368 3123 5461 operibuset
3162 5415 3190 5452 a
3219 5402 3402 5468 pravis

2318 5439 2331 5446 _
2655 5439 2676 5456 ι
2703 5439 2762 5443 ,__
2792 5439 2816 5445 _
2863 5439 3040 5451 --.ην
3069 5439 3123 5451 ν.
3162 5439 3190 5452 ,.
3219 5439 3402 5468 ,μυ-ω

1823 5439 2055 5512 mentem
2097 5463 2512 5532 cogitationibus
2551 5439 2877 5547 compescat.
2921 5483 3164 5554 Accipiat
3202 5487 3402 5548 deinde

1819 5544 2240 5617 hyaeinthinam,
2265 5567 2323 5610 ut
2350 5568 2470 5626 post
2498 5544 2915 5636 descriptionem
2945 5574 3283 5631 contiuentiw
3309 5593 3398 5634 sa-

1815 5634 2020 5699 lutaris,
2055 5647 2208 5711 atque
2242 5661 2436 5717 corpus
2471 5661 2526 5705 et
2569 5657 2828 5724 animum,
2871 5661 3190 5729 spiritalium
3223 5665 3392 5726 virtu-

1815 5735 1924 5780 tum
1949 5730 2130 5785 habitu
2151 5747 2416 5794 venustet.
2445 5740 2511 5795 Et
2534 5745 2724 5799 tiaram
2748 5748 3005 5816 byssinam
3029 5750 3208 5819 facies.
3229 5756 3390 5817 Tima

2837 5841 2874 5898 7
