3954 6176
435 333 540 389 205

1075 322 1132 374 Il.
1176 316 1430 372 RABANI
1472 313 1693 369 MAURI
1735 308 2055 366 ARClllEl’.
2099 305 2404 361 MOGUNT.
2446 303 2732 360 OI‘ERUM
2771 303 2952 357 PARS
2992 303 3032 356 l.

3586 301 3651 352 2t!
3665 301 3686 354 ὃ

438 459 672 514 namque
691 455 807 510 qua:
824 451 874 491 et
898 435 1092 490 cidaris
1113 443 1164 487 et
1193 433 1349 486 mitra
1366 429 1852 495 vocabatur,caput
1873 434 2008 492 tege-
2039 426 2086 484 Α
2113 418 2513 474 similitudinem
2540 416 2692 486 pellis
2722 416 2928 470 colubri
2951 430 3112 484 qttam
3136 413 3285 468 exuit
3311 413 3362 466 in
3394 421 3694 476 senectute,

438 539 531 595 bat
555 545 610 590 ct
635 532 858 589 ornabat
888 524 1175 600 pontiﬁcis,
1209 530 1266 575 ut
1294 522 1393 573 hoc
1427 517 1738 571 indumento
1761 515 2018 568 admone-

440 640 612 692 tetur,
635 625 814 681 onmis
849 620 1038 690 capitis
1073 629 1262 672 sensus
1297 614 1406 667 Deo
1427 616 1773 664 consecratos
1798 605 2018 676 habere,

442 734 514 774 ne
533 717 616 774 vel
638 714 778 769 oculi
811 709 928 780 ejus
963 708 1208 762 viderent
1229 702 1543 764 vanitatem,
1565 697 1648 752 vel
1671 711 1832 750 aures
1859 695 2021 748 libcn.

446 810 552 862 tius
577 803 856 865 audiendo,
873 797 1217 869 opprobrium
1245 792 1552 861 acciperent
1567 788 1824 843 adverSus
1839 783 2021 855 proxi-

446 912 594 952 mum
641 908 829 956 suum,
869 890 952 944 vel
991 903 1052 943 os
1094 885 1393 941 abundaret
1431 880 1700 950 nequitia,
1743 886 1800 932 et
1843 876 2022 946 lingua

445 986 798 1042 concinnaret
819 980 998 1036 dolum
1019 978 1134 1034 sive
1147 976 1314 1031 etiam
1343 988 1436 1028 cor
1469 969 1687 1040 crapula
1715 977 1768 1024 et
1789 967 2025 1023 ebrietas

449 1081 757 1153 gravarent,
785 1071 870 1126 vel
894 1068 1122 1126 olfactus
1144 1079 1418 1136 aspersum
1445 1062 1693 1132 myrrha,
1725 1057 1842 1112 aloe
1871 1047 1923 1110 ἐι
1951 1057 2025 1110 ci-

450 1148 700 1222 na'momo
733 1164 933 1219 lectum
975 1158 1277 1215 meretricis
1305 1154 1739 1225 amplecteretur.
1784 1148 2027 1214 Qualiter

451 1265 632 1311 autem
677 1255 813 1309 tiara
849 1253 966 1306 haec
995 1249 1160 1304 fuerit
1190 1246 1351 1310 facta,
1392 1242 1658 1313 Iosephus
1693 1240 1849 1295 docet
1885 1235 2024 1308 (Lib.

451 1365 536 1413 ιιι,
557 1364 671 1418 cap.
697 1345 786 1416 Η)
808 1344 992 1399 dicens
1015 1360 1028 1395 :
1052 1339 1227 1409 Super
1248 1346 1408 1407 caput
1431 1344 1612 1390 autem
1634 1341 1812 1404 gestat
1829 1329 2027 1418 pilcum

455 1438 507 1490 in
545 1435 761 1489 modum
798 1431 1006 1502 parvuli
1041 1427 1300 1484 calamaci
1342 1432 1436 1480 aut
1466 1421 1727 1485 cassidis,
1757 1417 1900 1488 quod
1939 1432 2030 1471 ex-

457 1524 691 1579 tenditur
719 1537 880 1592 supra
907 1519 1268 1574 summitatem
1297 1515 1490 1584 capitis
1507 1553 1523 1578 ,
1551 1521 1606 1566 et
1632 1511 1840 1566 modice
1871 1507 2032 1562 verti-

453 1615 536 1668 cis
562 1612 901 1667 medietatem
931 1607 1160 1671 excedit,
1197 1615 1252 1661 et
1288 1605 1394 1658 tale
1433 1611 1536 1667 est,
1574 1610 1635 1656 ut
1682 1599 1929 1653 videatur
1966 1611 2031 1650 ex

460 1703 551 1756 lini
590 1708 799 1754 textura
829 1695 1384 1758 confectum,.habens
1414 1692 1576 1746 vittas
1595 1702 1714 1759 quas
1737 1684 2034 1742 convoluta:

2121 510 2200 567 sic
2233 511 2285 563 in
2317 508 2544 562 rotundo
2571 517 2879 562 contextum
2907 517 3010 570 est,
3040 514 3094 559 ut
3126 504 3457 572 marsupium
3489 503 3699 573 longius.

2120 611 2293 670 putes.
2343 601 2569 654 Textum
2608 607 2788 653 autem
2829 597 3162 660 subtemine,
3203 595 3372 659 cocci,
3416 609 3703 664 purpura,

2121 689 2412 762 hyacinthi,
2447 700 2502 743 et
2526 688 2758 742 stamine
2786 687 3004 758 byssina
3038 687 3109 738 ob
3140 685 3390 739 decorem
3411 692 3467 738 et
3486 681 3707 737 fortituo

2121 783 2324 846 dinem,
2351 789 2512 849 atque
2542 779 2615 833 ita
2643 777 2900 849 polymita
2927 788 3044 832 arte
3073 777 3410 843 distinctum,
3437 784 3498 831 ut
3526 777 3700 832 diver-

2123 891 2211 931 sos
2246 875 2404 928 flores
2432 885 2488 928 et
2517 888 2785 944 gemmas,
2826 887 2930 927 non
2970 870 3164 927 artiﬁci
3197 886 3358 925 manu
3398 878 3708 932 contextas,

2124 967 2216 1021 sed
2253 965 2464 1019 additas
2489 963 2788 1018 arbitreris.
2822 961 3174 1031 llabebatque
3192 961 3529 1016 latitudinem
3551 975 3604 1014 Iv
3629 959 3713 1014 di-

2125 1057 2380 1128 gitorum,
2417 1069 2526 1123 quo
2554 1053 2769 1121 cingulo
2804 1053 3020 1123 proprie
3051 1050 3289 1122 pontifex
3328 1051 3615 1114 utebatur;
3657 1057 3715 1104 et

2127 1147 2180 1200 in
2232 1160 2297 1200 eo
2345 1145 2526 1199 tunica
2570 1143 2921 1213 hyacinthina
2970 1142 3130 1198 simul
3170 1151 3226 1197 et
3270 1140 3717 1210 superhumeralu

2129 1237 2514 1308 stringebatur.
2563 1233 2695 1288 Nam
2723 1234 2776 1287 in
2813 1233 3161 1303 sequentibus
3182 1241 3366 1302 aperte
3395 1231 3462 1285 de
3488 1228 3718 1296 conjun-

2130 1329 2309 1382 ctione
2335 1323 2791 1395 superbumeralis
2819 1332 2874 1377 et
2903 1322 3180 1378 rationalis
3207 1331 3291 1376 est
3316 1321 3518 1376 dictum
3544 1339 3557 1373 :
3587 1321 3716 1374 “me

2131 1427 2185 1473 et
2205 1427 2330 1472 ante
2350 1427 2405 1471 ct
2433 1426 2575 1471 retro
2606 1415 2681 1469 ita
2708 1415 3104 1470 conveniebant
3123 1415 3247 1478 sibi,
3274 1422 3332 1467 ut
3356 1414 3719 1483 superbarum-

2135 1509 2247 1564 rale
2288 1517 2342 1562 et
2384 1506 2644 1561 rationale
2674 1514 2859 1560 mutuo
2887 1511 3234 1560 necterentur
3271 1505 3461 1559 stricta
3500 1504 3569 1558 ad
3608 1504 3724 1558 bal-

2136 1607 2306 1662 teum,
2335 1607 2390 1652 et
2421 1595 2633 1650 annulis
2662 1593 2854 1648 fortius
2875 1594 3143 1664 copulata,
3169 1610 3306 1665 quos
3341 1595 3553 1664 ingebat
3589 1595 3724 1648 vitta

2137 1688 2483 1759 hyacinthina
2512 1703 2577 1742 ne
2603 1687 2736 1741 laxa:
2767 1688 3024 1750 fluerent,
3062 1695 3113 1741 et
3144 1702 3175 1741 a
3202 1702 3260 1741 se
3282 1687 3513 1741 invicem
3541 1701 3732 1740 move-

448 1788 654 1856 smpius
683 1793 1096 1847 connectuntur,
1125 1795 1192 1835 ne
1219 1780 1375 1835 facile
1400 1779 1686 1834 dilabatur.
1725 1775 1827 1843 Qui
1851 1774 2036 1829 videli-
2067 1771 2110 1828 Β
2141 1789 2344 1836 remur.
2388 1779 2527 1834 Nulli
2567 1788 2746 1833 autem
2785 1777 3028 1844 dubium,
3063 1777 3192 1846 quin
3229 1777 3438 1832 balteus
3465 1777 3580 1831 sive
3605 1778 3727 1830 cin-

450 1888 545 1933 'cct
571 1877 837 1947 .losephus
870 1875 996 1929 huic
1029 1873 1169 1943 pileo
1205 1887 1367 1941 super
1404 1869 1641 1925 additum
1682 1883 1801 1923 esse
1834 1873 2036 1930 narrat,

461 1969 608 2024 aliud
628 1965 798 2035 majus
818 1965 1062 2019 velamen
1081 2003 1096 2028 ,
1126 1963 1268 2032 quod
1295 1970 1459 2016 totam
1483 1958 1678 2031 capitis
1701 1955 2042 2029 superficiem

459 2058 679 2119 celaret,
703 2063 828 2125 apte
850 2052 1170 2124 perfectum,
1199 2068 1267 2107 ne
1293 2051 1570 2106 laborante
1595 2050 1879 2106 sacerdote
1899 2048 2044 2102 circa

461 2143 728 2199 sacriﬁcia
771 2150 1008 2196 corruat.
1058 2141 1210 2208 Quod
1257 2149 1434 2195 tamen
1472 2137 1624 2208 cujus
1668 2153 1790 2194 esse
1828 2136 2044 2199 coloris,

459 2249 570 2288 non
607 2231 861 2288 ostendit.
899 2231 967 2286 Et
991 2231 1108 2286 haec
1134 2229 1350 2302 quidem
1374 2231 1440 2285 de
1465 2231 1690 2284 minoris
1711 2228 2041 2290 sacerdotis;

465 2325 532 2379 de
561 2323 832 2394 pontiﬁcis
862 2337 990 2378 vero
1026 2323 1186 2388 tiara,
1215 2321 1319 2376 hoc
1355 2321 1515 2376 modo
1553 2327 1819 2375 testatur:
1843 2317 2046 2372 Pileum

467 2422 645 2468 autem
675 2412 926 2468 similiter
949 2419 1227 2481 operatum
1262 2411 1426 2466 habet
1461 2409 1725 2480 pontifex,
1756 2409 1896 2463 sicut
1921 2407 2048 2462 reli-

463 2505 562 2573 qui
588 2501 923 2563 sacerdotes,
951 2510 1006 2555 et
1040 2501 1205 2554 alium
1238 2510 1521 2556 consutum
1545 2515 1612 2554 ex
1634 2500 1930 2571 hyacintho
1957 2515 2050 2553 va-

469 2596 628 2650 riato.
667 2593 1046 2650 Circumdatur
1071 2601 1251 2646 autem
1287 2593 1338 2647 ei
1365 2599 1421 2646 et
1448 2606 1612 2646 aurea
1651 2605 1853 2646 corona
1881 2590 2053 2645 tribus

470 2684 680 2740 vicibus
715 2684 882 2750 facta,
911 2697 1073 2753 supra
1115 2697 1277 2754 quam
1316 2682 1488 2754 surgit
1528 2682 1582 2736 in
1628 2681 1804 2736 media
1857 2680 2051 2744 fronte,

471 2775 627 2848 quasi
666 2773 942 2845 calyculus
974 2773 1193 2843 quidem
1225 2787 1443 2838 aureus,
1484 2771 1674 2827 similis
1715 2771 1898 2826 herba:
1935 2785 2056 2840 qute

473 2863 614 2934 apud
644 2878 741 2918 nos
769 2862 968 2917 acharo
999 2871 1361 2930 nuncupatur,
1399 2877 1560 2933 quam
1596 2859 1770 2916 Graeci
1808 2860 2058 2930 hyoscia-

472 2968 601 3007 mon
629 2952 832 3006 dicunt.
885 2950 952 3004 Et
991 2949 1152 3019 paulo
1190 2958 1314 3020 post
1350 2951 1616 3022 descripta
1657 2951 1775 3021 ejus
1822 2950 2056 3005 mirabili

2142 1872 2346 1943 gulum,
2392 1872 2478 1926 cui
2519 1870 2960 1940 superbumerale
3003 1870 3435 1940 astringehatur,
3485 1869 3729 1922 tunicam

2144 1963 2568 2032 hyacinthinam,
2610 1977 2729 2030 qme
2762 1969 2818 2014 et
2852 1959 3306 2028 superbumeralis
3342 1959 3520 2012 tunica
3571 1973 3734 2012 vara.

2143 2054 2334 2116 batur,
2373 2053 2641 2121 cingebat.
2681 2051 2886 2107 Cuncta
2909 2050 3109 2105 etenim
3137 2065 3255 2120 quae.
3285 2050 3558 2117 hucusque
3585 2048 3735 2103 dicta

2146 2152 2289 2209 sunt,
2324 2143 2392 2198 ad
2417 2143 2687 2214 pontiﬁcis
2719 2142 2958 2196 habitum
2988 2142 3277 2212 pertinent,
3314 2141 3508 2195 dehinc
3541 2154 3740 2194 conse-

2147 2243 2382 2306 quentur
2421 2233 2649 2288 ﬁliorum
2685 2233 2802 2304 ejus
2842 2233 3003 2289 baltei
3039 2232 3198 2288 simul
3241 2240 3295 2287 et
3341 2239 3537 2286 czctera
3578 2231 3738 2284 indu-

2148 2335 2329 2380 menta
2367 2333 2730 2394 exponuntur,
2769 2340 2892 2380 cum
2932 2324 3168 2380 dicitur:
3197 2321 3362 2377 Porro
3398 2321 3526 2390 ﬁliis
3553 2321 3741 2376 Aaron

2149 2415 2354 2469 tunicas
2383 2414 2550 2470 lineas
2572 2415 2805 2485 parabis,
2838 2425 2885 2470 et
2916 2414 3111 2469 balteos
3138 2431 3201 2469 ac
3231 2415 3397 2468 tiaras
3427 2413 3483 2466 in
3511 2413 3740 2483 gloriam

2149 2514 2196 2559 et
2227 2504 2485 2558 decorem.
2528 2503 2712 2574 Neque
2751 2505 2818 2559 de
2851 2504 3045 2560 balteis
3079 2519 3289 2569 eorum,
3327 2511 3511 2559 utrum
3535 2511 3594 2558 et
3624 2503 3744 2571 ipso

2151 2609 2315 2664 opere
2340 2593 2611 2664 plumarii,
2646 2610 2712 2648 an
2745 2595 2904 2650 unius
2937 2594 3133 2650 coloris
3163 2594 3278 2649 ﬁeri
3301 2593 3609 2657 debuerint,
3643 2593 3744 2647 ali-

2153 2686 2284 2756 quid
2311 2686 2640 2740 decernitur.
2687 2686 2979 2740 Dicendum
3009 2693 3092 2740 est
3127 2685 3288 2755 igitur
3313 2685 3492 2754 primo
3517 2685 3586 2739 de
3615 2684 3740 2738 bal-

2155 2782 2242 2829 teo
2271 2772 2557 2843 pontiﬁcis,
2589 2774 2679 2842 qui
2707 2774 2771 2828 de
2793 2782 3026 2843 quatuor
3045 2773 3150 2828 illis
3177 2772 3447 2828 coloribus
3467 2771 3748 2827 nobilissi-

2155 2866 2259 2921 mis
2287 2879 2353 2919 ac
2379 2863 2492 2919 Deo
2519 2863 2693 2935 dignis
2727 2861 2900 2918 factus
2924 2873 3007 2918 est
3029 2903 3043 2928 ,
3069 2863 3194 2932 quia
3227 2871 3348 2932 apte
3383 2861 3546 2916 talem
3574 2861 3750 2915 habe-

2156 2968 2240 3016 ret
2265 2958 2529 3030 pontifex,
2568 2972 2728 3028 quem
2770 2956 3026 3027 singulari
3072 2957 3330 3010 virtutum
3370 2955 3566 3010 decore
3603 2968 3750 3007 scm-

473 3041 755 3106 varietate,
780 3038 1065 3094 subintulit
1091 3038 1277 3094 dicens
1309 3057 1321 3093 Ξ
1359 3039 1532 3094 liabet
1565 3047 1743 3095 autem
1769 3040 1954 3094 florem
1983 3040 2056 3094 εἰ·
2098 3121 2114 3123 ξ
2154 3066 2253 3123 per
2293 3051 2576 3120 oportebat,
2609 3048 2836 3119 accingi,
2885 3057 3007 3119 apte
3047 3046 3288 3117 pontifex
3329 3045 3576 3100 variante
3613 3043 3752 3098 ﬂore

473 3131 658 3186 milem
699 3128 1012 3200 plantagini,
1060 3136 1115 3183 et
1153 3143 1250 3199 per
1296 3128 1582 3184 circuitum
1611 3139 1722 3185 tota
1745 3144 1942 3184 corona
1971 3129 2055 3183 his

2159 3121 2398 3198 colorum
2427 3139 2764 3211 fulgentium,
2796 3139 3070 3195 accinctus
3099 3137 3378 3194 incedebat
3403 3152 3418 3191 :
3449 3137 3577 3206 quia
3606 3137 3758 3192 sicut

473 3221 698 3277 ﬁoribus
731 3227 815 3276 est
842 3219 1052 3286 caelata,
1083 3219 1151 3274 ab
1177 3219 1429 3289 occipitio
1464 3235 1636 3290 usque
1672 3222 1741 3276 ad
1771 3229 2058 3290 utrumque

476 3324 706 3384 tempus.
754 3311 813 3365 In
854 3308 1030 3364 fronte
1066 3323 1196 3364 vero
1233 3309 1335 3366 hoc
1370 3311 1586 3380 quidem
1613 3325 1718 3366 non
1745 3309 1907 3366 habet
1930 3329 1942 3364 :
1965 3310 2060 3365 sed

477 3403 676 3457 lamina
705 3411 791 3457 est
813 3415 998 3465 aurea,
1028 3415 1148 3470 quze
1174 3400 1345 3456 sacris
1372 3399 1568 3456 litteris
1603 3400 1699 3454 Dei
1737 3414 1933 3454 nomen
1959 3399 2059 3454 ha-

478 3495 570 3548 bet
589 3493 926 3562 inscriptum.
973 3489 1101 3546 llaec
1129 3491 1347 3561 quidem
1367 3491 1434 3545 de
1455 3491 1692 3552 secundo
1716 3489 1982 3546 velamine
2009 3498 2065 3545 et

481 3583 695 3638 coronis
732 3581 1047 3654 pontificum
1085 3581 1286 3648 aureis,
1330 3581 1612 3652 Scriptura
1655 3590 1843 3638 sancta
1883 3589 2064 3637 tacere

482 3676 715 3731 videtur.
753 3674 1082 3732 Coronarum
1120 3691 1250 3732 vero
1278 3677 1517 3732 breviter
1551 3676 1680 3734 fecit
1706 3678 1760 3733 in
1791 3677 2068 3749 sequenti-

480 3765 584 3821 bus
606 3765 931 3820 mentionem
953 3765 1173 3822 dicens:
1200 3763 1460 3821 Fecerunt
1482 3775 1528 3821 et
1550 3769 1756 3823 tunicas
1782 3785 1934 3838 opere
1956 3779 2065 3823 tea:-

484 3855 588 3920 tili,
613 3854 791 3909 Aaron
816 3866 865 3910 et
893 3855 993 3925 ﬁlii
1029 3857 1163 3927 ejus,
1203 3866 1251 3912 et
1285 3858 1472 3912 mitras
1508 3874 1626 3912 cum
1661 3859 1926 3913 coronulis
1956 3861 2066 3914 suis

483 3961 551 3999 ea:
576 3944 744 4014 bysso.
785 3944 892 3999 Sed
915 3946 981 4001 dc
1008 3963 1112 4016 qua
1141 3948 1362 4002 materia
1391 3947 1544 4002 facta:
1573 3958 1755 4004 essent
1779 3967 1883 4004 non
1911 3951 2065 4004 dixit.

486 4035 622 4092 Cum
661 4036 804 4090 enim
845 4037 1008 4099 dicat,
1058 4047 1114 4092 et
1154 4038 1340 4093 mitras
1387 4054 1508 4094 cum
1551 4041 1824 4096 coronulis
1857 4042 1969 4096 suis
2002 4057 2070 4097 ex

487 4127 669 4197 bysso,
726 4133 936 4197 poterat
985 4125 1208 4198 intelligi
1263 4134 1518 4198 utrasque
1568 4142 1634 4183 ex
1686 4129 1847 4200 bysso
1901 4129 2072 4184 factas

489 4232 609 4272 esse
630 4257 645 4282 ,
682 4217 727 4272 si
764 4233 872 4272 non
894 4215 1162 4288 Josephus
1189 4232 1418 4273 coronas
1443 4232 1564 4273 esse
1598 4233 1792 4274 aureas
1825 4220 2073 4290 designa-

489 4318 592 4375 ret,
624 4308 716 4378 qui
750 4317 928 4364 stante
967 4309 1142 4366 adhuc
1182 4310 1401 4380 templo,
1443 4320 1498 4366 et
1534 4309 1694 4381 legali
1729 4311 2073 4366 observantia

490 4400 780 4466 celebrata,
804 4417 926 4456 cum
953 4411 1100 4456 esset
1121 4402 1189 4458 de
1217 4416 1415 4474 genere
1441 4402 1784 4467 sacerdotali,
1816 4401 2073 4459 facillime

2159 3232 2296 3287 alius
2333 3231 2580 3302 quilibet,
2603 3245 2822 3287 necesse
2843 3240 2926 3286 est
2950 3231 3213 3286 industria
3234 3229 3584 3285 continentiae
3610 3243 3756 3299 pra:-

2160 3323 2431 3392 cingatur,
2459 3336 2528 3377 ne
2559 3336 2685 3377 caro
2711 3337 3014 3393 repugnans
3050 3322 3262 3392 spiritui
3295 3321 3563 3376 internam
3593 3336 3757 3376 men-

2161 3415 2232 3469 tis
2259 3428 2447 3485 pacem
2484 3413 2774 3482 aliquando
2808 3413 3123 3478 conturbet;
3168 3412 3242 3466 ita
3280 3411 3517 3483 pontifex
3561 3425 3628 3465 ac
3657 3413 3758 3464 do-

2162 3511 2280 3558 ctor
2344 3502 2580 3558 ﬁdelium
2609 3543 2624 3567 ,
2678 3501 2915 3559 edomito
2969 3500 3084 3570 jam
3139 3501 3287 3556 omni
3340 3500 3764 3570 concupiscibili

2165 3603 2313 3651 motu
2349 3596 2514 3650 animi
2557 3593 2671 3650 sive
2713 3595 2976 3664 corporis,
3017 3594 3132 3664 ipsa
3159 3594 3418 3647 virtutum
3444 3593 3612 3647 debet
3641 3591 3761 3661 glo-

2166 3689 2247 3743 ria
2282 3687 2604 3743 circumdari
2633 3700 2648 3739 :
2675 3693 2734 3740 ut
2757 3684 2914 3753 juxta
2940 3684 3243 3754 exemplum
3279 3683 3426 3738 ﬂoris
3459 3682 3624 3746 illius,
3661 3683 3761 3750 qui

2165 3791 2417 3849 egressus
2447 3783 2532 3832 est
2559 3777 2624 3832 de
2654 3775 2836 3830 radice
2865 3773 3038 3839 Iesse,
3071 3775 3126 3830 id
3155 3782 3257 3840 est,
3286 3773 3496 3828 Domini
3520 3773 3762 3827 salvato—

2169 3869 2267 3941 ris,
2289 3870 2360 3924 sit
2379 3867 2590 3939 justitia
2619 3866 2890 3938 cingulum
2917 3865 3223 3920 lumborum
3247 3863 3385 3932 ejus,
3409 3871 3466 3918 et
3492 3863 3628 3918 ﬁdes
3645 3863 3764 3917 cin-

2167 3960 2396 4015 ctorium
2444 3973 2634 4013 renum
2673 3955 2808 4025 ejus.
2859 3955 3077 4011 Tunica:
3109 3963 3291 4010 autem
3318 3953 3474 4008 linea:
3502 3961 3558 4007 et
3593 3952 3766 4007 baltei

2169 4063 2234 4102 ac
2273 4048 2422 4100 tiarze
2445 4087 2460 4111 ,
2497 4062 2617 4115 quae
2661 4045 2784 4099 ﬁliis
2821 4045 2998 4099 Aaron
3042 4047 3109 4098 in-
3138 4043 3362 4114 gloriam
3405 4050 3461 4096 et
3503 4041 3766 4096 decorem

2171 4137 2288 4192 ﬁeri
2336 4144 2606 4206 przecepta
2651 4144 2800 4201 sunt,
2839 4135 2966 4207 quid
3002 4135 3160 4189 nobis
3207 4133 3403 4188 interni
3449 4131 3665 4187 decoris
3706 4139 3767 4184 et

2170 4225 2352 4297 glorize
2399 4225 2799 4288 commendent,
2837 4223 3089 4279 facillime
3127 4238 3194 4277 ex
3233 4221 3319 4276 his
3353 4234 3474 4291 quae
3511 4219 3771 4288 superius

2171 4317 2413 4388 exposita
2455 4324 2602 4381 sunt,
2637 4315 2864 4386 intelligi
2894 4315 3056 4370 valet.
3109 4313 3346 4369 Tunicas
3385 4326 3618 4380 namque
3660 4312 3766 4365 ha-

2173 4408 2304 4463 bent
2353 4406 2662 4462 sacerdotes
2709 4405 2911 4470 lineas,
2955 4419 3078 4460 cum
3143 4411 3318 4458 totum
3363 4416 3563 4470 corpus
3603 4415 3765 4454 suum

489 4489 665 4558 potuit
701 4491 918 4544 modum
959 4504 1175 4544 omnem
1217 4491 1567 4547 sacerdotalis
1608 4492 1926 4558 indumenti,
1964 4507 2073 4547 non
2098 4461 2151 4521 D
2178 4497 2414 4554 candore
2441 4496 2710 4552 castitatis
2739 4461 3008 4551 dedicant.
3048 4493 3246 4550 Balteis
3275 4461 3485 4547 tunicas
3513 4490 3766 4560 cingunt,

494 4585 702 4630 tantum
750 4577 1010 4647 legendo,
1059 4580 1153 4634 sed
1195 4580 1426 4635 videndo
1474 4597 1817 4651 cognoscere.
1875 4583 2074 4638 Verum

493 4667 610 4721 sive
630 4666 878 4738 byssina),
910 4682 1006 4722 seu
1035 4667 1234 4724 fuerint
1259 4684 1436 4724 aurea:
1461 4671 1754 4736 coronulm,
1793 4688 1915 4727 cum
1948 4687 2078 4728 con-

495 4765 604 4812 stet
631 4772 724 4812 eas
748 4755 920 4814 factas
938 4773 1058 4814 esse
1082 4775 1205 4816 cum
1236 4761 1416 4816 mitris
1433 4801 1449 4826 ,
1478 4762 1718 4817 dicamus
1744 4765 1979 4818 breviter
2010 4764 2077 4819 de

494 4847 690 4922 figura.
732 4849 922 4904 Mitras
959 4864 1082 4904 eum
1121 4851 1394 4907 coronulis
1431 4853 1630 4908 habent
1666 4855 1976 4910 sacerdotes
2007 4869 2076 4911 ex

498 4940 680 5010 bysso,
711 4937 803 5008 qui
829 4939 909 4993 sic
935 4939 1132 5005 visum,
1163 4941 1424 5006 auditum,
1455 4951 1688 5012 gustum,
1733 4943 1987 4999 olfactum
2025 4953 2080 4999 et

501 5035 706 5083 tactum
730 5043 886 5083 suum
914 5027 968 5081 in
993 5038 1274 5085 venustate
1295 5031 1628 5087 castimonia:
1651 5035 1985 5100 custodiunt,
2021 5044 2083 5089 ut

500 5134 602 5190 pro
622 5120 811 5176 eadem
840 5121 1086 5176 custodia
1110 5137 1170 5178 se
1198 5138 1456 5178 coronam
1491 5125 1613 5179 vita:
1643 5141 1803 5195 quam
1830 5128 2088 5196 repromi-

503 5213 577 5268 sit
607 5211 750 5268 Deus
789 5211 1136 5284 diligentibus
1177 5229 1255 5279 se,
1294 5215 1540 5286 accipere
1573 5225 1811 5287 sperent.
1870 5217 1937 5271 Et
1977 5216 2088 5271 bal-

504 5311 644 5356 teum
680 5318 830 5373 apere
856 5301 1136 5372 plumario.
1182 5305 1257 5360 De
1284 5304 1436 5374 cujus
1467 5306 1717 5361 videlicet
1744 5305 1952 5364 factura
1983 5307 2090 5361 bal-

507 5395 604 5460 tei,
635 5393 973 5449 manifestius
1006 5394 1059 5448 in
1087 5397 1476 5465 posterioribus
1509 5399 1769 5468 scriptum
1806 5409 1908 5454 est.
1959 5399 2085 5454 Cin-

507 5485 689 5555 guium
735 5501 864 5541 vero
902 5485 1149 5542 fecerunt
1190 5489 1255 5544 de
1301 5492 1459 5560 bysso
1505 5501 1726 5557 retorta,
1769 5493 2081 5563 hyacintho,

508 5591 767 5646 purpura,
805 5595 869 5633 ac
905 5579 1200 5634 vermiculo
1239 5581 1322 5636 bis
1365 5582 1552 5647 tincto,
1593 5598 1756 5651 opere
1794 5585 2078 5654 plumario.

514 5665 624 5722 Hoc
648 5669 937 5740 cingulum,
972 5680 1028 5724 ut
1055 5669 1410 5741 Hieronymus
1436 5686 1503 5726 ex
1528 5670 1762 5744 Josepho
1789 5675 1998 5739 scribit,
2028 5675 2081 5729 in

2179 4603 2300 4644 cum
2329 4587 2574 4643 eamdem
2612 4585 2985 4642 castimoniam
3014 4583 3257 4653 vigilanti
3292 4581 3488 4637 mentis
3513 4579 3766 4634 custodia

2179 4677 2640 4746 circumspiciunt,
2687 4690 2756 4730 ne
2799 4675 3126 4731 conscientia
3173 4674 3346 4738 illius,
3385 4671 3773 4728 desidiosiores

2181 4782 2308 4837 erga
2343 4769 2609 4822 bonorum
2638 4781 2862 4835 operum
2899 4765 3156 4822 exercitia
3195 4771 3538 4826 remaneant;
3572 4777 3640 4817 ne
3667 4775 3775 4830 per

2174 4857 2493 4929 iactantiam
2523 4857 2853 4913 castimoniae
2884 4857 3053 4926 ipsius
3084 4857 3250 4912 etiam
3277 4854 3612 4911 castimonia:
3647 4868 3773 4908 me-

2185 4951 2347 5004 ritum
2375 4949 2636 5003 minuant.

2269 5037 2565 5109 Vestiesque
2596 5038 2675 5092 his
2705 5038 2942 5093 omnibus
2961 5038 3137 5092 Aaron
3166 5038 3383 5108 fratrem
3403 5047 3550 5089 tuum
3564 5034 3779 5104 etﬁlios

2184 5129 2300 5198 ejus
2337 5144 2455 5182 cum
2490 5143 2574 5192 eo,
2603 5137 2651 5181 et
2679 5137 2983 5182 cunctorum
3025 5127 3350 5181 consecrabis
3390 5141 3602 5191 manus,
3642 5140 3784 5178 san-

2185 5217 2540 5287 ctiﬁcabisque
2567 5216 2704 5282 illos,
2734 5225 2789 5271 ut
2814 5217 3107 5272 sacerdotio
3136 5217 3426 5286 fungantur
3451 5215 3602 5268 mihi.
3637 5213 3782 5268 0m-

2189 5310 2350 5363 nibus
2386 5309 2601 5377 quidem
2631 5309 2717 5363 bis
2743 5307 3053 5363 vestiendus
3081 5316 3200 5362 erat
3223 5306 3406 5360 Aaron
3431 5315 3488 5359 et
3509 5303 3604 5358 ﬁlii
3625 5303 3778 5372 eius,

2189 5399 2284 5454 sed
2309 5413 2371 5454 ea
2400 5398 2764 5463 distinctione,
2787 5406 2847 5452 ut
2868 5397 2980 5466 ipse
3001 5397 3217 5468 quidem
3251 5396 3340 5451 bis
3369 5394 3623 5450 omnibus
3653 5403 3790 5448 nte.

2191 5501 2371 5555 rctur;
2404 5491 2498 5546 ﬁlii
2524 5499 2702 5546 autem
2725 5491 2928 5546 ultimis
2959 5492 3148 5553 tribus,
3174 5506 3294 5560 qua:
3315 5489 3524 5543 illorum
3548 5487 3786 5555 proprie

2191 5582 2393 5636 nomini
2423 5581 2654 5649 ascripta
2678 5589 2820 5643 sunt,
2850 5597 2971 5636 cum
3000 5581 3196 5636 dicitur
3217 5599 3229 5633 :
3250 5580 3421 5634 Porro
3445 5578 3570 5631 ﬁliis
3589 5577 3791 5629 Aaron

2193 5674 2400 5728 tunicas
2433 5673 2602 5727 lineas
2629 5673 2845 5742 parabis
2870 5712 2887 5736 ,
2916 5683 2970 5729 et
2999 5672 3202 5727 balteos
3245 5688 3310 5726 ac
3347 5672 3511 5725 tiaras
3551 5669 3612 5721 in
3661 5668 3790 5736 glo-
