3954 6176
237 335 345 391 203

1195 313 1693 374 COMMENTARIA
1733 311 1799 367 ΙΝ
1841 306 2149 368 EXODUM.
2195 338 2262 346 —-
2302 306 2434 360 LIB.
2478 307 2565 361 iV.

3403 306 3506 359 Silii

233 453 377 506 riam
401 454 455 499 οι
479 443 749 497 decorem.
801 438 953 505 Quod
988 451 1115 491 vero
1149 435 1391 506 sequitur
1417 452 1430 488 :
1461 430 1649 486 Facies
1678 442 1723 485 et
1755 431 1823 500 [e-
1852 431 1901 490 Α
1929 428 2029 482 hnc
2066 443 2262 497 genere
2306 426 2611 481 vestimenti
2655 426 2767 494 ipse
2807 426 2955 496 prius
2985 426 3161 480 .\aron
3192 437 3240 482 et
3271 427 3364 483 filii
3400 428 3514 497 ejus

236 536 463 596 minalia
503 533 661 589 linea.
694 541 747 584 ut
787 530 1021 600 operiant
1068 543 1275 580 carnem
1320 523 1656 595 turpitudinis
1696 538 1827 587 sum,

238 650 275 685 α
302 626 511 683 renibus
536 638 699 693 usque
727 619 796 673 ad
830 619 1047 689 femina,
1085 626 1131 670 et
1168 627 1379 669 utentur
1401 616 1475 668 eis
1503 613 1679 667 Aaron
1702 622 1748 665 et
1772 612 1832 681 ﬁ-

238 721 305 775 lii
336 719 451 789 ejus
482 756 496 781 ,
525 711 738 785 quando
774 708 1134 780 ingrediantur
1173 704 1565 760 tabernaculum
1602 704 1830 758 testimo-

240 812 344 874 nii,
375 806 452 862 vel
470 803 681 876 quando
704 800 1117 872 appropinquant
1144 798 1214 851 ad
1239 797 1427 861 altare,
1457 805 1512 850 ut
1543 794 1834 849 ministrent

240 902 304 954 in
324 895 650 954 sanctuario,
678 908 743 946 ne
768 889 1061 956 iniquitatis
1093 890 1166 943 rei
1194 890 1509 941 moriantur.
1548 886 1628 941 Ad
1657 896 1834 941 utros-

242 1006 356 1062 que
381 986 541 1044 simul
568 992 624 1040 et
652 982 834 1037 Aaron
861 980 1065 1036 scilicet
1091 987 1146 1034 et
1168 977 1304 1033 filios
1338 975 1473 1046 ejus,
1502 978 1642 1032 sicut
1669 976 1833 1031 etiam

243 1084 370 1153 ipsa
400 1078 566 1134 verba
585 1072 870 1129 manifeSte
897 1071 1147 1142 probant,
1172 1070 1431 1140 pertinet,
1457 1067 1641 1139 sicque
1675 1066 1751 1133 fit,
1780 1074 1837 1121 ut

243 1173 431 1227 Aaron
460 1168 576 1239 ipse
606 1164 818 1221 cunctis
851 1178 970 1232 quae
997 1171 1492 1216 commemorantur
1523 1168 1646 1214 octo
1676 1158 1838 1214 vesti—

241 1263 353 1318 bus
391 1260 682 1313 induatur:
716 1251 1057 1308 feminalibus
1081 1249 1331 1305 videlicet
1356 1249 1531 1314 lineis,
1563 1249 1744 1303 tunica
1776 1247 1840 1301 li-

247 1367 381 1415 nea,
431 1348 611 1402 tunica
659 1343 1030 1415 hyacinthina,
1079 1338 1528 1411 superhumerali,
1569 1338 1837 1404 rationali,

248 1444 449 1504 balteo,
500 1441 658 1504 tiara,
700 1437 877 1509 petalo
912 1451 1094 1491 aureo.
1137 1434 1258 1489 Filii
1292 1449 1420 1489 vero
1454 1433 1572 1505 ejus
1611 1441 1842 1503 quatuor

250 1546 437 1590 tamen
459 1549 523 1588 ex
546 1532 632 1587 his
649 1572 662 1596 ,
688 1531 739 1586 id
767 1538 850 1585 est
867 1570 882 1594 ,
916 1528 1278 1595 feminalibus,
1307 1527 1449 1583 linea
1475 1528 1660 1583 stricta
1682 1569 1696 1593 ,
1728 1527 1836 1581 cin-

249 1626 383 1697 gulo
407 1633 460 1680 et
493 1624 633 1678 tiara
666 1628 908 1676 utantur.
962 1620 1162 1674 Verum
1189 1619 1315 1689 quia
1340 1619 1406 1674 de
1433 1618 1657 1674 caeteris.
1680 1635 1842 1689 supra

252 1724 549 1770 tractatum
593 1719 696 1777 est,
743 1709 1014 1765 feminalia
1063 1709 1179 1764 huic
1221 1725 1339 1779 quae
1384 1711 1451 1764 ad
1497 1710 1841 1778 operiendam

1936 521 2241 584 induerant,
2269 528 2325 574 ct
2344 519 2422 573 sic
2445 518 2511 573 ad
2533 533 2752 573 manum
2781 517 2947 589 Moysi
2978 519 3212 583 lavandi,
3240 520 3516 586 induenui,

1933 611 2189 683 ungendi,
2217 619 2272 666 et
2298 610 2648 667 consecrandi
2676 610 2966 666 intrabant.
3006 610 3107 667 Ubi
3132 621 3187 666 et
3208 612 3311 667 hoc
3332 621 3531 668 notan-'

1936 705 2085 769 dum,
2126 703 2269 773 quod
2314 711 2731 758 consecraturos
2771 716 2864 757 cos
2907 701 3136 773 Moyses,
3177 701 3352 773 primo
3392 702 3531 759 lavit

1938 811 2101 866 aqua,
2129 802 2183 849 et
2210 794 2287 850 sic
2313 794 2555 848 habitum
2587 793 2695 848 illis
2715 784 2856 848 sacri
2885 794 3083 864 gradus
3109 794 3335 864 imponit
3360 812 3373 848 :
3399 795 3526 866 quia

1939 888 2194 944 nimirum
2226 901 2449 942 necesse
2475 894 2559 941 est
2584 895 2643 941 ut
2676 887 2769 956 qui
2802 887 2867 941 ad
2907 887 3141 942 ollicium
3177 887 3367 944 altaris
3399 903 3526 960 pro-

1942 981 2240 1037 movculus
2268 988 2374 1046 est,
2410 978 2704 1048 majoribus
2727 993 2785 1035 se
2814 978 2970 1035 solito
3008 979 3223 1036 lluentis
3257 980 3527 1053 lacryma-

1942 1089 2059 1128 rum
2084 1073 2198 1129 sive
2217 1072 2666 1141 compunctionis,
2693 1080 2934 1141 tempore
2955 1072 3307 1128 dedicationis
3321 1073 3527 1138 abluat,

1945 1173 2004 1220 ut
2028 1180 2135 1235 quo
2167 1164 2419 1219 mundior
2453 1165 2520 1219 ad
2548 1164 2770 1234 gradum
2811 1164 3183 1236 accipiendum
3210 1167 3526 1231 accesserit,

1945 1270 2010 1308 eo
2056 1252 2349 1325 perfectius
2389 1263 2668 1324 acceptum
2718 1264 3074 1311 consummet.
3135 1256 3357 1313 indutus
3403 1274 3531 1313 vero

1947 1345 2116 1399 sacris
2142 1344 2381 1398 vestibus
2407 1343 2669 1413 pontifex,
2702 1360 2826 1399 mox
2856 1344 2977 1399 oleo
3006 1346 3275 1402 unctionis
3306 1346 3532 1417 profun—

1930 1432 2112 1499 ditur,
2137 1440 2199 1487 ut
2223 1447 2321 1502 per
2345 1432 2576 1502 gratiam
2598 1430 2833 1503 Spiritus
2855 1434 3027 1489 sancti
3051 1438 3388 1493 consecratio
3407 1452 3532 1508 per-

1950 1523 2184 1591 ficiatur,
2213 1540 2319 1579 non
2348 1523 2489 1595 quod
2519 1540 2582 1580 ea
2608 1541 2726 1595 qua:
2752 1527 3030 1597 praemissa
3060 1536 3189 1583 sunt
3218 1528 3531 1585 indumenta

1949 1617 2228 1682 virtutum,
2264 1618 2467 1688 absque
2504 1617 2679 1689 gratia
2721 1616 2817 1672 Dei
2859 1619 3128 1689 possimus
3160 1619 3394 1688 habere,
3439 1625 3534 1677 sed

1948 1708 2076 1778 quia
2115 1708 2287 1778 majus
2316 1723 2534 1764 necesse
2576 1715 2657 1762 est
2693 1709 2948 1764 auxilium
2979 1711 3166 1781 gratiae
3196 1712 3467 1769 tribuatur
3503 1732 3531 1767 a

252 1820 481 1861 carnem
519 1801 866 1873 turpitudinis
896 1799 1389 1865 fierimandautur,
1426 1780 1570 1854 illam
1601 1800 1850 1855 castimo-
1876 1782 1923 1841 Β
1953 1798 2200 1863 Domino,
2228 1799 2317 1853 ubi
2345 1800 2466 1868 quis
2488 1799 2571 1855 vel
2600 1799 2856 1868 majorem
2883 1780 3258 1860 conscenderit
3286 1805 3534 1876 gradum,

256 1899 368 1953 nize
405 1897 733 1966 portionem,
772 1910 892 1964 qum
924 1893 994 1948 ab
1028 1892 1266 1963 appetitu
1310 1891 1513 1963 copulae
1559 1890 1852 1962 conjugalis

255 1988 498 2052 cohibet,
527 1985 745 2056 proprie
772 1983 1048 2055 designat;
1080 1983 1197 2038 sine
1231 1998 1334 2053 qua
1365 1997 1525 2037 nemo
1560 1982 1641 2036 vel
1671 1996 1853 2037 sacer-

259 2079 469 2134 dotium
497 2078 798 2146 suscipere,
836 2076 921 2131 vel
953 2075 1020 2130 ad
1058 2074 1246 2129 altaris
1278 2080 1457 2144 potest
1495 2073 1854 2128 ministerium

261 2168 598 2235 consecrari,
623 2168 675 2223 id
705 2176 810 2233 est,
846 2166 892 2221 si
924 2181 1031 2221 non
1059 2173 1153 2219 aut
1180 2165 1330 2236 virgo
1352 2163 1733 2234 permanserit,
1763 2172 1858 2218 aut

259 2270 480 2327 contra,
515 2275 728 2316 uxorem
759 2257 1157 2327 coniunctionis
1192 2255 1398 2312 fmdera
1424 2255 1663 2311 solverit.
1703 2254 1855 2323 Quod

261 2353 520 2409 videlicet
543 2367 709 2423 genus
734 2351 970 2415 virtutis,
1001 2348 1129 2403 nulli
1168 2363 1264 2418 per
1290 2347 1460 2420 legem
1489 2347 1584 2401 Dei
1613 2361 1858 2401 necessa-

265 2444 355 2499 rio
379 2441 711 2512 impositum,
740 2440 833 2495 sed
858 2438 1159 2493 voluntaria
1194 2445 1278 2492 est
1314 2436 1596 2493 devotione
1630 2436 1857 2492 Domino

266 2533 628 2597 oll'erendum,
676 2532 889 2588 dicente
931 2529 1049 2601 ipso
1090 2531 1156 2586 de
1194 2531 1299 2586 hoc
1329 2549 1341 2584 :
1371 2528 1495 2583 Non
1545 2545 1722 2583 omnes
1770 2545 1859 2583 ca-

267 2624 422 2694 piunt
444 2622 652 2676 verbum
675 2622 815 2675 istud
839 2620 1055 2688 (Matth.
1085 2620 1221 2692 nx).
1260 2619 1339 2674 Ad
1368 2635 1531 2691 quam
1555 2627 1739 2675 tamen
1768 2619 1860 2673 be-

269 2715 436 2785 nigna
481 2729 604 2768 mox
650 2712 1026 2768 exhortatione
1054 2726 1146 2767 eos
1175 2712 1264 2781 qui
1294 2712 1501 2782 possint
1532 2711 1747 2776 invitat,
1781 2711 1861 2765 di-

270 2823 405 2862 cens
431 2824 444 2859 :
470 2805 577 2873 Qui
595 2816 759 2875 potest
787 2821 969 2876 capere
990 2804 1182 2875 capiat.
1224 2803 1290 2858 Et
1310 2802 1469 2875 paulo
1488 2812 1610 2875 post
1631 2803 1861 2868 eisdem,

270 2899 365 2968 qui
403 2897 488 2951 vel
522 2912 748 2952 uxorem
791 2895 875 2951 vel
908 2894 1044 2950 alios
1078 2903 1337 2966 cognatos
1372 2901 1428 2949 et
1464 2893 1865 2964 implicamenta

275 2989 465 3042 mundi
498 2986 659 3057 hujus
681 3028 696 3052 ,
736 2993 957 3056 promer
989 2985 1165 3055 ipsum
1202 2984 1513 3054 reliquerit,
1555 2984 1864 3054 centuplum

272 3079 562 3149 promittat
585 3078 639 3133 in
660 3076 765 3132 hac
791 3076 901 3130 vita
924 3076 1206 3146 praemium
1224 3116 1238 3139 ,
1274 3084 1328 3130 et
1352 3075 1404 3130 in
1434 3075 1629 3131 saeculo
1658 3073 1859 3140 futuro,

275 3173 445 3225 vitam
466 3176 745 3223 aeternam.
788 3166 942 3222 Unde
971 3174 1121 3222 certe
1143 3167 1315 3236 gratia
1339 3165 1723 3231 distinctionis,
1752 3182 1861 3222 non

279 3260 496 3332 Moyses
535 3259 640 3313 hoc
666 3257 984 3313 indumento
1019 3257 1219 3311 vestire
1255 3256 1436 3312 Aaron
1475 3266 1531 3313 et
1573 3256 1712 3312 ﬁlios
1750 3256 1865 3327 ejus

272 3351 521 3423 iubetur,
558 3350 700 3405 sicut
725 3347 794 3404 de
819 3348 1093 3419 prioribus
1126 3350 1255 3404 dicit
1279 3366 1293 3401 :
1326 3347 1620 3420 Vestiesque
1648 3350 1728 3404 his
1754 3366 1865 3403 om-

281 3443 433 3496 nibus
462 3440 647 3494 Aaron
679 3439 897 3509 fratrem
932 3448 1079 3493 tuum
1104 3448 1153 3493 et
1174 3438 1313 3508 ﬁlios
1349 3440 1462 3511 ejus
1489 3457 1606 3494 cum
1636 3457 1718 3506 ea,
1747 3440 1863 3506 sed,

286 3530 497 3595 Facies,
537 3530 733 3598 inquit,
768 3527 1038 3599 feminalia
1071 3527 1229 3594 linea,
1268 3538 1324 3582 ut
1361 3530 1597 3600 operiant
1634 3546 1863 3584 carnem.

281 3624 409 3693 Ipsi,
432 3622 633 3693 inquit,
662 3619 908 3690 operiant
930 3634 1151 3675 carnem
1175 3620 1519 3690 turpitudinis
1545 3636 1673 3685 sum,
1705 3630 1766 3675 ut
1791 3621 1869 3675 fe-

284 3715 505 3768 minalia
532 3712 804 3784 pontiﬁci,
828 3718 883 3767 et
905 3710 1027 3767 ﬁliis
1052 3712 1167 3782 ejus
1189 3711 1356 3767 facies
1383 3730 1396 3766 :
1425 3721 1478 3767 tu
1502 3714 1766 3768 castitatis
1788 3729 1870 3767 re-

279 3806 465 3876 gulam
493 3803 714 3858 docebis
738 3843 753 3865 ,
781 3811 840 3857 tu
862 3800 1241 3856 abstinendum
1268 3801 1337 3855 ab
1359 3817 1560 3857 uxoreo
1590 3802 1870 3871 complexu

285 3897 365 3951 eis
404 3896 498 3964 qui
549 3893 855 3949 sacerdotio
894 3891 1059 3947 functi
1099 3901 1246 3957 sunt,
1288 3891 1581 3947 intimabis.
1620 3891 1757 3947 Nulli
1797 3900 1879 3946 ta—

288 4001 413 4041 men
438 3984 668 4040 violenti
698 3982 1002 4052 hujusmodi
1031 3983 1375 4038 continentiae
1391 3980 1582 4054 jugum
1609 3982 1871 4054 imponas.

291 4074 398 4132 Sed
441 4074 752 4144 quicunque
790 4073 1100 4128 sacerdotes
1142 4071 1283 4139 fieri,
1324 4088 1387 4129 ac
1425 4072 1727 4128 ministerio
1760 4088 1875 4129 ser-

295 4167 403 4219 vire
422 4164 617 4219 altaris
638 4163 844 4228 volunt,
874 4162 977 4232 ipsi
1003 4177 1099 4217 sua
1122 4171 1313 4234 sponte
1337 4179 1564 4219 uxorum
1591 4165 1730 4219 servi
1756 4180 1876 4220 esse

1952 1887 2035 1943 vel
2062 1888 2417 1958 plurimorum
2448 1888 2612 1943 fuerit
2638 1890 2885 1961 regimini
2913 1891 3187 1962 przelatus.
3228 1893 3533 1952 Notanduzzi

1952 1979 2157 2035 interea
2181 1980 2324 2049 quod
2350 1994 2471 2034 cum
2502 1979 2555 2033 in
2579 1980 2679 2035 hoc
2707 1980 2845 2036 libro
2872 1981 3063 2048 Exodi,
3097 1983 3275 2040 Aaron
3299 1995 3423 2043 octo
3448 2003 3539 2041 vc-

1953 2069 2126 2124 stibus
2149 2070 2451 2125 induendas
2469 2078 2764 2137 asseratur,
2788 2071 2999 2127 videtur
3020 2073 3075 2127 in
3098 2073 3337 2131 chitico
3357 2077 3538 2132 addita

1954 2168 2009 2215 et
2052 2160 2283 2215 notitia:
2311 2160 2523 2215 balteus
2561 2160 2808 2217 videlicet
2842 2178 2950 2233 quo
2984 2162 3123 2219 linea
3160 2163 3323 2221 fuerit
3357 2168 3540 2224 tunECa

1955 2256 2082 2305 ante
2123 2249 2370 2304 indutam
2406 2249 2810 2317 hyacinthinam
2856 2255 3166 2323 praecincta.
3217 2255 3310 2315 Sic
3340 2260 3539 2315 etenim

1955 2340 2216 2409 scriptum
2242 2348 2327 2395 est
2354 2355 2372 2394 :
2399 2336 2633 2411 Cumque
2667 2340 2873 2396 lavisset
2897 2360 3004 2409 eos,
3030 2346 3225 2400 vestivit
3247 2347 3541 2417 pontiﬁcem

1956 2428 2212 2484 subucula
2250 2428 2388 2484 linea
2408 2470 2422 2494 ,
2462 2432 2737 2503 accingens
2764 2449 2882 2487 eum
2914 2433 3104 2502 balteo,
3135 2447 3183 2491 et
3212 2438 3435 2495 induens
3465 2450 3544 2493 tu.

1958 2520 2130 2574 uicem
2159 2520 2574 2591 hyacinthinam,
2618 2532 2666 2577 et
2702 2523 2924 2596 desuper
2975 2526 3245 2584 humerale
3277 2530 3545 2602 imposuit,

1957 2609 2098 2682 quod
2138 2610 2395 2682 stringens
2431 2611 2673 2683 cingulo,
2715 2616 2908 2686 aptat-it
2958 2618 3229 2674 rationali.
3271 2618 3379 2678 Sed
3415 2638 3543 2694 quo-

1960 2704 2336 2775 modocunque
2362 2704 2467 2761 hoc
2507 2703 2709 2762 factum
2744 2707 2928 2777 fuerit,
2969 2722 3117 2781 patet
3141 2713 3446 2772 manifeste
3480 2732 3545 2774 ex

1961 2793 2042 2849 eis
2067 2807 2185 2863 quae
2206 2793 2492 2864 explanata
2522 2804 2667 2862 sunt,
2703 2796 2874 2869 figura
2896 2802 3120 2856 vestitus
3151 2802 3545 2863 intellectualis.

1962 2880 2167 2939 Verum
2209 2883 2337 2954 quia
2385 2885 2450 2940 de
2501 2884 2685 2942 habitu
2727 2889 3047 2946 sacerdotali
3082 2902 3371 2963 sequentes
3407 2896 3549 2952 dicta

1962 2982 2199 3047 patrum,
2222 2975 2459 3031 breviter
2478 2976 2582 3033 ista
2606 2980 3039 3051 perstrinximus,
3072 2985 3368 3041 notandum
3394 2996 3550 3059 puta-

1966 3068 2143 3124 vimus
2163 3066 2360 3133 ethoc,
2387 3069 2514 3139 quid
2542 3078 2773 3139 quatuor
2799 3071 2876 3127 illi
2898 3072 3108 3129 colores
3130 3075 3314 3130 eximii
3340 3077 3407 3133 de
3431 3079 3549 3148 qui-

1966 3160 2068 3217 bus
2090 3160 2264 3216 factus
2296 3167 2400 3227 est,
2438 3160 2661 3216 totidem
2690 3161 2969 3219 elementis
2998 3180 3231 3238 congrua
3267 3182 3550 3240 compara-

1965 3252 2112 3308 tione
2139 3263 2374 3326 aptatur,
2403 3253 2599 3326 byssus
2639 3254 2754 3309 sive
2793 3254 2987 3322 linum,
3021 3264 3182 3313 terrae
3216 3258 3361 3329 quod
3385 3274 3453 3316 ex
3485 3275 3549 3316 ea

1965 3354 2284 3415 nascuntur,
2311 3363 2571 3420 purpura,
2602 3347 2780 3417 aquis,
2808 3348 2950 3419 quod
2974 3364 3043 3404 ex
3063 3344 3289 3406 maﬁnis
3317 3353 3555 3424 conchy-

1967 3435 2054 3492 liis
2079 3439 2337 3510 tingatur,
2368 3441 2694 3511 hyacinthus
2734 3448 2787 3495 et
2826 3455 3038 3505 coccus,
3074 3442 3189 3497 aeri
3227 3450 3283 3499 et
3318 3443 3448 3515 igni,
3482 3447 3555 3500 oh

1969 3529 2168 3584 coloris
2210 3529 2643 3598 similitudinem,
2676 3548 2979 3605 coccusque
3016 3534 3179 3592 fuerit
3210 3537 3295 3593 bis
3332 3540 3554 3600 tinctus.

1969 3631 2035 3671 eo
2068 3620 2208 3686 quod
2249 3619 2388 3691 ignis
2428 3623 2642 3691 gemina
2687 3623 2757 3678 sit
2794 3624 2993 3682 virtute
3026 3628 3284 3696 prmditus
3307 3648 3320 3685 :
3345 3630 3559 3688 luceudi

1971 3706 2218 3762 videlicet
2240 3715 2296 3762 ct
2318 3708 2621 3765 incedendi.
2667 3711 2938 3784 Aiuutque
2977 3715 3185 3773 Hebraei
3212 3759 3226 3786 ,
3268 3720 3395 3789 quia
3439 3721 3560 3778 ideo

1970 3796 2213 3866 pontifex
2249 3799 2490 3854 omnium
2530 3798 2753 3872 ﬁguram
2785 3803 3178 3861 elementorum
3223 3807 3280 3863 in
3318 3824 3418 3865 suo
3461 3810 3559 3865 ltu-

1974 3890 2087 3944 bitu
2123 3893 2435 3962 gestaverit,
2478 3895 2602 3966 quia
2641 3911 2749 3951 non
2789 3897 2961 3953 solum
2998 3915 3097 3970 pro
3133 3899 3327 3969 Israel,
3371 3903 3467 3959 sed
3504 3915 3563 3960 ct

1972 3998 2072 4052 pro
2111 3985 2259 4039 omni
2301 3988 2503 4043 mundo
2534 3988 2854 4058 immolans,
2894 4008 3085 4062 rogare
3121 3994 3417 4053 debuerat:
3442 4000 3561 4069 qui-

1975 4072 2077 4126 bus
2103 4087 2201 4128 nos
2229 4089 2337 4130 non
2378 4076 2674 4148 incongrue
2711 4079 2853 4135 forte
2886 4082 3086 4138 addere
3125 4083 3386 4150 valemus,
3432 4087 3562 4153 quid

1978 4162 2032 4215 in
2067 4177 2177 4218 uno
2206 4180 2421 4236 quoque
2455 4168 2758 4235 hominum,
2793 4170 2963 4242 ﬁgura
3001 4174 3239 4228 omnium
3270 4173 3564 4230 elemento-

295 4257 582 4312 desistant.
635 4254 775 4320 Quid
811 4254 902 4309 ubi
939 4252 1286 4324 perfecerint,
1327 4262 1382 4309 et.
1421 4264 1671 4325 suscepto
1711 4254 1877 4310 semel
1978 4267 2098 4310 rum
2118 4255 2617 4328 continetur:lgnis
2639 4259 2692 4312 in
2721 4260 2918 4325 calore,
2944 4262 3087 4318 aeris
3105 4262 3159 4316 in
3180 4262 3370 4331 halitu,
3394 4280 3565 4336 aqua-

295 4346 641 4403 contiueutiae
668 4345 946 4415 proposito
966 4385 983 4410 ,
1012 4344 1290 4401 ministros
1318 4360 1377 4400 se
1400 4346 1692 4400 sanctuarii
1717 4354 1878 4414 atque
1978 4363 2097 4403 rum
2122 4349 2176 4402 in
2205 4349 2451 4413 humore,
2480 4355 2636 4402 terrae
2657 4349 2710 4402 in
2735 4349 2852 4419 ipsa
2872 4350 3142 4408 soliditate
3170 4355 3560 4413 membrorum.

297 4439 485 4495 altaris
517 4437 636 4491 fore
661 4436 1027 4502 consentiunt,
1057 4435 1228 4491 aderit
1254 4436 1340 4491 lex
1366 4436 1566 4500 divina,
1595 4450 1714 4505 qua:
1735 4435 1880 4489 velut
1904 4460 1958 4521 Ι)
1983 4438 2138 4495 Unde
2171 4448 2227 4493 et
2264 4454 2294 4492 a
2340 4437 2669 4510 physiologis
2698 4437 2885 4497 Graece
2926 4442 3091 4498 homo
3121 4442 3485 4523 μικρόκοσμος,
3512 4450 3567 4504 id

298 4539 553 4587 casterum
578 4528 685 4582 illis
706 4528 949 4582 habitum
979 4527 1350 4582 sacerdotibus
1379 4540 1677 4597 congruum
1706 4525 1876 4595 impo-

297 4637 455 4686 nens,
480 4618 755 4690 quomodo
779 4618 962 4674 vivere
987 4618 1071 4674 vel
1096 4618 1293 4673 docere
1324 4617 1575 4682 debeant,
1606 4617 1880 4672 abundant

298 4712 537 4783 justitite.

373 4804 610 4872 Cumque
650 4798 838 4856 laveris
898 4811 1103 4870 patrem
1149 4817 1266 4854 cum
1311 4800 1437 4870 ﬁliis
1482 4814 1639 4870 aqua,
1696 4801 1879 4855 indues

308 4892 478 4947 Aaron
518 4895 833 4948 vestimentis
866 4893 995 4954 suis,
1036 4892 1092 4945 id
1123 4900 1218 4955 est,
1245 4890 1384 4945 linea
1412 4901 1462 4946 et
1491 4893 1688 4958 tunica,
1720 4901 1766 4945 et
1793 4908 1883 4945 su-

306 4984 675 5051 perhumerali,
692 4993 740 5038 et
755 4982 1152 5053 rationaliquod
1165 4983 1482 5052 constringes
1505 4982 1693 5047 balteo,
1720 4993 1767 5035 et
1795 4998 1888 5052 po-

305 5088 393 5125 nes
429 5073 627 5126 tiaram
664 5072 720 5125 in
751 5071 1085 5141 caput-ejus,
1121 5080 1168 5124 et
1192 5068 1447 5125 laminam
1473 5082 1709 5125 sanctam
1732 5087 1889 5143 super

309 5159 513 5220 tiaram.
549 5170 599 5214 et
630 5159 805 5214 oleum
845 5160 1102 5214 unctionis
1140 5159 1327 5228 fundes
1368 5177 1524 5231 super
1559 5172 1711 5232 caput
1753 5163 1888 5233 ejus,

310 5261 459 5320 atque
486 5252 587 5306 hoc
618 5251 725 5304 ritu
760 5250 1165 5304 consectabitur.
1207 5247 1375 5304 Filios
1400 5266 1602 5321 quoque
1629 5250 1770 5304 illius
1800 5268 1893 5321 ap-

312 5340 547 5408 plicabis,
600 5348 651 5393 et
694 5339 881 5393 indues
933 5340 1119 5394 tunicis
1164 5338 1338 5404 lineis,
1392 5339 1663 5409 cingesque
1701 5339 1891 5403 balteo,

314 5429 487 5485 Aaron
520 5430 721 5486 scilicet
750 5439 800 5485 et
833 5430 1019 5485 liberos
1047 5431 1184 5499 ejus,
1213 5441 1261 5484 et
1291 5432 1528 5500 impones
1558 5430 1635 5483 eis
1673 5431 1890 5497 mitras;

314 5528 563 5589 erutaque
615 5518 912 5573 sacerdotes
953 5520 1053 5572 mei
1101 5519 1345 5590 religione
1391 5529 1640 5590 perpetua
1691 5518 1888 5589 (Exod.

319 5609 484 5681 xxix).
538 5609 676 5664 Nam
705 5625 881 5680 neque
913 5610 1004 5667 hic
1026 5613 1091 5667 de
1118 5610 1458 5668 feminalibus
1484 5633 1514 5668 a
1545 5612 1723 5683 Moyse
1753 5616 1892 5671 acci-

318 5697 540 5767 pieudis,
577 5703 908 5771 prmcipitur.
963 5703 1113 5758 Unde
1148 5703 1350 5773 liquido
1381 5714 1609 5772 constat,
1655 5707 1794 5775 quod
1834 5722 1892 5762 se

1981 4536 2065 4583 est
2108 4529 2288 4583 minor
2328 4529 2558 4583 mundus
2600 4539 2844 4585 vocatur.
2898 4531 3037 4600 Quid
3063 4542 3119 4589 et
3149 4536 3196 4591 si
3239 4552 3429 4593 aurum
3460 4555 3568 4613 quo

1984 4618 2041 4673 in
2077 4618 2264 4673 eodem
2296 4618 2503 4683 habitu,
2524 4618 2679 4689 juxta
2706 4620 2847 4676 hanc
2868 4621 3272 4695 intelligentiam
3301 4628 3569 4700 significet

1986 4709 2202 4777 quaeris,
2237 4708 2609 4764 rationabilem
2646 4709 2700 4763 in
2737 4724 2804 4765 eo
2848 4711 3079 4769 interius
3120 4715 3353 4773 hominis
3395 4719 3571 4774 virtu-

1987 4808 2095 4854 tem
2142 4798 2412 4868 intelligo:
2445 4801 2586 4855 unde
2621 4810 2677 4854 et
2711 4802 2764 4856 in
2812 4816 2876 4856 eo
2926 4806 3143 4875 preprie
3177 4816 3422 4863 sanctum
3463 4809 3570 4865 Βοσ-

1988 4891 2120 4946 ιιιὶιιὶ
2149 4892 2406 4961 scriptum
2434 4900 2535 4956 est,
2574 4893 2698 4963 quia
2728 4909 2832 4949 non
2870 4895 2972 4949 nisi
3013 4911 3111 4965 per
3142 4898 3302 4963 hanc,
3343 4900 3570 4970 quisque

1987 4981 2055 5036 ad
2077 4981 2437 5053 cognitionem
2465 4984 2546 5037 sui
2571 4984 2867 5041 conditoris
2900 4987 3161 5042 ascendit.
3212 4987 3350 5043 Hinc
3366 4992 3566 5046 etenim

1989 5073 2120 5127 dicit
2155 5073 2443 5144 Apostolus
2478 5073 2586 5127 ειη
2625 5075 2870 5129 interiore
2902 5076 3108 5132 homine
3148 5077 3385 5134 habitare
3426 5078 3572 5134 Chr:-

1991 5175 2127 5221 stum
2172 5184 2265 5238 per
2297 5167 2456 5238 ﬁdem
2496 5168 2551 5222 in
2593 5166 2834 5220 cordibus
2874 5169 3067 5223 nostris
3110 5168 3322 5241 (Ephes.
3359 5169 3463 5239 ιιι).
3502 5169 3571 5223 Et

1993 5258 2115 5313 ideo
2151 5258 2306 5313 nobis
2333 5257 2609 5328 Scriptura
2647 5257 2956 5328 pontificem
2997 5259 3207 5315 Veteris
3244 5258 3568 5315 Testamcnti

1993 5348 2072 5403 sic
2108 5347 2358 5401 vestitum
2387 5346 2679 5417 respondit,
2712 5357 2772 5402 ut
2799 5347 2938 5403 sciat
2964 5350 3134 5405 nostri
3160 5348 3413 5419 temporis
3437 5362 3572 5418 pon-

1994 5437 2123 5492 tifex
2162 5453 2262 5507 pro
2308 5445 2421 5492 toto
2466 5453 2525 5492 se
2565 5454 2763 5507 genere
2800 5440 3073 5505 humano,
3110 5439 3343 5494 maxime
3389 5447 3570 5493 autem

1992 5544 2092 5599 pro
2115 5528 2193 5583 eis
2226 5528 2319 5596 qui
2349 5537 2716 5597 cognoverunt
2752 5530 3054 5595 veritatem,
3091 5529 3410 5599 signumque
3445 5527 3571 5603 ﬁdei

1995 5617 2137 5671 illius
2164 5618 2217 5671 in
2245 5615 2422 5680 fronte
2450 5625 2687 5685 portant,
2716 5618 3048 5672 intercedere
3075 5618 3287 5682 debere,
3318 5618 3574 5690 Apostolo

1996 5709 2317 5764 admonente
2361 5722 2425 5763 ac
2462 5709 2673 5763 dicente
2704 5729 2715 5763 :
2747 5707 2971 5764 Obsecro
3008 5710 3169 5779 igitur
3198 5710 3423 5785 primum
3462 5727 3573 5767 om-
