3956 6176
418 331 524 388 90³1

1064 316 1124 370 Β.
1168 310 1424 369 RABANI
1465 305 1684 362 MAUBI
1722 304 2042 360 ARCIIIEP.
2087 300 2395 357 MOGUNT.
2438 298 2722 356 OPERUM
2761 294 2940 351 PARS
2979 295 3016 349 l.

3579 296 3690 353 208

417 446 569 496 nium
619 436 733 508 ﬁeri
785 428 1196 491 obsecrationes,
1250 423 1547 485 ora.iones,
1605 416 1999 488 postulationes,
2030 412 2263 477 Anobis
2316 410 2686 467 sanctimonia:
2737 410 2966 465 Domino
3012 409 3247 465 donante
3293 412 3694 483 conquirimus.

421 500 712 604 gratiarum
740 523 990 586 actiones,
1017 533 1112 589 pro
1139 515 1377 570 omnibus
1417 508 1746 571 hominibus,
1775 500 1884 576 pro
1925 522 2006 559 re-

420 596 570 693 gibus
616 627 663 672 et
708 613 964 675 omnibus,
1008 609 1098 681 qui
1133 608 1189 661 in
1231 603 1551 661 sublimitate
1583 610 1703 655 sunt
1748 597 1800 670 (Ι
1861 596 1998 650 Tini.

421 715 505 784 ιι).
558 711 697 779 Quid
744 709 791 764 si
842 708 895 762 in
941 703 1196 776 pontiﬁce
1242 715 1406 771 quem
1444 704 1729 754 consecrat
1771 694 2003 765 Moyses,

421 806 708 861 Dominum
754 801 1077 857 salvatorem
1124 793 1517 863 intelligimus,
1554 787 1677 857 jure
1722 787 1775 841 in
1816 784 2004 839 habitu

422 910 520 952 suo
564 895 727 948 totius
764 889 947 946 mundi
987 886 1214 958 ﬁguram
1252 881 1410 938 simul
1438 889 1494 936 et
1520 878 1778 942 hominis,
1821 876 2003 931 habet.

421 987 538 1056 Ipse
559 991 641 1038 cst
669 981 809 1037 enim
836 987 894 1033 ut
923 974 1213 1046 Apostolus
1241 972 1334 1039 ait,
1368 969 1628 1041 Splendor
1652 966 1835 1038 gloria:
1861 974 1909 1019 et
1932 966 2003 1056 ﬁ-

421 1055 554 1146 gura
583 1071 886 1127 substantia:
912 1067 1011 1121 Dei
1038 1064 1250 1136 prioris,
1283 1070 1598 1131 portamque
1640 1057 1817 1112 omnia
1858 1055 2004 1109 uerbo

421 1165 652 1220 ueritatis
691 1178 801 1217 sua:
844 1158 1047 1232 (Hebr.
1097 1173 1146 1222 t;
1195 1153 1356 1209 Joan.
1400 1169 1466 1219 t;
1507 1149 1657 1205 Psal.
1705 1147 1847 1220 cxx).
1886 1147 2007 1216 Ipse

422 1272 589 1327 agnus
631 1253 764 1317 Dei,
809 1251 898 1321 qui
937 1246 1070 1303 tollit
1107 1255 1318 1317 peccata
1356 1243 1559 1297 mundi.
1610 1240 1729 1311 lpse
1762 1239 2005 1294 sacerdos

422 1352 479 1405 in
516 1358 786 1411 artemnm,
827 1344 973 1400 omni
1008 1340 1310 1396 sanctitatis
1339 1344 1533 1393 ornatu
1560 1333 1871 1406 prmelarus,
1902 1347 2007 1386 non

422 1455 584 1511 quem
613 1445 769 1492 natus
802 1436 855 1489 in
881 1445 1043 1488 carne
1068 1446 1164 1502 per
1191 1427 1510 1485 exercitium
1534 1424 1735 1481 laboris
1759 1422 2007 1492 accipere

423 1535 641 1599 meruit,
672 1532 767 1587 sed
792 1544 951 1600 quem
988 1527 1041 1581 in
1069 1533 1225 1579 utero
1255 1521 1480 1592 virginis
1507 1520 1843 1579 incarnatus,
1873 1529 2009 1585 pnn-

424 1626 673 1680 veniente
698 1620 931 1691 Spiritus
960 1616 1136 1672 sancti
1170 1612 1343 1685 gratia
1382 1618 1551 1677 totum
1588 1606 1748 1662 simul
1777 1604 2005 1673 accepit,

423 1713 578 1785 cujus
618 1709 979 1768 sacerdotium
1017 1702 1499 1775 interpellationem
1540 1712 1639 1769 pro
1689 1695 1842 1751 nobis
1884 1693 2006 1764 pul-

2108 502 2348 573 Expletis
2385 513 2565 557 autem
2601 502 2870 557 mandatis
2914 500 3281 569 hujuscemodi
3322 507 3699 563 consecratio-

2109 594 2192 648 nis
2212 593 2393 648 Aaron
2416 603 2472 647 et
2500 592 2731 647 ﬁliorum
2760 592 2898 662 ejus,
2928 591 3068 646 redit
3093 589 3372 661 Scriptura
3402 597 3706 666 praecipere

2107 685 2270 739 etiam
2293 686 2358 739 de
2388 683 2599 739 factura
2628 684 2814 738 altaris
2842 684 3046 738 incensi
3079 702 3090 736 :
3123 684 3175 738 in
3204 699 3311 753 quo
3340 686 3481 741 idem
3512 688 3703 743 Aaron

2108 775 2479 845 quotidianum
2508 773 2723 829 adolere
2748 773 3045 843 thymiama
3073 773 3315 829 de'.eret.

2713 863 2940 920 CAPUT
2996 863 3088 918 IX.
3404 921 3411 928 ,

2339 963 2417 1017 De
2442 962 2600 1017 altari
2625 962 2821 1016 incensi
2860 972 2906 1015 et
2940 962 3298 1016 instrumentis
3335 962 3469 1032 ejus.

2181 1051 2229 1104 F
2232 1053 2369 1107 acies
2404 1069 2635 1123 quoque,
2674 1052 2867 1121 inquit,
2908 1050 3077 1105 altare
3112 1052 3183 1106 ad
3217 1052 3533 1107 adolendum
3572 1057 3705 1126 tity-

2108 1146 2302 1199 miama
2326 1186 2340 1209 ,
2380 1146 2444 1199 de
2481 1144 2635 1215 lignis
2673 1144 2858 1198 set/tim
2892 1143 3085 1197 habens
3133 1144 3363 1197 cubitum
3410 1144 3708 1216 longitudi—

2110 1238 2208 1302 nis,
2260 1247 2309 1292 et
2338 1236 2563 1291 alterum
2596 1236 2922 1301 latitudinis,
2961 1235 3016 1289 id
3052 1245 3149 1301 est,
3190 1237 3614 1308 quadrangulum
3649 1252 3706 1295 et

2109 1328 2240 1382 duos
2284 1328 2483 1381 cubitos
2521 1328 2576 1380 in
2624 1326 2902 1380 altitudine
2952 1325 3149 1398 (Exod.
3205 1328 3358 1400 xxx).
3415 1328 3473 1384 Si
3523 1330 3706 1386 altare

2108 1417 2410 1472 holocausti
2444 1417 2510 1471 de
2536 1431 2643 1485 quo
2681 1431 2843 1486 supra
2885 1416 3087 1471 dictum
3124 1425 3229 1483 est,
3266 1420 3589 1490 generaliter
3618 1424 3705 1477 vi-

2110 1519 2219 1565 tam
2270 1510 2517 1578 designat
2545 1510 2838 1580 justorum,
2876 1508 2970 1578 qui
3011 1525 3230 1564 carnem
3267 1527 3420 1567 suam
3454 1515 3707 1583 quotidie

2107 1602 2425 1673 cruciﬁgere
2469 1616 2591 1656 cum
2627 1600 2773 1671 vitiis
2814 1609 2869 1655 et
2913 1602 3386 1671 concupiscentiis,
3430 1615 3594 1676 atque
3640 1608 3706 1662 in

2109 1680 2339 1751 hostiam
2384 1696 2598 1748 vivente
2640 1696 2750 1748 Deo
2786 1693 2981 1748 oﬁ'crrc
3030 1705 3378 1759 consuerunt,
3420 1699 3547 1767 quid
3595 1700 3706 1755 hoc

424 1764 694 1862 clterrimc
730 1798 1120 1857 commendans
1159 1764 1456 1864 .Apostolus
1482 1832 1498 1857 ,
1544 1790 1622 1845 ait
1648 1807 1660 1842 :
1689 1786 1790 1840 Hic
1834 1795 2007 1839 autem
2037 1764 2083 1821 Β
2112 1784 2280 1839 altare
2307 1785 2376 1839 ad
2405 1784 2724 1838 atlolendum
2756 1785 3050 1855 thymiama
3087 1784 3308 1850 factum,
3346 1764 3453 1843 nisi
3486 1791 3706 1859 speci“-

424 1916 482 1953 eo
499 1896 875 1970 quod‘maneat
903 1893 958 1947 in
985 1900 1236 1947 aeternum
1267 1886 1632 1956 sempiternum
1660 1881 1810 1935 habet
1837 1895 2010 1933 sacer-

422 1968 644 2052 dotium,
668 1983 806 2039 unde
830 1991 880 2037 et
906 1979 1110 2036 salvare
1138 1978 1194 2031 in
1222 1983 1525 2048 perpetuum
1551 1981 1731 2043 potest,
1760 1968 2010 2023 accedens

418 2094 513 2144 per
539 2075 866 2143 semetipsum
900 2070 970 2125 ad
1018 2067 1333 2129 Dominum,
1367 2078 1567 2133 semper
1597 2061 1767 2115 vivens
1805 2059 1873 2112 ad
1925 2058 2008 2110 in-

421 2164 803 2236 terpellandum
842 2176 938 2232 pro
977 2160 1053 2215 eis
1093 2156 1281 2230 (Hebr.
1316 2152 1436 2226 vn).
1475 2150 1640 2220 Cujus
1664 2151 1826 2205 etiam
1860 2163 2010 2218 aeque

410 2254 738 2309 indumenta
762 2261 818 2308 et
837 2256 1155 2307 ornamenta
1178 2247 1440 2299 virtutum
1474 2239 1884 2303 commendans,
1918 2237 2012 2291 ad-

417 2346 630 2418 illuxit:
649 2343 792 2398 Talis
812 2344 949 2397 enim
972 2340 1183 2395 decebat
1208 2347 1259 2390 ut
1281 2336 1426 2390 nobis
1448 2342 1577 2389 esset
1604 2331 1860 2403 pontifex,
1894 2348 2012 2386 san-

426 2446 562 2499 ctus,
586 2436 855 2497 innocens,
883 2429 1210 2501 impollutus,
1235 2434 1533 2498 segregatus
1567 2442 1598 2478 a
1630 2421 2010 2493 peccatoribus,

423 2535 472 2580 et
501 2523 755 2579 excelsior
782 2520 921 2576 oculis
949 2520 1142 2590 factus,
1173 2517 1263 2586 qui
1301 2530 1427 2570 vere
1457 2514 1645 2568 habuit
1674 2513 1926 2566 laminam
1956 2512 2009 2565 in

424 2616 602 2687 capite
641 2627 739 2669 suo
784 2625 1029 2674 auream,
1076 2608 1131 2662 in
1177 2621 1283 2676 qua
1325 2615 1469 2661 esset
1510 2613 1755 2659 sanctum
1800 2601 2011 2655 Domini

424 2705 714 2776 sculptum,
745 2701 870 2773 quia
894 2699 1040 2755 venit
1070 2699 1125 2752 in
1162 2695 1377 2753 nomine
1416 2693 1612 2758 Patris,
1653 2692 1869 2747 dicens:
1896 2690 2009 2760 Ego

423 2800 480 2852 in
509 2796 690 2862 Patre,
731 2805 778 2848 et
817 2791 978 2845 Pater
1011 2791 1067 2843 in
1101 2806 1181 2843 me
1217 2796 1312 2852 est,
1349 2796 1398 2840 et
1436 2785 1524 2857 qui
1562 2784 1697 2839 videt
1733 2798 1835 2847 me,
1875 2781 2010 2835 uidet

423 2898 472 2942 et
510 2885 725 2940 Patrem
757 2882 938 2957 (Joan.
977 2882 1111 2951 xxv).
1165 2880 1440 2935 Hactenus
1474 2878 1653 2933 Aaron
1688 2887 1744 2932 et
1777 2873 2009 2929 ﬁliorum

423 2980 542 3051 ejus
576 2977 791 3032 habitus
825 2975 1000 3046 qualis
1034 2989 1155 3029 esse
1192 2973 1407 3039 debeat,
1448 2969 1655 3027 cmlesti
1694 2968 2012 3040 designatur

424 3071 664 3129 oraculo.
722 3068 979 3138 Sequitur
1016 3074 1193 3120 autem
1233 3064 1360 3119 hinc
1394 3063 1561 3117 etiam
1596 3061 1787 3115 modus
1823 3073 2012 3114 conse-

425 3163 683 3220 crationis
705 3205 718 3226 ,
751 3175 858 3230 quo
884 3158 967 3212 vel
996 3158 1140 3227 ipsos
1165 3155 1249 3210 vel
1287 3153 1693 3209 tabernaculum
1716 3167 1839 3207 cum
1860 3152 2009 3206 omni
2035 3124 2082 3187 Ο

425 3251 758 3323 supellectile
795 3264 908 3312 sua,
953 3248 1192 3302 dedicari
1231 3252 1498 3317 oporteat,
1533 3243 1732 3298 oblatis
1761 3242 2016 3298 videlicet

426 3346 656 3401 Domino
683 3343 849 3398 vitulo
877 3350 932 3395 et
965 3341 1173 3395 duobus
1210 3337 1501 3403 arietibus,
1547 3336 1773 3408 panibus
1801 3350 2017 3406 quoque

427 3437 654 3493 triticeis
679 3453 785 3491 non
818 3435 991 3491 solum
1021 3435 1225 3506 azymis
1255 3434 1349 3489 sed
1378 3441 1433 3488 et
1460 3432 1581 3488 oleo
1608 3431 1933 3502 conspersis,
1970 3430 2016 3486 si

429 3527 630 3593 velitis,
659 3526 900 3581 adhibito
926 3525 1089 3581 etiam
1117 3524 1236 3579 oleo
1265 3523 1557 3578 unctionis.

499 3618 629 3688 Quae
684 3619 940 3674 nimirum
988 3626 1181 3674 cuncta
1232 3616 1346 3671 sive
1398 3630 1621 3685 operum
1675 3613 2016 3669 devotionem

428 3715 692 3769 bonorum
742 3728 807 3768 ac
847 3711 1166 3767 munditiam
1206 3709 1351 3776 ﬁdei,
1401 3724 1497 3765 seu
1542 3709 1775 3780 gratiam
1823 3708 2018 3763 divinae

430 3805 805 3861 illustrationis
850 3805 964 3860 sola
1003 3804 1312 3860 consecrari
1342 3811 1576 3873 oportet,
1613 3802 1922 3857 sacerdotes
1957 3800 2017 3854 ﬁ-

431 3906 617 3970 gurate
658 3898 1053 3952 demonstrant.
1092 3894 1224 3961 Quis
1254 3892 1397 3948 enim
1442 3893 1650 3947 nesciat
1686 3890 2016 3945 immolatio-

432 4004 556 4043 nem
612 4003 678 4041 ac
734 3987 1048 4057 sanguinem
1105 3984 1319 4037 illorum
1372 3982 1684 4036 animalium
1713 4022 1730 4048 ,
1789 3988 2017 4036 mortem

433 4079 909 4150 aspersionemque
949 4076 1237 4147 designare
1271 4073 1547 4143 sanguinis
1582 4072 1795 4127 Domini
1821 4071 2015 4137 nostri,

431 4184 530 4240 per
555 4185 717 4239 quam
748 4176 803 4223 et
828 4183 859 4222 a
891 4165 1129 4237 peccatis
1158 4162 1489 4228 absolvendi,
1523 4172 1578 4217 et
1617 4162 1672 4217 in
1706 4161 1862 4217 bonis
1893 4176 2021 4231 ope-

431 4264 583 4318 ribus
615 4276 801 4317 sumus
821 4257 1221 4316 conﬁrmandi?
1257 4255 1428 4310 Panes
1457 4270 1669 4326 quoque
1694 4254 1867 4326 azymi
1890 4253 2020 4324 quid

434 4352 679 4423 mysterii
727 4351 979 4407 salutaris
1027 4350 1361 4414 contineant,
1412 4346 1571 4403 docet
1615 4345 1903 4417 Apostolus
1945 4343 2021 4399 ὀί-

434 4457 563 4497 cens
594 4460 608 4495 :
639 4442 824 4513 Itaque
856 4440 1144 4511 epulamur,
1177 4456 1281 4493 non
1323 4440 1377 4492 in
1418 4437 1671 4507 femtento
1717 4437 1892 4503 veteri,
1938 4451 2021 4489 ne-

434 4547 534 4601 que
577 4531 631 4583 in
677 4529 928 4599 fermento
970 4527 1187 4581 malitiae
1219 4537 1266 4581 et
1308 4527 1572 4596 nequitite,
1622 4526 1711 4579 sed
1741 4525 1795 4578 in
1824 4525 2024 4595 azymis

435 4621 751 4675 sinceritatis
776 4629 822 4672 et
845 4618 1075 4671 veritatis
1102 4614 1154 4688 (Ι
1176 4615 1299 4669 Cor.
1325 4616 1403 4687 v).
1452 4616 1756 4685 Conspersa
1787 4622 1911 4668 sunt
1932 4630 2028 4669 au-

437 4718 574 4775 tem,
601 4708 714 4763 sive
740 4706 834 4761 lita
859 4705 979 4761 oleo
1007 4704 1243 4760 crustula
1277 4712 1330 4758 et
1360 4703 1551 4774 lagana
1570 4743 1585 4769 ,
1616 4713 1676 4758 ut
1704 4703 2024 4757 admonere-

439 4815 564 4855 mur
589 4813 753 4869 opera
776 4796 1001 4861 habere,
1032 4811 1139 4850 non
1170 4794 1342 4849 solum
1370 4809 1401 4846 a
1432 4791 1698 4849 fermento
1728 4792 1945 4848 malitia:
1974 4801 2031 4847 et

442 4891 696 4961 nequitia:
735 4888 1024 4959 castigata,
1062 4885 1157 4940 sed
1186 4894 1241 4940 et
1269 4884 1708 4955 pinguetudinem
1742 4885 2029 4939 eharitatis

442 4982 639 5039 divinis
666 4982 880 5052 dignam
907 4978 1303 5048 conspectibus.
1341 4976 1437 5032 Vel
1471 4984 1617 5032 certe
1645 4977 1885 5032 crustula
1906 4978 2025 5033 oleo

441 5086 738 5140 conspersa
773 5069 840 5123 ad
869 5067 1334 5124 consecrationem
1363 5076 1603 5122 nostram
1638 5068 1866 5122 Domino
1893 5067 2027 5124 olfe-

443 5165 636 5228 rimus,
686 5176 809 5216 cum
856 5160 1107 5214 universa
1159 5173 1278 5228 qua:
1322 5156 1567 5223 fecimus,
1616 5172 1712 5228 per
1758 5159 2028 5213 interuam

444 5256 620 5313 sancti
651 5252 888 5325 Spiritus
939 5251 1167 5321 gratiam
1213 5250 1267 5304 in
1312 5250 1492 5305 cordis
1533 5250 1704 5304 nostri
1748 5251 2033 5308 devotione

445 5350 825 5420 pinguescunt.
877 5344 1092 5412 Lagana
1120 5341 1237 5396 oleo
1269 5340 1361 5394 lita
1389 5338 1684 5406 offerimus,
1715 5356 1838 5396 cum
1864 5342 2028 5411 etiam

446 5440 581 5496 foris
608 5438 917 5507 hominibus
943 5434 1240 5505 spiritualia
1267 5448 1385 5488 esse
1414 5449 1534 5503 quae
1559 5434 1789 5504 agimus,
1818 5434 2031 5490 indubi-

448 5541 626 5587 tanter
656 5533 708 5587 in
737 5526 1039 5600 exemplum
1071 5526 1285 5581 vivendi
1307 5528 1660 5583 ostendimus.
1712 5528 1916 5595 Quibus
1944 5531 2029 5584 ni-

452 5624 647 5676 mirum
695 5622 1053 5678 oblationibus
1101 5619 1441 5675 conseeratio
1486 5629 1669 5674 nostra
1711 5620 2026 5690 perﬁcitur,

449 5715 579 5769 dum
604 5729 699 5782 per
725 5731 887 5784 opera
919 5718 1055 5771 bona
1086 5723 1140 5769 et
1169 5712 1525 5784 cogitationes
1551 5729 1734 5783 puras,
1777 5714 2029 5769 meritum

2111 1875 2213 1930 lem
2242 1875 2598 1945 quorumdam
2623 1874 3007 1945 perfectiorum
3038 1877 3204 1931 vitam
3231 1879 3544 1950 signiﬁcat?
3591 1881 3707 1938 Ne—

2110 1981 2215 2036 que
2246 1964 2445 2021 frustra
2476 1966 2527 2019 in
2564 1965 2655 2020 illo
2684 1982 2876 2021 carnes
2904 1968 3216 2022 animalium
3249 1969 3703 2038 incendebantur,

2106 2064 2165 2110 et
2194 2056 2250 2111 in
2282 2056 2384 2110 hoc
2414 2054 2728 2110 adolebatur
2752 2056 3051 2122 incensum,
3094 2058 3195 2111 nisi
3226 2058 3350 2127 quia
3378 2059 3469 2113 illo
3495 2059 3707 2130 ﬁgura-

2109 2151 2307 2205 bantur
2331 2150 2407 2215 hi,
2432 2149 2523 2220 qui
2550 2164 2654 2203 non
2684 2150 2978 2204 secundum
3007 2149 3269 2205 desideria
3304 2151 3484 2207 carnis
3507 2154 3709 2207 amm-

2110 2243 2244 2307 laut,
2276 2241 2371 2296 sed
2396 2241 2547 2310 quasi
2575 2241 2690 2295 haec
2731 2240 2962 2295 Domino
2995 2240 3357 2306 immolantes,
3394 2257 3581 2299 omnes
3609 2247 3705 2299 sui

2111 2333 2353 2403 corporis
2389 2346 2581 2387 sensus
2608 2345 2706 2401 per
2737 2331 2915 2402 ignem
2956 2331 3127 2387 sancti
3160 2330 3412 2401 Spiritus,
3442 2333 3558 2403 ejus
3597 2351 3709 2391 vo-

2111 2421 2305 2477 luntati
2340 2422 2608 2487 dedicant,
2642 2421 2696 2475 in
2733 2422 2839 2475 isto
2875 2430 3056 2477 autem
3090 2422 3304 2478 illorum
3336 2434 3493 2494 typus
3517 2428 3712 2496 expri-

2111 2518 2295 2581 mitur,
2354 2516 2443 2585 qui
2502 2513 2705 2582 majore
2762 2516 2960 2570 mentis
3009 2515 3368 2586 perfectione,
3414 2520 3712 2576 exstinctis

2108 2623 2333 2678 prorsus
2381 2622 2444 2662 ac
2492 2608 2683 2677 sopitis
2736 2606 3003 2663 illecebris
3048 2609 3298 2664 omnibus
3338 2612 3538 2676 carnis,
3583 2614 3709 2667 sola

2112 2694 2339 2750 Domino
2380 2698 2685 2751 orationum
2728 2706 2851 2752 vota
2899 2698 3136 2753 offerunt
3178 2717 3190 2752 :
3233 2700 3308 2754 nil
3363 2701 3581 2770 quidem
3632 2706 3711 2759 de

2110 2805 2275 2845 carne
2313 2791 2456 2861 quod
2491 2805 2548 2846 se
2594 2791 2890 2861 impugnet,
2930 2791 3064 2845 nihil
3098 2792 3165 2847 de
3202 2793 3532 2849 conscientia
3572 2809 3711 2864 pet--

2110 2884 2240 2950 cati,
2284 2885 2425 2939 unde
2459 2885 2850 2939 conturbentur
2886 2900 2951 2939 ac
2982 2893 3231 2954 paveant,
3269 2886 3533 2941 habentes
3559 2900 3573 2939 :
3603 2888 3711 2941 sed

2111 2974 2347 3030 dulcium
2370 2974 2682 3046 profusione
2724 2975 3107 3046 lacrymarum,
3137 2984 3388 3045 optantes
3429 2976 3611 3031 venire
3646 2987 3708 3032 et

2112 3082 2304 3137 parere
2329 3075 2456 3123 ante
2490 3066 2683 3122 faciem
2717 3067 2831 3121 Dei.
2873 3066 3026 3123 Unde
3056 3076 3181 3137 apte
3208 3070 3311 3124 hoc
3345 3067 3514 3123 altare
3552 3069 3712 3126 intus

2120 3164 2174 3219 in
2201 3165 2393 3219 vicinia
2421 3163 2522 3219 veli
2546 3173 2600 3219 et
2629 3180 2771 3220 arcae
2798 3162 2924 3219 illud
2957 3179 3099 3220 areae
3131 3167 3533 3222 tabernaculum
3568 3166 3713 3224 foris

2118 3255 2354 3323 positum
2388 3264 2488 3319 est,
2533 3255 2658 3325 quia
2697 3256 2951 3311 nimirum
2981 3257 3058 3311 illi
3096 3257 3148 3311 in
3178 3266 3466 3329 conSpectu
3497 3270 3712 3315 sancta:

2119 3345 2377 3401 Ecclesia:
2409 3348 2622 3402 cunctis
2657 3347 2711 3401 in
2749 3347 2996 3418 exemplo
3038 3348 3297 3403 virtutum
3338 3349 3659 3420 praefulgent
3690 3369 3706 3405 :

2118 3434 2208 3489 isti
2241 3435 2446 3490 altioris
2480 3436 2676 3492 ardore
2715 3437 2991 3503 desiderii,
3029 3437 3479 3507 contemplatione
3506 3438 3712 3495 futurze

2119 3527 2488 3594 beatitudinis,
2541 3528 2665 3582 licet
2709 3543 2936 3598 corpore
2980 3529 3211 3594 detenti,
3259 3545 3366 3583 non
3415 3528 3709 3586 minimum

2117 3614 2501 3686 propinquant.
2550 3616 2796 3686 Apteque
2840 3616 2971 3671 illud
3018 3633 3145 3683 aere,
3193 3618 3297 3673 hoc
3346 3618 3532 3673 vestiri
3566 3634 3711 3675 auro

2118 3704 2444 3776 praacipitur.
2489 3704 2590 3760 {Es
2622 3722 2855 3777 namque
2884 3707 3005 3777 plus
3035 3708 3155 3764 aliis
3182 3708 3413 3764 mctaliis
3441 3724 3709 3765 sonorum

2119 3815 2184 3855 ac
2206 3800 2298 3855 diu
2322 3800 2565 3855 durabile
2601 3808 2685 3855 est
2707 3819 2719 3853 :
2745 3816 2937 3855 aurum
2973 3817 3101 3858 vero
3129 3810 3389 3871 quantum
3420 3817 3552 3857 sono
3578 3817 3709 3856 suc-

2118 3891 2358 3956 cumbit,
2405 3898 2555 3945 tanto
2603 3891 2887 3959 splendore
2925 3900 3148 3960 praestat
3191 3900 3503 3947 teramento.
3553 3891 3712 3947 Unde

2120 3988 2266 4034 recte
2292 3992 2498 4035 aeneum
2533 3980 2702 4035 altare
2729 3980 2782 4033 in
2812 3995 2920 4049 quo
2953 3995 3147 4037 carnes
3179 3982 3625 4046 incendebantur,
3653 3992 3715 4037 et

2119 4071 2337 4142 sanguis
2366 4069 2691 4125 fundebatur
2725 4072 3065 4127 victimarum
3092 4114 3107 4138 ,
3152 4072 3366 4128 illorum
3405 4082 3581 4144 gestat
3623 4084 3715 4145 ty.

2118 4177 2269 4231 pum,
2304 4163 2395 4231 qui
2426 4162 2676 4217 edomitis
2710 4168 2765 4217 et
2802 4162 2949 4216 velut
2986 4163 3096 4219 Deo
3130 4163 3421 4220 immolatis
3459 4164 3714 4235 volupta-

2121 4255 2263 4309 tibus
2317 4253 2529 4318 carnis,
2586 4262 3001 4324 perseveranter
3052 4254 3196 4309 viam
3247 4255 3491 4310 veritatis
3541 4271 3715 4325 quam

2120 4344 2287 4402 semel
2325 4345 2671 4408 inchoavere,
2718 4354 3003 4414 peragunt,
3032 4355 3087 4400 et
3116 4346 3258 4400 hanc
3291 4360 3504 4417 quoque
3530 4347 3714 4416 proxi-

2050 4470 2103 4529 D
2130 4435 2232 4489 mis
2248 4435 2625 4500 incedendum,
2654 4435 2847 4489 crebro
2869 4449 3121 4490 sermone
3138 4436 3538 4505 praadicationis
3564 4437 3717 4491 inso-

2128 4536 2282 4581 nant.
2311 4527 2479 4582 Porro
2506 4541 2730 4581 aureum
2761 4526 2932 4581 altare
2965 4526 3072 4582 illis
3114 4527 3502 4582 convenienter
3556 4534 3716 4596 apta-

2132 4623 2239 4680 tur,
2271 4615 2362 4684 qui
2392 4615 2652 4684 ampliore
2679 4616 2852 4686 gratia
2872 4631 3120 4686 superna:
3144 4615 3407 4671 claritatis
3434 4615 3717 4671 illustran-

2133 4715 2240 4771 tur,
2298 4708 2391 4761 sed
2449 4707 2627 4761 minus
2691 4707 2812 4761 aliis
2864 4722 2982 4775 qua:
3028 4707 3083 4760 in
3137 4716 3351 4762 secreto
3399 4707 3467 4761 de
3496 4706 3716 4760 interna

2132 4797 2401 4852 suavitate
2427 4807 2664 4866 gestent,
2706 4798 2949 4853 dicentes
3002 4798 3270 4868 aperiunt,
3330 4812 3529 4852 munus
3581 4810 3717 4852 eru-

2134 4900 2283 4946 ctare
2316 4890 2689 4960 proloquendo
2719 4891 2991 4945 sulﬁciunt
3015 4907 3028 4957 ;
3058 4900 3262 4959 quanta
3289 4890 3392 4960 ipsi
3421 4889 3570 4943 intus
3592 4887 3721 4943 dul-

2135 4983 2325 5038 cedine
2355 4984 2407 5036 in
2438 4983 2621 5038 abdito
2658 4981 2835 5037 vultus
2880 4982 2973 5037 Dei
3004 4982 3335 5037 reﬁciantur.
3383 4980 3523 5049 Apte
3547 4978 3721 5033 etiam

2136 5076 2306 5155 altare
2337 5075 2705 5144 thymiamatis
2729 5064 2991 5145 quantum
3023 5072 3225 5128 metalli
3264 5071 3472 5142 fulgore
3495 5070 3724 5141 praecl-

2137 5166 2301 5229 lebat,
2338 5174 2486 5218 tanto
2541 5180 2794 5219 mensura
2834 5166 3012 5219 minus
3039 5163 3159 5229 fuit,
3191 5164 3317 5233 qui‘a
3347 5177 3455 5233 quo
3480 5161 3725 5217 sanctio-

2142 5272 2229 5311 res
2259 5272 2473 5325 quoque
2518 5256 2572 5310 in
2629 5256 2894 5322 Ecclesia,
2932 5270 2997 5310 eo
3035 5266 3164 5311 sunt
3211 5255 3513 5325 pauciores.
3577 5253 3727 5325 Apte

2140 5348 2206 5403 de
2227 5347 2432 5402 eisdem
2474 5347 2634 5417 lignis
2665 5348 2861 5402 sethim
2897 5363 3017 5417 quae
3047 5348 3183 5401 alba:
3217 5347 3388 5416 spina:
3415 5345 3636 5410 similia,
3667 5354 3732 5400 et

2112 5456 2257 5496 esse
2289 5440 2717 5510 ineorruptibilia
2753 5441 3008 5503 diximus,
3062 5447 3356 5509 utrumque
3405 5438 3575 5492 altare
3599 5437 3726 5492 ﬁeri

2136 5532 2472 5603 praecipitur,
2522 5533 2648 5602 quia
2700 5533 2958 5586 nimirum
2993 5548 3099 5586 una
3135 5541 3221 5587 est
3272 5532 3391 5586 ﬁdei
3443 5545 3549 5585 non
3580 5528 3734 5587 ﬁcte

2142 5623 2387 5687 ﬁrmitas,
2417 5627 2542 5693 quia
2575 5623 2817 5677 omnium
2864 5625 3029 5679 corda
3066 5624 3362 5679 electorum
3408 5621 3743 5692 ιιι-ωηιυηίτὶ

2141 5724 2305 5785 atque
2360 5716 2427 5771 ad
2461 5716 2861 5784 suscipiendum
2917 5717 3092 5787 ignem
3133 5713 3455 5772 dilectionis.
3506 5720 3563 5767 et
3588 5710 3742 5769 one-
