3954 6176
276 346 394 403 209

1243 336 1736 393 COMMENTARIA
1774 335 1843 391 IN
1881 332 2184 389 EXODUM.
2220 364 2289 373 -—
2327 332 2452 387 LIB.
2496 332 2580 386 IV.

3435 339 3494 393 21
3506 340 3561 394 0--

282 462 460 518 renda
516 460 627 515 Deo
678 458 936 512 virtutum
968 456 1220 510 libamina
1277 456 1473 510 debent
1520 453 2029 525 praeparari;Aex
2085 448 2201 518 ipso
2264 447 2419 502 altari
2475 447 2866 518 thymiamatis,
2925 462 3047 502 cum
3088 462 3250 517 opera
3280 451 3567 506 virtutum~

280 554 419 622 quia
455 549 709 604 omnibus
755 547 1079 619 generaliter
1140 546 1352 617 pusillis
1408 561 1528 601 cum
1569 544 1867 615 majoribus

282 642 533 712 loquitur
557 638 846 709 Apostolus
871 638 1054 692 dicens
1079 656 1091 690 :
1124 635 1438 691 Mundemus
1491 653 1583 690 nos
1632 637 1696 689 ab
1726 636 1867 689 omni

280 736 685 799 inquinamento
705 730 879 784 carnis
905 740 952 783 et
987 719 1224 799 spiritus,
1278 727 1603 799 perﬁcientes
1633 724 1869 793 sanctiﬁ-

281 825 551 878 cationem
608 821 665 875 in
707 821 892 874 timore
918 817 1018 873 Dei
1044 817 1096 891 (I
1126 817 1248 872 Cor.
1304 817 1424 890 vn).
1459 815 1610 887 Apte'
1638 831 1776 870 unus
1805 829 1869 869 ac

283 928 400 965 non
433 910 615 979 dispar
668 915 787 962 erat
815 907 975 977 ignis,
1004 906 1097 975 qui
1152 906 1207 960 in
1242 908 1346 961 hoc
1398 905 1561 959 altari
1595 905 1865 970 victimas,

282 1003 346 1056 in
379 1002 475 1055 illo
525 1000 683 1053 thura
743 997 1083 1062 incendebat,
1136 998 1262 1066 quia
1311 997 1566 1051 nimirum
1621 1012 1761 1051 unus
1788 1004 1879 1051 est

282 1092 538 1163 spiritus,
577 1088 668 1158 qui
701 1096 1024 1143 cunctorum
1079 1096 1288 1142 mentes
1338 1086 1595 1151 ﬁdelium,
1623 1087 1873 1141 variante

283 1183 644 1237 donationum
700 1179 873 1249 gratia
926 1177 1184 1232 viviﬁcat.
1239 1177 1392 1244 Quod
1428 1187 1612 1233 autem
1664 1178 1869 1233 incensi

287 1272 468 1325 altare
505 1268 936 1338 quadrangulum
992 1266 1111 1333 fuit,
1160 1283 1329 1323 unum
1388 1270 1598 1324 habens
1629 1268 1869 1323 cubitum

285 1360 668 1431 longitudinis,
697 1369 751 1412 et
780 1357 1008 1413 alterum
1038 1358 1363 1423 latitudinis,
1399 1358 1536 1413 duos
1559 1372 1691 1413 vero
1718 1358 1770 1412 in
1798 1358 1873 1412 al-

286 1449 845 1520 titudine,fongitudo
891 1449 957 1504 ad
983 1448 1445 1519 longanimitatem
1492 1439 1788 1518 patientius,
1812 1457 1874 1503 ut

289 1543 349 1595 in
377 1540 714 1610 expositione
740 1538 926 1593 altaris
951 1538 1251 1593 holocausti
1278 1539 1479 1593 dictum
1510 1546 1613 1603 est,
1647 1538 1872 1593 latitudo

288 1631 367 1686 ad
422 1629 830 1700 amplitudinem
873 1629 1199 1693 dilectionis,
1256 1628 1482 1683 altitudo
1518 1629 1755 1700 pertinet
1805 1628 1874 1683 ad

287 1724 677 1780 sublimitatem
704 1722 966 1792 spei,-per
989 1736 1149 1790 quam
1180 1722 1234 1775 in
1279 1721 1525 1777 laborum
1579 1721 1871 1776 tolerantia

1970 537 2125 592 electi
2149 552 2255 592 non
2307 538 2375 592 ad
2423 536 2616 592 faciem
2654 536 2931 590 hominum
2988 538 3325 606 speeietenus
3360 548 3544 595 osten-

1971 629 2125 693 dunt,
2155 629 2247 684 sed
2276 630 2328 683 in
2361 638 2585 684 externa
2627 629 2826 684 mentis
2872 628 3072 694 radice,
3104 629 3209 684 ﬁxo
3245 640 3405 700 atque
3436 633 3543 687 im-

1971 723 2153 777 mobili
2188 732 2447 778 exercent
2470 722 2683 778 affectu.
2712 723 2966 779 Vestitur
2996 733 3189 778 autem
3209 724 3381 780 altare
3411 743 3565 783 auro

1969 814 2279 885 purissimo,
2307 830 2429 869 cum
2454 813 2680 885 perfecti
2707 815 2907 885 quique
2930 830 3055 870 vera
3089 815 3301 870 interna
3330 818 3544 887 sapien-

1973 907 2060 962 tiae
2097 906 2216 961 luce
2271 906 2578 977 refulgent;
2614 922 2736 962 cum
2788 907 2842 961 in
2877 908 3130 962 omnibus
3180 924 3300 978 quas
3357 919 3544 981 agunt,

1972 997 2309 1066 splendorem
2342 998 2625 1052 charitatis
2667 997 2815 1053 velut
2842 997 3138 1068 quotidiani
3182 999 3411 1069 gloriam
3450 1001 3543 1055 ha-

1971 1086 2116 1140 bitus
2153 1095 2572 1157 prmmonstrat;
2608 1102 2732 1142 cum
2781 1088 3098 1143 memoriam
3145 1089 3246 1144 sibi
3274 1099 3569 1161 perpetuae

1972 1179 2237 1235 claritatis
2272 1195 2488 1250 semper
2509 1181 2689 1236 inesse
2715 1182 2926 1237 cunctis
2952 1197 3075 1238 sese
3101 1183 3416 1239 viventibus
3432 1185 3567 1240 sive

1958 1275 2315 1330 audientibus
2355 1277 2681 1344 ostendunt;
2713 1293 2835 1331 eum
2881 1292 2940 1333 se
2966 1288 3091 1335 ante
3114 1281 3292 1335 omnia
3323 1296 3546 1351 regnum

1973 1368 2067 1422 Dei
2099 1376 2154 1424 et
2182 1367 2449 1437 justitiam
2502 1371 2633 1442 ejus,
2657 1373 2896 1443 cogitare
2929 1381 2984 1428 et
3037 1389 3279 1443 qumrere
3323 1374 3561 1433 manifer

1974 1466 2137 1512 stant.
2172 1459 2239 1513 Et
2263 1460 2403 1515 bene
2431 1467 2541 1515 tam
2574 1463 2833 1518 craticula
2862 1464 3067 1528 altaris,
3102 1481 3264 1536 quam
3308 1468 3548 1537 parietes

1974 1554 2029 1600 et
2062 1562 2264 1602 cornua
2305 1550 2490 1604 vestiri
2550 1566 2683 1606 auro
2727 1550 3007 1620 iubentur.
3043 1553 3315 1609 Craticula
3351 1557 3549 1626 quippe

1976 1640 2123 1695 intus
2153 1639 2206 1695 in
2239 1642 2415 1697 medio
2441 1650 2559 1697 erat
2584 1643 2793 1710 altaris,
2823 1645 2891 1699 ad
2925 1646 3262 1717 suscipienda
3292 1648 3562 1709 nimirum-

1984 1731 2333 1801 thymiamata
2361 1741 2592 1802 parata;
2642 1735 2876 1804 parietes
2930 1751 3059 1791 vero
3104 1735 3235 1792 foris
3286 1739 3566 1808 [iurabatur

286 1814 693 1885 temporalium,
719 1822 771 1869 et
798 1813 1070 1868 hilaritate
1094 1813 1416 1879 dilectionis,
1449 1814 1659 1869 sincera
1686 1822 1867 1868 mente
1897 1793 1943 1853 Β
1972 1793 2195 1886 cornua,
2235 1830 2290 1876 et
2315 1793 2429 1891 ipsa
2453 1793 2590 1878 foris
2610 1793 2876 1893 parentia,
2900 1826 3119 1895 speciali
3144 1793 3357 1897 fastigio
3382 1828 3547 1883 altius

288 1907 611 1979 gaudemus.
642 1904 813 1960 Unius
845 1912 1025 1959 autem
1053 1912 1142 1959 est
1189 1902 1384 1969 cubiti,
1415 1911 1472 1958 et
1505 1903 1780 1973 longitudo
1809 1910 1863 1957 et

290 1998 521 2053 latitudo
559 1997 767 2061 altaris,
818 1995 1034 2065 quando
1064 1994 1260 2049 summi
1311 1995 1509 2064 quique
1533 2002 1588 2048 et
1637 1992 1867 2063 perfecti

293 2090 350 2144 in
378 2088 618 2143 Ecclesia
638 2087 766 2151 viri,
802 2085 999 2140 nullius
1025 2083 1250 2139 alterius
1274 2084 1351 2139 rei
1378 2099 1539 2154 quam
1589 2091 1865 2152 perpetua:

292 2177 671 2234 retributionis
708 2176 924 2239 intuitu,
976 2174 1118 2229 mala
1146 2173 1465 2243 temporalia
1492 2173 1871 2243 aequanimiter

292 2268 497 2332 ferant,
526 2274 581 2322 et
624 2280 851 2337 quaeque
874 2265 1078 2321 valent.
1106 2264 1368 2320 proximis
1417 2278 1514 2332 per
1546 2263 1869 2318 charitatem

290 2358 438 2413 bona
467 2357 798 2428 impendunt.
833 2356 998 2411 Recte
1051 2353 1222 2409 altare
1260 2353 1625 2424 thymiamatis
1678 2353 1734 2407 in
1758 2351 1873 2407 lon-

291 2449 533 2520 gitudine
556 2455 611 2503 et
636 2447 693 2503 in
735 2447 1019 2502 latitudine
1039 2461 1135 2502 sua
1180 2444 1610 2516 quadrangulum
1639 2443 1754 2500 ﬁeri
1781 2442 1870 2513 ju-

292 2544 471 2606 bctur,
507 2549 569 2595 ut
593 2540 898 2595 insinuetur
944 2540 1086 2609 quod
1115 2537 1480 2608 perfectorum
1505 2538 1733 2600 animus,
1768 2534 1872 2591 fm-

292 2634 501 2689 deratis
528 2633 594 2687 ad
619 2632 851 2687 invicem
884 2631 1175 2687 virtutibus
1214 2640 1475 2701 quantum
1525 2629 1749 2699 diligere
1768 2627 1873 2681 fra-

291 2732 457 2787 trem,
495 2732 701 2777 tantum
731 2731 785 2778 et
812 2722 954 2777 ferre
1005 2719 1240 2785 sufﬁcit;
1273 2728 1329 2775 et
1349 2728 1610 2791 quantum
1656 2733 1754 2788 per
1776 2734 1873 2789 pa-

295 2819 542 2873 tientiam
588 2818 857 2873 sustinere
892 2816 1010 2887 ejus
1057 2816 1362 2874 molestiam
1409 2823 1608 2886 potest,
1662 2821 1871 2868 tantum

293 2916 556 2979 prmstare
577 2907 627 2961 ei
653 2921 752 2978 per
790 2907 1129 2963 dilectionem
1159 2921 1271 2961 suae
1303 2905 1519 2975 pietatis
1542 2903 1871 2958 benevolen-

297 3004 425 3058 tiam
454 3006 651 3068 potest.
678 2998 822 3053 Duos
851 3004 1029 3052 autem
1065 2995 1277 3051 cubitos
1303 2994 1465 3049 habet
1486 2993 1540 3047 in
1568 2993 1868 3059 altitudine,

295 3096 421 3166 quia
451 3092 650 3163 duplex
690 3098 774 3145 est
799 3089 1106 3159 prmmium,
1138 3087 1278 3156 quod
1304 3101 1423 3141 sese
1450 3087 1505 3141 in
1556 3084 1737 3139 futura
1763 3085 1872 3139 vita

1971 1912 2296 1967 eminebant.
2332 1912 2632 1968 Deauratur
2653 1924 2834 1971 autem
2884 1916 3166 1982 craticula,
3227 1932 3350 1972 eum
3382 1918 3436 1971 in
3467 1918 3551 1973 in-

1969 2000 2168 2055 teriore
2194 2001 2412 2056 homine
2456 2010 2643 2057 nostro
2686 2019 2784 2071 per
2810 2003 2969 2059 ﬁdem
3016 2004 3219 2062 Christi
3262 2007 3436 2078 gratia
3464 2022 3551 2063 re-

1971 2091 2232 2161 splendet.
2284 2092 2624 2149 Deaurantur
2647 2096 3085 2164 parietes,.cum
3141 2100 3330 2154 eadem
3378 2101 3549 2171 gratia

1972 2180 2266 2235 Dominicae
2301 2180 2610 2239 dilectionis
2666 2198 2763 2253 per
2798 2185 2939 2240 bona
2990 2201 3047 2241 se
3094 2188 3335 2243 exterius
3383 2204 3550 2260 opera

1972 2268 2181 2323 dilatat.
2215 2269 2565 2325 Deaurantur
2582 2280 2636 2327 et
2661 2288 2885 2339 cornua,
2928 2290 3052 2329 cum
3083 2275 3200 2346 ipsa
3224 2275 3419 2331 ﬁducia
3441 2276 3553 2332 for-

1976 2360 2219 2416 titudinis
2242 2362 2533 2433 justorum,
2563 2379 2683 2434 qua:
2734 2366 3079 2423 adversarios
3127 2368 3396 2435 veritatis,
3437 2369 3571 2424 sivc~

1972 2466 2069 2520 per
2115 2452 2434 2520 patientiam
2493 2453 2709 2511 fortiter
2769 2456 2933 2524 ferre,
2960 2473 3054 2514 seu
3103 2473 3203 2529 per
3230 2461 3550 2530 patientiam

1971 2542 2270 2612 prudenter
2292 2544 2555 2614 repellere
2575 2546 2661 2601 vel
2681 2547 2959 2618 corrigere
2986 2550 3297 2617 didicerint,
3323 2552 3553 2607 interna:

1974 2632 2108 2688 lucis
2136 2634 2190 2688 in
2225 2634 2476 2691 omnibus
2503 2634 2711 2707 fulgore
2736 2648 3007 2695 coruscat.
3033 2641 3103 2695 Et
3127 2642 3385 2711 quoniam
3416 2643 3554 2699 tales

1967 2721 2089 2791 jure
2118 2725 2299 2781 dicere
2331 2736 2587 2797 possunt:
2608 2728 2820 2785 Bonum
2855 2742 3116 2788 certamen
3163 2737 3381 2801 certavi,
3432 2753 3555 2790 cur—

1974 2830 2088 2867 sum
2116 2818 2495 2883 consummavi,
2522 2818 2682 2886 ﬁdem
2727 2822 2947 2886 servavi,
2998 2823 3065 2875 de
3095 2823 3293 2894 reliquo
3322 2828 3551 2897 reposita

1975 2914 2049 2957 est
2073 2906 2201 2958 mihi
2246 2922 2441 2960 corona
2470 2908 2698 2977 justitice
2727 2908 2813 2980 (11
2842 2910 2980 2965 Tim.
3030 2914 3128 2984 Iv);
3188 2923 3337 2970 recte
3368 2918 3551 2972 subdi-

1975 3005 2065 3050 tur
2096 3014 2108 3047 :
2143 2994 2433 3069 Faciesque
2466 3000 2516 3053 ei
2543 3016 2789 3055 coronam
2811 3002 3079 3057 aureolam
3100 3022 3197 3076 per
3217 3023 3425 3078 gyrum.
3451 3008 3571 3067 (Σο-ν

1977 3102 2109 3141 rona
2141 3089 2342 3143 etenim
2395 3091 2612 3145 aureola
2670 3107 2767 3161 per
2793 3109 2985 3164 gyrum
3014 3094 3076 3150 ﬁt
3125 3096 3284 3154 altari
3320 3101 3556 3173 thymia-

297 3158 617 3256 accepturos
667 3158 889 3251 sperant
928 3177 1108 3233 electi.
1150 3177 1325 3232 Unum
1376 3174 1624 3230 videlicet
1672 3174 1873 3244 quietis
1900 3158 1945 3220 Ο
1979 3179 2159 3245 matis,
2195 3196 2319 3235 cum
2370 3183 2543 3237 sancti
2584 3198 2681 3253 pro
2709 3184 2868 3241 bonis
2894 3201 3015 3257 qua:
3050 3202 3109 3243 se
3155 3191 3330 3261 egisse
3358 3158 3551 3248 memi-

298 3279 626 3341 animarum,
656 3289 778 3330 cum
816 3270 1163 3341 corruptibile
1189 3270 1290 3324 hoc
1325 3278 1379 3324 et
1417 3267 1645 3322 mortale
1680 3282 1878 3337 corpus

298 3377 587 3432 eruentur,
637 3371 693 3420 et
743 3363 967 3419 cmleste
1016 3376 1239 3432 regnum
1293 3360 1652 3426 intraverint;
1707 3358 1872 3424 aliud,

297 3475 417 3515 cum
449 3464 673 3527 recepto
699 3456 890 3510 eodem
941 3468 1168 3523 corpore
1225 3452 1535 3521 incorrupto
1585 3462 1746 3520 atque
1776 3452 1877 3505 im-

299 3547 537 3611 mortali,
564 3545 858 3616 perfectius
886 3545 938 3597 in
964 3543 1252 3613 pnesentia
1276 3542 1358 3596 sui
1383 3542 1680 3597 conditoris
1703 3541 1876 3596 exsul-

300 3639 509 3701 tabum,
533 3634 751 3705 impleta
781 3631 1138 3702 promissione
1166 3631 1480 3702 prophetica
1508 3646 1613 3700 qua
1643 3631 1872 3686 dicitur:

298 3731 357 3786 In
382 3739 525 3784 terra
556 3743 652 3783 sua
684 3725 913 3796 duplicia
937 3724 1303 3794 possidebunt,
1337 3724 1522 3779 laetitia
1549 3726 1876 3794 sempiterna

299 3822 404 3876 erit
435 3820 534 3875 eis.
576 3817 788 3871 Cornua
818 3833 883 3870 ea:
907 3816 1020 3886 ipso
1063 3815 1363 3884 precedent,
1414 3816 1696 3886 vestiesque
1740 3814 1876 3870 illud

298 3926 428 3962 auro
448 3907 753 3979 purissimo,
782 3914 890 3959 tam
919 3904 1225 3958 craticulam
1260 3905 1401 3974 ejus,
1455 3922 1612 3975 quam
1650 3908 1874 3976 parietes

300 4010 344 4053 et
373 4015 594 4053 cornua.
629 3996 842 4051 Cornua
864 4009 1006 4064 saepe
1031 3995 1085 4047 in
1113 3992 1411 4063 Seripturis
1438 3995 1613 4050 solent
1638 3997 1877 4051 eminen-

302 4092 428 4146 tiam
459 4091 745 4160 designare
774 4087 896 4143 ﬁdei
924 4095 979 4141 et
1012 4086 1291 4153 virtutum,
1325 4102 1422 4157 per
1445 4103 1607 4156 quam
1654 4090 1875 4144 obvian-

301 4184 372 4237 tia
401 4182 560 4237 nobis
587 4179 795 4250 antiqui
825 4179 999 4233 hostis
1030 4179 1330 4234 certamina
1359 4179 1660 4236 obtundere
1685 4197 1748 4237 ac
1779 4197 1870 4237 su-

296 4286 489 4342 perare
521 4270 803 4334 debemus,
836 4267 1077 4322 dicentes
1103 4281 1223 4321 cum
1280 4266 1550 4338 Propheta
1598 4270 1827 4325 Domino
1856 4287 1870 4324 :

300 4361 363 4415 In
408 4370 460 4415 te
511 4359 751 4413 inimicos
810 4367 1016 4410 nostros
1061 4372 1224 4410 cornu
1271 4356 1637 4412 ventilabimus
1695 4358 1869 4430 (Psal.

299 4451 472 4522 mu).
508 4450 612 4518 Qui
637 4464 763 4503 mox
792 4450 858 4503 de
881 4464 988 4517 quo
1019 4462 1185 4502 cornu
1223 4448 1449 4503 dixisset
1474 4450 1752 4505 subdendo
1781 4454 1876 4506 de-

298 4543 526 4601 claravit
550 4542 737 4597 diceus
767 4559 780 4594 :
816 4539 883 4593 Et
913 4541 969 4593 in
992 4538 1200 4593 nomine
1234 4549 1325 4593 tuo
1358 4556 1660 4610 spernemus
1696 4542 1878 4596 insur-

300 4644 477 4705 gentes
504 4635 562 4686 in
591 4648 705 4687 nos.
742 4629 896 4685 Sicut
925 4645 955 4684 e
976 4636 1164 4684 contra
1217 4645 1603 4699 nonnunquam
1632 4632 1770 4686 bella
1797 4634 1879 4688 vi-

304 4725 528 4789 tiorum,
585 4738 706 4792 qtae
754 4736 854 4776 nos
899 4735 1211 4789 expugnare
1254 4720 1566 4785 moliuntur,
1617 4737 1879 4778 cornuum

302 4815 518 4869 nomine
582 4812 758 4867 solent
805 4810 1085 4864 indicare:
1128 4811 1270 4880 quod
1303 4819 1592 4882 utrumque
1642 4813 1881 4870 breviter

300 4904 638 4972 complexus,
694 4916 793 4971 per
842 4899 1169 4969 Prophetam
1213 4899 1474 4955 Dominus
1520 4901 1735 4956 dicebat
1765 4921 1777 4957 :
1810 4903 1878 4957 Et

302 4995 476 5048 omnia
505 5009 705 5046 cornua
741 5000 1073 5061 peccatorum
1108 4988 1459 5060 confringam,
1491 5000 1539 5044 et
1562 4990 1877 5046 exultaban-

300 5095 386 5138 tur
408 5100 610 5139 cornua
640 5082 776 5152 justi
815 5078 988 5153 (Psal.
1028 5077 1234 5151 Lxx1v).
1288 5079 1443 5135 Unde
1494 5080 1635 5135 bene
1676 5081 1731 5135 in
1761 5082 1878 5153 lege

301 5172 512 5229 cornuti
542 5179 753 5226 tantum
784 5169 998 5241 generis
1022 5166 1278 5223 animalia
1309 5171 1509 5225 munda
1532 5185 1672 5235 esse,
1703 5180 1758 5225 et
1780 5188 1876 5241 p0-

301 5262 423 5333 pulo
444 5262 540 5317 Dei
570 5259 922 5317 comestibilia
951 5259 1334 5314 decernuntur.
1366 5260 1496 5326 Quae
1537 5261 1680 5315 enim
1707 5262 1875 5316 rumi-

303 5361 433 5407 nant
464 5360 629 5420 atque
650 5350 903 5420 ungulam
934 5348 1143 5404 ﬁndunt
1176 5347 1451 5416 animalia,
1472 5366 1534 5405 ea
1562 5353 1725 5406 etiam
1749 5368 1879 5407 con-

303 5452 409 5500 stat
433 5459 558 5500 esse
588 5452 838 5507 cornuta,
891 5451 951 5497 ut
984 5435 1305 5497 ostendatur
1331 5444 1579 5514 mystice,
1633 5449 1775 5514 quod
1802 5446 1879 5500 illi

306 5545 512 5591 tantum
540 5535 797 5591 Ecclesia:
827 5534 919 5589 Dei
952 5535 1217 5605 spirituali
1256 5534 1634 5604 conjunctione
1656 5545 1881 5606 possunt

305 5629 663 5699 incorporari.
698 5629 788 5697 qui
816 5627 1133 5683 fortitudine
1167 5626 1290 5683 ﬁdei
1338 5633 1407 5687 ad
1455 5626 1591 5681 bella
1622 5629 1877 5683 vitiorum

308 5721 540 5777 existere
566 5721 863 5791 probantur
896 5716 1099 5772 invicti.
1128 5716 1430 5778 Procedunt
1464 5727 1641 5773 autem
1674 5735 1876 5775 cornua

1974 3279 2192 3335 nerunt,
2252 3271 2471 3341 praemia
2502 3274 2884 3342 praestolamur
2930 3285 3153 3333 aeterna.
3194 3279 3267 3333 Et
3290 3280 3428 3337 bene
3455 3297 3553 3353 per

1976 3374 2166 3430 gyrum
2205 3359 2393 3416 altaris
2429 3376 2629 3417 corona
2658 3362 2739 3431 ﬁt,
2767 3372 2828 3422 ut
2861 3366 3045 3421 omnia
3068 3384 3188 3439 quae
3213 3369 3411 3436 fecere,
3448 3385 3559 3427 cte-

1976 3448 2095 3503 lesti
2126 3451 2377 3505 mercede
2401 3450 2562 3521 digna
2588 3466 2709 3508 esse
2737 3453 3054 3511 doceantur.
3090 3457 3162 3512 Et
3211 3459 3346 3515 duos
3384 3478 3555 3515 annu-

1976 3538 2055 3593 los
2106 3555 2294 3611 aureos
2347 3540 2527 3595 subter
2572 3557 2819 3598 coronam
2866 3562 2959 3615 per
3009 3547 3219 3618 singula
3268 3550 3455 3617 latera,
3498 3561 3559 3606 ut

1976 3629 2254 3683 mittantur
2282 3630 2335 3683 in
2362 3646 2451 3684 eos
2499 3639 2685 3698 vectes,
2716 3641 2767 3686 et
2810 3634 2979 3690 altare
3020 3647 3275 3706 portetur,
3319 3640 3561 3711 ipsosque.

1977 3730 2139 3775 vectes
2190 3720 2352 3789 facies
2407 3721 2472 3776 de
2517 3722 2672 3792 lignis
2718 3726 2871 3791 sellu',
2924 3735 2973 3781 et
3002 3727 3292 3784 inaurabis.
3325 3730 3576 3787 Possunt'

1977 3809 2194 3878 quidem
2216 3809 2271 3864 in
2292 3810 2377 3865 his
2393 3810 2605 3867 annulis
2626 3812 2822 3882 quibus
2850 3814 3021 3872 altare
3045 3820 3381 3891 portabatur,
3402 3820 3560 3891 juxta

1977 3901 2121 3969 quod
2146 3916 2309 3972 supra
2340 3901 2394 3955 in
2432 3901 2589 3957 altari
2620 3902 2945 3972 holocausti,
2992 3922 3120 3963 arca
3149 3917 3205 3963 et
3231 3924 3418 3965 mensa
3462 3926 3559 3967 ex-

1976 3991 2212 4060 positum
2248 4000 2353 4057 est,
2378 4001 2613 4063 quatuor
2641 3993 3058 4066 Evangeliorum
3081 3997 3204 4053 libri
3230 4015 3336 4055 non
3367 4001 3559 4056 incon-

1977 4080 2259 4136 venienter
2305 4082 2502 4153 accipi,
2540 4098 2639 4154 per
2675 4099 2906 4154 quorum
2952 4085 3115 4141 ﬁdem
3160 4102 3223 4143 ae
3255 4089 3558 4148 doctrinam

1976 4172 2146 4229 sancti
2163 4181 2469 4243 portantur,
2488 4183 2650 4244 atque
2672 4190 2702 4228 a
2731 4176 2962 4233 terrenis
2986 4178 3404 4247 cogitationibus
3430 4180 3560 4235 sub-

1977 4263 2160 4331 levati,
2191 4280 2289 4335 per
2334 4280 2578 4319 eremum
2628 4266 2790 4335 hujus
2818 4266 2961 4331 vitaz,
3014 4267 3344 4335 quotidianis
3382 4269 3558 4325 bono-

1976 4372 2096 4412 rum
2152 4370 2380 4425 operum
2434 4353 2799 4424 profectibus,
2865 4355 3148 4433 caelestem
3207 4356 3458 4414 feruntur
3488 4362 3558 4416 ad

1981 4448 2233 4519 patriam.
2261 4447 2459 4501 Verum
2489 4446 2615 4515 quia
2662 4444 2735 4500 ibi
2765 4444 3051 4501 manifeste
3105 4456 3340 4519 quatuor
3365 4451 3553 4507 circuli

1982 4539 2120 4604 ﬁeri,
2149 4538 2255 4593 duo
2289 4536 2556 4601 videlicet,
2591 4537 2646 4591 in
2699 4537 2868 4591 latere
2915 4553 3046 4604 uno,
3073 4547 3129 4593 et
3173 4540 3280 4596 duo
3303 4542 3359 4596 in
3382 4542 3557 4599 altero

1978 4628 2389 4701 praecipiuntur,
2419 4627 2510 4682 hie
2535 4635 2718 4682 autem
2746 4627 2912 4682 tacito
2939 4643 3166 4684 numero
3183 4632 3556 4700 quaternario,

1980 4720 2085 4774 duo
2114 4718 2300 4773 annuli
2335 4733 2433 4789 per
2470 4717 2681 4789 singula
2736 4718 2903 4773 latera
2941 4718 3095 4786 ﬁunt,
3145 4736 3245 4791 pro
3294 4732 3446 4778 certo
3484 4723 3561 4779 ibi

1981 4817 2202 4879 apertus
2236 4808 2702 4880 Evangelistarum
2751 4822 3010 4864 numerus
3052 4809 3264 4878 claret;
3305 4813 3398 4868 hic
3426 4830 3560 4869 vero

1981 4901 2143 4955 etiam
2184 4898 2329 4954 aliud
2382 4900 2637 4970 quiddam
2670 4899 2912 4971 mysterii
2962 4901 3279 4972 spiritualis,
3313 4906 3458 4975 quod
3487 4909 3555 4961 ad

1981 4991 2324 5046 dilectionem
2360 4990 2456 5046 Dei
2482 4998 2537 5046 et
2558 4991 2792 5061 proximi
2823 5007 3032 5047 summe
3082 4994 3359 5064 respiciat,
3396 4996 3555 5053 inest.

1980 5082 2304 5155 Persiugula
2319 5083 2519 5139 etenim
2548 5083 2717 5139 latera
2743 5085 2957 5141 annulis
2986 5089 3167 5143 aureis
3188 5089 3557 5145 circumdatur

1979 5176 2173 5241 altare,
2204 5176 2328 5246 quia
2354 5190 2448 5230 cor
2477 5175 2773 5233 electorum
2804 5178 2931 5234 hinc
2978 5187 3033 5235 et
3062 5180 3186 5237 inde
3211 5182 3305 5237 Dei
3336 5198 3400 5237 ac
3431 5199 3553 5252 pro-

1979 5265 2108 5320 ximi
2137 5265 2423 5321 dilectione
2447 5264 2822 5321 conﬁrmatur.
2846 5267 2976 5335 Quae
3003 5271 3140 5327 bene
3166 5272 3383 5327 annulis
3407 5288 3554 5327 com-

1982 5368 2224 5430 paratur,
2274 5358 2402 5429 quia
2434 5367 2694 5415 evacuata
2722 5360 2793 5415 in
2816 5359 2923 5417 ﬁne
2950 5364 3252 5433 prophetia,
3279 5365 3554 5421 destructa

1982 5444 2228 5517 scientia,
2264 5454 2603 5509 cessantibus
2624 5452 2844 5526 linguis,
2878 5456 2990 5525 ipsa
3046 5471 3322 5525 nunquam
3373 5471 3557 5514 cessa-

1981 5542 2079 5597 bit.
2112 5542 2225 5597 Duo
2255 5550 2382 5597 sunt
2429 5549 2608 5597 autem
2635 5543 2815 5598 annuli
2842 5560 2941 5614 per
2971 5544 3177 5614 singula
3210 5543 3405 5611 latera,
3429 5547 3558 5616 quia

1982 5642 2268 5707 utrumque
2294 5633 2578 5688 cliaritatis
2606 5634 2916 5688 mandatum
2968 5633 3177 5704 gemina
3212 5633 3413 5692 virtute
3444 5636 3567 5693 dis»
