3956 6176
387 297 481 351 2H

1021 292 1083 348 B.
1124 293 1377 349 RABANI
1418 292 1639 349 MAURI
1676 289 1996 348 ARCHIEP.
2039 288 2348 347 MOGUNT.
2391 288 2678 347 OPERUM
2711 290 2890 347 PARS
2927 290 2967 349 1.

3541 298 3649 353 2η

386 412 664 483 tinguitur.
702 410 953 466 Charitas
986 411 1185 481 quippe
1222 411 1318 466 Dei
1364 426 1461 482 per
1507 410 1874 467 sinceritatem
1902 406 1965 462 ﬁ-
1990 406 2040 466 Α
2067 406 2241 461 otiosa
2271 407 2436 463 verba
2475 406 2591 463 sive
2625 407 2768 461 facta
2805 422 2913 460 non
2960 404 3213 471 divertat,
3248 409 3340 463 sed
3370 409 3423 464 in
3453 413 3650 468 eodem

384 503 469 558 dei
495 517 562 557 ac
588 501 713 557 vita:
737 500 1060 557 munditiam
1093 500 1395 572 perﬁcitur.

451 591 725 663 Ponesque
747 590 917 647 altare
959 602 1142 647 contra
1187 591 1379 659 uelum,
1419 593 1560 663 quod
1606 600 1727 646 ante
1778 607 1960 646 aream

381 682 565 752 pendet
618 682 925 748 testimonii,
980 698 1160 737 coram
1202 684 1591 754 propitiatorio,
1622 698 1724 752 quo
1767 681 1959 749 tegitur

382 779 749 843 testimonium,
782 776 873 832 ubi
912 776 1101 849 loquar
1131 778 1243 832 tibi.
1277 778 1431 832 Area
1456 777 1631 831 velum
1662 776 1805 846 quod
1833 783 1984 866 ante.

381 883 585 934 arcam,
627 878 688 923 ut
715 882 814 924 suo
840 868 959 923 loco
983 868 1290 938 expositum
1312 876 1419 932 est,
1452 867 1504 921 id
1535 876 1639 931 est,
1668 865 1956 921 Dominum

383 960 717 1017 Salvatorem
742 960 1031 1032 pendebat,
1057 959 1235 1029 ipsum
1259 958 1457 1013 coelum
1505 958 1773 1029 designat,
1802 953 1957 1024 cujus

379 1054 539 1124 adyta
572 1052 830 1108 Dominus
878 1052 1090 1109 devicta
1128 1060 1307 1108 morte
1348 1052 1673 1122 penetravit,
1728 1059 1789 1106 ut
1815 1051 1955 1106 sicut

377 1143 670 1212 Apostolus
690 1143 785 1206 ait,
818 1151 1079 1212 appareat
1124 1159 1269 1198 nunc
1319 1142 1490 1197 vultui
1521 1143 1615 1199 Dei
1642 1158 1743 1213 pro
1774 1143 1952 1199 nobis.

380 1232 607 1304 Statque
633 1232 805 1287 altare
834 1240 1024 1288 contra
1048 1233 1226 1288 velum
1279 1234 1423 1303 quod
1470 1241 1595 1288 ante
1641 1248 1825 1288 arcam
1861 1248 1955 1303 ap-
1984 1274 1987 1277 .

378 1338 601 1390 pensum
623 1330 728 1387 est,
755 1337 878 1379 cum
903 1322 1081 1378 omnis
1101 1322 1369 1392 iustorum
1394 1322 1627 1378 intentio
1649 1322 1715 1377 ad
1746 1324 1957 1393 ingres-

377 1427 497 1466 sum
534 1412 740 1467 directa
770 1420 854 1467 est
897 1412 1047 1482 regni
1089 1411 1350 1467 caelestis.
1393 1410 1515 1467 Stat
1539 1428 1723 1467 coram
1771 1413 1954 1483 propi-

376 1500 596 1556 viatorio
624 1516 731 1570 quo
758 1502 957 1573 tegitur
985 1516 1110 1558 arca
1156 1518 1279 1558 cum
1326 1502 1519 1558 visioui
1548 1504 1632 1558 sui
1661 1502 1955 1561 conditoris

376 1591 617 1660 puritate
646 1593 843 1649 mentis
876 1594 1193 1665 appropiat;
1224 1603 1280 1649 et
1314 1594 1483 1650 clausi
1518 1596 1814 1665 quamlibet
1833 1613 1955 1654 cor-

377 1697 509 1751 pore
543 1684 1010 1739 conversationem
1046 1685 1247 1741 habent
1272 1686 1339 1749 ,in
1372 1686 1701 1743 ctelestibus.

992 1794 1221 1850 CAPUT
1251 1795 1318 1848 Χ.

379 1883 454 1938 De
484 1884 742 1939 adolenda
800 1885 1033 1955 quotidie
1085 1886 1424 1955 thyntiamate
1480 1876 1639 1957 super
1676 1891 1844 1958 ipsum
1874 1889 1954 1942 al-

835 1966 967 2020 tare,
997 1971 1149 2010 mane
1183 1968 1231 2009 et
1263 1973 1488 2027 vespere.

444 2044 514 2100 Et
556 2044 779 2100 adolebit
817 2046 1083 2100 incensum
1127 2064 1285 2117 super
1311 2065 1371 2103 eo
1417 2051 1596 2103 Aaron
1648 2065 1808 2104 suave
1835 2048 1949 2118 fra-

371 2153 533 2206 grans
576 2153 753 2203 mane,
779 2137 992 2208 quando
1023 2148 1295 2209 componet
1350 2138 1595 2194 lucernas
1625 2149 1672 2194 et
1712 2139 1949 2193 incendat

371 2226 528 2293 illud,
558 2236 606 2282 et
630 2229 843 2298 quando
859 2226 1081 2282 collocat
1104 2245 1194 2282 eas
1222 2228 1293 2283 ad
1320 2245 1586 2299 vesperum
1617 2227 1770 2301 (Cap.
1794 2227 1946 2299 xxx).

371 2318 596 2373 Constat
620 2318 901 2375 incensum
941 2318 1055 2374 sive
1098 2319 1389 2391 thymiama
1421 2320 1531 2375 vim
1560 2321 1823 2376 orationis
1856 2335 1950 2375 ex-

372 2409 630 2478 primere,
658 2410 873 2466 dicente
899 2410 1115 2466 Psalmo
1149 2430 1161 2464 :
1192 2411 1470 2482 Dirigatur
1506 2416 1678 2466 oratio
1706 2428 1822 2467 mea
1843 2413 1947 2466 sic-

372 2512 427 2556 ut
456 2503 723 2557 incensum
752 2504 807 2559 in
834 2514 1112 2573 conspectu
1138 2514 1228 2558 tuo
1258 2505 1431 2577 (Psal.
1455 2506 1601 2576 exc).
1628 2506 1698 2562 Et
1723 2507 1778 2561 in
1805 2507 1947 2577 Apo-

308 2650 321 2659 ,
373 2594 577 2665 calypsi
600 2593 835 2651 Joannes
858 2596 991 2650 vidit
1019 2606 1226 2650 sanctos
1254 2596 1444 2651 habere
1493 2597 1702 2668 phialas
1756 2614 1945 2653 aureas

371 2684 550 2751 plenas
602 2685 1061 2740 odoramentorum
1112 2685 1295 2758 (Apoc.
1342 2686 1434 2760 v);
1466 2689 1610 2757 quod
1660 2688 1944 2744 confestim

371 2777 691 2847 exponendo
748 2776 1047 2845 subiunxit,
1086 2795 1203 2847 quin
1251 2788 1373 2833 sunt
1423 2782 1687 2836 orationes
1736 2792 1945 2836 sancto-

370 2882 508 2920 rum.
545 2867 614 2921 Et
650 2867 906 2937 quoniam
941 2867 1143 2931 Aaron,
1195 2877 1255 2924 ut
1285 2882 1452 2940 supra
1499 2870 1702 2925 dictum
1755 2878 1857 2936 est,
1888 2879 1945 2927 et

369 2959 542 3026 ipsum
592 2957 899 3026 specialiter
936 2974 1205 3014 summum
1268 2961 1630 3028 sacerdotem,
1688 2962 1944 3019 videlicet

2063 513 2123 553 se
2175 499 2360 570 vigore
2411 500 2719 555 devotionis
2772 514 2934 569 quem
2991 498 3045 552 in
3099 498 3346 553 oratione
3396 502 3647 573 suscipit,

2061 591 2225 644 etiam
2284 589 2438 645 ﬁnita
2486 590 2730 645 oratione
2785 589 3075 654 custodiat,
3128 586 3282 658 juxta
3337 593 3648 663 exemplum

2060 679 2248 745 Annat,
2292 680 2359 735 de
2393 695 2498 749 qua
2535 689 2727 735 orante
2781 680 2984 734 dictum
3033 687 3156 734 est:
3198 678 3492 751 Vultusque
3525 684 3649 753 ejus

2060 786 2165 826 non
2194 780 2323 826 sunt
2359 772 2591 842 amplius
2629 772 2683 827 in
2727 772 2941 826 diversa
2971 771 3184 825 mutati.
3243 770 3367 826 Non
3413 775 3645 844 oﬂ'eretis

2058 881 2216 935 super
2237 880 2297 919 eo
2322 863 2611 935 thymiama
2636 863 3025 935 compositionis
3047 861 3286 917 alterius.
3316 863 3375 918 ln
3405 881 3642 936 sequen-

2059 955 2204 1011 tibus
2255 956 2416 1027 hujus
2464 954 2779 1017 voluminis,
2832 970 2864 1009 e
2903 953 3102 1024 quibus
3151 955 3484 1011 aromatibus
3534 959 3645 1015 hoe

2060 1049 2358 1120 thymiama
2405 1046 2657 1117 componi
2710 1046 2979 1111 debuerit,
3020 1046 3343 1102 nominatim
3388 1047 3643 1120 designa-

2060 1149 2148 1195 tur
2177 1158 2189 1194 :
2219 1148 2389 1195 stacte
2414 1138 2681 1204 videlicet,
2709 1146 2765 1192 et
2792 1137 3002 1207 onyclie
3024 1137 3255 1207 galbano
3277 1137 3403 1192 boni
3430 1142 3639 1208 odoris,

2057 1241 2110 1287 et
2136 1232 2293 1287 thure
2320 1230 2673 1286 lucidissime.
2704 1228 2835 1295 Quae
2859 1238 3053 1285 cuncta
3080 1229 3148 1284 ad
3183 1229 3641 1301 signiﬁcationem

2055 1330 2405 1386 aeternorum,
2459 1335 2579 1392 qua:
2607 1318 2977 1389 principaliter
3003 1334 3034 1374 a
3064 1318 3293 1374 Domino
3336 1322 3636 1391 quarenda

2057 1419 2203 1477 sunt,
2256 1418 2471 1465 constat
2520 1409 2813 1480 pertinere.
2843 1406 2961 1465 Non
2989 1416 3073 1464 est
3114 1424 3244 1480 ergo
3291 1409 3632 1469 oﬁ‘erendum

2056 1518 2219 1573 super
2243 1502 2403 1558 altari
2433 1515 2600 1556 aureo
2629 1500 2928 1582 thy‘uiama
2956 1501 3363 1571 compositionis
3384 1502 3635 1570 alterius,

2055 1608 2216 1664 quam
2272 1592 2416 1664 quod
2460 1590 2720 1647 Dominus
2769 1590 2983 1656 statuit,
3019 1591 3145 1660 quia
3173 1604 3282 1647 non
3305 1590 3447 1647 aliud
3470 1608 3501 1648 a
3530 1594 3633 1649 Do-

2059 1686 2205 1741 mino
2233 1700 2477 1756 qumrere
2502 1691 2721 1739 orantes
2741 1696 2903 1751 quam
2931 1682 3073 1752 quod
3109 1682 3223 1751 ipse
3243 1682 3433 1750 jussit,
3459 1686 3638 1752 quod-

1982 1751 2031 1809 Β
2058 1792 2162 1848 que
2191 1751 2531 1832 se—daturum
2563 1787 2684 1830 esse
2711 1751 2979 1842 promisit,
3011 1788 3111 1828 nec
3136 1773 3284 1828 aliud
3303 1772 3372 1830 de
3401 1751 3491 1832 illo
3514 1791 3645 1832 cre-

2054 1868 2182 1924 dere
2205 1882 2368 1937 quam
2391 1865 2535 1937 quod
2567 1865 2682 1936 ipse
2718 1864 2901 1919 docuit
2927 1863 3205 1919 debemus.
3241 1864 3366 1919 Non
3398 1875 3472 1919 est
3498 1870 3634 1935 orie-

2056 1957 2215 2013 renda
2246 1974 2403 2028 super
2448 1974 2508 2012 eo
2558 1958 2788 2023 victima,
2844 1974 2938 2013 nec
2989 1957 3094 2012 liba
3125 1957 3361 2012 libanda.
3395 1958 3521 2014 Hmc
3547 1970 3634 2014 et-

2049 2050 2194 2103 enim
2263 2049 2443 2105 omnia
2504 2049 2572 2105 ad
2625 2049 2796 2104 altare
2858 2050 3097 2106 exterius
3152 2050 3441 2120 pertinent,
3506 2067 3632 2121 qua:

2053 2140 2427 2210 incipientium
2458 2149 2513 2196 et
2548 2140 2603 2196 in
2640 2141 2889 2212 profectu
2930 2141 3107 2197 adhuc
3129 2141 3430 2212 positorum
3458 2143 3629 2198 vitam

2051 2232 2320 2303 designat.
2365 2232 2552 2288 Tantas
2601 2248 2837 2304 namque
2885 2232 3235 2289 sublimitatis
3262 2231 3628 2303 perfectorum

2049 2334 2132 2378 est
2161 2324 2270 2379 vita
2290 2324 2577 2395 justorum,
2602 2333 2662 2379 ut
2693 2325 2767 2380 nil
2798 2326 2851 2381 in
2876 2340 2940 2380 ea
2974 2323 3191 2380 carnale
3221 2326 3365 2395 quod
3393 2325 3629 2382 Domino

2050 2421 2293 2468 mactare
2332 2413 2572 2469 habeant
2612 2412 2791 2468 valeat
2826 2412 3077 2468 inveniri.
3112 2412 3181 2468 Et
3230 2413 3446 2483 quidem
3485 2412 3629 2467 lilia-

2048 2502 2192 2557 mina
2224 2502 2337 2557 vini
2361 2511 2577 2558 constat
2602 2518 2988 2572 nonnunquam
3017 2517 3266 2573 magnam
3292 2503 3478 2574 gratia:
3505 2503 3624 2572 spi-

2046 2592 2255 2648 ritualis
2304 2592 2587 2663 designare
2609 2593 2882 2657 virtutem,
2935 2592 3040 2649 hoe
3068 2602 3171 2659 est,
3219 2593 3335 2649 sive
3367 2593 3624 2664 poculum

2051 2681 2452 2752 doctrinmfseu
2473 2685 2696 2741 calicem
2729 2685 3017 2757 passionis.
3047 2686 3160 2740 sive
3180 2684 3448 2741 fervorem
3472 2700 3623 2756 prte—

2044 2774 2218 2845 cipuae
2245 2775 2571 2840 dilectionis,
2602 2775 2717 2833 sive
2741 2775 2913 2846 ipsam
2955 2773 3189 2845 Spiritus
3213 2776 3387 2831 sancti
3428 2789 3623 2846 perce-

2042 2865 2301 2934 ptionem,
2333 2872 2429 2921 aut
2455 2864 2662 2937 aliquid
2689 2865 3016 2937 hujusmodi.
3048 2863 3248 2921 Verum
3274 2866 3622 2935 quotiescun-

2042 2973 2148 3030 que
2173 2959 2360 3013 vinum
2386 2958 2701 3014 lihaminum
2730 2973 2856 3013 eum
2888 2957 3143 3014 carnibus
3168 2957 3393 3014 offertur
3411 2960 3624 3016 hostia—

369 3046 649 3102 Dominum
709 3045 1042 3103 Salvatorem
1075 3090 1090 3113 ,
1145 3057 1199 3104 et
1248 3049 1416 3105 nostri
1465 3066 1682 3121 quoque
1731 3053 1938 3107 ordinis
1967 3082 2010 3141 ρ
2044 3062 2187 3111 rum,
2216 3062 2403 3102 eorum
2445 3046 2688 3116 profecto
2706 3046 2861 3116 juxta
2902 3048 3286 3119 tropologicam
3318 3051 3623 3120 expositio-

365 3136 674 3192 sacerdotes
719 3136 992 3208 designat,
1044 3137 1277 3193 adolebit
1304 3139 1487 3194 Aaron
1541 3140 1595 3194 in
1646 3141 1750 3195 hoc
1779 3140 1938 3194 altari

367 3227 644 3282 incensum
675 3240 840 3281 suave
885 3224 1132 3298 fragrans
1186 3244 1364 3295 mane,
1396 3244 1519 3284 cum
1556 3231 1640 3285 vel
1679 3231 1938 3289 Dominus

364 3316 479 3387 ipse
516 3316 784 3372 illustrata
824 3315 1063 3372 ﬁdelium
1091 3319 1278 3384 corda,
1308 3332 1448 3374 novo
1476 3319 1667 3390 gratia:
1718 3336 1828 3375 sua:
1851 3321 1937 3391 ju-

362 3408 494 3464 bare
520 3408 590 3463 ad
634 3407 968 3464 dulcedinem
998 3408 1263 3463 orationis
1301 3409 1546 3480 instigat,
1584 3410 1667 3465 vel
1713 3412 1935 3480 partici-

360 3513 457 3568 pes
481 3497 777 3555 sacerdotii
811 3498 955 3553 illius
985 3498 1170 3553 sedula
1220 3500 1594 3555 exhortatione
1630 3500 1834 3566 ﬁdeles,
1868 3502 1935 3556 ad

363 3588 759 3658 deprecandam
782 3588 981 3643 faciem
1011 3588 1095 3643 sui
1121 3588 1419 3644 conditoris
1444 3589 1667 3644 excitat.
1694 3589 1935 3646 Incendit

361 3687 541 3735 autem
567 3679 860 3750 thymiama
887 3679 1146 3734 sacerdos
1193 3694 1307 3751 non
1329 3678 1502 3735 solum
1552 3694 1729 3745 mane,
1763 3681 1856 3735 sed
1881 3691 1935 3735 et

362 3782 601 3839 vespere.
642 3768 797 3823 Mane
819 3769 1017 3824 etenim
1066 3769 1363 3839 thymiama
1415 3769 1741 3834 incenditur,
1788 3778 1849 3824 ut
1877 3768 1931 3823 in

360 3854 623 3924 principio
645 3854 824 3910 omnis
844 3854 967 3909 boni
986 3856 1128 3925 quod
1153 3856 1263 3910 Deo
1293 3855 1592 3925 inspirante
1619 3854 1800 3911 facere
1824 3855 1933 3911 dis-

360 3943 608 4013 ponimus
634 3983 650 4006 ,
710 3942 853 3997 illius
883 3944 1143 3999 auxilium
1172 3959 1279 4015 quo
1305 3944 1672 4013 perﬁciamus,
1724 3946 1933 4002 invoce-

360 4051 496 4093 mus.
528 4032 610 4090 Ad
636 4047 925 4103 vesperum
956 4048 1110 4099 vero,
1138 4043 1197 4089 ut
1223 4049 1346 4089 cum
1390 4034 1529 4090 bene
1574 4045 1750 4105 empta
1780 4052 1930 4093 com-

358 4126 587 4197 plemus,
639 4123 714 4179 illi
738 4133 770 4178 a
797 4137 905 4195 quo
935 4124 1262 4195 accepimus,
1311 4138 1411 4195 pro
1441 4124 1526 4181 his
1562 4140 1683 4195 qua:
1711 4128 1931 4182 donavit

356 4219 655 4287 gratiarum
701 4210 835 4272 voti
883 4216 1192 4272 reddamus.
1231 4216 1373 4272 Bene
1423 4231 1555 4288 ergo
1587 4218 1825 4275 dicitur:
1857 4219 1929 4274 Et

355 4309 579 4364 «dolebit
614 4311 883 4364 incensum
930 4326 1085 4380 super
1105 4326 1166 4363 eo
1215 4309 1394 4365 Aaron
1438 4327 1597 4366 suave
1640 4310 1927 4381 fragrans;

2042 3152 2163 3191 nem
2196 3137 2443 3207 designat
2495 3137 2931 3202 sanctimoniam,
2961 3138 3055 3207 qui
3100 3139 3275 3194 adhuc
3321 3139 3522 3209 aliquid
3548 3142 3623 3198 dc

2040 3228 2350 3283 carnalibus
2377 3238 2433 3283 et
2460 3230 2916 3305 concupiscentiis
2961 3232 3107 3301 quod
3136 3232 3360 3302 puritati
3390 3234 3624 3303 spiritus

2038 3317 2376 3382 adversetur,
2408 3326 2462 3372 et
2489 3319 2631 3388 quod
2665 3319 2786 3389 igne
2819 3320 2995 3376 sancti
3023 3319 3256 3390 Spiritus
3287 3322 3341 3376 in
3372 3337 3464 3376 ara
3490 3337 3621 3378 cor-

2037 3407 2120 3462 dis
2153 3410 2366 3464 incendi
2396 3410 2609 3477 debeat,
2641 3410 2860 3468 habent.

2105 3495 2337 3551 Pcrfecti
2392 3506 2571 3552 autem
2609 3498 2745 3568 justi
2777 3501 2866 3570 qui
2901 3502 3081 3558 dicere
3112 3512 3374 3572 possunt:
3406 3502 3614 3573 Deiecit

2034 3604 2125 3641 cor
2157 3604 2328 3643 meum
2356 3599 2404 3643 et
2430 3607 2555 3645 caro
2576 3608 2691 3646 mea
2720 3605 2738 3643 :
2769 3592 2909 3647 Deus
2930 3594 3103 3649 cordis
3132 3596 3251 3660 mei,
3280 3605 3327 3649 et
3348 3613 3469 3665 pars
3491 3612 3618 3651 mea

2033 3676 2174 3733 Deus
2209 3679 2266 3734 in
2290 3680 2485 3735 saecula
2520 3679 2694 3752 (Psal.
2725 3682 2916 3753 min),
2950 3685 3101 3754 quasi
3148 3685 3481 3741 cessantibus
3532 3689 3615 3742 vi-

2033 3770 2318 3825 ctimarum
2344 3770 2711 3836 libaminibus,
2741 3773 2886 3843 quod
2910 3774 2977 3829 ad
3002 3789 3209 3829 aaneum
3246 3774 3416 3830 altare
3453 3785 3613 3831 exte-

2033 3863 2146 3919 rius
2187 3865 2424 3933 positum
2476 3866 2735 3935 pertinet,
2783 3865 2899 3922 sola
2940 3868 3087 3924 intus
3127 3868 3183 3922 in
3233 3884 3397 3925 aureo
3446 3870 3613 3928 altari

2032 3964 2274 4009 aromata
2303 3955 2531 4011 Domino
2556 3957 2812 4012 desiderii
2834 3958 3073 4015 caelestis
3106 3957 3357 4025 oﬁ'erunt,
3384 3961 3511 4031 quia
3536 3960 3612 4018 de

2032 4043 2348 4099 remissione
2396 4054 2737 4114 peccatorum
2768 4046 2881 4117 jam
2913 4049 3219 4105 securiores
3270 4049 3464 4116 eﬁ‘ecti,
3502 4068 3611 4123 pro

2030 4129 2196 4185 dilato
2245 4132 2580 4189 solummodo
2630 4137 2781 4207 regni
2826 4139 3080 4206 perennis
3129 4140 3349 4198 introitu
3395 4141 3606 4214 lugent,

2029 4218 2379 4290 dulcibusque
2408 4221 2766 4293 lacrymarum
2799 4225 3012 4303 ﬂuentis
3036 4236 3268 4303 stratum
3306 4245 3458 4286 suum
3498 4246 3604 4301 per

2028 4307 2268 4378 singulas
2328 4320 2514 4366 noctes
2566 4313 2814 4384 irrigant.
2870 4302 3102 4388 Dequo
3155 4302 3402 4376 videlicet
3435 4320 3602 4377 altari

356 4415 506 4453 mane
534 4400 744 4470 quando
788 4409 1055 4470 componet
1107 4400 1369 4465 lucernas,
1400 4401 1640 4457 incendet
1667 4402 1801 4456 illud
1824 4420 1843 4467 ;
1876 4413 1925 4459 et
1950 4420 2002 4478 ι)
2029 4399 2203 4456 adhuc
2232 4401 2369 4457 bene
2405 4401 2655 4457 subditur
2682 4421 2695 4456 :
2737 4404 2802 4459 Et
2835 4406 3198 4475 deprecabitur
3228 4408 3404 4465 Aaron
3433 4427 3597 4481 super

353 4490 561 4559 quando
582 4489 801 4543 collocat
821 4507 909 4544 eas
930 4491 998 4544 ad
1021 4509 1306 4561 vesperum.
1336 4492 1490 4549 Mane
1518 4495 1714 4550 etenim
1740 4495 1921 4550 Aaron

356 4580 633 4633 incensum
659 4592 824 4648 super
852 4579 1009 4634 altari
1048 4579 1246 4645 adolet,
1310 4597 1434 4637 cum
1467 4583 1730 4640 Dominus
1754 4584 1921 4639 corda

354 4667 592 4723 ﬁdelium
620 4668 673 4723 in
713 4669 798 4724 his
832 4684 954 4740 quas
995 4670 1109 4741 jam
1157 4670 1458 4742 intelligere
1484 4674 1665 4729 valent
1709 4677 1923 4731 arcanis

351 4760 616 4822 veritatis,
647 4760 713 4815 ad
740 4761 971 4831 gratiam
1009 4762 1438 4832 compunctionis
1491 4764 1806 4821 inﬁammat.
1836 4766 1920 4820 ln-

348 4850 543 4906 cendet
558 4848 685 4905 illud
697 4859 755 4905 et
771 4850 839 4906 ad
854 4866 1160 4922 vesperum,
1177 4851 1394 4922 quando
1408 4853 1635 4909 collocat
1648 4854 1917 4920 lucernas,

348 4955 470 4996 cum
490 4939 651 4995 etiam
665 4955 730 4996 ex
754 4942 833 4996 eis
846 4956 965 5009 qua:
979 4943 1204 4997 necdum
1219 4957 1411 5013 capere
1425 4954 1645 5014 queunt,
1662 4947 1917 5016 quoniam

349 5031 415 5085 ad
436 5030 551 5085 haec
570 5038 775 5095 sancta,
800 5031 1054 5100 quoniam
1080 5030 1275 5087 divinae
1298 5030 1408 5103 (Sic
1428 5033 1484 5087 in
1507 5034 1629 5104 ms.)
1659 5050 1780 5089 esse
1810 5052 1917 5092 non

347 5119 657 5189 ambigitur,
685 5120 754 5174 ad
775 5135 1016 5175 amorem
1050 5135 1144 5176 eos
1157 5122 1485 5190 caelestium,
1511 5125 1602 5180 ubi
1630 5126 1809 5180 omnia
1832 5143 1916 5183 se-

346 5213 498 5264 creta
524 5206 809 5277 pateﬁunt,
832 5207 1121 5263 informat:
1155 5208 1467 5283 fragratque
1497 5228 1661 5268 suave
1689 5215 1914 5285 thymia-

344 5316 453 5367 ma,
488 5314 612 5355 eum
659 5298 838 5354 subita
892 5301 1308 5370 compunctione
1361 5303 1618 5359 divinitus
1657 5306 1807 5370 tacti,
1838 5306 1908 5360 la-

344 5391 544 5463 crymis
565 5390 738 5448 solum
768 5407 833 5447 ac
858 5392 1108 5463 precibus
1130 5409 1325 5448 vacare
1349 5394 1502 5449 dulce
1526 5395 1744 5452 habent.
1771 5398 1913 5455 Bene

346 5494 522 5539 autem
552 5485 797 5556 sequitur
822 5502 834 5537 :
868 5481 990 5536 Uret
1022 5485 1306 5554 thymiama
1337 5487 1705 5557 sempiternum
1734 5506 1909 5545 coram

348 5569 566 5627 Domino
611 5577 664 5629 in
699 5575 1055 5646 generationes
1109 5585 1324 5628 t'cstras.
1358 5574 1493 5642 Quia
1530 5578 1786 5632 nimirum
1817 5596 1910 5635 ne—

350 5675 493 5715 resse
530 5674 608 5717 est
643 5675 698 5718 ut
746 5666 957 5720 animus
1015 5674 1135 5735 post
1183 5666 1480 5722 orationem
1537 5678 1590 5722 et
1618 5667 1794 5735 ﬁctus,
1845 5672 1909 5726 ad

2027 4512 2226 4551 cornua
2275 4497 2390 4567 ejus
2439 4500 2597 4553 semel
2638 4516 2730 4569 per
2771 4519 2989 4568 annum,
3039 4504 3093 4559 in
3140 4506 3394 4573 sanguine
3446 4508 3589 4576 quod

2027 4585 2258 4639 oblatum
2282 4597 2358 4641 est
2387 4605 2480 4657 pro
2510 4599 2740 4659 peccato.
2773 4589 3029 4647 Summus
3054 4608 3289 4664 namque
3339 4598 3600 4653 sacerdos

2027 4684 2213 4731 noster
2240 4678 2405 4733 semel
2441 4678 2495 4733 in
2526 4695 2666 4735 anno
2706 4681 2899 4737 obtulit
2945 4684 3264 4753 sanguinem
3315 4701 3466 4740 suum
3495 4702 3601 4757 pro

2025 4775 2246 4834 peccato
2277 4768 2443 4822 totius
2469 4769 2675 4824 mundi.
2709 4770 2766 4825 In
2788 4769 2893 4824 'illo
2939 4771 3188 4828 videlicet
3213 4788 3375 4839 anno,
3402 4775 3466 4830 de
3485 4789 3602 4845 quo

2025 4854 2225 4909 dicitur
2250 4870 2348 4926 per
2384 4854 2600 4922 Isaiam,
2652 4859 2777 4927 quia
2804 4859 3013 4914 venerit
3046 4861 3340 4930 praedicare
3391 4878 3599 4919 annum

2023 4946 2239 5002 Domini
2274 4956 2571 5017 acceptum,
2619 4948 2669 5003 id
2697 4958 2796 5014 est,
2829 4950 2932 5007 hoc
2961 4951 3014 5006 in
3052 4961 3164 5009 toto
3192 4962 3450 5024 tempore,
3480 4971 3596 5025 quo

2022 5035 2318 5091 Ecclesiam
2344 5035 2444 5092 sibi
2494 5036 2749 5107 copulare
2784 5039 3035 5109 dignatus
3067 5052 3173 5099 est.
3215 5041 3393 5098 Semel
3423 5044 3593 5101 etiam

2020 5127 2309 5196 unicuique
2329 5127 2684 5192 credentium,
2713 5128 2988 5186 lavacrum
3023 5134 3162 5188 sacri
3187 5132 3353 5189 fontis
3378 5135 3431 5187 in
3470 5150 3597 5207 my-

2018 5217 2247 5273 sterium
2280 5218 2359 5273 sui
2390 5218 2667 5288 sanguinis
2689 5221 2758 5277 ad
2803 5222 3056 5279 solvenda
3090 5233 3434 5308 peccatorum
3474 5226 3598 5281 vin-

2015 5308 2155 5373 cula,
2183 5307 2418 5362 donavit.
2450 5309 2514 5364 Et
2539 5310 2762 5379 pulchra
2811 5314 3135 5370 omnimodis
3190 5314 3482 5386 ﬁguratum
3504 5317 3596 5373 di-

2013 5399 2230 5463 stantia,
2263 5399 2430 5454 semcl
2475 5400 2690 5469 quidem
2714 5418 2811 5472 per
2855 5419 3058 5459 annum
3100 5405 3339 5474 pontifex
3377 5406 3429 5461 in
3456 5420 3593 5462 san-

2013 5489 2173 5559 guine
2228 5490 2516 5545 oblationis
2574 5507 2734 5562 super
2781 5509 2984 5549 cornua
3037 5495 3228 5553 altaris
3276 5498 3588 5568 deprecari,

2013 5580 2253 5651 quotidie
2280 5590 2456 5637 autem
2485 5582 2773 5653 thymiama
2824 5598 2990 5639 suave
3029 5585 3297 5657 fragrans,
3331 5603 3492 5657 super
3516 5604 3589 5641 co

2011 5671 2297 5726 incendere
2348 5672 2657 5741 praecipitur
2689 5691 2700 5726 :
2735 5673 2860 5744 quia
2919 5674 3174 5747 Dominus
3224 5687 3278 5732 et
3330 5676 3583 5734 Salvator
