3956 6176
298 307 420 363 213
1242 310 1741 369 (ῙΟΜΜΕΝΤΑΒΙΛ
1783 312 1849 368 ΙΝ

1962 314 2200 371 ιουωι.
2244 349 2311 357 —
2350 318 2478 375 LIB.
2521 321 2616 379 IV.

3466 335 3602 393 2M.

299 427 514 482 noster,
572 418 671 488 qui
730 418 970 489 quotidie
1012 416 1199 476 ﬁdeles
1242 436 1371 477 suos
1424 424 1612 493 gratia:
1666 424 1892 479 interna!
1918 424 1967 485 Δ
1994 432 2050 479 et
2074 428 2236 482 etiam
2290 429 2479 488 electis
2518 435 2775 492 membris
2810 437 3058 495 videlicet
3084 445 3278 499 summi
3315 450 3573 505 sacerdo~

299 508 750 578 compunctionis
773 509 1078 565 accendens
1108 519 1351 577 renovat,
1376 514 1547 570 semel
1578 530 1676 571 eos
1709 516 1886 571 hostia
1998 515 2087 583 tis,
2120 519 2211 588 qui
2246 519 2298 573 in
2346 522 2537 592 spiritu
2568 532 2623 578 et
2652 526 2887 582 veritate
2920 539 3081 584 orant
3132 529 3346 589 Patrem
3376 553 3569 593 conve-

297 598 397 691 sui
417 599 702 691 sanguinis
742 608 975 654 mortem
1005 614 1269 670 superans
1296 604 1541 659 redemit.
1575 604 1681 677 ipsi
1704 605 1892 663 ﬁdeles
1996 605 2208 662 nicnter
2242 608 2411 678 accipi
2439 619 2633 680 potest.
2680 611 2777 668 Cui
2816 622 2995 669 autem
3034 617 3226 675 melius
3254 637 3413 691 quam
3441 626 3569 682 huic

297 686 402 757 qui
432 688 747 758 quotidiana
772 695 994 759 peccata
1020 691 1349 759 quotidianis
1370 693 1591 750 abluere
1620 697 1890 766 precibus,
1994 695 2147 752 altari
2197 701 2468 767 convenit,
2516 704 2659 773 quod
2711 704 2909 761 dicitur
2956 705 3213 765 Sanctum
3259 686 3569 773 sanctorum

296 775 655 848 aclacrymis
679 778 876 845 solent,
903 779 1072 835 semel
1115 780 1171 835 in
1200 795 1600 840 sacramentum
1628 787 1894 856 passionis
1992 789 2098 843 erit
2141 788 2387 856 Domino,
2439 794 2507 849 de
2561 809 2667 864 quo
2724 796 2777 850 in
2827 799 3081 854 mundum
3123 803 3382 872 nascitur,
3430 807 3567 864 dixit

296 870 809 969 illius-absolutos
846 886 904 927 se
937 886 967 925 a
1003 874 1249 943 peccatis
1285 889 1406 931 esse
1457 878 1711 969 omnibus
1760 894 1892 950 gau-
1995 877 2198 950 Virgini
2230 884 2388 938 matri
2416 886 2813 958 archangelus:
2848 887 3076 961 Spiritus
3124 905 3336 951 sanctus
3371 870 3567 969 super-

291 961 453 1058 dent.
487 962 880 1058 Depreeabitur
907 970 1107 1058 autem
1124 978 1289 1058 super
1325 980 1494 1021 cornu
1518 967 1729 1033 altaris,
1759 969 1887 1039 quia
1989 972 2151 1026 veniet
2180 972 2233 1026 in
2268 983 2319 1028 te
2348 973 2497 1046 (Luc.
2532 978 2593 1049 ι).
2628 977 2693 1032 Et
2716 979 2941 1049 reliqua.
2980 981 3258 1054 Descripta
3287 961 3563 1058 hucusque

291 1060 348 1146 et
563 1066 671 1107 non
701 1052 878 1146 solum
907 1053 1051 1109 inter
1092 1055 1343 1111 homines
1391 1067 1743 1114 conversatus
1789 1075 1887 1129 pro
1989 1059 2197 1115 factura
2229 1061 2414 1118 altaris
2465 1065 2695 1133 incensi,
2750 1079 2996 1139 superest
3046 1051 3223 1128 adhuc
3271 1051 3564 1146 descriptio

288 1141 613 1198 hominibus
660 1144 856 1208 oravit,
885 1159 1074 1200 verum
1120 1146 1286 1201 etiam
1325 1163 1468 1204 nunc
1510 1149 1576 1204 ad
1606 1151 1884 1206 dexteram
1917 1206 1936 1221 ,
1986 1148 2124 1205 labri
2177 1151 2335 1215 aenei,
2390 1154 2442 1207 in
2474 1170 2581 1224 quo
2618 1156 2859 1213 lavarent
2895 1175 3088 1215 manus
3118 1177 3245 1218 suas
3275 1179 3339 1219 ac
3372 1141 3558 1235 pedes,

289 1237 467 1305 patris
492 1236 552 1290 in
583 1236 897 1293 ctelestibus
946 1237 1161 1305 sedens,
1203 1240 1514 1312 interpellat
1547 1257 1647 1312 pro
1678 1244 1834 1299 nobis
1862 1261 1877 1309 ;

287 1326 343 1379 in
371 1327 637 1382 cordibus
685 1327 984 1383 electorum
1037 1345 1135 1400 per
1184 1329 1344 1386 ﬁdem
1381 1332 1711 1401 inhabitans,
1754 1335 1878 1390 dum

287 1434 389 1475 eos
434 1421 506 1475 ad
551 1420 950 1490 deprecandum
991 1420 1214 1488 excitat,
1248 1432 1394 1479 recte
1433 1425 1548 1495 ipse
1598 1426 1877 1496 deprecari

284 1522 572 1567 narratur.
607 1513 674 1567 Et
703 1512 931 1584 placabit
975 1530 1134 1585 super
1164 1531 1223 1569 eo
1247 1514 1301 1570 in
1328 1518 1746 1587 generationibus
1790 1536 1877 1573 ve-

280 1605 435 1658 stris.
468 1603 728 1661 Sanctum
749 1614 1049 1661 sanctorum
1074 1608 1171 1662 erit
1193 1607 1439 1665 Domino.
1472 1610 1656 1666 Placat
1677 1606 1875 1680 quippe

278 1694 470 1750 Aaron
500 1710 669 1764 super
714 1695 872 1749 altari
918 1695 1145 1761 incensi,
1178 1699 1395 1767 quando
1443 1708 1667 1770 propter
1705 1699 1868 1769 justi-

280 1787 422 1840 tiam
451 1792 792 1849 sanctorum,
846 1799 1006 1854 quam
1038 1764 1456 1843 intercessorem
1495 1764 1869 1859 ct-patronum
1900 1764 1945 1822 Β

278 1874 605 1944 quaerimus,
635 1873 793 1927 nobis
819 1874 1144 1943 propitiatur
1184 1874 1465 1931 Dominus.
1504 1876 1746 1948 Denique
1771 1878 1870 1932 ob-

278 1980 437 2020 sesso
474 1964 545 2018 ab
574 1964 828 2020 hostibus
866 1964 1134 2032 Ezechias,
1181 1974 1239 2021 et
1281 1968 1539 2023 auxilium
1567 1966 1685 2038 ejus
1724 1970 1868 2025 invo-
1908 2004 1913 2008 ι

281 2056 434 2111 cauti
465 2056 543 2110 ait
579 2073 595 2110 :
626 2054 696 2109 Et
728 2056 984 2111 civitatem
1037 2057 1174 2111 hanc
1214 2055 1426 2113 salvabo
1456 2099 1471 2126 ,
1510 2067 1559 2113 et
1598 2068 1865 2130 protegam

281 2162 401 2199 mm
426 2155 642 2217 propter
667 2162 773 2211 me,
805 2155 852 2199 et
882 2155 1093 2217 prapter
1120 2145 1289 2201 David
1329 2163 1533 2201 servum
1556 2164 1726 2202 nteum
1756 2147 1864 2219 (IV

278 2233 412 2305 Reg.
444 2235 587 2306 xix).
627 2234 923 2291 Possumus
945 2250 1075 2291 sane
1104 2236 1223 2292 haec
1275 2236 1468 2291 altaria
1496 2238 1657 2292 etiam
1692 2238 1763 2292 ita
1788 2239 1866 2293 in.

275 2323 595 2394 ter-pretari,
640 2332 703 2378 ut
728 2339 936 2379 aeneum
988 2325 1205 2395 quidem
1245 2326 1299 2381 in
1334 2341 1443 2396 quo
1474 2341 1669 2382 carnes
1709 2342 1861 2383 com-

274 2415 636 2482 burebantur,
679 2425 736 2472 et
763 2418 984 2487 sanguis
1014 2417 1338 2473 fundebatur
1385 2419 1705 2483 hostiarum,
1739 2436 1852 2476 om-

274 2521 406 2560 nem
445 2507 610 2577 hujus
640 2509 899 2578 temporis
946 2509 1244 2565 Ecclesiam
1281 2510 1635 2580 accipiamus,
1671 2509 1725 2565 in
1752 2526 1858 2580 qua

275 2596 471 2651 nullus
488 2607 573 2653 est
592 2600 795 2669 absque
821 2608 1069 2670 peccato,
1102 2600 1316 2655 etiamsi
1371 2600 1532 2655 unius
1559 2600 1665 2655 diei
1699 2599 1861 2655 fuerit

276 2689 403 2742 vita
449 2702 565 2758 ejus
588 2705 743 2759 super
789 2701 1012 2746 terram.
1057 2690 1244 2746 Nullus
1272 2690 1364 2761 qui
1407 2706 1512 2745 non
1541 2706 1607 2745 ex
1636 2698 1860 2760 peccato

271 2781 744 2849 pmvaricationis
768 2780 900 2835 Adze
942 2780 1239 2836 carnaliter
1278 2789 1459 2846 natus,
1513 2794 1739 2835 necesse
1770 2780 1862 2835 ha-

272 2871 410 2925 heat
436 2871 498 2925 in
530 2870 746 2927 Christo
772 2872 1006 2937 renasci,
1035 2880 1091 2926 et
1126 2871 1351 2942 spiritus
1382 2869 1500 2940 ejus
1538 2871 1662 2941 igne
1703 2886 1858 2926 mun-

267 2959 416 3014 dari.
452 2960 690 3016 Aureum
743 2976 872 3017 vero
914 2961 1085 3016 altare
1120 2961 1296 3032 ipsum
1324 2960 1611 3016 Dominum
1644 2961 1857 3032 signiﬁ-

267 3065 402 3111 ct:
453 3056 549 3125 qui
594 3056 732 3110 miro
762 3064 925 3126 atque
980 3054 1240 3110 ineffabili
1276 3053 1467 3109 ordine
1524 3053 1600 3109 ita
1632 3068 1854 3109 carnem

266 3106 678 3203 veramltraxit
723 3163 787 3202 ex
818 3106 1014 3212 Adam,
1046 3155 1107 3202 ut
1142 3162 1174 3201 a
1218 3154 1444 3217 peccato
1478 3146 1661 3202 carnis
1699 3145 1853 3213 Adae,
1881 3106 1927 3168 Ο

268 3238 547 3291 veraciter
587 3245 732 3292 esset
784 3236 1062 3291 immunis.
1107 3235 1375 3303 Quoniam
1431 3235 1601 3289 altare
1634 3234 1854 3304 quidem

265 3340 666 3399 utrumque.ex
705 3329 869 3383 unius
915 3327 1266 3398 ejusdemque
1308 3326 1526 3397 generis
1566 3325 1728 3395 lignis
1776 3325 1856 3379 fa-

264 3429 447 3484 ctum,
482 3421 572 3475 sed
609 3436 716 3474 non
736 3428 1033 3489 utrumque
1057 3428 1176 3475 erat
1213 3433 1348 3474 auro
1376 3427 1713 3488 coopertum.
1745 3417 1853 3473 Sed

264 3521 322 3565 rt
348 3513 405 3566 in
440 3512 545 3565 hoc
566 3510 721 3565 altari
750 3511 825 3566 nil
854 3509 1070 3565 carnale
1099 3508 1449 3574 offerebatur,
1475 3523 1665 3564 verum
1689 3508 1853 3563 etiam

263 3608 522 3655 aromata
553 3609 759 3654 tantum
781 3600 1153 3664 adolebantur,
1197 3599 1325 3669 quia
1364 3598 1624 3654 Dominus
1660 3602 1853 3668 preces

264 3691 390 3744 sive
416 3688 688 3761 lacrymas
716 3689 1019 3755 elfundens,
1047 3704 1153 3744 non
1194 3704 1292 3760 pro
1321 3689 1434 3743 suis
1459 3686 1731 3756 erratibus
1762 3687 1853 3756 qui

265 3782 409 3837 nulli
432 3793 607 3847 erant,
635 3782 732 3837 sed
766 3797 865 3851 pro
893 3790 1075 3837 nostra
1096 3781 1200 3835 hoc
1226 3780 1399 3836 salute
1422 3777 1675 3833 faciebat.
1702 3777 1857 3832 Sicut

259 3873 425 3927 enim
478 3888 600 3927 area
646 3873 785 3926 intra
836 3872 1014 3927 velum
1043 3871 1245 3942 posita,
1271 3870 1547 3925 hominem
1576 3869 1852 3925 sedentem

264 3962 492 4016 Domini
520 3962 585 4016 ad
609 3962 889 4016 dexteram
937 3960 1240 4032 majestatis
1270 3960 1323 4014 in
1371 3958 1604 4015 excelsis
1649 3957 1853 4029 signiﬁ-

262 4059 382 4113 cat,
418 4050 493 4104 ita
523 4052 694 4106 altare
721 4060 877 4106 extra
928 4050 1107 4106 velum
1153 4049 1394 4120 quidem,
1444 4048 1540 4104 sed
1569 4062 1737 4119 prope
1773 4048 1856 4102 in-

265 4143 500 4198 troitum
552 4142 669 4213 ejus
698 4142 953 4212 positum,
990 4142 1242 4198 eumdem
1269 4142 1626 4197 mediatorem
1673 4141 1767 4197 Dei
1799 4149 1855 4197 et

264 4238 557 4293 hominum
586 4245 762 4307 potest
783 4236 1082 4309 ﬁguraliter
1128 4236 1434 4307 exprimere
1462 4253 1476 4290 :
1514 4236 1657 4290 inter
1682 4236 1853 4289 homi-

262 4345 369 4384 nes
397 4329 622 4398 quidem
668 4328 979 4383 bumanitus
1008 4336 1446 4392 conversantem,
1474 4327 1568 4382 sed
1610 4326 1852 4395 potentia

263 4419 591 4485 divinitatis,
618 4420 878 4475 caelorum
919 4419 1181 4475 interiora
1230 4427 1624 4489 penetrantem.
1655 4416 1851 4473 Stabat
1876 4449 1930 4510 Ι)

262 4511 449 4565 altare
484 4510 690 4565 incensi
715 4511 771 4565 in
806 4509 1119 4566 sanctuario
1147 4509 1241 4564 ubi
1268 4517 1325 4564 et
1368 4507 1761 4564 candelabrum
1793 4513 1850 4561 et

263 4615 486 4665 usensa,
524 4600 900 4671 quiaVerbum
926 4615 1055 4656 caro
1105 4598 1308 4655 factum
1339 4605 1448 4666 est,
1480 4606 1538 4654 et
1584 4597 1851 4653 habitavit

262 4693 321 4746 in
353 4692 538 4748 nobis.
575 4686 767 4747 Stabat
792 4706 922 4747 arca
965 4692 1109 4747 intra
1146 4692 1348 4758 velum,
1393 4691 1522 4761 quia
1558 4690 1701 4746 idem
1747 4691 1851 4747 Do-

263 4784 456 4840 minus
502 4780 681 4849 Jesus,
737 4791 862 4853 post
921 4783 1233 4854 passionem
1283 4783 1849 4854 resurrectionemque

262 4889 426 4929 suam
468 4881 781 4944 assumptus
823 4883 913 4930 est
961 4875 1017 4928 in
1064 4874 1283 4940 caelum,
1318 4882 1374 4929 et
1408 4875 1562 4930 sedet
1588 4890 1619 4929 a
1644 4873 1850 4931 dextris

266 4964 387 5019 Dei.
416 4961 596 5034 Super
624 4963 746 5034 ejus
778 4978 983 5019 cornua
1025 4963 1218 5019 altaris
1239 4963 1566 5034 deprecatur
1582 4963 1765 5020 Aaron
1796 4965 1851 5019 in

264 5052 534 5124 sanguine
575 5052 721 5122 quod
773 5053 1015 5107 oblatum
1054 5060 1142 5108 est
1180 5068 1279 5123 pro
1302 5060 1565 5123 peccato,
1592 5060 1648 5107 et
1674 5051 1855 5122 placat

262 5158 434 5215 super
455 5158 544 5208 eo,
575 5141 794 5213 quando
822 5152 1077 5214 rogantes
1122 5157 1222 5213 pro
1246 5142 1444 5214 populo
1486 5143 1606 5208 Dei,
1640 5143 1724 5197 vel
1750 5158 1851 5214 pro

262 5249 365 5288 sua
397 5235 638 5303 ipsorum
664 5233 966 5304 ignorantia
1004 5234 1339 5304 sacerdotes,
1370 5250 1469 5305 per
1506 5235 1849 5308 unigenitum

262 5324 462 5379 Filium
510 5325 630 5397 ejus
668 5340 793 5381 esse
818 5325 1176 5396 adjuvandus,
1221 5334 1279 5381 et
1311 5341 1410 5397 per
1445 5335 1851 5383 sacramentum

262 5416 539 5485 pessumis
584 5415 734 5472 illius
765 5416 1055 5472 salvandos
1106 5430 1231 5471 esse
1258 5415 1557 5483 conﬁdunt,
1600 5424 1856 5473 monente

262 5508 527 5577 Apostolo
575 5523 643 5563 ac
686 5508 902 5564 dicente
939 5526 952 5561 :
1006 5507 1111 5563 Per
1154 5507 1333 5578 ipsum
1377 5522 1509 5578 ergo
1556 5506 1854 5565 oll‘eramus

264 5600 504 5655 hostiam
533 5599 710 5656 laudis
731 5614 948 5671 semper
983 5600 1118 5667 Deo,
1149 5600 1201 5655 id
1228 5607 1335 5663 est,
1389 5598 1622 5655 fructum
1676 5599 1848 5655 labio-

266 5707 389 5747 rum
427 5692 804 5749 conﬁtentium
835 5692 1041 5748 nomini
1097 5690 1233 5761 ejus.
1264 5691 1418 5759 Quod
1471 5691 1536 5747 dc
1593 5691 1846 5747 omnibus

1984 1241 2282 1313 ingressuri
2340 1245 2392 1298 in
2438 1247 2844 1303 tabernaculum
2885 1252 3233 1319 sacerdotes;
3270 1255 3364 1309 sed
3413 1270 3554 1325 prte-

1982 1334 2302 1388 termittitur
2350 1351 2515 1391 unum
2549 1338 2763 1394 Domini
2811 1341 3146 1408 mandatum,
3195 1346 3338 1414 quod
3368 1356 3423 1402 et
3458 1364 3585 1403 nos.

1978 1422 2219 1478 breviter
2253 1431 2476 1494 tangere
2518 1440 2583 1483 ac
2632 1443 2733 1497 pro
2776 1430 2991 1486 modulo
3043 1441 3229 1488 nostro
3284 1447 3579 1506 exponere.

1976 1515 2243 1569 convenit.
2276 1514 2533 1586 Sequitur
2557 1536 2569 1569 :

2579 1609 2805 1666 CAPUT
2858 1610 2943 1665 XI.

1974 1696 2051 1753 De
2071 1714 2130 1752 eo
2155 1700 2295 1774 quod
2322 1698 2576 1754 Dominus
2598 1700 2745 1770 jubet
2763 1702 2993 1774 pretium
3025 1719 3118 1771 pro
3142 1705 3417 1761 animabus
3445 1708 3563 1763 sin—

2109 1769 2351 1839 gulorum
2378 1769 2649 1824 numerato
2672 1769 2883 1840 populo,
2907 1769 3134 1827 Domino
3154 1774 3411 1845 impendi.

2040 1876 2369 1950 Locutusque
2387 1889 2460 1933 est
2473 1878 2727 1934 Dominus
2756 1881 2825 1934 ad
2851 1880 3067 1953 Moysen
3082 1883 3294 1939 dicens:
3322 1884 3550 1952 Quando

1968 1966 2151 2023 tuleris
2173 1985 2434 2023 summam
2462 1970 2693 2038 ﬁliorum
2719 1970 2910 2037 Israel,
2942 1973 3102 2043 juxta
3139 1992 3413 2032 numerum
3450 1980 3551 2033 da-

1968 2056 2093 2111 bunt
2120 2057 2313 2129 singuli
2342 2061 2566 2129 pretium
2610 2078 2704 2131 pro
2749 2063 3025 2119 animabus
3061 2066 3172 2120 suis
3201 2066 3447 2135 Domino,
3500 2083 3549 2124 ct

1968 2162 2070 2200 non
2089 2147 2189 2200 erit
2221 2146 2379 2218 plaga
2417 2148 2473 2201 in
2507 2149 2603 2203 eis.
2657 2147 2775 2203 Hoc
2823 2159 3001 2205 autem
3048 2153 3193 2208 dabit
3244 2157 3413 2212 omnis
3456 2159 3548 2230 qui

1964 2235 2153 2289 transit
2206 2235 2275 2289 ad
2313 2252 2521 2300 nomen,
2571 2236 2847 2291 dimidium
2898 2237 3014 2293 sicli
3034 2240 3193 2309 juxta
3247 2259 3548 2299 mensuram

1963 2325 2161 2397 templi.
2221 2325 2397 2382 Siclus
2429 2328 2610 2399 viginti
2639 2328 2814 2384 obolos
2840 2329 3010 2385 habet.
3068 2331 3238 2388 Media
3268 2350 3397 2406 pars
3429 2337 3557 2391 sicli

1962 2417 2187 2472 oﬂ'ertur
2214 2418 2463 2473 Domino.

2032 2508 2201 2580 Hujus
2239 2511 2497 2581 praecepti
2531 2511 2730 2567 oblitus
2760 2520 2843 2567 est
2873 2512 3075 2577 David,
3105 2515 3321 2583 quando
3352 2531 3542 2570 nume-

1964 2600 2103 2653 ravit
2140 2601 2421 2671 populum,
2471 2602 2700 2671 ideoque
2742 2602 2955 2673 plagam
3000 2595 3335 2660 numerando
3367 2605 3546 2660 cidem

1961 2692 2159 2762 populo
2197 2693 2461 2749 conscivit
2508 2692 2602 2762 (Il
2658 2692 2786 2765 Reg.
2816 2694 2999 2762 xxsv).
3041 2694 3320 2766 Spirituali
3368 2707 3549 2754 autem

1960 2798 2121 2838 sensu
2162 2800 2371 2840 summa
2402 2784 2631 2841 ﬁliorum
2658 2786 2844 2853 Israel,
2875 2786 3142 2842 summam
3171 2790 3415 2844 omnium
3454 2791 3550 2845 de-

1960 2871 2139 2941 signat
2177 2874 2478 2928 electorum
2520 2890 2751 2945 quorum
2800 2877 3019 2930 nomina
3065 2878 3269 2947 scripta
3321 2859 3448 2935 stint
3488 2881 3549 2937 in

1960 2962 2118 3025 cmlo,
2173 2963 2480 3034 singulique
2525 2965 2656 3021 dant
2687 2979 2786 3035 pro
2824 2966 3108 3022 animabus
3154 2969 3268 3023 suis
3311 2972 3546 3039 pretium

1961 3052 2210 3114 Domino,
2246 3067 2371 3108 cum
2399 3054 2448 3108 ei
2488 3053 2544 3107 in
2573 3053 2731 3109 bonis
2766 3055 3022 3125 operibus
3046 3057 3305 3112 exhibent
3346 3059 3552 3115 sedul-ee

1959 3141 2239 3196 servitutis
2262 3142 2606 3211 obsequium.
2632 3142 2880 3213 Alioquin
2908 3144 3066 3215 plaga
3092 3146 3194 3199 erit
3215 3146 3271 3200 in
3296 3147 3394 3213 eis,
3425 3163 3544 3201 eum

1957 3231 2155 3300 fuerim
2190 3233 2452 3286 recensiti.
2477 3232 2612 3299 Quia
2638 3232 2892 3288 nimirum
2916 3234 3051 3289 ultio
3075 3244 3258 3291 manet
3284 3246 3555 3307 perpetua.

1956 3335 2071 3386 eos,
2103 3321 2195 3390 qui
2221 3320 2456 3376 ﬁdelium
2480 3337 2706 3377 numero
2731 3337 2838 3377 non
2867 3335 3146 3379 merentur
3171 3326 3389 3391 sociari,
3416 3342 3542 3397 per-

1954 3413 2098 3467 fecta
2139 3412 2263 3467 ﬁdei
2297 3428 2463 3482 opera
2494 3413 2722 3470 Domino
2742 3412 2940 3470 oll‘erre
2965 3415 3296 3482 detrectent,
3321 3418 3550 3473 dicitur-

1954 3518 2060 3574 que
2095 3504 2161 3559 de
2194 3504 2388 3560 talibus
2420 3519 2434 3558 :
2462 3504 2584 3560 Non
2611 3505 2812 3560 dabunt
2842 3505 2953 3560 Deo
2990 3505 3340 3577 plaeationem
3368 3526 3548 3576 suam,

1956 3614 2048 3651 nec
2073 3598 2297 3666 pretium
2325 3598 2690 3669 redemptionis
2719 3600 2911 3655 animat
2936 3616 3047 3655 sua:
3070 3599 3091 3672 (
3111 3600 3257 3656 Psal.
3310 3618 3481 3658 XLVIII
3504 3606 3543 3673 ).

1959 3686 2265 3756 Redemptio
2294 3688 2438 3742 enim
2466 3690 2660 3754 animae
2685 3690 2784 3742 viri
2808 3689 3005 3744 divitia:
3035 3706 3146 3745 sua:
3176 3690 3359 3762 (Prov.
3388 3693 3543 3764 xm),

1956 3786 2017 3830 ut
2045 3775 2302 3832 Salomon
2346 3777 2454 3843 ait;
2504 3778 2620 3833 sive
2669 3779 2997 3848 temporales
3023 3797 3036 3833 :
3061 3780 3271 3835 scilicet
3297 3796 3421 3836 cum
3449 3797 3545 3838 eas

1955 3865 2283 3921 distribuerit
2324 3867 2627 3939 dederitque
2664 3868 2981 3939 pauperibus
3015 3884 3034 3923 :
3073 3878 3131 3923 ut
3168 3868 3383 3940 justitia
3426 3871 3547 3941 ejus

1954 3968 2167 4014 maneat
2199 3959 2256 4014 in
2293 3958 2549 4015 siccatum
2573 3959 2755 4016 sweuli
2796 3958 2975 4033 (Psal.
3005 3960 3119 4034 tu);
3152 3976 3248 4017 seu
3289 3961 3546 4032 spiritua-

1955 4047 2054 4113 les,
2084 4049 2187 4103 hoc
2212 4056 2318 4115 est,
2359 4048 2473 4119 ipsa
2492 4047 2703 4117 iustitia
2728 4064 2891 4120 quam
2933 4049 3084 4117 fecit,
3120 4052 3199 4105 vel
3233 4050 3544 4107 miserendo

1953 4138 2303 4208 pauperibus,
2330 4138 2416 4194 vel
2440 4139 2547 4194 alia
2574 4140 2716 4195 bona
2747 4138 3013 4196 faciendo.
3040 4140 3196 4201 Dabit
3219 4150 3401 4196 autem
3427 4156 3541 4194 om-

1955 4232 2036 4285 nis
2062 4231 2153 4300 qui
2177 4232 2368 4286 transit
2395 4231 2464 4284 atl
2493 4247 2679 4285 nomen
2710 4231 2988 4285 dimidium
3017 4231 3157 4297 sieli,
3191 4233 3295 4286 hoc
3314 4240 3416 4295 est,
3449 4230 3541 4286 dc-

1953 4336 2073 4376 cem
2101 4321 2318 4387 obolos;
2369 4320 2512 4390 quod
2535 4335 2643 4375 non
2674 4319 2819 4375 aliud
2842 4321 3021 4390 aptius
3058 4334 3221 4389 quam
3248 4320 3542 4375 observan-

1957 4413 2029 4467 tia
2068 4411 2311 4484 decalogi
2342 4411 2496 4482 legis,
2541 4426 2574 4465 a
2600 4410 2759 4465 nobis
2797 4409 2944 4465 valet
2980 4409 3227 4481 intelligi.
3264 4409 3365 4477 Qui
3392 4409 3545 4465 enim

1956 4506 2103 4562 hunc
2120 4512 2270 4561 recte
2297 4502 2603 4576 intelligere
2627 4502 2776 4560 novit
2802 4516 3019 4559 omnem
3047 4504 3103 4559 in
3126 4517 3194 4559 eo
3220 4513 3277 4560 et
3302 4502 3429 4560 ﬁdei
3458 4513 3541 4562 at-

1954 4610 2064 4666 que
2106 4594 2289 4666 cperis
2331 4593 2744 4665 plenitudinem,
2798 4601 2854 4650 et
2889 4591 3084 4649 futura:
3122 4594 3539 4664 promissionem

1956 4686 2332 4744 retributionis
2361 4685 2543 4742 inesse
2566 4683 2839 4756 cognovit.
2862 4683 3115 4754 Denique
3139 4684 3195 4740 in
3219 4685 3413 4756 primis
3437 4687 3536 4742 tri-

1956 4783 2060 4839 bus
2085 4780 2306 4837 dilectio
2330 4779 2452 4846 Dei,
2481 4780 2536 4834 in
2577 4777 2929 4849 sequentibus
2964 4785 3170 4849 septem
3207 4778 3425 4835 dilectio
3457 4788 3543 4835 est

1956 4873 2192 4946 proximi
2221 4871 2610 4943 comprehensa
2653 4868 2913 4939 Apostolo
2936 4876 3075 4925 teste
3105 4886 3119 4922 :
3149 4866 3433 4924 Plenitudo
3464 4867 3539 4922 le-

1957 4967 2037 5036 gis
2073 4974 2149 5020 est
2169 4963 2382 5018 dilectio
2408 4960 2593 5032 (Rom.
2633 4960 2786 5032 xm).
2817 4958 2925 5016 Sed
2970 4968 3028 5015 et
3063 4958 3209 5015 aliud
3232 4971 3541 5015 sacramen-

1959 5066 2073 5112 tum
2110 5068 2450 5126 nequaquam
2491 5050 2945 5122 praetereundum,
2974 5051 3165 5107 eodem
3193 5064 3421 5106 numero
3447 5048 3540 5104 de-

1956 5147 2111 5203 nario
2135 5145 2465 5202 continetur.
2499 5141 2708 5199 Nomen
2737 5142 2883 5197 enim
2902 5140 3065 5197 Jesus
3101 5140 3243 5210 apud
3285 5138 3538 5195 Hebraeos

1955 5255 1987 5294 a
2010 5240 2189 5296 littera
2218 5239 2330 5304 iod,
2359 5236 2503 5309 apud
2526 5235 2746 5293 Graecos
2767 5236 2877 5290 iota
2907 5235 3118 5306 incipit.
3150 5233 3281 5301 Quae
3310 5239 3538 5300 utraque

1959 5329 2016 5385 in
2061 5344 2160 5385 sua
2200 5334 2381 5400 gente,
2428 5325 2639 5382 denarii
2676 5333 2762 5381 est
2788 5335 2918 5380 nuta
2954 5322 3185 5381 numeri.
3236 5321 3540 5388 Decemquc

1955 5419 2145 5477 obolos
2183 5419 2240 5474 in
2278 5417 2516 5489 pretium
2556 5416 2749 5472 anima:
2770 5430 2882 5471 suae
2909 5414 3138 5471 Domino
3164 5410 3417 5475 oll'erunt,
3442 5413 3537 5480 qui

1951 5513 2138 5570 Iesum
2184 5512 2460 5569 Christum
2506 5510 2788 5567 credentes
2811 5549 2828 5575 ,
2876 5508 3089 5579 signum
3136 5500 3371 5557 nominis
3418 5501 3537 5571 ejus

1953 5607 2096 5675 quod
2130 5606 2354 5661 denario
2388 5617 2615 5660 numero
2656 5602 2862 5671 incipit,
2906 5601 2961 5654 in
3012 5597 3188 5677 fronte
3232 5602 3288 5648 et
3327 5594 3535 5664 profes-

1951 5696 2101 5753 sione
2129 5695 2427 5766 proferunt.
2460 5694 2526 5750 Et
2557 5693 2786 5753 fortasse
2819 5687 2975 5756 hujus
3003 5684 3176 5757 gratia
3206 5685 3531 5742 sacramenti
