  <div class='ocr_page' id='page_1' title='image "/cluster/home/n/w/nwhite01/storage/ocr_20150623/108/hvd.32044054759733/113.png"; bbox 0 0 3956 6176; ppageno 0'>
   <div class='ocr_carea' id='block_1_1' title="bbox 359 218 463 274">
    <p class='ocr_par' dir='ltr' id='par_1_1' title="bbox 359 218 463 274">
     <span class='ocr_line' id='line_1_1' title="bbox 359 218 463 274; baseline -0.029 1"><span class='ocrx_word' id='word_1_1' title='bbox 359 218 463 274; x_wconf 72' lang='grc' dir='ltr'><strong>Ξιὸ</strong></span> 
     </span>
    </p>
   </div>
   <div class='ocr_carea' id='block_1_2' title="bbox 1015 212 1953 273">
    <p class='ocr_par' dir='ltr' id='par_1_2' title="bbox 1015 212 1953 273">
     <span class='ocr_line' id='line_1_2' title="bbox 1015 212 1953 273; baseline 0 -4"><span class='ocrx_word' id='word_1_2' title='bbox 1015 214 1077 269; x_wconf 89' lang='grc' dir='ltr'><strong>Β.</strong></span> <span class='ocrx_word' id='word_1_3' title='bbox 1111 214 1366 272; x_wconf 79' lang='grc' dir='ltr'><strong>ΒΑΒΑΝΙ</strong></span> <span class='ocrx_word' id='word_1_4' title='bbox 1405 213 1621 273; x_wconf 77' lang='lat' dir='ltr'><strong>MAURI</strong></span> <span class='ocrx_word' id='word_1_5' title='bbox 1660 212 1953 270; x_wconf 80' lang='lat' dir='ltr'><strong>ARCHIEP</strong></span> 
     </span>
    </p>
   </div>
   <div class='ocr_carea' id='block_1_3' title="bbox 2058 212 2954 273">
    <p class='ocr_par' dir='ltr' id='par_1_3' title="bbox 2058 213 2954 272">
     <span class='ocr_line' id='line_1_3' title="bbox 2058 213 2954 272; baseline 0 -3"><span class='ocrx_word' id='word_1_6' title='bbox 2058 213 2335 272; x_wconf 83' lang='lat' dir='ltr'><strong>IOGUNT.</strong></span> <span class='ocrx_word' id='word_1_7' title='bbox 2378 214 2671 272; x_wconf 27' lang='lat' dir='ltr'><strong>OPEBUM.</strong></span> <span class='ocrx_word' id='word_1_8' title='bbox 2697 213 2877 269; x_wconf 82' lang='lat' dir='ltr'><strong>PARS</strong></span> <span class='ocrx_word' id='word_1_9' title='bbox 2912 214 2954 270; x_wconf 71' lang='grc' dir='ltr'><strong>ἰ.</strong></span> 
     </span>
    </p>
   </div>
   <div class='ocr_carea' id='block_1_4' title="bbox 3505 219 3631 278">
    <p class='ocr_par' dir='ltr' id='par_1_4' title="bbox 3505 219 3631 278">
     <span class='ocr_line' id='line_1_4' title="bbox 3505 219 3631 278; baseline 0.032 -4"><span class='ocrx_word' id='word_1_10' title='bbox 3505 219 3631 278; x_wconf 73' lang='grc'><strong>216</strong></span> 
     </span>
    </p>
   </div>
   <div class='ocr_carea' id='block_1_5' title="bbox 357 322 3636 401">
    <p class='ocr_par' dir='ltr' id='par_1_5' title="bbox 357 322 3636 401">
     <span class='ocr_line' id='line_1_5' title="bbox 357 322 3636 401; baseline 0.001 -17"><span class='ocrx_word' id='word_1_11' title='bbox 357 326 618 384; x_wconf 81' lang='lat' dir='ltr'><strong>Dominus</strong></span> <span class='ocrx_word' id='word_1_12' title='bbox 658 323 713 380; x_wconf 88' lang='lat' dir='ltr'><strong>in</strong></span> <span class='ocrx_word' id='word_1_13' title='bbox 739 322 1028 396; x_wconf 88' lang='lat' dir='ltr'><strong>Evangelio</strong></span> <span class='ocrx_word' id='word_1_14' title='bbox 1057 333 1323 380; x_wconf 76' lang='lat' dir='ltr'><strong>testatur:</strong></span> <span class='ocrx_word' id='word_1_15' title='bbox 1358 325 1471 381; x_wconf 88' lang='lat' dir='ltr'><strong>lota</strong></span> <span class='ocrx_word' id='word_1_16' title='bbox 1505 341 1672 380; x_wconf 90' lang='lat' dir='ltr'><strong>unum</strong></span> <span class='ocrx_word' id='word_1_17' title='bbox 1707 326 1772 381; x_wconf 91' lang='lat' dir='ltr'><strong>de</strong></span> <span class='ocrx_word' id='word_1_18' title='bbox 1814 324 1933 396; x_wconf 87' lang='lat' dir='ltr'><strong>lege</strong></span> <span class='ocrx_word' id='word_1_19' title='bbox 1962 331 2009 390; x_wconf 81' lang='grc' dir='ltr'><strong>Α</strong></span> <span class='ocrx_word' id='word_1_20' title='bbox 2037 328 2163 396; x_wconf 83' lang='lat' dir='ltr'><strong>quia</strong></span> <span class='ocrx_word' id='word_1_21' title='bbox 2194 344 2300 383; x_wconf 90' lang='lat' dir='ltr'><strong>non</strong></span> <span class='ocrx_word' id='word_1_22' title='bbox 2332 328 2437 383; x_wconf 85' lang='lat' dir='ltr'><strong>nisi</strong></span> <span class='ocrx_word' id='word_1_23' title='bbox 2465 327 2632 382; x_wconf 89' lang='lat' dir='ltr'><strong>semel</strong></span> <span class='ocrx_word' id='word_1_24' title='bbox 2671 327 2854 383; x_wconf 88' lang='lat' dir='ltr'><strong>lavare</strong></span> <span class='ocrx_word' id='word_1_25' title='bbox 2882 326 3153 394; x_wconf 83' lang='lat' dir='ltr'><strong>valemus,</strong></span> <span class='ocrx_word' id='word_1_26' title='bbox 3199 332 3636 401; x_wconf 62' lang='lat' dir='ltr'><strong>consequentiae</strong></span> 
     </span>
    </p>
   </div>
   <div class='ocr_carea' id='block_1_6' title="bbox 355 416 1938 489">
    <p class='ocr_par' dir='ltr' id='par_1_6' title="bbox 355 416 1938 489">
     <span class='ocr_line' id='line_1_6' title="bbox 355 416 1938 489; baseline -0.002 -15"><span class='ocrx_word' id='word_1_27' title='bbox 355 417 637 489; x_wconf 67' lang='lat' dir='ltr'><strong>praeterire</strong></span> <span class='ocrx_word' id='word_1_28' title='bbox 681 431 787 472; x_wconf 92' lang='lat' dir='ltr'><strong>non</strong></span> <span class='ocrx_word' id='word_1_29' title='bbox 816 430 998 486; x_wconf 87' lang='lat' dir='ltr'><strong>posse,</strong></span> <span class='ocrx_word' id='word_1_30' title='bbox 1051 417 1375 486; x_wconf 87' lang='lat' dir='ltr'><strong>quiavirtus</strong></span> <span class='ocrx_word' id='word_1_31' title='bbox 1409 417 1649 488; x_wconf 86' lang='lat' dir='ltr'><strong>decalogi</strong></span> <span class='ocrx_word' id='word_1_32' title='bbox 1699 432 1818 487; x_wconf 66' lang='lat' dir='ltr'><strong>quae</strong></span> <span class='ocrx_word' id='word_1_33' title='bbox 1864 416 1938 471; x_wconf 86' lang='lat' dir='ltr'><strong>ibi</strong></span> 
     </span>
    </p>
   </div>
   <div class='ocr_carea' id='block_1_7' title="bbox 359 507 1940 582">
    <p class='ocr_par' dir='ltr' id='par_1_7' title="bbox 359 507 1940 582">
     <span class='ocr_line' id='line_1_7' title="bbox 359 507 1940 582; baseline -0.001 -15"><span class='ocrx_word' id='word_1_34' title='bbox 359 511 688 575; x_wconf 73' lang='lat' dir='ltr'><strong>continetur,</strong></span> <span class='ocrx_word' id='word_1_35' title='bbox 734 507 975 578; x_wconf 90' lang='lat' dir='ltr'><strong>ﬁdesque</strong></span> <span class='ocrx_word' id='word_1_36' title='bbox 1002 510 1241 566; x_wconf 87' lang='lat' dir='ltr'><strong>nominis</strong></span> <span class='ocrx_word' id='word_1_37' title='bbox 1268 511 1435 580; x_wconf 80' lang='lat' dir='ltr'><strong>ipsius</strong></span> <span class='ocrx_word' id='word_1_38' title='bbox 1463 528 1583 582; x_wconf 72' lang='lat' dir='ltr'><strong>qua:</strong></span> <span class='ocrx_word' id='word_1_39' title='bbox 1614 511 1685 566; x_wconf 91' lang='lat' dir='ltr'><strong>ibi</strong></span> <span class='ocrx_word' id='word_1_40' title='bbox 1716 511 1940 582; x_wconf 84' lang='lat' dir='ltr'><strong>mystice</strong></span> 
     </span>
    </p>
   </div>
   <div class='ocr_carea' id='block_1_8' title="bbox 358 599 1939 674">
    <p class='ocr_par' dir='ltr' id='par_1_8' title="bbox 358 599 1939 674">
     <span class='ocr_line' id='line_1_8' title="bbox 358 599 1939 674; baseline -0.001 -16"><span class='ocrx_word' id='word_1_41' title='bbox 358 600 715 674; x_wconf 87' lang='lat' dir='ltr'><strong>signiﬁcatur,</strong></span> <span class='ocrx_word' id='word_1_42' title='bbox 746 599 892 655; x_wconf 88' lang='lat' dir='ltr'><strong>nulla</strong></span> <span class='ocrx_word' id='word_1_43' title='bbox 917 615 1154 671; x_wconf 77' lang='lat' dir='ltr'><strong>unquam</strong></span> <span class='ocrx_word' id='word_1_44' title='bbox 1182 610 1360 672; x_wconf 79' lang='lat' dir='ltr'><strong>potest</strong></span> <span class='ocrx_word' id='word_1_45' title='bbox 1387 603 1684 658; x_wconf 82' lang='lat' dir='ltr'><strong>infidelium</strong></span> <span class='ocrx_word' id='word_1_46' title='bbox 1721 614 1939 674; x_wconf 90' lang='lat' dir='ltr'><strong>pertur-</strong></span> 
     </span>
    </p>
   </div>
   <div class='ocr_carea' id='block_1_9' title="bbox 357 691 1941 766">
    <p class='ocr_par' dir='ltr' id='par_1_9' title="bbox 357 691 1941 766">
     <span class='ocr_line' id='line_1_9' title="bbox 357 691 1941 766; baseline -0.001 -16"><span class='ocrx_word' id='word_1_47' title='bbox 357 695 575 751; x_wconf 84' lang='lat' dir='ltr'><strong>batione</strong></span> <span class='ocrx_word' id='word_1_48' title='bbox 618 692 911 763; x_wconf 78' lang='lat' dir='ltr'><strong>corrumpi.</strong></span> <span class='ocrx_word' id='word_1_49' title='bbox 953 691 1057 759; x_wconf 82' lang='lat' dir='ltr'><strong>Qui</strong></span> <span class='ocrx_word' id='word_1_50' title='bbox 1077 693 1298 749; x_wconf 78' lang='lat' dir='ltr'><strong>habetur</strong></span> <span class='ocrx_word' id='word_1_51' title='bbox 1344 696 1399 749; x_wconf 90' lang='lat' dir='ltr'><strong>in</strong></span> <span class='ocrx_word' id='word_1_52' title='bbox 1448 712 1663 750; x_wconf 88' lang='lat' dir='ltr'><strong>numero</strong></span> <span class='ocrx_word' id='word_1_53' title='bbox 1696 713 1728 750; x_wconf 89' lang='lat' dir='ltr'><strong>a</strong></span> <span class='ocrx_word' id='word_1_54' title='bbox 1761 696 1941 766; x_wconf 75' lang='lat' dir='ltr'><strong>viginti</strong></span> 
     </span>
    </p>
   </div>
   <div class='ocr_carea' id='block_1_10' title="bbox 359 781 1943 855">
    <p class='ocr_par' dir='ltr' id='par_1_10' title="bbox 359 781 1943 855">
     <span class='ocr_line' id='line_1_10' title="bbox 359 781 1943 855; baseline 0.002 -18"><span class='ocrx_word' id='word_1_55' title='bbox 359 783 514 837; x_wconf 86' lang='lat' dir='ltr'><strong>annis</strong></span> <span class='ocrx_word' id='word_1_56' title='bbox 551 791 597 837; x_wconf 88' lang='lat' dir='ltr'><strong>et</strong></span> <span class='ocrx_word' id='word_1_57' title='bbox 628 798 813 853; x_wconf 94' lang='lat' dir='ltr'><strong>supra,</strong></span> <span class='ocrx_word' id='word_1_58' title='bbox 856 781 1001 836; x_wconf 88' lang='lat' dir='ltr'><strong>dabit</strong></span> <span class='ocrx_word' id='word_1_59' title='bbox 1043 784 1289 855; x_wconf 84' lang='lat' dir='ltr'><strong>pretium.</strong></span> <span class='ocrx_word' id='word_1_60' title='bbox 1319 783 1588 840; x_wconf 84' lang='lat' dir='ltr'><strong>Numerus</strong></span> <span class='ocrx_word' id='word_1_61' title='bbox 1636 785 1943 840; x_wconf 84' lang='lat' dir='ltr'><strong>vioenarius</strong></span> 
     </span>
    </p>
   </div>
   <div class='ocr_carea' id='block_1_11' title="bbox 360 872 1944 948">
    <p class='ocr_par' dir='ltr' id='par_1_11' title="bbox 360 872 1944 948">
     <span class='ocr_line' id='line_1_11' title="bbox 360 872 1944 948; baseline 0.002 -20"><span class='ocrx_word' id='word_1_62' title='bbox 360 875 642 943; x_wconf 85' lang='lat' dir='ltr'><strong>utriusque</strong></span> <span class='ocrx_word' id='word_1_63' title='bbox 665 873 975 929; x_wconf 83' lang='lat' dir='ltr'><strong>testamenti</strong></span> <span class='ocrx_word' id='word_1_64' title='bbox 1001 872 1439 944; x_wconf 89' lang='lat' dir='ltr'><strong>coniunctionem</strong></span> <span class='ocrx_word' id='word_1_65' title='bbox 1465 876 1737 948; x_wconf 89' lang='lat' dir='ltr'><strong>signiﬁcat</strong></span> <span class='ocrx_word' id='word_1_66' title='bbox 1769 894 1782 930; x_wconf 89' lang='lat'><strong>:</strong></span> <span class='ocrx_word' id='word_1_67' title='bbox 1807 875 1944 948; x_wconf 91' lang='lat' dir='ltr'><strong>legis</strong></span> 
     </span>
    </p>
   </div>
   <div class='ocr_carea' id='block_1_12' title="bbox 358 962 1940 1037">
    <p class='ocr_par' dir='ltr' id='par_1_12' title="bbox 358 962 1940 1037">
     <span class='ocr_line' id='line_1_12' title="bbox 358 962 1940 1037; baseline 0.002 -20"><span class='ocrx_word' id='word_1_68' title='bbox 358 964 613 1021; x_wconf 81' lang='lat' dir='ltr'><strong>videlicet</strong></span> <span class='ocrx_word' id='word_1_69' title='bbox 635 978 755 1035; x_wconf 62' lang='lat' dir='ltr'><strong>quae</strong></span> <span class='ocrx_word' id='word_1_70' title='bbox 785 963 1022 1034; x_wconf 89' lang='lat' dir='ltr'><strong>quinque</strong></span> <span class='ocrx_word' id='word_1_71' title='bbox 1056 962 1210 1020; x_wconf 90' lang='lat' dir='ltr'><strong>libris</strong></span> <span class='ocrx_word' id='word_1_72' title='bbox 1246 966 1446 1037; x_wconf 89' lang='lat' dir='ltr'><strong>scripta</strong></span> <span class='ocrx_word' id='word_1_73' title='bbox 1475 974 1578 1031; x_wconf 92' lang='lat' dir='ltr'><strong>est,</strong></span> <span class='ocrx_word' id='word_1_74' title='bbox 1612 975 1667 1021; x_wconf 92' lang='lat' dir='ltr'><strong>et</strong></span> <span class='ocrx_word' id='word_1_75' title='bbox 1695 966 1940 1037; x_wconf 84' lang='lat' dir='ltr'><strong>Evange-</strong></span> 
     </span>
    </p>
   </div>
   <div class='ocr_carea' id='block_1_13' title="bbox 359 1054 1939 1127">
    <p class='ocr_par' dir='ltr' id='par_1_13' title="bbox 359 1054 1939 1127">
     <span class='ocr_line' id='line_1_13' title="bbox 359 1054 1939 1127; baseline 0.002 -18"><span class='ocrx_word' id='word_1_76' title='bbox 359 1054 420 1110; x_wconf 89' lang='lat' dir='ltr'><strong>lii</strong></span> <span class='ocrx_word' id='word_1_77' title='bbox 469 1054 612 1124; x_wconf 90' lang='lat' dir='ltr'><strong>quod</strong></span> <span class='ocrx_word' id='word_1_78' title='bbox 658 1063 914 1125; x_wconf 87' lang='lat' dir='ltr'><strong>quatuor.</strong></span> <span class='ocrx_word' id='word_1_79' title='bbox 964 1054 1167 1122; x_wconf 91' lang='lat' dir='ltr'><strong>Quater</strong></span> <span class='ocrx_word' id='word_1_80' title='bbox 1206 1057 1351 1111; x_wconf 91' lang='lat' dir='ltr'><strong>enim</strong></span> <span class='ocrx_word' id='word_1_81' title='bbox 1401 1057 1551 1127; x_wconf 91' lang='lat' dir='ltr'><strong>quini</strong></span> <span class='ocrx_word' id='word_1_82' title='bbox 1597 1056 1804 1112; x_wconf 91' lang='lat' dir='ltr'><strong>faciunt</strong></span> <span class='ocrx_word' id='word_1_83' title='bbox 1849 1074 1939 1112; x_wconf 79' lang='lat' dir='ltr'><strong>xx.</strong></span> 
     </span>
    </p>
   </div>
   <div class='ocr_carea' id='block_1_14' title="bbox 359 1146 1942 1217">
    <p class='ocr_par' dir='ltr' id='par_1_14' title="bbox 359 1146 1942 1217">
     <span class='ocr_line' id='line_1_14' title="bbox 359 1146 1942 1217; baseline -0.001 -13"><span class='ocrx_word' id='word_1_84' title='bbox 359 1146 531 1204; x_wconf 87' lang='lat' dir='ltr'><strong>Annis</strong></span> <span class='ocrx_word' id='word_1_85' title='bbox 591 1161 662 1199; x_wconf 79' lang='lat' dir='ltr'><strong>xx</strong></span> <span class='ocrx_word' id='word_1_86' title='bbox 714 1160 843 1216; x_wconf 88' lang='lat' dir='ltr'><strong>ergo</strong></span> <span class='ocrx_word' id='word_1_87' title='bbox 877 1146 1145 1210; x_wconf 80' lang='lat' dir='ltr'><strong>,habetur</strong></span> <span class='ocrx_word' id='word_1_88' title='bbox 1190 1146 1419 1217; x_wconf 89' lang='lat' dir='ltr'><strong>quisque</strong></span> <span class='ocrx_word' id='word_1_89' title='bbox 1468 1148 1521 1202; x_wconf 90' lang='lat' dir='ltr'><strong>in</strong></span> <span class='ocrx_word' id='word_1_90' title='bbox 1566 1162 1794 1203; x_wconf 88' lang='lat' dir='ltr'><strong>numero</strong></span> <span class='ocrx_word' id='word_1_91' title='bbox 1845 1163 1942 1217; x_wconf 82' lang='lat' dir='ltr'><strong>po-</strong></span> 
     </span>
    </p>
   </div>
   <div class='ocr_carea' id='block_1_15' title="bbox 359 1231 1946 1309">
    <p class='ocr_par' dir='ltr' id='par_1_15' title="bbox 359 1231 1946 1309">
     <span class='ocr_line' id='line_1_15' title="bbox 359 1231 1946 1309; baseline 0.001 -17"><span class='ocrx_word' id='word_1_92' title='bbox 359 1238 468 1309; x_wconf 86' lang='lat' dir='ltr'><strong>puli</strong></span> <span class='ocrx_word' id='word_1_93' title='bbox 520 1237 635 1304; x_wconf 85' lang='lat' dir='ltr'><strong>Dei,</strong></span> <span class='ocrx_word' id='word_1_94' title='bbox 691 1237 819 1307; x_wconf 89' lang='lat' dir='ltr'><strong>quia</strong></span> <span class='ocrx_word' id='word_1_95' title='bbox 884 1237 973 1293; x_wconf 91' lang='lat' dir='ltr'><strong>ille</strong></span> <span class='ocrx_word' id='word_1_96' title='bbox 1015 1238 1161 1293; x_wconf 89' lang='lat' dir='ltr'><strong>solus</strong></span> <span class='ocrx_word' id='word_1_97' title='bbox 1206 1246 1291 1293; x_wconf 91' lang='lat' dir='ltr'><strong>est</strong></span> <span class='ocrx_word' id='word_1_98' title='bbox 1331 1238 1626 1295; x_wconf 88' lang='lat' dir='ltr'><strong>electorum</strong></span> <span class='ocrx_word' id='word_1_99' title='bbox 1672 1231 1946 1295; x_wconf 85' lang='lat' dir='ltr'><strong>consortio</strong></span> 
     </span>
    </p>
   </div>
   <div class='ocr_carea' id='block_1_16' title="bbox 360 1329 1942 1402">
    <p class='ocr_par' dir='ltr' id='par_1_16' title="bbox 360 1329 1942 1402">
     <span class='ocr_line' id='line_1_16' title="bbox 360 1329 1942 1402; baseline 0.002 -18"><span class='ocrx_word' id='word_1_100' title='bbox 360 1331 574 1401; x_wconf 86' lang='lat' dir='ltr'><strong>dignus,</strong></span> <span class='ocrx_word' id='word_1_101' title='bbox 620 1330 711 1399; x_wconf 92' lang='lat' dir='ltr'><strong>qui</strong></span> <span class='ocrx_word' id='word_1_102' title='bbox 746 1336 801 1384; x_wconf 90' lang='lat' dir='ltr'><strong>et</strong></span> <span class='ocrx_word' id='word_1_103' title='bbox 845 1329 1061 1385; x_wconf 91' lang='lat' dir='ltr'><strong>decreta</strong></span> <span class='ocrx_word' id='word_1_104' title='bbox 1098 1330 1233 1402; x_wconf 80' lang='lat' dir='ltr'><strong>legis</strong></span> <span class='ocrx_word' id='word_1_105' title='bbox 1265 1331 1623 1401; x_wconf 90' lang='lat' dir='ltr'><strong>spiritualiter</strong></span> <span class='ocrx_word' id='word_1_106' title='bbox 1651 1331 1942 1397; x_wconf 88' lang='lat' dir='ltr'><strong>intellecta,</strong></span> 
     </span>
    </p>
   </div>
   <div class='ocr_carea' id='block_1_17' title="bbox 359 1417 1949 1490">
    <p class='ocr_par' dir='ltr' id='par_1_17' title="bbox 359 1417 1949 1490">
     <span class='ocr_line' id='line_1_17' title="bbox 359 1417 1949 1490; baseline -0.001 -16"><span class='ocrx_word' id='word_1_107' title='bbox 359 1434 459 1489; x_wconf 88' lang='lat' dir='ltr'><strong>per</strong></span> <span class='ocrx_word' id='word_1_108' title='bbox 486 1418 717 1490; x_wconf 79' lang='lat' dir='ltr'><strong>gratiam</strong></span> <span class='ocrx_word' id='word_1_109' title='bbox 743 1417 959 1488; x_wconf 86' lang='lat' dir='ltr'><strong>adjutus</strong></span> <span class='ocrx_word' id='word_1_110' title='bbox 998 1418 1297 1489; x_wconf 79' lang='lat' dir='ltr'><strong>Evangelii,</strong></span> <span class='ocrx_word' id='word_1_111' title='bbox 1340 1434 1439 1490; x_wconf 89' lang='lat' dir='ltr'><strong>pro</strong></span> <span class='ocrx_word' id='word_1_112' title='bbox 1475 1434 1572 1474; x_wconf 92' lang='lat' dir='ltr'><strong>sua</strong></span> <span class='ocrx_word' id='word_1_113' title='bbox 1611 1433 1864 1474; x_wconf 88' lang='lat' dir='ltr'><strong>mensura</strong></span> <span class='ocrx_word' id='word_1_114' title='bbox 1892 1427 1949 1474; x_wconf 90' lang='lat' dir='ltr'><strong>et</strong></span> 
     </span>
    </p>
   </div>
   <div class='ocr_carea' id='block_1_18' title="bbox 361 1508 1946 1581">
    <p class='ocr_par' dir='ltr' id='par_1_18' title="bbox 361 1508 1946 1581">
     <span class='ocr_line' id='line_1_18' title="bbox 361 1508 1946 1581; baseline -0.001 -16"><span class='ocrx_word' id='word_1_115' title='bbox 361 1510 665 1579; x_wconf 86' lang='lat' dir='ltr'><strong>capacitate</strong></span> <span class='ocrx_word' id='word_1_116' title='bbox 691 1508 936 1580; x_wconf 90' lang='lat' dir='ltr'><strong>perﬁcit;</strong></span> <span class='ocrx_word' id='word_1_117' title='bbox 984 1518 1039 1565; x_wconf 92' lang='lat' dir='ltr'><strong>et</strong></span> <span class='ocrx_word' id='word_1_118' title='bbox 1069 1511 1135 1565; x_wconf 90' lang='lat' dir='ltr'><strong>de</strong></span> <span class='ocrx_word' id='word_1_119' title='bbox 1162 1509 1401 1580; x_wconf 87' lang='lat' dir='ltr'><strong>ejusdem</strong></span> <span class='ocrx_word' id='word_1_120' title='bbox 1428 1511 1615 1581; x_wconf 76' lang='lat' dir='ltr'><strong>gratia:</strong></span> <span class='ocrx_word' id='word_1_121' title='bbox 1644 1510 1946 1581; x_wconf 86' lang='lat' dir='ltr'><strong>promissis,</strong></span> 
     </span>
    </p>
   </div>
   <div class='ocr_carea' id='block_1_19' title="bbox 361 1600 1947 1674">
    <p class='ocr_par' dir='ltr' id='par_1_19' title="bbox 361 1600 1947 1674">
     <span class='ocr_line' id='line_1_19' title="bbox 361 1600 1947 1674; baseline 0.001 -18"><span class='ocrx_word' id='word_1_122' title='bbox 361 1609 563 1657; x_wconf 64' lang='lat' dir='ltr'><strong>aeterna</strong></span> <span class='ocrx_word' id='word_1_123' title='bbox 599 1602 653 1655; x_wconf 91' lang='lat' dir='ltr'><strong>in</strong></span> <span class='ocrx_word' id='word_1_124' title='bbox 681 1600 835 1657; x_wconf 82' lang='lat' dir='ltr'><strong>caelis</strong></span> <span class='ocrx_word' id='word_1_125' title='bbox 862 1603 1080 1673; x_wconf 68' lang='lat' dir='ltr'><strong>praemia</strong></span> <span class='ocrx_word' id='word_1_126' title='bbox 1120 1612 1420 1674; x_wconf 82' lang='lat' dir='ltr'><strong>exspectat.</strong></span> <span class='ocrx_word' id='word_1_127' title='bbox 1456 1603 1610 1659; x_wconf 81' lang='lat' dir='ltr'><strong>Dives</strong></span> <span class='ocrx_word' id='word_1_128' title='bbox 1651 1622 1755 1658; x_wconf 90' lang='lat' dir='ltr'><strong>non</strong></span> <span class='ocrx_word' id='word_1_129' title='bbox 1793 1605 1947 1659; x_wconf 81' lang='lat' dir='ltr'><strong>addet</strong></span> 
     </span>
    </p>
   </div>
   <div class='ocr_carea' id='block_1_20' title="bbox 2042 417 3639 490">
    <p class='ocr_par' dir='ltr' id='par_1_20' title="bbox 2042 417 3639 490">
     <span class='ocr_line' id='line_1_20' title="bbox 2042 417 3639 490; baseline 0.006 -20"><span class='ocrx_word' id='word_1_130' title='bbox 2042 417 2253 472; x_wconf 82' lang='lat' dir='ltr'><strong>labrum</strong></span> <span class='ocrx_word' id='word_1_131' title='bbox 2294 418 2419 483; x_wconf 88' lang='lat' dir='ltr'><strong>hoc,</strong></span> <span class='ocrx_word' id='word_1_132' title='bbox 2449 418 2776 473; x_wconf 87' lang='lat' dir='ltr'><strong>oblationem</strong></span> <span class='ocrx_word' id='word_1_133' title='bbox 2804 418 2961 474; x_wconf 91' lang='lat' dir='ltr'><strong>nobis</strong></span> <span class='ocrx_word' id='word_1_134' title='bbox 3005 420 3436 490; x_wconf 89' lang='lat' dir='ltr'><strong>compunctionis</strong></span> <span class='ocrx_word' id='word_1_135' title='bbox 3457 434 3514 478; x_wconf 87' lang='lat' dir='ltr'><strong>et</strong></span> <span class='ocrx_word' id='word_1_136' title='bbox 3533 422 3639 478; x_wconf 81' lang='lat' dir='ltr'><strong>la-</strong></span> 
     </span>
    </p>
   </div>
   <div class='ocr_carea' id='block_1_21' title="bbox 2043 510 3635 581">
    <p class='ocr_par' dir='ltr' id='par_1_21' title="bbox 2043 510 3635 581">
     <span class='ocr_line' id='line_1_21' title="bbox 2043 510 3635 581; baseline 0.004 -20"><span class='ocrx_word' id='word_1_137' title='bbox 2043 522 2348 579; x_wconf 85' lang='lat' dir='ltr'><strong>crymarum</strong></span> <span class='ocrx_word' id='word_1_138' title='bbox 2377 510 2739 575; x_wconf 89' lang='lat' dir='ltr'><strong>commendat,</strong></span> <span class='ocrx_word' id='word_1_139' title='bbox 2786 525 2894 580; x_wconf 89' lang='lat' dir='ltr'><strong>qua</strong></span> <span class='ocrx_word' id='word_1_140' title='bbox 2923 524 3137 580; x_wconf 88' lang='lat' dir='ltr'><strong>semper</strong></span> <span class='ocrx_word' id='word_1_141' title='bbox 3165 525 3302 581; x_wconf 89' lang='lat' dir='ltr'><strong>opus</strong></span> <span class='ocrx_word' id='word_1_142' title='bbox 3331 510 3635 580; x_wconf 72' lang='lat' dir='ltr'><strong>habemus,</strong></span> 
     </span>
    </p>
   </div>
   <div class='ocr_carea' id='block_1_22' title="bbox 2044 600 3638 672">
    <p class='ocr_par' dir='ltr' id='par_1_22' title="bbox 2044 600 3638 672">
     <span class='ocr_line' id='line_1_22' title="bbox 2044 600 3638 672; baseline 0.003 -18"><span class='ocrx_word' id='word_1_143' title='bbox 2044 600 2277 655; x_wconf 82' lang='lat' dir='ltr'><strong>maxime</strong></span> <span class='ocrx_word' id='word_1_144' title='bbox 2323 611 2504 657; x_wconf 89' lang='lat' dir='ltr'><strong>autem</strong></span> <span class='ocrx_word' id='word_1_145' title='bbox 2546 616 2670 657; x_wconf 89' lang='lat' dir='ltr'><strong>cum</strong></span> <span class='ocrx_word' id='word_1_146' title='bbox 2697 602 2971 672; x_wconf 85' lang='lat' dir='ltr'><strong>mysteriis</strong></span> <span class='ocrx_word' id='word_1_147' title='bbox 3001 601 3317 659; x_wconf 60' lang='lat' dir='ltr'><strong>coelestibus</strong></span> <span class='ocrx_word' id='word_1_148' title='bbox 3341 602 3638 658; x_wconf 81' lang='lat' dir='ltr'><strong>ministra-</strong></span> 
     </span>
    </p>
   </div>
   <div class='ocr_carea' id='block_1_23' title="bbox 2044 691 3640 764">
    <p class='ocr_par' dir='ltr' id='par_1_23' title="bbox 2044 691 3640 764">
     <span class='ocr_line' id='line_1_23' title="bbox 2044 691 3640 764; baseline 0.003 -18"><span class='ocrx_word' id='word_1_149' title='bbox 2044 692 2149 747; x_wconf 90' lang='lat' dir='ltr'><strong>turi</strong></span> <span class='ocrx_word' id='word_1_150' title='bbox 2169 693 2570 764; x_wconf 88' lang='lat' dir='ltr'><strong>appropiamus,</strong></span> <span class='ocrx_word' id='word_1_151' title='bbox 2586 694 2713 764; x_wconf 89' lang='lat' dir='ltr'><strong>quia</strong></span> <span class='ocrx_word' id='word_1_152' title='bbox 2741 693 2915 748; x_wconf 89' lang='lat' dir='ltr'><strong>altare</strong></span> <span class='ocrx_word' id='word_1_153' title='bbox 2938 691 3264 759; x_wconf 75' lang='lat' dir='ltr'><strong>holocausti,</strong></span> <span class='ocrx_word' id='word_1_154' title='bbox 3293 693 3348 749; x_wconf 89' lang='lat' dir='ltr'><strong>in</strong></span> <span class='ocrx_word' id='word_1_155' title='bbox 3374 708 3481 764; x_wconf 89' lang='lat' dir='ltr'><strong>quo</strong></span> <span class='ocrx_word' id='word_1_156' title='bbox 3500 710 3640 750; x_wconf 86' lang='lat' dir='ltr'><strong>car-</strong></span> 
     </span>
    </p>
   </div>
   <div class='ocr_carea' id='block_1_24' title="bbox 2043 784 3641 852">
    <p class='ocr_par' dir='ltr' id='par_1_24' title="bbox 2043 784 3641 852">
     <span class='ocr_line' id='line_1_24' title="bbox 2043 784 3641 852; baseline 0.003 -13"><span class='ocrx_word' id='word_1_157' title='bbox 2043 799 2139 840; x_wconf 92' lang='lat' dir='ltr'><strong>nes</strong></span> <span class='ocrx_word' id='word_1_158' title='bbox 2171 784 2514 842; x_wconf 79' lang='lat' dir='ltr'><strong>victimarum</strong></span> <span class='ocrx_word' id='word_1_159' title='bbox 2551 785 2780 841; x_wconf 91' lang='lat' dir='ltr'><strong>Domino</strong></span> <span class='ocrx_word' id='word_1_160' title='bbox 2814 785 3261 852; x_wconf 87' lang='lat' dir='ltr'><strong>incendebantur,</strong></span> <span class='ocrx_word' id='word_1_161' title='bbox 3306 787 3641 843; x_wconf 82' lang='lat' dir='ltr'><strong>exstinctio-</strong></span> 
     </span>
    </p>
   </div>
   <div class='ocr_carea' id='block_1_25' title="bbox 2044 874 3640 947">
    <p class='ocr_par' dir='ltr' id='par_1_25' title="bbox 2044 874 3640 947">
     <span class='ocr_line' id='line_1_25' title="bbox 2044 874 3640 947; baseline 0.002 -19"><span class='ocrx_word' id='word_1_162' title='bbox 2044 888 2167 930; x_wconf 91' lang='lat' dir='ltr'><strong>nem</strong></span> <span class='ocrx_word' id='word_1_163' title='bbox 2234 874 2480 946; x_wconf 75' lang='lat' dir='ltr'><strong>designat</strong></span> <span class='ocrx_word' id='word_1_164' title='bbox 2536 874 2839 931; x_wconf 87' lang='lat' dir='ltr'><strong>carnalium</strong></span> <span class='ocrx_word' id='word_1_165' title='bbox 2896 876 3452 945; x_wconf 86' lang='lat' dir='ltr'><strong>concupiscentiamm</strong></span> <span class='ocrx_word' id='word_1_166' title='bbox 3525 892 3640 947; x_wconf 80' lang='lat' dir='ltr'><strong>per</strong></span> 
     </span>
    </p>
   </div>
   <div class='ocr_carea' id='block_1_26' title="bbox 2044 962 3640 1037">
    <p class='ocr_par' dir='ltr' id='par_1_26' title="bbox 2044 962 3640 1037">
     <span class='ocr_line' id='line_1_26' title="bbox 2044 962 3640 1037; baseline 0.002 -19"><span class='ocrx_word' id='word_1_167' title='bbox 2044 964 2223 1035; x_wconf 84' lang='lat' dir='ltr'><strong>ignem</strong></span> <span class='ocrx_word' id='word_1_168' title='bbox 2255 962 2491 1035; x_wconf 84' lang='lat' dir='ltr'><strong>Spiritus</strong></span> <span class='ocrx_word' id='word_1_169' title='bbox 2516 965 2710 1020; x_wconf 89' lang='lat' dir='ltr'><strong>sancti.</strong></span> <span class='ocrx_word' id='word_1_170' title='bbox 2732 965 2920 1021; x_wconf 84' lang='lat' dir='ltr'><strong>Altare</strong></span> <span class='ocrx_word' id='word_1_171' title='bbox 2946 979 3076 1020; x_wconf 88' lang='lat' dir='ltr'><strong>vero</strong></span> <span class='ocrx_word' id='word_1_172' title='bbox 3103 966 3470 1037; x_wconf 83' lang='lat' dir='ltr'><strong>thymiamatis</strong></span> <span class='ocrx_word' id='word_1_173' title='bbox 3522 982 3640 1037; x_wconf 74' lang='lat' dir='ltr'><strong>pi:-</strong></span> 
     </span>
    </p>
   </div>
   <div class='ocr_carea' id='block_1_27' title="bbox 2045 1054 3633 1125">
    <p class='ocr_par' dir='ltr' id='par_1_27' title="bbox 2045 1054 3633 1125">
     <span class='ocr_line' id='line_1_27' title="bbox 2045 1054 3633 1125; baseline 0.003 -17"><span class='ocrx_word' id='word_1_174' title='bbox 2045 1054 2262 1109; x_wconf 90' lang='lat' dir='ltr'><strong>ritatem</strong></span> <span class='ocrx_word' id='word_1_175' title='bbox 2302 1054 2573 1124; x_wconf 90' lang='lat' dir='ltr'><strong>signiﬁcat</strong></span> <span class='ocrx_word' id='word_1_176' title='bbox 2596 1070 2787 1111; x_wconf 90' lang='lat' dir='ltr'><strong>eorum</strong></span> <span class='ocrx_word' id='word_1_177' title='bbox 2823 1055 3135 1124; x_wconf 82' lang='lat' dir='ltr'><strong>qui,sopitis</strong></span> <span class='ocrx_word' id='word_1_178' title='bbox 3163 1070 3262 1125; x_wconf 88' lang='lat' dir='ltr'><strong>per</strong></span> <span class='ocrx_word' id='word_1_179' title='bbox 3286 1057 3468 1111; x_wconf 84' lang='lat' dir='ltr'><strong>omnia</strong></span> <span class='ocrx_word' id='word_1_180' title='bbox 3493 1073 3633 1112; x_wconf 89' lang='lat' dir='ltr'><strong>car-</strong></span> 
     </span>
    </p>
   </div>
   <div class='ocr_carea' id='block_1_28' title="bbox 2046 1141 3640 1216">
    <p class='ocr_par' dir='ltr' id='par_1_28' title="bbox 2046 1141 3640 1216">
     <span class='ocr_line' id='line_1_28' title="bbox 2046 1141 3640 1216; baseline 0.003 -20"><span class='ocrx_word' id='word_1_181' title='bbox 2046 1143 2131 1198; x_wconf 90' lang='lat' dir='ltr'><strong>nis</strong></span> <span class='ocrx_word' id='word_1_182' title='bbox 2160 1141 2453 1210; x_wconf 87' lang='lat' dir='ltr'><strong>illecebris,</strong></span> <span class='ocrx_word' id='word_1_183' title='bbox 2500 1159 2565 1200; x_wconf 90' lang='lat' dir='ltr'><strong>ac</strong></span> <span class='ocrx_word' id='word_1_184' title='bbox 2592 1144 2891 1200; x_wconf 88' lang='lat' dir='ltr'><strong>certamine</strong></span> <span class='ocrx_word' id='word_1_185' title='bbox 2935 1144 3216 1209; x_wconf 87' lang='lat' dir='ltr'><strong>vitiorum,</strong></span> <span class='ocrx_word' id='word_1_186' title='bbox 3261 1160 3361 1216; x_wconf 91' lang='lat' dir='ltr'><strong>pro</strong></span> <span class='ocrx_word' id='word_1_187' title='bbox 3388 1146 3501 1201; x_wconf 89' lang='lat' dir='ltr'><strong>sola</strong></span> <span class='ocrx_word' id='word_1_188' title='bbox 3530 1160 3640 1201; x_wconf 79' lang='lat' dir='ltr'><strong>ex—</strong></span> 
     </span>
    </p>
   </div>
   <div class='ocr_carea' id='block_1_29' title="bbox 2046 1233 3639 1308">
    <p class='ocr_par' dir='ltr' id='par_1_29' title="bbox 2046 1233 3639 1308">
     <span class='ocr_line' id='line_1_29' title="bbox 2046 1233 3639 1308; baseline 0.004 -20"><span class='ocrx_word' id='word_1_189' title='bbox 2046 1235 2382 1303; x_wconf 88' lang='lat' dir='ltr'><strong>spectatione</strong></span> <span class='ocrx_word' id='word_1_190' title='bbox 2400 1250 2464 1290; x_wconf 89' lang='lat' dir='ltr'><strong>ac</strong></span> <span class='ocrx_word' id='word_1_191' title='bbox 2491 1235 2755 1291; x_wconf 89' lang='lat' dir='ltr'><strong>desiderio</strong></span> <span class='ocrx_word' id='word_1_192' title='bbox 2780 1233 3017 1291; x_wconf 72' lang='lat' dir='ltr'><strong>cmlestis</strong></span> <span class='ocrx_word' id='word_1_193' title='bbox 3045 1235 3321 1301; x_wconf 88' lang='lat' dir='ltr'><strong>introitus,</strong></span> <span class='ocrx_word' id='word_1_194' title='bbox 3352 1237 3639 1308; x_wconf 84' lang='lat' dir='ltr'><strong>lacrymas</strong></span> 
     </span>
    </p>
   </div>
   <div class='ocr_carea' id='block_1_30' title="bbox 2048 1322 3641 1394">
    <p class='ocr_par' dir='ltr' id='par_1_30' title="bbox 2048 1322 3641 1394">
     <span class='ocr_line' id='line_1_30' title="bbox 2048 1322 3641 1394; baseline 0.004 -18"><span class='ocrx_word' id='word_1_195' title='bbox 2048 1322 2276 1379; x_wconf 90' lang='lat' dir='ltr'><strong>fundunt</strong></span> <span class='ocrx_word' id='word_1_196' title='bbox 2315 1324 2535 1380; x_wconf 90' lang='lat' dir='ltr'><strong>amoris.</strong></span> <span class='ocrx_word' id='word_1_197' title='bbox 2586 1324 2752 1380; x_wconf 86' lang='lat' dir='ltr'><strong>Recte</strong></span> <span class='ocrx_word' id='word_1_198' title='bbox 2790 1333 2914 1394; x_wconf 91' lang='lat' dir='ltr'><strong>post</strong></span> <span class='ocrx_word' id='word_1_199' title='bbox 2956 1324 3126 1380; x_wconf 85' lang='lat' dir='ltr'><strong>altare</strong></span> <span class='ocrx_word' id='word_1_200' title='bbox 3178 1326 3508 1392; x_wconf 87' lang='lat' dir='ltr'><strong>holocausti,</strong></span> <span class='ocrx_word' id='word_1_201' title='bbox 3550 1328 3641 1382; x_wconf 76' lang='lat' dir='ltr'><strong>la-</strong></span> 
     </span>
    </p>
   </div>
   <div class='ocr_carea' id='block_1_31' title="bbox 2047 1417 3641 1489">
    <p class='ocr_par' dir='ltr' id='par_1_31' title="bbox 2047 1417 3641 1489">
     <span class='ocr_line' id='line_1_31' title="bbox 2047 1417 3641 1489; baseline 0.002 -18"><span class='ocrx_word' id='word_1_202' title='bbox 2047 1417 2204 1471; x_wconf 90' lang='lat' dir='ltr'><strong>brum</strong></span> <span class='ocrx_word' id='word_1_203' title='bbox 2233 1418 2453 1486; x_wconf 84' lang='lat' dir='ltr'><strong>ponitur</strong></span> <span class='ocrx_word' id='word_1_204' title='bbox 2475 1418 2528 1472; x_wconf 92' lang='lat' dir='ltr'><strong>in</strong></span> <span class='ocrx_word' id='word_1_205' title='bbox 2554 1434 2661 1489; x_wconf 90' lang='lat' dir='ltr'><strong>quo</strong></span> <span class='ocrx_word' id='word_1_206' title='bbox 2688 1417 2856 1473; x_wconf 90' lang='lat' dir='ltr'><strong>abluti</strong></span> <span class='ocrx_word' id='word_1_207' title='bbox 2884 1419 3215 1485; x_wconf 85' lang='lat' dir='ltr'><strong>sacerdotes,</strong></span> <span class='ocrx_word' id='word_1_208' title='bbox 3252 1419 3641 1489; x_wconf 84' lang='lat' dir='ltr'><strong>ingrediuntur</strong></span> 
     </span>
    </p>
   </div>
   <div class='ocr_carea' id='block_1_32' title="bbox 2051 1505 3637 1578">
    <p class='ocr_par' dir='ltr' id='par_1_32' title="bbox 2051 1505 3637 1578">
     <span class='ocr_line' id='line_1_32' title="bbox 2051 1505 3637 1578; baseline 0.005 -20"><span class='ocrx_word' id='word_1_209' title='bbox 2051 1505 2491 1572; x_wconf 88' lang='lat' dir='ltr'><strong>tabernaculum,</strong></span> <span class='ocrx_word' id='word_1_210' title='bbox 2550 1515 2609 1561; x_wconf 87' lang='lat' dir='ltr'><strong>ut</strong></span> <span class='ocrx_word' id='word_1_211' title='bbox 2672 1508 2969 1578; x_wconf 81' lang='lat' dir='ltr'><strong>thymiama</strong></span> <span class='ocrx_word' id='word_1_212' title='bbox 3022 1507 3250 1564; x_wconf 92' lang='lat' dir='ltr'><strong>Domino</strong></span> <span class='ocrx_word' id='word_1_213' title='bbox 3314 1509 3637 1566; x_wconf 79' lang='lat' dir='ltr'><strong>incendant.</strong></span> 
     </span>
    </p>
   </div>
   <div class='ocr_carea' id='block_1_33' title="bbox 2050 1596 3645 1672">
    <p class='ocr_par' dir='ltr' id='par_1_33' title="bbox 2050 1596 3645 1672">
     <span class='ocr_line' id='line_1_33' title="bbox 2050 1596 3645 1672; baseline 0.004 -22"><span class='ocrx_word' id='word_1_214' title='bbox 2050 1596 2269 1651; x_wconf 91' lang='lat' dir='ltr'><strong>Duobus</strong></span> <span class='ocrx_word' id='word_1_215' title='bbox 2291 1612 2524 1667; x_wconf 89' lang='lat' dir='ltr'><strong>namque</strong></span> <span class='ocrx_word' id='word_1_216' title='bbox 2567 1599 2741 1654; x_wconf 90' lang='lat' dir='ltr'><strong>modis</strong></span> <span class='ocrx_word' id='word_1_217' title='bbox 2778 1598 3143 1669; x_wconf 83' lang='lat' dir='ltr'><strong>lacrymarum</strong></span> <span class='ocrx_word' id='word_1_218' title='bbox 3176 1610 3231 1655; x_wconf 92' lang='lat' dir='ltr'><strong>et</strong></span> <span class='ocrx_word' id='word_1_219' title='bbox 3259 1603 3645 1672; x_wconf 90' lang='lat' dir='ltr'><strong>compunctio-</strong></span> 
     </span>
    </p>
   </div>
   <div class='ocr_carea' id='block_1_34' title="bbox 365 1688 1953 1767">
    <p class='ocr_par' dir='ltr' id='par_1_34' title="bbox 365 1694 1948 1767">
     <span class='ocr_line' id='line_1_34' title="bbox 365 1694 1948 1767; baseline 0.005 -20"><span class='ocrx_word' id='word_1_220' title='bbox 365 1695 434 1748; x_wconf 80' lang='lat' dir='ltr'><strong>ad</strong></span> <span class='ocrx_word' id='word_1_221' title='bbox 465 1694 694 1749; x_wconf 85' lang='lat' dir='ltr'><strong>medium</strong></span> <span class='ocrx_word' id='word_1_222' title='bbox 739 1694 876 1758; x_wconf 87' lang='lat' dir='ltr'><strong>sicli,</strong></span> <span class='ocrx_word' id='word_1_223' title='bbox 913 1708 958 1750; x_wconf 86' lang='lat' dir='ltr'><strong>et</strong></span> <span class='ocrx_word' id='word_1_224' title='bbox 988 1712 1188 1767; x_wconf 83' lang='lat' dir='ltr'><strong>pauper</strong></span> <span class='ocrx_word' id='word_1_225' title='bbox 1234 1697 1365 1752; x_wconf 80' lang='lat' dir='ltr'><strong>nihil</strong></span> <span class='ocrx_word' id='word_1_226' title='bbox 1393 1700 1610 1753; x_wconf 81' lang='lat' dir='ltr'><strong>minuet.</strong></span> <span class='ocrx_word' id='word_1_227' title='bbox 1658 1699 1794 1766; x_wconf 85' lang='lat' dir='ltr'><strong>Quia</strong></span> <span class='ocrx_word' id='word_1_228' title='bbox 1835 1699 1948 1755; x_wconf 82' lang='lat' dir='ltr'><strong>sive</strong></span> 
     </span>
    </p>
   </div>
   <div class='ocr_carea' id='block_1_35' title="bbox 2058 1688 3645 1767">
    <p class='ocr_par' dir='ltr' id='par_1_35' title="bbox 2058 1688 3645 1761">
     <span class='ocr_line' id='line_1_35' title="bbox 2058 1688 3645 1761; baseline 0.005 -21"><span class='ocrx_word' id='word_1_229' title='bbox 2058 1702 2179 1741; x_wconf 91' lang='lat' dir='ltr'><strong>num</strong></span> <span class='ocrx_word' id='word_1_230' title='bbox 2212 1695 2385 1742; x_wconf 90' lang='lat' dir='ltr'><strong>status</strong></span> <span class='ocrx_word' id='word_1_231' title='bbox 2424 1688 2803 1758; x_wconf 84' lang='lat' dir='ltr'><strong>distinguitur,</strong></span> <span class='ocrx_word' id='word_1_232' title='bbox 2841 1689 2969 1759; x_wconf 88' lang='lat' dir='ltr'><strong>quia</strong></span> <span class='ocrx_word' id='word_1_233' title='bbox 2992 1691 3169 1761; x_wconf 89' lang='lat' dir='ltr'><strong>primo</strong></span> <span class='ocrx_word' id='word_1_234' title='bbox 3202 1705 3425 1747; x_wconf 88' lang='lat' dir='ltr'><strong>necesse</strong></span> <span class='ocrx_word' id='word_1_235' title='bbox 3453 1700 3542 1747; x_wconf 88' lang='lat' dir='ltr'><strong>est</strong></span> <span class='ocrx_word' id='word_1_236' title='bbox 3569 1700 3645 1748; x_wconf 83' lang='lat' dir='ltr'><strong>ut</strong></span> 
     </span>
    </p>
   </div>
   <div class='ocr_carea' id='block_1_36' title="bbox 363 1785 1942 1858">
    <p class='ocr_par' dir='ltr' id='par_1_36' title="bbox 363 1785 1942 1858">
     <span class='ocr_line' id='line_1_36' title="bbox 363 1785 1942 1858; baseline 0.005 -21"><span class='ocrx_word' id='word_1_237' title='bbox 363 1799 591 1855; x_wconf 86' lang='lat' dir='ltr'><strong>magnus</strong></span> <span class='ocrx_word' id='word_1_238' title='bbox 622 1794 705 1840; x_wconf 90' lang='lat' dir='ltr'><strong>est</strong></span> <span class='ocrx_word' id='word_1_239' title='bbox 734 1785 942 1841; x_wconf 91' lang='lat' dir='ltr'><strong>meritis</strong></span> <span class='ocrx_word' id='word_1_240' title='bbox 966 1786 1197 1856; x_wconf 88' lang='lat' dir='ltr'><strong>quisque</strong></span> <span class='ocrx_word' id='word_1_241' title='bbox 1223 1802 1288 1841; x_wconf 92' lang='lat' dir='ltr'><strong>ac</strong></span> <span class='ocrx_word' id='word_1_242' title='bbox 1311 1787 1613 1858; x_wconf 80' lang='lat' dir='ltr'><strong>perfectus,</strong></span> <span class='ocrx_word' id='word_1_243' title='bbox 1665 1804 1759 1845; x_wconf 90' lang='lat' dir='ltr'><strong>seu</strong></span> <span class='ocrx_word' id='word_1_244' title='bbox 1789 1799 1942 1845; x_wconf 89' lang='lat' dir='ltr'><strong>tener</strong></span> 
     </span>
    </p>
   </div>
   <div class='ocr_carea' id='block_1_37' title="bbox 364 1872 1941 1947">
    <p class='ocr_par' dir='ltr' id='par_1_37' title="bbox 364 1872 1941 1947">
     <span class='ocr_line' id='line_1_37' title="bbox 364 1872 1941 1947; baseline 0.006 -20"><span class='ocrx_word' id='word_1_245' title='bbox 364 1872 540 1930; x_wconf 87' lang='lat' dir='ltr'><strong>adhuc</strong></span> <span class='ocrx_word' id='word_1_246' title='bbox 570 1883 626 1931; x_wconf 91' lang='lat' dir='ltr'><strong>et</strong></span> <span class='ocrx_word' id='word_1_247' title='bbox 652 1875 707 1929; x_wconf 91' lang='lat' dir='ltr'><strong>in</strong></span> <span class='ocrx_word' id='word_1_248' title='bbox 736 1884 994 1946; x_wconf 90' lang='lat' dir='ltr'><strong>provectu</strong></span> <span class='ocrx_word' id='word_1_249' title='bbox 1038 1878 1244 1947; x_wconf 86' lang='lat' dir='ltr'><strong>positus</strong></span> <span class='ocrx_word' id='word_1_250' title='bbox 1274 1878 1554 1945; x_wconf 87' lang='lat' dir='ltr'><strong>virtutum,</strong></span> <span class='ocrx_word' id='word_1_251' title='bbox 1601 1881 1814 1938; x_wconf 88' lang='lat' dir='ltr'><strong>cunctis</strong></span> <span class='ocrx_word' id='word_1_252' title='bbox 1844 1897 1941 1937; x_wconf 87' lang='lat' dir='ltr'><strong>ea-</strong></span> 
     </span>
    </p>
   </div>
   <div class='ocr_carea' id='block_1_38' title="bbox 364 1963 1942 2040">
    <p class='ocr_par' dir='ltr' id='par_1_38' title="bbox 364 1963 1942 2040">
     <span class='ocr_line' id='line_1_38' title="bbox 364 1963 1942 2040; baseline 0.005 -24"><span class='ocrx_word' id='word_1_253' title='bbox 364 1964 485 2018; x_wconf 77' lang='lat' dir='ltr'><strong>dem</strong></span> <span class='ocrx_word' id='word_1_254' title='bbox 521 1963 606 2019; x_wconf 84' lang='lat' dir='ltr'><strong>lex</strong></span> <span class='ocrx_word' id='word_1_255' title='bbox 647 1965 885 2037; x_wconf 88' lang='lat' dir='ltr'><strong>decalogi</strong></span> <span class='ocrx_word' id='word_1_256' title='bbox 919 1981 1039 2037; x_wconf 71' lang='lat' dir='ltr'><strong>quae</strong></span> <span class='ocrx_word' id='word_1_257' title='bbox 1068 1968 1235 2023; x_wconf 90' lang='lat' dir='ltr'><strong>Deum</strong></span> <span class='ocrx_word' id='word_1_258' title='bbox 1279 1984 1342 2024; x_wconf 92' lang='lat' dir='ltr'><strong>ac</strong></span> <span class='ocrx_word' id='word_1_259' title='bbox 1386 1970 1693 2040; x_wconf 87' lang='lat' dir='ltr'><strong>proximum</strong></span> <span class='ocrx_word' id='word_1_260' title='bbox 1734 1971 1942 2040; x_wconf 86' lang='lat' dir='ltr'><strong>diligat,</strong></span> 
     </span>
    </p>
   </div>
   <div class='ocr_carea' id='block_1_39' title="bbox 259 2053 1943 2131">
    <p class='ocr_par' dir='ltr' id='par_1_39' title="bbox 259 2053 1943 2131">
     <span class='ocr_line' id='line_1_39' title="bbox 259 2053 1943 2131; baseline 0.004 -25"><span class='ocrx_word' id='word_1_261' title='bbox 259 2104 269 2115; x_wconf 76' lang='lat'><strong>,</strong></span> <span class='ocrx_word' id='word_1_262' title='bbox 364 2053 674 2122; x_wconf 81' lang='lat' dir='ltr'><strong>imponitur.</strong></span> <span class='ocrx_word' id='word_1_263' title='bbox 725 2053 1135 2127; x_wconf 86' lang='lat' dir='ltr'><strong>Susceptamque</strong></span> <span class='ocrx_word' id='word_1_264' title='bbox 1182 2060 1459 2127; x_wconf 84' lang='lat' dir='ltr'><strong>pecuniam</strong></span> <span class='ocrx_word' id='word_1_265' title='bbox 1492 2076 1609 2131; x_wconf 78' lang='lat' dir='ltr'><strong>qua:</strong></span> <span class='ocrx_word' id='word_1_266' title='bbox 1639 2059 1832 2115; x_wconf 88' lang='lat' dir='ltr'><strong>collata</strong></span> <span class='ocrx_word' id='word_1_267' title='bbox 1866 2070 1943 2115; x_wconf 83' lang='lat' dir='ltr'><strong>est</strong></span> 
     </span>
    </p>
   </div>
   <div class='ocr_carea' id='block_1_40' title="bbox 363 2142 1945 2212">
    <p class='ocr_par' dir='ltr' id='par_1_40' title="bbox 363 2142 1945 2212">
     <span class='ocr_line' id='line_1_40' title="bbox 363 2142 1945 2212; baseline 0.004 -16"><span class='ocrx_word' id='word_1_268' title='bbox 363 2162 395 2196; x_wconf 78' lang='grc' dir='ltr'><strong><em>η</em></strong></span> <span class='ocrx_word' id='word_1_269' title='bbox 424 2142 551 2212; x_wconf 83' lang='lat' dir='ltr'><strong>ﬁliis</strong></span> <span class='ocrx_word' id='word_1_270' title='bbox 592 2142 784 2209; x_wconf 87' lang='lat' dir='ltr'><strong>Israel,</strong></span> <span class='ocrx_word' id='word_1_271' title='bbox 814 2146 992 2201; x_wconf 84' lang='lat' dir='ltr'><strong>trades</strong></span> <span class='ocrx_word' id='word_1_272' title='bbox 1034 2147 1089 2200; x_wconf 90' lang='lat' dir='ltr'><strong>in</strong></span> <span class='ocrx_word' id='word_1_273' title='bbox 1131 2164 1282 2202; x_wconf 81' lang='lat' dir='ltr'><strong>usum</strong></span> <span class='ocrx_word' id='word_1_274' title='bbox 1304 2148 1630 2203; x_wconf 70' lang='lat' dir='ltr'><strong>tabernaculi</strong></span> <span class='ocrx_word' id='word_1_275' title='bbox 1660 2150 1945 2205; x_wconf 75' lang='lat' dir='ltr'><strong>testimonii</strong></span> 
     </span>
    </p>
   </div>
   <div class='ocr_carea' id='block_1_41' title="bbox 364 2236 1947 2311">
    <p class='ocr_par' dir='ltr' id='par_1_41' title="bbox 364 2236 1947 2311">
     <span class='ocr_line' id='line_1_41' title="bbox 364 2236 1947 2311; baseline 0.004 -22"><span class='ocrx_word' id='word_1_276' title='bbox 364 2245 420 2288; x_wconf 89' lang='lat' dir='ltr'><strong>ut</strong></span> <span class='ocrx_word' id='word_1_277' title='bbox 453 2236 521 2290; x_wconf 89' lang='lat' dir='ltr'><strong>sit</strong></span> <span class='ocrx_word' id='word_1_278' title='bbox 551 2245 944 2291; x_wconf 84' lang='lat' dir='ltr'><strong>monumentum</strong></span> <span class='ocrx_word' id='word_1_279' title='bbox 973 2253 1153 2292; x_wconf 87' lang='lat' dir='ltr'><strong>eorum</strong></span> <span class='ocrx_word' id='word_1_280' title='bbox 1187 2255 1366 2293; x_wconf 89' lang='lat' dir='ltr'><strong>coram</strong></span> <span class='ocrx_word' id='word_1_281' title='bbox 1405 2238 1654 2307; x_wconf 88' lang='lat' dir='ltr'><strong>Domina,</strong></span> <span class='ocrx_word' id='word_1_282' title='bbox 1685 2248 1735 2295; x_wconf 92' lang='lat' dir='ltr'><strong>et</strong></span> <span class='ocrx_word' id='word_1_283' title='bbox 1771 2242 1947 2311; x_wconf 80' lang='lat' dir='ltr'><strong>propi-</strong></span> 
     </span>
    </p>
   </div>
   <div class='ocr_carea' id='block_1_42' title="bbox 363 2328 1947 2402">
    <p class='ocr_par' dir='ltr' id='par_1_42' title="bbox 363 2328 1947 2402">
     <span class='ocr_line' id='line_1_42' title="bbox 363 2328 1947 2402; baseline 0.003 -21"><span class='ocrx_word' id='word_1_284' title='bbox 363 2336 523 2382; x_wconf 73' lang='lat' dir='ltr'><strong>tiatur</strong></span> <span class='ocrx_word' id='word_1_285' title='bbox 548 2328 824 2383; x_wconf 72' lang='lat' dir='ltr'><strong>animabus</strong></span> <span class='ocrx_word' id='word_1_286' title='bbox 863 2329 1097 2383; x_wconf 86' lang='lat' dir='ltr'><strong>illorum.</strong></span> <span class='ocrx_word' id='word_1_287' title='bbox 1139 2330 1209 2387; x_wconf 85' lang='lat' dir='ltr'><strong>Et</strong></span> <span class='ocrx_word' id='word_1_288' title='bbox 1248 2339 1499 2402; x_wconf 89' lang='lat' dir='ltr'><strong>suscepta</strong></span> <span class='ocrx_word' id='word_1_289' title='bbox 1540 2346 1572 2385; x_wconf 92' lang='lat' dir='ltr'><strong>a</strong></span> <span class='ocrx_word' id='word_1_290' title='bbox 1613 2331 1740 2387; x_wconf 91' lang='lat' dir='ltr'><strong>ﬁliis</strong></span> <span class='ocrx_word' id='word_1_291' title='bbox 1778 2331 1947 2387; x_wconf 85' lang='lat' dir='ltr'><strong>Israel</strong></span> 
     </span>
    </p>
   </div>
   <div class='ocr_carea' id='block_1_43' title="bbox 367 2416 1950 2486">
    <p class='ocr_par' dir='ltr' id='par_1_43' title="bbox 367 2416 1950 2486">
     <span class='ocr_line' id='line_1_43' title="bbox 367 2416 1950 2486; baseline 0.003 -16"><span class='ocrx_word' id='word_1_292' title='bbox 367 2416 613 2486; x_wconf 79' lang='lat' dir='ltr'><strong>pecunia,</strong></span> <span class='ocrx_word' id='word_1_293' title='bbox 641 2416 693 2471; x_wconf 91' lang='lat' dir='ltr'><strong>in</strong></span> <span class='ocrx_word' id='word_1_294' title='bbox 728 2428 1135 2473; x_wconf 90' lang='lat' dir='ltr'><strong>monumentum</strong></span> <span class='ocrx_word' id='word_1_295' title='bbox 1160 2434 1349 2475; x_wconf 91' lang='lat' dir='ltr'><strong>eorum</strong></span> <span class='ocrx_word' id='word_1_296' title='bbox 1386 2416 1571 2475; x_wconf 90' lang='lat' dir='ltr'><strong>coram</strong></span> <span class='ocrx_word' id='word_1_297' title='bbox 1603 2420 1832 2476; x_wconf 89' lang='lat' dir='ltr'><strong>Domino</strong></span> <span class='ocrx_word' id='word_1_298' title='bbox 1862 2420 1950 2475; x_wconf 88' lang='lat' dir='ltr'><strong>in-</strong></span> 
     </span>
    </p>
   </div>
   <div class='ocr_carea' id='block_1_44' title="bbox 2045 1777 3641 1852">
    <p class='ocr_par' dir='ltr' id='par_1_44' title="bbox 2045 1777 3641 1852">
     <span class='ocr_line' id='line_1_44' title="bbox 2045 1777 3641 1852; baseline 0.006 -22"><span class='ocrx_word' id='word_1_299' title='bbox 2045 1777 2272 1847; x_wconf 89' lang='lat' dir='ltr'><strong>quisque</strong></span> <span class='ocrx_word' id='word_1_300' title='bbox 2314 1778 2381 1833; x_wconf 91' lang='lat' dir='ltr'><strong>ad</strong></span> <span class='ocrx_word' id='word_1_301' title='bbox 2408 1778 2697 1834; x_wconf 89' lang='lat' dir='ltr'><strong>Dominum</strong></span> <span class='ocrx_word' id='word_1_302' title='bbox 2726 1794 3020 1835; x_wconf 87' lang='lat' dir='ltr'><strong>conversus</strong></span> <span class='ocrx_word' id='word_1_303' title='bbox 3044 1794 3146 1849; x_wconf 89' lang='lat' dir='ltr'><strong>pro</strong></span> <span class='ocrx_word' id='word_1_304' title='bbox 3190 1781 3277 1836; x_wconf 89' lang='lat' dir='ltr'><strong>his</strong></span> <span class='ocrx_word' id='word_1_305' title='bbox 3321 1797 3440 1852; x_wconf 67' lang='lat' dir='ltr'><strong>qua!</strong></span> <span class='ocrx_word' id='word_1_306' title='bbox 3471 1797 3641 1840; x_wconf 85' lang='lat' dir='ltr'><strong>com-</strong></span> 
     </span>
    </p>
   </div>
   <div class='ocr_carea' id='block_1_45' title="bbox 2045 1868 3643 1941">
    <p class='ocr_par' dir='ltr' id='par_1_45' title="bbox 2045 1868 3643 1941">
     <span class='ocr_line' id='line_1_45' title="bbox 2045 1868 3643 1941; baseline 0.004 -18"><span class='ocrx_word' id='word_1_307' title='bbox 2045 1868 2192 1924; x_wconf 90' lang='lat' dir='ltr'><strong>misit</strong></span> <span class='ocrx_word' id='word_1_308' title='bbox 2218 1868 2457 1937; x_wconf 85' lang='lat' dir='ltr'><strong>peccatis</strong></span> <span class='ocrx_word' id='word_1_309' title='bbox 2497 1870 2711 1925; x_wconf 83' lang='lat' dir='ltr'><strong>veniam</strong></span> <span class='ocrx_word' id='word_1_310' title='bbox 2743 1870 2879 1925; x_wconf 88' lang='lat' dir='ltr'><strong>fusis</strong></span> <span class='ocrx_word' id='word_1_311' title='bbox 2909 1870 3163 1941; x_wconf 88' lang='lat' dir='ltr'><strong>lacrymis</strong></span> <span class='ocrx_word' id='word_1_312' title='bbox 3206 1880 3474 1941; x_wconf 87' lang='lat' dir='ltr'><strong>precetur.</strong></span> <span class='ocrx_word' id='word_1_313' title='bbox 3524 1872 3643 1941; x_wconf 83' lang='lat' dir='ltr'><strong>Qui</strong></span> 
     </span>
    </p>
   </div>
   <div class='ocr_carea' id='block_1_46' title="bbox 2045 1964 3645 2037">
    <p class='ocr_par' dir='ltr' id='par_1_46' title="bbox 2045 1964 3645 2037">
     <span class='ocr_line' id='line_1_46' title="bbox 2045 1964 3645 2037; baseline 0.001 -16"><span class='ocrx_word' id='word_1_314' title='bbox 2045 1979 2166 2021; x_wconf 89' lang='lat' dir='ltr'><strong>cum</strong></span> <span class='ocrx_word' id='word_1_315' title='bbox 2189 1964 2577 2021; x_wconf 87' lang='lat' dir='ltr'><strong>comitantibus</strong></span> <span class='ocrx_word' id='word_1_316' title='bbox 2602 1964 2781 2037; x_wconf 88' lang='lat' dir='ltr'><strong>dignis</strong></span> <span class='ocrx_word' id='word_1_317' title='bbox 2807 1965 3141 2036; x_wconf 68' lang='lat' dir='ltr'><strong>poenitentia:</strong></span> <span class='ocrx_word' id='word_1_318' title='bbox 3169 1965 3437 2023; x_wconf 90' lang='lat' dir='ltr'><strong>fructibus</strong></span> <span class='ocrx_word' id='word_1_319' title='bbox 3470 1967 3645 2037; x_wconf 86' lang='lat' dir='ltr'><strong>longo</strong></span> 
     </span>
    </p>
   </div>
   <div class='ocr_carea' id='block_1_47' title="bbox 2047 2055 3647 2129">
    <p class='ocr_par' dir='ltr' id='par_1_47' title="bbox 2047 2055 3647 2129">
     <span class='ocr_line' id='line_1_47' title="bbox 2047 2055 3647 2129; baseline 0.002 -19"><span class='ocrx_word' id='word_1_320' title='bbox 2047 2064 2291 2125; x_wconf 90' lang='lat' dir='ltr'><strong>tempore</strong></span> <span class='ocrx_word' id='word_1_321' title='bbox 2333 2055 2645 2128; x_wconf 78' lang='lat' dir='ltr'><strong>profecerit,</strong></span> <span class='ocrx_word' id='word_1_322' title='bbox 2700 2065 2871 2112; x_wconf 88' lang='lat' dir='ltr'><strong>restat</strong></span> <span class='ocrx_word' id='word_1_323' title='bbox 2912 2066 2973 2111; x_wconf 91' lang='lat' dir='ltr'><strong>ut</strong></span> <span class='ocrx_word' id='word_1_324' title='bbox 3013 2058 3254 2113; x_wconf 86' lang='lat' dir='ltr'><strong>securior</strong></span> <span class='ocrx_word' id='word_1_325' title='bbox 3296 2059 3364 2115; x_wconf 88' lang='lat' dir='ltr'><strong>de</strong></span> <span class='ocrx_word' id='word_1_326' title='bbox 3411 2067 3647 2129; x_wconf 80' lang='lat' dir='ltr'><strong>accepta</strong></span> 
     </span>
    </p>
   </div>
   <div class='ocr_carea' id='block_1_48' title="bbox 2051 2145 3649 2217">
    <p class='ocr_par' dir='ltr' id='par_1_48' title="bbox 2051 2145 3649 2217">
     <span class='ocr_line' id='line_1_48' title="bbox 2051 2145 3649 2217; baseline 0.003 -16"><span class='ocrx_word' id='word_1_327' title='bbox 2051 2156 2360 2213; x_wconf 87' lang='lat' dir='ltr'><strong>pecatorum</strong></span> <span class='ocrx_word' id='word_1_328' title='bbox 2378 2145 2534 2201; x_wconf 86' lang='lat' dir='ltr'><strong>venia</strong></span> <span class='ocrx_word' id='word_1_329' title='bbox 2561 2145 2807 2212; x_wconf 79' lang='lat' dir='ltr'><strong>elfectus,</strong></span> <span class='ocrx_word' id='word_1_330' title='bbox 2845 2146 2958 2217; x_wconf 86' lang='lat' dir='ltr'><strong>iam</strong></span> <span class='ocrx_word' id='word_1_331' title='bbox 2994 2148 3277 2204; x_wconf 82' lang='lat' dir='ltr'><strong>desideriis</strong></span> <span class='ocrx_word' id='word_1_332' title='bbox 3304 2150 3649 2205; x_wconf 84' lang='lat' dir='ltr'><strong>iubiantibus</strong></span> 
     </span>
    </p>
   </div>
   <div class='ocr_carea' id='block_1_49' title="bbox 2046 2237 3649 2308">
    <p class='ocr_par' dir='ltr' id='par_1_49' title="bbox 2046 2237 3649 2308">
     <span class='ocr_line' id='line_1_49' title="bbox 2046 2237 3649 2308; baseline 0.002 -16"><span class='ocrx_word' id='word_1_333' title='bbox 2046 2245 2195 2308; x_wconf 91' lang='lat' dir='ltr'><strong>optet</strong></span> <span class='ocrx_word' id='word_1_334' title='bbox 2223 2238 2411 2292; x_wconf 90' lang='lat' dir='ltr'><strong>venire</strong></span> <span class='ocrx_word' id='word_1_335' title='bbox 2433 2245 2666 2307; x_wconf 86' lang='lat' dir='ltr'><strong>tempus,</strong></span> <span class='ocrx_word' id='word_1_336' title='bbox 2690 2252 2798 2307; x_wconf 91' lang='lat' dir='ltr'><strong>quo</strong></span> <span class='ocrx_word' id='word_1_337' title='bbox 2822 2246 3095 2293; x_wconf 88' lang='lat' dir='ltr'><strong>mereatur</strong></span> <span class='ocrx_word' id='word_1_338' title='bbox 3123 2237 3264 2294; x_wconf 90' lang='lat' dir='ltr'><strong>inter</strong></span> <span class='ocrx_word' id='word_1_339' title='bbox 3291 2239 3649 2295; x_wconf 84' lang='lat' dir='ltr'><strong>beatissimos</strong></span> 
     </span>
    </p>
   </div>
   <div class='ocr_carea' id='block_1_50' title="bbox 2048 2328 3649 2401">
    <p class='ocr_par' dir='ltr' id='par_1_50' title="bbox 2048 2328 3649 2401">
     <span class='ocr_line' id='line_1_50' title="bbox 2048 2328 3649 2401; baseline 0.002 -18"><span class='ocrx_word' id='word_1_340' title='bbox 2048 2328 2363 2400; x_wconf 85' lang='lat' dir='ltr'><strong>angelorum</strong></span> <span class='ocrx_word' id='word_1_341' title='bbox 2398 2330 2594 2384; x_wconf 89' lang='lat' dir='ltr'><strong>choros</strong></span> <span class='ocrx_word' id='word_1_342' title='bbox 2622 2328 2815 2384; x_wconf 83' lang='lat' dir='ltr'><strong>faciem</strong></span> <span class='ocrx_word' id='word_1_343' title='bbox 2841 2328 3118 2387; x_wconf 88' lang='lat' dir='ltr'><strong>Creatoris</strong></span> <span class='ocrx_word' id='word_1_344' title='bbox 3145 2332 3350 2387; x_wconf 81' lang='lat' dir='ltr'><strong>videre.</strong></span> <span class='ocrx_word' id='word_1_345' title='bbox 3377 2331 3515 2398; x_wconf 87' lang='lat' dir='ltr'><strong>Quid</strong></span> <span class='ocrx_word' id='word_1_346' title='bbox 3537 2331 3649 2401; x_wconf 84' lang='lat' dir='ltr'><strong>qui</strong></span> 
     </span>
    </p>
   </div>
   <div class='ocr_carea' id='block_1_51' title="bbox 2048 2421 3651 2495">
    <p class='ocr_par' dir='ltr' id='par_1_51' title="bbox 2048 2421 3651 2495">
     <span class='ocr_line' id='line_1_51' title="bbox 2048 2421 3651 2495; baseline 0.003 -22"><span class='ocrx_word' id='word_1_347' title='bbox 2048 2421 2317 2477; x_wconf 83' lang='lat' dir='ltr'><strong>veraciter</strong></span> <span class='ocrx_word' id='word_1_348' title='bbox 2358 2421 2489 2492; x_wconf 88' lang='lat' dir='ltr'><strong>agit,</strong></span> <span class='ocrx_word' id='word_1_349' title='bbox 2525 2436 2866 2492; x_wconf 88' lang='lat' dir='ltr'><strong>nequaquam</strong></span> <span class='ocrx_word' id='word_1_350' title='bbox 2896 2424 3104 2492; x_wconf 88' lang='lat' dir='ltr'><strong>absque</strong></span> <span class='ocrx_word' id='word_1_351' title='bbox 3143 2422 3397 2495; x_wconf 84' lang='lat' dir='ltr'><strong>lacrymis</strong></span> <span class='ocrx_word' id='word_1_352' title='bbox 3422 2422 3511 2478; x_wconf 85' lang='lat' dir='ltr'><strong>vel</strong></span> <span class='ocrx_word' id='word_1_353' title='bbox 3532 2424 3651 2478; x_wconf 84' lang='lat' dir='ltr'><strong>bu-</strong></span> 
     </span>
    </p>
   </div>
   <div class='ocr_carea' id='block_1_52' title="bbox 366 2508 3641 2582">
    <p class='ocr_par' dir='ltr' id='par_1_52' title="bbox 366 2508 3641 2582">
     <span class='ocr_line' id='line_1_52' title="bbox 366 2508 3641 2582; baseline 0.002 -24"><span class='ocrx_word' id='word_1_354' title='bbox 366 2508 560 2573; x_wconf 77' lang='lat' dir='ltr'><strong>l&#39;crtur,</strong></span> <span class='ocrx_word' id='word_1_355' title='bbox 594 2521 718 2563; x_wconf 90' lang='lat' dir='ltr'><strong>cum</strong></span> <span class='ocrx_word' id='word_1_356' title='bbox 757 2521 918 2562; x_wconf 72' lang='lat' dir='ltr'><strong>onum</strong></span> <span class='ocrx_word' id='word_1_357' title='bbox 956 2508 1217 2579; x_wconf 80' lang='lat' dir='ltr'><strong>quidquid</strong></span> <span class='ocrx_word' id='word_1_358' title='bbox 1254 2510 1465 2582; x_wconf 89' lang='lat' dir='ltr'><strong>agimus</strong></span> <span class='ocrx_word' id='word_1_359' title='bbox 1487 2511 1637 2577; x_wconf 90' lang='lat' dir='ltr'><strong>boni,</strong></span> <span class='ocrx_word' id='word_1_360' title='bbox 1663 2511 1718 2566; x_wconf 91' lang='lat' dir='ltr'><strong>in</strong></span> <span class='ocrx_word' id='word_1_361' title='bbox 1746 2520 1947 2567; x_wconf 62' lang='lat' dir='ltr'><strong>aeterna</strong></span> <span class='ocrx_word' id='word_1_362' title='bbox 2042 2511 2131 2580; x_wconf 87' lang='lat' dir='ltr'><strong>ius</strong></span> <span class='ocrx_word' id='word_1_363' title='bbox 2169 2510 2295 2565; x_wconf 60' lang='lat' dir='ltr'><strong>vita:</strong></span> <span class='ocrx_word' id='word_1_364' title='bbox 2337 2510 2746 2580; x_wconf 88' lang='lat' dir='ltr'><strong>longitudinem,</strong></span> <span class='ocrx_word' id='word_1_365' title='bbox 2776 2511 2860 2565; x_wconf 87' lang='lat' dir='ltr'><strong>vel</strong></span> <span class='ocrx_word' id='word_1_366' title='bbox 2889 2512 3032 2566; x_wconf 93' lang='lat' dir='ltr'><strong>illius</strong></span> <span class='ocrx_word' id='word_1_367' title='bbox 3062 2512 3257 2567; x_wconf 85' lang='lat' dir='ltr'><strong>tolerat</strong></span> <span class='ocrx_word' id='word_1_368' title='bbox 3290 2512 3641 2578; x_wconf 85' lang='lat' dir='ltr'><strong>dilationem,</strong></span> 
     </span>
    </p>
   </div>
   <div class='ocr_carea' id='block_1_53' title="bbox 366 2596 3651 2674">
    <p class='ocr_par' dir='ltr' id='par_1_53' title="bbox 366 2596 3651 2674">
     <span class='ocr_line' id='line_1_53' title="bbox 366 2596 3651 2674; baseline 0.002 -23"><span class='ocrx_word' id='word_1_369' title='bbox 366 2596 510 2666; x_wconf 88' lang='lat' dir='ltr'><strong>apud</strong></span> <span class='ocrx_word' id='word_1_370' title='bbox 551 2598 885 2653; x_wconf 86' lang='lat' dir='ltr'><strong>conditorem</strong></span> <span class='ocrx_word' id='word_1_371' title='bbox 921 2614 986 2654; x_wconf 90' lang='lat' dir='ltr'><strong>ac</strong></span> <span class='ocrx_word' id='word_1_372' title='bbox 1006 2596 1250 2669; x_wconf 90' lang='lat' dir='ltr'><strong>iudicem</strong></span> <span class='ocrx_word' id='word_1_373' title='bbox 1278 2609 1521 2656; x_wconf 90' lang='lat' dir='ltr'><strong>nostrum</strong></span> <span class='ocrx_word' id='word_1_374' title='bbox 1553 2602 1814 2658; x_wconf 87' lang='lat' dir='ltr'><strong>memoria</strong></span> <span class='ocrx_word' id='word_1_375' title='bbox 1856 2618 1975 2659; x_wconf 53' lang='lat' dir='ltr'><strong>cur</strong></span> <span class='ocrx_word' id='word_1_376' title='bbox 2050 2603 2240 2658; x_wconf 87' lang='lat' dir='ltr'><strong>dicens</strong></span> <span class='ocrx_word' id='word_1_377' title='bbox 2267 2603 2334 2657; x_wconf 89' lang='lat' dir='ltr'><strong>de</strong></span> <span class='ocrx_word' id='word_1_378' title='bbox 2368 2603 2508 2656; x_wconf 84' lang='lat' dir='ltr'><strong>ista:</strong></span> <span class='ocrx_word' id='word_1_379' title='bbox 2541 2601 2658 2656; x_wconf 81' lang='lat' dir='ltr'><strong>Heu</strong></span> <span class='ocrx_word' id='word_1_380' title='bbox 2685 2619 2766 2657; x_wconf 86' lang='lat' dir='ltr'><strong>me</strong></span> <span class='ocrx_word' id='word_1_381' title='bbox 2799 2604 2923 2672; x_wconf 82' lang='lat' dir='ltr'><strong>quia</strong></span> <span class='ocrx_word' id='word_1_382' title='bbox 2961 2602 3223 2657; x_wconf 85' lang='lat' dir='ltr'><strong>incolatus</strong></span> <span class='ocrx_word' id='word_1_383' title='bbox 3252 2620 3396 2658; x_wconf 89' lang='lat' dir='ltr'><strong>meus</strong></span> <span class='ocrx_word' id='word_1_384' title='bbox 3423 2602 3651 2674; x_wconf 85' lang='lat' dir='ltr'><strong>prolon-</strong></span> 
     </span>
    </p>
   </div>
   <div class='ocr_carea' id='block_1_54' title="bbox 367 2689 3644 2768">
    <p class='ocr_par' dir='ltr' id='par_1_54' title="bbox 367 2689 3644 2768">
     <span class='ocr_line' id='line_1_54' title="bbox 367 2689 3644 2768; baseline 0.001 -23"><span class='ocrx_word' id='word_1_385' title='bbox 367 2689 601 2747; x_wconf 87' lang='lat' dir='ltr'><strong>stoditur</strong></span> <span class='ocrx_word' id='word_1_386' title='bbox 631 2708 645 2744; x_wconf 87' lang='lat'><strong>:</strong></span> <span class='ocrx_word' id='word_1_387' title='bbox 671 2698 941 2761; x_wconf 87' lang='lat' dir='ltr'><strong>quatenus</strong></span> <span class='ocrx_word' id='word_1_388' title='bbox 977 2707 1044 2748; x_wconf 90' lang='lat' dir='ltr'><strong>ex</strong></span> <span class='ocrx_word' id='word_1_389' title='bbox 1073 2694 1155 2749; x_wconf 91' lang='lat' dir='ltr'><strong>eis</strong></span> <span class='ocrx_word' id='word_1_390' title='bbox 1181 2709 1302 2763; x_wconf 77' lang='lat' dir='ltr'><strong>qute</strong></span> <span class='ocrx_word' id='word_1_391' title='bbox 1336 2694 1413 2750; x_wconf 91' lang='lat' dir='ltr'><strong>illi</strong></span> <span class='ocrx_word' id='word_1_392' title='bbox 1447 2694 1741 2752; x_wconf 87' lang='lat' dir='ltr'><strong>obtulimus</strong></span> <span class='ocrx_word' id='word_1_393' title='bbox 1779 2697 1949 2753; x_wconf 83' lang='lat' dir='ltr'><strong>bono-</strong></span> <span class='ocrx_word' id='word_1_394' title='bbox 2049 2706 2201 2768; x_wconf 80' lang='lat' dir='ltr'><strong>gaius</strong></span> <span class='ocrx_word' id='word_1_395' title='bbox 2238 2706 2350 2761; x_wconf 88' lang='lat' dir='ltr'><strong>est,</strong></span> <span class='ocrx_word' id='word_1_396' title='bbox 2395 2694 2623 2750; x_wconf 80' lang='lat' dir='ltr'><strong>habitan</strong></span> <span class='ocrx_word' id='word_1_397' title='bbox 2668 2712 2784 2749; x_wconf 89' lang='lat' dir='ltr'><strong>cum</strong></span> <span class='ocrx_word' id='word_1_398' title='bbox 2817 2695 3173 2750; x_wconf 78' lang='lat' dir='ltr'><strong>habitantibus</strong></span> <span class='ocrx_word' id='word_1_399' title='bbox 3215 2692 3388 2749; x_wconf 83' lang='lat' dir='ltr'><strong>Cedar</strong></span> <span class='ocrx_word' id='word_1_400' title='bbox 3437 2694 3456 2766; x_wconf 96' lang='lat'><strong>(</strong></span> <span class='ocrx_word' id='word_1_401' title='bbox 3485 2693 3644 2749; x_wconf 86' lang='lat' dir='ltr'><strong>Psal.</strong></span> 
     </span>
    </p>
   </div>
   <div class='ocr_carea' id='block_1_55' title="bbox 369 2782 3645 2860">
    <p class='ocr_par' dir='ltr' id='par_1_55' title="bbox 369 2782 3645 2860">
     <span class='ocr_line' id='line_1_55' title="bbox 369 2782 3645 2860; baseline 0.002 -25"><span class='ocrx_word' id='word_1_402' title='bbox 369 2796 490 2836; x_wconf 85' lang='lat' dir='ltr'><strong>rum</strong></span> <span class='ocrx_word' id='word_1_403' title='bbox 537 2796 761 2853; x_wconf 91' lang='lat' dir='ltr'><strong>operum</strong></span> <span class='ocrx_word' id='word_1_404' title='bbox 799 2782 1087 2851; x_wconf 89' lang='lat' dir='ltr'><strong>fructibus,</strong></span> <span class='ocrx_word' id='word_1_405' title='bbox 1115 2786 1383 2855; x_wconf 90' lang='lat' dir='ltr'><strong>propitius</strong></span> <span class='ocrx_word' id='word_1_406' title='bbox 1428 2786 1585 2841; x_wconf 88' lang='lat' dir='ltr'><strong>nobis</strong></span> <span class='ocrx_word' id='word_1_407' title='bbox 1615 2785 1733 2841; x_wconf 90' lang='lat' dir='ltr'><strong>ﬁeri</strong></span> <span class='ocrx_word' id='word_1_408' title='bbox 1764 2786 1951 2857; x_wconf 89' lang='lat' dir='ltr'><strong>digne—</strong></span> <span class='ocrx_word' id='word_1_409' title='bbox 2050 2789 2218 2860; x_wconf 56' lang='grc' dir='ltr'><strong>(λιι).</strong></span> <span class='ocrx_word' id='word_1_410' title='bbox 2260 2788 2313 2842; x_wconf 89' lang='lat' dir='ltr'><strong>id</strong></span> <span class='ocrx_word' id='word_1_411' title='bbox 2345 2795 2450 2852; x_wconf 90' lang='lat' dir='ltr'><strong>est,</strong></span> <span class='ocrx_word' id='word_1_412' title='bbox 2496 2801 2620 2841; x_wconf 89' lang='lat' dir='ltr'><strong>cum</strong></span> <span class='ocrx_word' id='word_1_413' title='bbox 2664 2787 2748 2841; x_wconf 90' lang='lat' dir='ltr'><strong>his</strong></span> <span class='ocrx_word' id='word_1_414' title='bbox 2774 2786 2865 2855; x_wconf 91' lang='lat' dir='ltr'><strong>qui</strong></span> <span class='ocrx_word' id='word_1_415' title='bbox 2896 2786 2951 2839; x_wconf 89' lang='lat' dir='ltr'><strong>in</strong></span> <span class='ocrx_word' id='word_1_416' title='bbox 2991 2786 3229 2841; x_wconf 89' lang='lat' dir='ltr'><strong>tenebris</strong></span> <span class='ocrx_word' id='word_1_417' title='bbox 3273 2800 3519 2841; x_wconf 88' lang='lat' dir='ltr'><strong>errorum</strong></span> <span class='ocrx_word' id='word_1_418' title='bbox 3565 2800 3645 2841; x_wconf 89' lang='lat' dir='ltr'><strong>ac</strong></span> 
     </span>
    </p>
   </div>
   <div class='ocr_carea' id='block_1_56' title="bbox 369 2871 3648 2947">
    <p class='ocr_par' dir='ltr' id='par_1_56' title="bbox 369 2871 3648 2947">
     <span class='ocr_line' id='line_1_56' title="bbox 369 2871 3648 2947; baseline 0.001 -20"><span class='ocrx_word' id='word_1_419' title='bbox 369 2884 475 2928; x_wconf 88' lang='lat' dir='ltr'><strong>tur.</strong></span> <span class='ocrx_word' id='word_1_420' title='bbox 507 2871 875 2945; x_wconf 86' lang='lat' dir='ltr'><strong>Servaturque</strong></span> <span class='ocrx_word' id='word_1_421' title='bbox 921 2875 1113 2932; x_wconf 89' lang='lat' dir='ltr'><strong>eadem</strong></span> <span class='ocrx_word' id='word_1_422' title='bbox 1147 2878 1377 2947; x_wconf 89' lang='lat' dir='ltr'><strong>pecunia</strong></span> <span class='ocrx_word' id='word_1_423' title='bbox 1414 2878 1468 2933; x_wconf 91' lang='lat' dir='ltr'><strong>in</strong></span> <span class='ocrx_word' id='word_1_424' title='bbox 1508 2894 1688 2944; x_wconf 85' lang='lat' dir='ltr'><strong>usum,</strong></span> <span class='ocrx_word' id='word_1_425' title='bbox 1735 2894 1858 2933; x_wconf 90' lang='lat' dir='ltr'><strong>eum</strong></span> <span class='ocrx_word' id='word_1_426' title='bbox 1885 2893 1953 2933; x_wconf 86' lang='lat' dir='ltr'><strong>ex</strong></span> <span class='ocrx_word' id='word_1_427' title='bbox 2052 2880 2319 2935; x_wconf 86' lang='lat' dir='ltr'><strong>scelerum</strong></span> <span class='ocrx_word' id='word_1_428' title='bbox 2351 2887 2657 2942; x_wconf 88' lang='lat' dir='ltr'><strong>versantur,</strong></span> <span class='ocrx_word' id='word_1_429' title='bbox 2702 2876 2846 2946; x_wconf 89' lang='lat' dir='ltr'><strong>quod</strong></span> <span class='ocrx_word' id='word_1_430' title='bbox 2882 2877 3202 2933; x_wconf 87' lang='lat' dir='ltr'><strong>vocabulum</strong></span> <span class='ocrx_word' id='word_1_431' title='bbox 3242 2877 3420 2934; x_wconf 85' lang='lat' dir='ltr'><strong>Cedar</strong></span> <span class='ocrx_word' id='word_1_432' title='bbox 3456 2887 3648 2932; x_wconf 88' lang='lat' dir='ltr'><strong>sonat.</strong></span> 
     </span>
    </p>
   </div>
   <div class='ocr_carea' id='block_1_57' title="bbox 370 2962 3651 3041">
    <p class='ocr_par' dir='ltr' id='par_1_57' title="bbox 370 2962 3651 3041">
     <span class='ocr_line' id='line_1_57' title="bbox 370 2962 3651 3041; baseline 0.001 -23"><span class='ocrx_word' id='word_1_433' title='bbox 370 2963 527 3022; x_wconf 85' lang='lat' dir='ltr'><strong>lenis</strong></span> <span class='ocrx_word' id='word_1_434' title='bbox 546 2962 817 3035; x_wconf 87' lang='lat' dir='ltr'><strong>iustorum</strong></span> <span class='ocrx_word' id='word_1_435' title='bbox 843 2966 1077 3033; x_wconf 90' lang='lat' dir='ltr'><strong>actibus,</strong></span> <span class='ocrx_word' id='word_1_436' title='bbox 1116 2969 1456 3038; x_wconf 90' lang='lat' dir='ltr'><strong>sequentium</strong></span> <span class='ocrx_word' id='word_1_437' title='bbox 1487 2969 1542 3024; x_wconf 90' lang='lat' dir='ltr'><strong>in</strong></span> <span class='ocrx_word' id='word_1_438' title='bbox 1578 2968 1796 3025; x_wconf 88' lang='lat' dir='ltr'><strong>Christo</strong></span> <span class='ocrx_word' id='word_1_439' title='bbox 1827 2969 1954 3024; x_wconf 91' lang='lat' dir='ltr'><strong>ﬁde-</strong></span> <span class='ocrx_word' id='word_1_440' title='bbox 2054 2970 2175 3041; x_wconf 89' lang='lat' dir='ltr'><strong>lpse</strong></span> <span class='ocrx_word' id='word_1_441' title='bbox 2216 2969 2330 3037; x_wconf 88' lang='lat' dir='ltr'><strong>iam</strong></span> <span class='ocrx_word' id='word_1_442' title='bbox 2372 2975 2647 3038; x_wconf 76' lang='lat' dir='ltr'><strong>perpetuae</strong></span> <span class='ocrx_word' id='word_1_443' title='bbox 2676 2967 2814 3023; x_wconf 91' lang='lat' dir='ltr'><strong>lucis</strong></span> <span class='ocrx_word' id='word_1_444' title='bbox 2841 2968 3036 3039; x_wconf 83' lang='lat' dir='ltr'><strong>gaudia</strong></span> <span class='ocrx_word' id='word_1_445' title='bbox 3076 2967 3379 3038; x_wconf 87' lang='lat' dir='ltr'><strong>suspirans,</strong></span> <span class='ocrx_word' id='word_1_446' title='bbox 3410 2967 3651 3022; x_wconf 84' lang='lat' dir='ltr'><strong>multum</strong></span> 
     </span>
    </p>
   </div>
   <div class='ocr_carea' id='block_1_58' title="bbox 369 3044 3655 3130">
    <p class='ocr_par' dir='ltr' id='par_1_58' title="bbox 369 3044 3655 3130">
     <span class='ocr_line' id='line_1_58' title="bbox 369 3044 3655 3130; baseline 0.002 -23"><span class='ocrx_word' id='word_1_447' title='bbox 369 3055 500 3110; x_wconf 90' lang='lat' dir='ltr'><strong>lium</strong></span> <span class='ocrx_word' id='word_1_448' title='bbox 544 3070 727 3112; x_wconf 90' lang='lat' dir='ltr'><strong>mores</strong></span> <span class='ocrx_word' id='word_1_449' title='bbox 763 3064 1023 3126; x_wconf 89' lang='lat' dir='ltr'><strong>actusque</strong></span> <span class='ocrx_word' id='word_1_450' title='bbox 1062 3057 1485 3125; x_wconf 89' lang='lat' dir='ltr'><strong>conﬁrmantur;</strong></span> <span class='ocrx_word' id='word_1_451' title='bbox 1528 3074 1593 3115; x_wconf 90' lang='lat' dir='ltr'><strong>ac</strong></span> <span class='ocrx_word' id='word_1_452' title='bbox 1642 3058 1777 3114; x_wconf 87' lang='lat' dir='ltr'><strong>tales</strong></span> <span class='ocrx_word' id='word_1_453' title='bbox 1832 3058 1948 3113; x_wconf 88' lang='lat' dir='ltr'><strong>ﬁeri</strong></span> <span class='ocrx_word' id='word_1_454' title='bbox 1976 3044 2021 3107; x_wconf 82' lang='lat' dir='ltr'><strong>C</strong></span> <span class='ocrx_word' id='word_1_455' title='bbox 2054 3060 2378 3116; x_wconf 87' lang='lat' dir='ltr'><strong>laboriosam</strong></span> <span class='ocrx_word' id='word_1_456' title='bbox 2400 3060 2556 3115; x_wconf 89' lang='lat' dir='ltr'><strong>duxit</strong></span> <span class='ocrx_word' id='word_1_457' title='bbox 2579 3059 2765 3125; x_wconf 87' lang='lat' dir='ltr'><strong>vitam,</strong></span> <span class='ocrx_word' id='word_1_458' title='bbox 2794 3059 2921 3129; x_wconf 89' lang='lat' dir='ltr'><strong>quia</strong></span> <span class='ocrx_word' id='word_1_459' title='bbox 2951 3069 3209 3130; x_wconf 87' lang='lat' dir='ltr'><strong>quantum</strong></span> <span class='ocrx_word' id='word_1_460' title='bbox 3238 3060 3511 3115; x_wconf 75' lang='lat' dir='ltr'><strong>ctelestcm</strong></span> <span class='ocrx_word' id='word_1_461' title='bbox 3543 3074 3655 3129; x_wconf 84' lang='lat' dir='ltr'><strong>pa-</strong></span> 
     </span>
    </p>
   </div>
   <div class='ocr_carea' id='block_1_59' title="bbox 372 3145 1949 3218">
    <p class='ocr_par' dir='ltr' id='par_1_59' title="bbox 372 3145 1949 3218">
     <span class='ocr_line' id='line_1_59' title="bbox 372 3145 1949 3218; baseline 0.003 -21"><span class='ocrx_word' id='word_1_462' title='bbox 372 3146 613 3201; x_wconf 88' lang='lat' dir='ltr'><strong>minores</strong></span> <span class='ocrx_word' id='word_1_463' title='bbox 647 3145 848 3215; x_wconf 91' lang='lat' dir='ltr'><strong>quique</strong></span> <span class='ocrx_word' id='word_1_464' title='bbox 894 3148 1248 3214; x_wconf 90' lang='lat' dir='ltr'><strong>contendunt,</strong></span> <span class='ocrx_word' id='word_1_465' title='bbox 1278 3148 1463 3218; x_wconf 88' lang='lat' dir='ltr'><strong>quales</strong></span> <span class='ocrx_word' id='word_1_466' title='bbox 1488 3147 1653 3203; x_wconf 90' lang='lat' dir='ltr'><strong>fuisse</strong></span> <span class='ocrx_word' id='word_1_467' title='bbox 1690 3162 1786 3203; x_wconf 90' lang='lat' dir='ltr'><strong>eos</strong></span> <span class='ocrx_word' id='word_1_468' title='bbox 1812 3161 1949 3217; x_wconf 88' lang='lat' dir='ltr'><strong>quos</strong></span> 
     </span>
    </p>
   </div>
   <div class='ocr_carea' id='block_1_60' title="bbox 370 3236 1950 3308">
    <p class='ocr_par' dir='ltr' id='par_1_60' title="bbox 370 3236 1950 3308">
     <span class='ocr_line' id='line_1_60' title="bbox 370 3236 1950 3308; baseline 0 -18"><span class='ocrx_word' id='word_1_469' title='bbox 370 3252 494 3291; x_wconf 84' lang='lat' dir='ltr'><strong>cum</strong></span> <span class='ocrx_word' id='word_1_470' title='bbox 537 3236 769 3292; x_wconf 92' lang='lat' dir='ltr'><strong>Domino</strong></span> <span class='ocrx_word' id='word_1_471' title='bbox 821 3250 1051 3308; x_wconf 84' lang='lat' dir='ltr'><strong>regnare</strong></span> <span class='ocrx_word' id='word_1_472' title='bbox 1095 3245 1415 3308; x_wconf 91' lang='lat' dir='ltr'><strong>agnoscunt.</strong></span> <span class='ocrx_word' id='word_1_473' title='bbox 1468 3237 1773 3293; x_wconf 89' lang='lat' dir='ltr'><strong>Notandum</strong></span> <span class='ocrx_word' id='word_1_474' title='bbox 1821 3252 1950 3292; x_wconf 90' lang='lat' dir='ltr'><strong>sane</strong></span> 
     </span>
    </p>
   </div>
   <div class='ocr_carea' id='block_1_61' title="bbox 370 3327 1951 3398">
    <p class='ocr_par' dir='ltr' id='par_1_61' title="bbox 370 3327 1951 3398">
     <span class='ocr_line' id='line_1_61' title="bbox 370 3327 1951 3398; baseline 0 -17"><span class='ocrx_word' id='word_1_475' title='bbox 370 3328 516 3398; x_wconf 90' lang='lat' dir='ltr'><strong>quod</strong></span> <span class='ocrx_word' id='word_1_476' title='bbox 566 3328 796 3398; x_wconf 86' lang='lat' dir='ltr'><strong>pecunia</strong></span> <span class='ocrx_word' id='word_1_477' title='bbox 836 3338 1138 3384; x_wconf 89' lang='lat' dir='ltr'><strong>memorata</strong></span> <span class='ocrx_word' id='word_1_478' title='bbox 1182 3344 1289 3383; x_wconf 89' lang='lat' dir='ltr'><strong>non</strong></span> <span class='ocrx_word' id='word_1_479' title='bbox 1331 3327 1488 3398; x_wconf 81' lang='lat' dir='ltr'><strong>iuxta</strong></span> <span class='ocrx_word' id='word_1_480' title='bbox 1538 3328 1951 3384; x_wconf 64' lang='lat' dir='ltr'><strong>aestimationem</strong></span> 
     </span>
    </p>
   </div>
   <div class='ocr_carea' id='block_1_62' title="bbox 373 3417 1953 3491">
    <p class='ocr_par' dir='ltr' id='par_1_62' title="bbox 373 3417 1953 3491">
     <span class='ocr_line' id='line_1_62' title="bbox 373 3417 1953 3491; baseline -0.001 -18"><span class='ocrx_word' id='word_1_481' title='bbox 373 3419 538 3491; x_wconf 71' lang='lat' dir='ltr'><strong>vulgi,</strong></span> <span class='ocrx_word' id='word_1_482' title='bbox 572 3419 668 3476; x_wconf 88' lang='lat' dir='ltr'><strong>sed</strong></span> <span class='ocrx_word' id='word_1_483' title='bbox 687 3418 842 3490; x_wconf 82' lang='lat' dir='ltr'><strong>juxta</strong></span> <span class='ocrx_word' id='word_1_484' title='bbox 878 3432 1185 3475; x_wconf 84' lang='lat' dir='ltr'><strong>mensuram</strong></span> <span class='ocrx_word' id='word_1_485' title='bbox 1212 3418 1396 3490; x_wconf 90' lang='lat' dir='ltr'><strong>templi</strong></span> <span class='ocrx_word' id='word_1_486' title='bbox 1437 3420 1545 3474; x_wconf 89' lang='lat' dir='ltr'><strong>erit</strong></span> <span class='ocrx_word' id='word_1_487' title='bbox 1577 3419 1773 3475; x_wconf 89' lang='lat' dir='ltr'><strong>danda.</strong></span> <span class='ocrx_word' id='word_1_488' title='bbox 1804 3417 1953 3472; x_wconf 83' lang='lat' dir='ltr'><strong>Men-</strong></span> 
     </span>
    </p>
   </div>
   <div class='ocr_carea' id='block_1_63' title="bbox 373 3508 1952 3581">
    <p class='ocr_par' dir='ltr' id='par_1_63' title="bbox 373 3508 1952 3581">
     <span class='ocr_line' id='line_1_63' title="bbox 373 3508 1952 3581; baseline -0.001 -18"><span class='ocrx_word' id='word_1_489' title='bbox 373 3525 503 3565; x_wconf 86' lang='lat' dir='ltr'><strong>sura</strong></span> <span class='ocrx_word' id='word_1_490' title='bbox 547 3525 781 3580; x_wconf 86' lang='lat' dir='ltr'><strong>namque</strong></span> <span class='ocrx_word' id='word_1_491' title='bbox 829 3509 1012 3581; x_wconf 90' lang='lat' dir='ltr'><strong>templi</strong></span> <span class='ocrx_word' id='word_1_492' title='bbox 1064 3510 1347 3580; x_wconf 88' lang='lat' dir='ltr'><strong>dispositio</strong></span> <span class='ocrx_word' id='word_1_493' title='bbox 1398 3518 1483 3565; x_wconf 92' lang='lat' dir='ltr'><strong>est</strong></span> <span class='ocrx_word' id='word_1_494' title='bbox 1534 3510 1730 3566; x_wconf 81' lang='lat' dir='ltr'><strong>divinae</strong></span> <span class='ocrx_word' id='word_1_495' title='bbox 1787 3508 1952 3581; x_wconf 86' lang='lat' dir='ltr'><strong>legis,</strong></span> 
     </span>
    </p>
   </div>
   <div class='ocr_carea' id='block_1_64' title="bbox 374 3600 1959 3673">
    <p class='ocr_par' dir='ltr' id='par_1_64' title="bbox 374 3600 1959 3673">
     <span class='ocr_line' id='line_1_64' title="bbox 374 3600 1959 3673; baseline 0.002 -22"><span class='ocrx_word' id='word_1_496' title='bbox 374 3615 536 3670; x_wconf 78' lang='lat' dir='ltr'><strong>quam</strong></span> <span class='ocrx_word' id='word_1_497' title='bbox 576 3600 631 3655; x_wconf 90' lang='lat' dir='ltr'><strong>in</strong></span> <span class='ocrx_word' id='word_1_498' title='bbox 659 3600 900 3657; x_wconf 89' lang='lat' dir='ltr'><strong>Ecclesia</strong></span> <span class='ocrx_word' id='word_1_499' title='bbox 923 3615 1019 3657; x_wconf 90' lang='lat' dir='ltr'><strong>sua</strong></span> <span class='ocrx_word' id='word_1_500' title='bbox 1041 3600 1302 3657; x_wconf 89' lang='lat' dir='ltr'><strong>Dominus</strong></span> <span class='ocrx_word' id='word_1_501' title='bbox 1344 3601 1551 3657; x_wconf 88' lang='lat' dir='ltr'><strong>servari</strong></span> <span class='ocrx_word' id='word_1_502' title='bbox 1585 3600 1832 3673; x_wconf 58' lang='lat' dir='ltr'><strong>praecipit</strong></span> <span class='ocrx_word' id='word_1_503' title='bbox 1857 3618 1871 3654; x_wconf 88' lang='lat'><strong>:</strong></span> <span class='ocrx_word' id='word_1_504' title='bbox 1902 3608 1959 3656; x_wconf 90' lang='lat' dir='ltr'><strong>et</strong></span> 
     </span>
    </p>
   </div>
   <div class='ocr_carea' id='block_1_65' title="bbox 376 3688 1958 3763">
    <p class='ocr_par' dir='ltr' id='par_1_65' title="bbox 376 3688 1958 3763">
     <span class='ocr_line' id='line_1_65' title="bbox 376 3688 1958 3763; baseline 0.003 -21"><span class='ocrx_word' id='word_1_505' title='bbox 376 3688 532 3759; x_wconf 71' lang='lat' dir='ltr'><strong>cuius</strong></span> <span class='ocrx_word' id='word_1_506' title='bbox 554 3698 735 3747; x_wconf 88' lang='lat' dir='ltr'><strong>tamen</strong></span> <span class='ocrx_word' id='word_1_507' title='bbox 773 3691 1156 3759; x_wconf 67' lang='lat' dir='ltr'><strong>observantiae,</strong></span> <span class='ocrx_word' id='word_1_508' title='bbox 1190 3700 1393 3748; x_wconf 64' lang='lat' dir='ltr'><strong>aeterna</strong></span> <span class='ocrx_word' id='word_1_509' title='bbox 1431 3692 1486 3759; x_wconf 85' lang='lat' dir='ltr'><strong>in</strong></span> <span class='ocrx_word' id='word_1_510' title='bbox 1518 3690 1700 3749; x_wconf 89' lang='lat' dir='ltr'><strong>futuro</strong></span> <span class='ocrx_word' id='word_1_511' title='bbox 1734 3692 1958 3763; x_wconf 75' lang='lat' dir='ltr'><strong>prtemia</strong></span> 
     </span>
    </p>
   </div>
   <div class='ocr_carea' id='block_1_66' title="bbox 375 3778 1961 3850">
    <p class='ocr_par' dir='ltr' id='par_1_66' title="bbox 375 3778 1961 3850">
     <span class='ocr_line' id='line_1_66' title="bbox 375 3778 1961 3850; baseline 0.001 -18"><span class='ocrx_word' id='word_1_512' title='bbox 375 3779 665 3850; x_wconf 73' lang='lat' dir='ltr'><strong>promittit.</strong></span> <span class='ocrx_word' id='word_1_513' title='bbox 716 3778 985 3836; x_wconf 62' lang='lat' dir='ltr'><strong>Caeterum</strong></span> <span class='ocrx_word' id='word_1_514' title='bbox 1015 3780 1061 3836; x_wconf 92' lang='lat' dir='ltr'><strong>si</strong></span> <span class='ocrx_word' id='word_1_515' title='bbox 1090 3780 1213 3850; x_wconf 92' lang='lat' dir='ltr'><strong>quis</strong></span> <span class='ocrx_word' id='word_1_516' title='bbox 1241 3778 1397 3848; x_wconf 86' lang='lat' dir='ltr'><strong>iuxta</strong></span> <span class='ocrx_word' id='word_1_517' title='bbox 1422 3780 1679 3850; x_wconf 88' lang='lat' dir='ltr'><strong>placitum</strong></span> <span class='ocrx_word' id='word_1_518' title='bbox 1709 3780 1961 3835; x_wconf 68' lang='lat' dir='ltr'><strong>humanm</strong></span> 
     </span>
    </p>
   </div>
   <div class='ocr_carea' id='block_1_67' title="bbox 375 3870 1961 3941">
    <p class='ocr_par' dir='ltr' id='par_1_67' title="bbox 375 3870 1961 3941">
     <span class='ocr_line' id='line_1_67' title="bbox 375 3870 1961 3941; baseline -0.001 -16"><span class='ocrx_word' id='word_1_519' title='bbox 375 3870 670 3926; x_wconf 81' lang='lat' dir='ltr'><strong>voluntatis</strong></span> <span class='ocrx_word' id='word_1_520' title='bbox 709 3872 821 3926; x_wconf 92' lang='lat' dir='ltr'><strong>Deo</strong></span> <span class='ocrx_word' id='word_1_521' title='bbox 848 3872 1055 3927; x_wconf 90' lang='lat' dir='ltr'><strong>servire</strong></span> <span class='ocrx_word' id='word_1_522' title='bbox 1079 3871 1295 3938; x_wconf 90' lang='lat' dir='ltr'><strong>nititur,</strong></span> <span class='ocrx_word' id='word_1_523' title='bbox 1336 3871 1437 3925; x_wconf 89' lang='lat' dir='ltr'><strong>iste</strong></span> <span class='ocrx_word' id='word_1_524' title='bbox 1474 3871 1599 3940; x_wconf 89' lang='lat' dir='ltr'><strong>quia</strong></span> <span class='ocrx_word' id='word_1_525' title='bbox 1625 3871 1781 3941; x_wconf 81' lang='lat' dir='ltr'><strong>juxta</strong></span> <span class='ocrx_word' id='word_1_526' title='bbox 1807 3885 1961 3925; x_wconf 91' lang='lat' dir='ltr'><strong>men-</strong></span> 
     </span>
    </p>
   </div>
   <div class='ocr_carea' id='block_1_68' title="bbox 376 3961 1962 4032">
    <p class='ocr_par' dir='ltr' id='par_1_68' title="bbox 376 3961 1962 4032">
     <span class='ocr_line' id='line_1_68' title="bbox 376 3961 1962 4032; baseline 0.001 -16"><span class='ocrx_word' id='word_1_527' title='bbox 376 3976 563 4017; x_wconf 86' lang='lat' dir='ltr'><strong>suram</strong></span> <span class='ocrx_word' id='word_1_528' title='bbox 604 3961 791 4032; x_wconf 84' lang='lat' dir='ltr'><strong>templi</strong></span> <span class='ocrx_word' id='word_1_529' title='bbox 825 3961 1110 4032; x_wconf 89' lang='lat' dir='ltr'><strong>pecuniam</strong></span> <span class='ocrx_word' id='word_1_530' title='bbox 1142 3977 1254 4017; x_wconf 76' lang='lat' dir='ltr'><strong>sute</strong></span> <span class='ocrx_word' id='word_1_531' title='bbox 1282 3962 1584 4018; x_wconf 89' lang='lat' dir='ltr'><strong>devotionis</strong></span> <span class='ocrx_word' id='word_1_532' title='bbox 1616 3978 1723 4018; x_wconf 91' lang='lat' dir='ltr'><strong>non</strong></span> <span class='ocrx_word' id='word_1_533' title='bbox 1747 3962 1962 4029; x_wconf 89' lang='lat' dir='ltr'><strong>obtulit,</strong></span> 
     </span>
    </p>
   </div>
   <div class='ocr_carea' id='block_1_69' title="bbox 377 4050 1964 4123">
    <p class='ocr_par' dir='ltr' id='par_1_69' title="bbox 377 4050 1964 4123">
     <span class='ocr_line' id='line_1_69' title="bbox 377 4050 1964 4123; baseline -0.001 -14"><span class='ocrx_word' id='word_1_534' title='bbox 377 4051 666 4123; x_wconf 85' lang='lat' dir='ltr'><strong>rcprobata</strong></span> <span class='ocrx_word' id='word_1_535' title='bbox 709 4059 764 4108; x_wconf 92' lang='lat' dir='ltr'><strong>et</strong></span> <span class='ocrx_word' id='word_1_536' title='bbox 784 4050 1003 4123; x_wconf 72' lang='lat' dir='ltr'><strong>abiecta</strong></span> <span class='ocrx_word' id='word_1_537' title='bbox 1030 4051 1324 4119; x_wconf 91' lang='lat' dir='ltr'><strong>oblatione,</strong></span> <span class='ocrx_word' id='word_1_538' title='bbox 1354 4050 1510 4123; x_wconf 85' lang='lat' dir='ltr'><strong>plaga</strong></span> <span class='ocrx_word' id='word_1_539' title='bbox 1552 4052 1727 4109; x_wconf 90' lang='lat' dir='ltr'><strong>ultimi</strong></span> <span class='ocrx_word' id='word_1_540' title='bbox 1775 4051 1964 4123; x_wconf 91' lang='lat' dir='ltr'><strong>iudicii</strong></span> 
     </span>
    </p>
   </div>
   <div class='ocr_carea' id='block_1_70' title="bbox 382 4136 1062 4198">
    <p class='ocr_par' dir='ltr' id='par_1_70' title="bbox 382 4136 1062 4198">
     <span class='ocr_line' id='line_1_70' title="bbox 382 4136 1062 4198; baseline 0.003 -3"><span class='ocrx_word' id='word_1_541' title='bbox 382 4136 792 4198; x_wconf 64' lang='lat' dir='ltr'><strong>nilimadversus</strong></span> <span class='ocrx_word' id='word_1_542' title='bbox 820 4139 1062 4197; x_wconf 89' lang='lat' dir='ltr'><strong>ferietur.</strong></span> 
     </span>
    </p>
   </div>
   <div class='ocr_carea' id='block_1_71' title="bbox 978 4256 1366 4315">
    <p class='ocr_par' dir='ltr' id='par_1_71' title="bbox 978 4256 1366 4315">
     <span class='ocr_line' id='line_1_71' title="bbox 978 4256 1366 4315; baseline -0.005 -2"><span class='ocrx_word' id='word_1_543' title='bbox 978 4256 1205 4315; x_wconf 80' lang='lat' dir='ltr'><strong>CAPUT</strong></span> <span class='ocrx_word' id='word_1_544' title='bbox 1255 4257 1366 4312; x_wconf 82' lang='lat' dir='ltr'><strong>XII.</strong></span> 
     </span>
    </p>
   </div>
   <div class='ocr_carea' id='block_1_72' title="bbox 820 4347 1513 4420">
    <p class='ocr_par' dir='ltr' id='par_1_72' title="bbox 820 4347 1513 4420">
     <span class='ocr_line' id='line_1_72' title="bbox 820 4347 1513 4420; baseline 0 -17"><span class='ocrx_word' id='word_1_545' title='bbox 820 4347 900 4403; x_wconf 86' lang='lat' dir='ltr'><strong>De</strong></span> <span class='ocrx_word' id='word_1_546' title='bbox 919 4348 1161 4420; x_wconf 82' lang='lat' dir='ltr'><strong>faciendo</strong></span> <span class='ocrx_word' id='word_1_547' title='bbox 1187 4347 1327 4403; x_wconf 86' lang='lat' dir='ltr'><strong>labia</strong></span> <span class='ocrx_word' id='word_1_548' title='bbox 1350 4366 1513 4404; x_wconf 73' lang='lat' dir='ltr'><strong>teneo.</strong></span> 
     </span>
    </p>
   </div>
   <div class='ocr_carea' id='block_1_73' title="bbox 454 4438 1961 4510">
    <p class='ocr_par' dir='ltr' id='par_1_73' title="bbox 454 4438 1961 4510">
     <span class='ocr_line' id='line_1_73' title="bbox 454 4438 1961 4510; baseline 0.002 -17"><span class='ocrx_word' id='word_1_549' title='bbox 454 4438 682 4494; x_wconf 88' lang='lat' dir='ltr'><strong>Locutus</strong></span> <span class='ocrx_word' id='word_1_550' title='bbox 706 4448 781 4494; x_wconf 87' lang='lat' dir='ltr'><strong>est</strong></span> <span class='ocrx_word' id='word_1_551' title='bbox 811 4438 1066 4494; x_wconf 77' lang='lat' dir='ltr'><strong>Dominus</strong></span> <span class='ocrx_word' id='word_1_552' title='bbox 1096 4440 1165 4493; x_wconf 87' lang='lat' dir='ltr'><strong>ad</strong></span> <span class='ocrx_word' id='word_1_553' title='bbox 1198 4439 1415 4510; x_wconf 80' lang='lat' dir='ltr'><strong>Moysen</strong></span> <span class='ocrx_word' id='word_1_554' title='bbox 1447 4440 1625 4495; x_wconf 84' lang='lat' dir='ltr'><strong>dicens</strong></span> <span class='ocrx_word' id='word_1_555' title='bbox 1655 4439 1745 4499; x_wconf 85' lang='lat' dir='ltr'><strong>:F</strong></span> <span class='ocrx_word' id='word_1_556' title='bbox 1747 4442 1884 4496; x_wconf 86' lang='lat' dir='ltr'><strong>acies</strong></span> <span class='ocrx_word' id='word_1_557' title='bbox 1911 4449 1961 4496; x_wconf 88' lang='lat' dir='ltr'><strong>et</strong></span> 
     </span>
    </p>
   </div>
   <div class='ocr_carea' id='block_1_74' title="bbox 383 4530 1963 4603">
    <p class='ocr_par' dir='ltr' id='par_1_74' title="bbox 383 4530 1963 4603">
     <span class='ocr_line' id='line_1_74' title="bbox 383 4530 1963 4603; baseline 0.001 -18"><span class='ocrx_word' id='word_1_558' title='bbox 383 4531 582 4585; x_wconf 88' lang='lat' dir='ltr'><strong>labium</strong></span> <span class='ocrx_word' id='word_1_559' title='bbox 610 4546 812 4585; x_wconf 76' lang='lat' dir='ltr'><strong>teneam</strong></span> <span class='ocrx_word' id='word_1_560' title='bbox 851 4546 970 4584; x_wconf 86' lang='lat' dir='ltr'><strong>cum</strong></span> <span class='ocrx_word' id='word_1_561' title='bbox 1000 4530 1113 4585; x_wconf 89' lang='lat' dir='ltr'><strong>basi</strong></span> <span class='ocrx_word' id='word_1_562' title='bbox 1138 4547 1236 4585; x_wconf 88' lang='lat' dir='ltr'><strong>sua</strong></span> <span class='ocrx_word' id='word_1_563' title='bbox 1269 4531 1339 4586; x_wconf 85' lang='lat' dir='ltr'><strong>ad</strong></span> <span class='ocrx_word' id='word_1_564' title='bbox 1368 4532 1673 4599; x_wconf 84' lang='lat' dir='ltr'><strong>lavandum,</strong></span> <span class='ocrx_word' id='word_1_565' title='bbox 1704 4550 1963 4603; x_wconf 77' lang='lat' dir='ltr'><strong>partesque</strong></span> 
     </span>
    </p>
   </div>
   <div class='ocr_carea' id='block_1_75' title="bbox 382 4619 1961 4687">
    <p class='ocr_par' dir='ltr' id='par_1_75' title="bbox 382 4619 1961 4687">
     <span class='ocr_line' id='line_1_75' title="bbox 382 4619 1961 4687; baseline 0.001 -13"><span class='ocrx_word' id='word_1_566' title='bbox 382 4619 519 4675; x_wconf 85' lang='lat' dir='ltr'><strong>illud</strong></span> <span class='ocrx_word' id='word_1_567' title='bbox 560 4621 615 4674; x_wconf 91' lang='lat' dir='ltr'><strong>in</strong></span> <span class='ocrx_word' id='word_1_568' title='bbox 646 4619 1040 4674; x_wconf 85' lang='lat' dir='ltr'><strong>tabernaculum</strong></span> <span class='ocrx_word' id='word_1_569' title='bbox 1067 4622 1352 4675; x_wconf 82' lang='lat' dir='ltr'><strong>testimonii</strong></span> <span class='ocrx_word' id='word_1_570' title='bbox 1383 4622 1452 4675; x_wconf 86' lang='lat' dir='ltr'><strong>ad</strong></span> <span class='ocrx_word' id='word_1_571' title='bbox 1481 4622 1672 4687; x_wconf 90' lang='lat' dir='ltr'><strong>altare,</strong></span> <span class='ocrx_word' id='word_1_572' title='bbox 1717 4633 1765 4676; x_wconf 91' lang='lat' dir='ltr'><strong>et</strong></span> <span class='ocrx_word' id='word_1_573' title='bbox 1799 4624 1961 4676; x_wconf 86' lang='lat' dir='ltr'><strong>missa</strong></span> 
     </span>
    </p>
   </div>
   <div class='ocr_carea' id='block_1_76' title="bbox 384 4708 1965 4782">
    <p class='ocr_par' dir='ltr' id='par_1_76' title="bbox 384 4708 1965 4782">
     <span class='ocr_line' id='line_1_76' title="bbox 384 4708 1965 4782; baseline 0.001 -18"><span class='ocrx_word' id='word_1_574' title='bbox 384 4726 545 4782; x_wconf 85' lang='lat' dir='ltr'><strong>aqua,</strong></span> <span class='ocrx_word' id='word_1_575' title='bbox 570 4708 815 4763; x_wconf 85' lang='lat' dir='ltr'><strong>lavabunt</strong></span> <span class='ocrx_word' id='word_1_576' title='bbox 838 4709 892 4763; x_wconf 91' lang='lat' dir='ltr'><strong>in</strong></span> <span class='ocrx_word' id='word_1_577' title='bbox 913 4726 974 4763; x_wconf 89' lang='lat' dir='ltr'><strong>ea</strong></span> <span class='ocrx_word' id='word_1_578' title='bbox 997 4708 1177 4763; x_wconf 84' lang='lat' dir='ltr'><strong>Aaron</strong></span> <span class='ocrx_word' id='word_1_579' title='bbox 1203 4720 1252 4764; x_wconf 92' lang='lat' dir='ltr'><strong>et</strong></span> <span class='ocrx_word' id='word_1_580' title='bbox 1280 4709 1379 4779; x_wconf 75' lang='lat' dir='ltr'><strong>lilii</strong></span> <span class='ocrx_word' id='word_1_581' title='bbox 1406 4711 1521 4780; x_wconf 86' lang='lat' dir='ltr'><strong>ejus</strong></span> <span class='ocrx_word' id='word_1_582' title='bbox 1543 4728 1729 4766; x_wconf 85' lang='lat' dir='ltr'><strong>manus</strong></span> <span class='ocrx_word' id='word_1_583' title='bbox 1752 4729 1877 4767; x_wconf 90' lang='lat' dir='ltr'><strong>suas</strong></span> <span class='ocrx_word' id='word_1_584' title='bbox 1903 4728 1965 4766; x_wconf 87' lang='lat' dir='ltr'><strong>ac</strong></span> 
     </span>
    </p>
   </div>
   <div class='ocr_carea' id='block_1_77' title="bbox 383 4796 1967 4871">
    <p class='ocr_par' dir='ltr' id='par_1_77' title="bbox 383 4796 1967 4871">
     <span class='ocr_line' id='line_1_77' title="bbox 383 4796 1967 4871; baseline 0.002 -18"><span class='ocrx_word' id='word_1_585' title='bbox 383 4798 559 4871; x_wconf 82' lang='lat' dir='ltr'><strong>pedes,</strong></span> <span class='ocrx_word' id='word_1_586' title='bbox 589 4796 802 4870; x_wconf 86' lang='lat' dir='ltr'><strong>quando</strong></span> <span class='ocrx_word' id='word_1_587' title='bbox 834 4798 1120 4868; x_wconf 86' lang='lat' dir='ltr'><strong>ingressuri</strong></span> <span class='ocrx_word' id='word_1_588' title='bbox 1142 4807 1263 4852; x_wconf 84' lang='lat' dir='ltr'><strong>sunt</strong></span> <span class='ocrx_word' id='word_1_589' title='bbox 1304 4799 1705 4854; x_wconf 83' lang='lat' dir='ltr'><strong>tabernaculum</strong></span> <span class='ocrx_word' id='word_1_590' title='bbox 1734 4802 1967 4856; x_wconf 84' lang='lat' dir='ltr'><strong>testimo-</strong></span> 
     </span>
    </p>
   </div>
   <div class='ocr_carea' id='block_1_78' title="bbox 384 4889 1962 4963">
    <p class='ocr_par' dir='ltr' id='par_1_78' title="bbox 384 4889 1962 4963">
     <span class='ocr_line' id='line_1_78' title="bbox 384 4889 1962 4963; baseline 0.001 -17"><span class='ocrx_word' id='word_1_591' title='bbox 384 4891 483 4957; x_wconf 86' lang='lat' dir='ltr'><strong>nii,</strong></span> <span class='ocrx_word' id='word_1_592' title='bbox 529 4899 577 4944; x_wconf 89' lang='lat' dir='ltr'><strong>et</strong></span> <span class='ocrx_word' id='word_1_593' title='bbox 613 4889 824 4961; x_wconf 85' lang='lat' dir='ltr'><strong>quando</strong></span> <span class='ocrx_word' id='word_1_594' title='bbox 866 4890 1127 4945; x_wconf 83' lang='lat' dir='ltr'><strong>accessuri</strong></span> <span class='ocrx_word' id='word_1_595' title='bbox 1171 4890 1241 4943; x_wconf 71' lang='lat' dir='ltr'><strong>ad</strong></span> <span class='ocrx_word' id='word_1_596' title='bbox 1282 4889 1472 4946; x_wconf 91' lang='lat' dir='ltr'><strong>altare.</strong></span> <span class='ocrx_word' id='word_1_597' title='bbox 1511 4891 1699 4947; x_wconf 83' lang='lat' dir='ltr'><strong>Potest</strong></span> <span class='ocrx_word' id='word_1_598' title='bbox 1745 4892 1962 4963; x_wconf 88' lang='lat' dir='ltr'><strong>quidem</strong></span> 
     </span>
    </p>
   </div>
   <div class='ocr_carea' id='block_1_79' title="bbox 387 4979 1964 5053">
    <p class='ocr_par' dir='ltr' id='par_1_79' title="bbox 387 4979 1964 5053">
     <span class='ocr_line' id='line_1_79' title="bbox 387 4979 1964 5053; baseline 0.001 -16"><span class='ocrx_word' id='word_1_599' title='bbox 387 4979 659 5037; x_wconf 85' lang='lat' dir='ltr'><strong>hoclabio</strong></span> <span class='ocrx_word' id='word_1_600' title='bbox 702 4979 815 5035; x_wconf 83' lang='lat' dir='ltr'><strong>sive</strong></span> <span class='ocrx_word' id='word_1_601' title='bbox 848 4980 1023 5045; x_wconf 88' lang='lat' dir='ltr'><strong>labro,</strong></span> <span class='ocrx_word' id='word_1_602' title='bbox 1064 4989 1124 5034; x_wconf 92' lang='lat' dir='ltr'><strong>ut</strong></span> <span class='ocrx_word' id='word_1_603' title='bbox 1168 4980 1221 5035; x_wconf 90' lang='lat' dir='ltr'><strong>in</strong></span> <span class='ocrx_word' id='word_1_604' title='bbox 1258 4982 1608 5051; x_wconf 87' lang='lat' dir='ltr'><strong>sequentibus</strong></span> <span class='ocrx_word' id='word_1_605' title='bbox 1643 4982 1964 5053; x_wconf 88' lang='lat' dir='ltr'><strong>appellatur,</strong></span> 
     </span>
    </p>
   </div>
   <div class='ocr_carea' id='block_1_80' title="bbox 386 5071 1965 5146">
    <p class='ocr_par' dir='ltr' id='par_1_80' title="bbox 386 5071 1965 5146">
     <span class='ocr_line' id='line_1_80' title="bbox 386 5071 1965 5146; baseline 0.001 -18"><span class='ocrx_word' id='word_1_606' title='bbox 386 5071 758 5146; x_wconf 88' lang='lat' dir='ltr'><strong>principaliter</strong></span> <span class='ocrx_word' id='word_1_607' title='bbox 783 5088 921 5142; x_wconf 87' lang='lat' dir='ltr'><strong>aqua</strong></span> <span class='ocrx_word' id='word_1_608' title='bbox 952 5073 1292 5142; x_wconf 87' lang='lat' dir='ltr'><strong>baptismatis</strong></span> <span class='ocrx_word' id='word_1_609' title='bbox 1335 5073 1593 5146; x_wconf 87' lang='lat' dir='ltr'><strong>intelligi,</strong></span> <span class='ocrx_word' id='word_1_610' title='bbox 1630 5074 1786 5146; x_wconf 90' lang='lat' dir='ltr'><strong>cujus</strong></span> <span class='ocrx_word' id='word_1_611' title='bbox 1816 5074 1965 5130; x_wconf 86' lang='lat' dir='ltr'><strong>lava-</strong></span> 
     </span>
    </p>
   </div>
   <div class='ocr_carea' id='block_1_81' title="bbox 386 5158 1965 5238">
    <p class='ocr_par' dir='ltr' id='par_1_81' title="bbox 386 5158 1965 5238">
     <span class='ocr_line' id='line_1_81' title="bbox 386 5158 1965 5238; baseline -0.001 -15"><span class='ocrx_word' id='word_1_612' title='bbox 386 5182 483 5224; x_wconf 90' lang='lat' dir='ltr'><strong>cro</strong></span> <span class='ocrx_word' id='word_1_613' title='bbox 520 5178 744 5221; x_wconf 91' lang='lat' dir='ltr'><strong>necesse</strong></span> <span class='ocrx_word' id='word_1_614' title='bbox 790 5173 874 5220; x_wconf 89' lang='lat' dir='ltr'><strong>est</strong></span> <span class='ocrx_word' id='word_1_615' title='bbox 905 5158 1205 5238; x_wconf 84' lang='lat' dir='ltr'><strong>purgentur</strong></span> <span class='ocrx_word' id='word_1_616' title='bbox 1230 5180 1420 5223; x_wconf 88' lang='lat' dir='ltr'><strong>omnes</strong></span> <span class='ocrx_word' id='word_1_617' title='bbox 1448 5168 1539 5237; x_wconf 91' lang='lat' dir='ltr'><strong>qui</strong></span> <span class='ocrx_word' id='word_1_618' title='bbox 1589 5166 1848 5223; x_wconf 82' lang='lat' dir='ltr'><strong>Ecclesiae</strong></span> <span class='ocrx_word' id='word_1_619' title='bbox 1877 5166 1965 5236; x_wconf 89' lang='lat' dir='ltr'><strong>ia-</strong></span> 
     </span>
    </p>
   </div>
   <div class='ocr_carea' id='block_1_82' title="bbox 388 5253 1968 5326">
    <p class='ocr_par' dir='ltr' id='par_1_82' title="bbox 388 5253 1968 5326">
     <span class='ocr_line' id='line_1_82' title="bbox 388 5253 1968 5326; baseline 0.003 -16"><span class='ocrx_word' id='word_1_620' title='bbox 388 5271 525 5312; x_wconf 88' lang='lat' dir='ltr'><strong>nuas</strong></span> <span class='ocrx_word' id='word_1_621' title='bbox 550 5253 946 5326; x_wconf 87' lang='lat' dir='ltr'><strong>ingrediuntur.</strong></span> <span class='ocrx_word' id='word_1_622' title='bbox 974 5256 1173 5312; x_wconf 80' lang='lat' dir='ltr'><strong>Verum</strong></span> <span class='ocrx_word' id='word_1_623' title='bbox 1201 5257 1255 5312; x_wconf 90' lang='lat' dir='ltr'><strong>in</strong></span> <span class='ocrx_word' id='word_1_624' title='bbox 1287 5257 1696 5313; x_wconf 87' lang='lat' dir='ltr'><strong>tabernaculum</strong></span> <span class='ocrx_word' id='word_1_625' title='bbox 1725 5258 1968 5315; x_wconf 91' lang='lat' dir='ltr'><strong>testimo-</strong></span> 
     </span>
    </p>
   </div>
   <div class='ocr_carea' id='block_1_83' title="bbox 387 5345 1974 5419">
    <p class='ocr_par' dir='ltr' id='par_1_83' title="bbox 387 5345 1974 5419">
     <span class='ocr_line' id='line_1_83' title="bbox 387 5345 1974 5419; baseline 0.003 -19"><span class='ocrx_word' id='word_1_626' title='bbox 387 5348 465 5401; x_wconf 89' lang='lat' dir='ltr'><strong>nii</strong></span> <span class='ocrx_word' id='word_1_627' title='bbox 487 5356 541 5403; x_wconf 89' lang='lat' dir='ltr'><strong>et</strong></span> <span class='ocrx_word' id='word_1_628' title='bbox 565 5346 736 5402; x_wconf 88' lang='lat' dir='ltr'><strong>altare</strong></span> <span class='ocrx_word' id='word_1_629' title='bbox 760 5345 1059 5402; x_wconf 78' lang='lat' dir='ltr'><strong>bolocadsti</strong></span> <span class='ocrx_word' id='word_1_630' title='bbox 1086 5346 1322 5417; x_wconf 89' lang='lat' dir='ltr'><strong>positum</strong></span> <span class='ocrx_word' id='word_1_631' title='bbox 1347 5356 1451 5412; x_wconf 90' lang='lat' dir='ltr'><strong>est,</strong></span> <span class='ocrx_word' id='word_1_632' title='bbox 1474 5348 1600 5416; x_wconf 90' lang='lat' dir='ltr'><strong>quia</strong></span> <span class='ocrx_word' id='word_1_633' title='bbox 1626 5347 1711 5403; x_wconf 89' lang='lat' dir='ltr'><strong>bis</strong></span> <span class='ocrx_word' id='word_1_634' title='bbox 1733 5349 1974 5419; x_wconf 88' lang='lat' dir='ltr'><strong>quotidie</strong></span> 
     </span>
    </p>
   </div>
   <div class='ocr_carea' id='block_1_84' title="bbox 389 5438 1973 5510">
    <p class='ocr_par' dir='ltr' id='par_1_84' title="bbox 389 5438 1973 5510">
     <span class='ocr_line' id='line_1_84' title="bbox 389 5438 1973 5510; baseline 0.001 -18"><span class='ocrx_word' id='word_1_635' title='bbox 389 5439 552 5493; x_wconf 79' lang='lat' dir='ltr'><strong>idem</strong></span> <span class='ocrx_word' id='word_1_636' title='bbox 587 5439 691 5510; x_wconf 89' lang='lat' dir='ltr'><strong>ipsi</strong></span> <span class='ocrx_word' id='word_1_637' title='bbox 712 5438 1041 5503; x_wconf 83' lang='lat' dir='ltr'><strong>sacerdotes,</strong></span> <span class='ocrx_word' id='word_1_638' title='bbox 1074 5439 1179 5494; x_wconf 91' lang='lat' dir='ltr'><strong>hoc</strong></span> <span class='ocrx_word' id='word_1_639' title='bbox 1197 5446 1283 5493; x_wconf 90' lang='lat' dir='ltr'><strong>est</strong></span> <span class='ocrx_word' id='word_1_640' title='bbox 1306 5454 1464 5493; x_wconf 88' lang='lat' dir='ltr'><strong>mane</strong></span> <span class='ocrx_word' id='word_1_641' title='bbox 1491 5446 1547 5494; x_wconf 91' lang='lat' dir='ltr'><strong>et</strong></span> <span class='ocrx_word' id='word_1_642' title='bbox 1567 5454 1809 5508; x_wconf 87' lang='lat' dir='ltr'><strong>vespere,</strong></span> <span class='ocrx_word' id='word_1_643' title='bbox 1852 5455 1973 5495; x_wconf 89' lang='lat' dir='ltr'><strong>cum</strong></span> 
     </span>
    </p>
   </div>
   <div class='ocr_carea' id='block_1_85' title="bbox 392 5531 1975 5602">
    <p class='ocr_par' dir='ltr' id='par_1_85' title="bbox 392 5531 1975 5602">
     <span class='ocr_line' id='line_1_85' title="bbox 392 5531 1975 5602; baseline 0.002 -19"><span class='ocrx_word' id='word_1_644' title='bbox 392 5531 808 5599; x_wconf 80' lang='lat' dir='ltr'><strong>ingrederentur</strong></span> <span class='ocrx_word' id='word_1_645' title='bbox 835 5533 902 5588; x_wconf 90' lang='lat' dir='ltr'><strong>ad</strong></span> <span class='ocrx_word' id='word_1_646' title='bbox 928 5532 1098 5587; x_wconf 89' lang='lat' dir='ltr'><strong>altare</strong></span> <span class='ocrx_word' id='word_1_647' title='bbox 1140 5533 1437 5602; x_wconf 86' lang='lat' dir='ltr'><strong>thymiama</strong></span> <span class='ocrx_word' id='word_1_648' title='bbox 1467 5532 1692 5585; x_wconf 89' lang='lat' dir='ltr'><strong>Domino</strong></span> <span class='ocrx_word' id='word_1_649' title='bbox 1720 5531 1975 5599; x_wconf 86' lang='lat' dir='ltr'><strong>oblaturi,</strong></span> 
     </span>
    </p>
   </div>
   <div class='ocr_carea' id='block_1_86' title="bbox 391 5620 1978 5698">
    <p class='ocr_par' dir='ltr' id='par_1_86' title="bbox 391 5620 1978 5698">
     <span class='ocr_line' id='line_1_86' title="bbox 391 5620 1978 5698; baseline 0.005 -25"><span class='ocrx_word' id='word_1_650' title='bbox 391 5620 444 5673; x_wconf 90' lang='lat' dir='ltr'><strong>iu</strong></span> <span class='ocrx_word' id='word_1_651' title='bbox 486 5634 551 5675; x_wconf 88' lang='lat' dir='ltr'><strong>eo</strong></span> <span class='ocrx_word' id='word_1_652' title='bbox 596 5622 762 5679; x_wconf 76' lang='lat' dir='ltr'><strong>lavari</strong></span> <span class='ocrx_word' id='word_1_653' title='bbox 812 5626 1068 5698; x_wconf 55' lang='lat' dir='ltr'><strong>praecepti</strong></span> <span class='ocrx_word' id='word_1_654' title='bbox 1107 5634 1248 5680; x_wconf 88' lang='lat' dir='ltr'><strong>sunt.</strong></span> <span class='ocrx_word' id='word_1_655' title='bbox 1285 5625 1435 5695; x_wconf 85' lang='lat' dir='ltr'><strong>Aqua</strong></span> <span class='ocrx_word' id='word_1_656' title='bbox 1487 5634 1663 5679; x_wconf 80' lang='lat' dir='ltr'><strong>autem</strong></span> <span class='ocrx_word' id='word_1_657' title='bbox 1705 5626 1978 5697; x_wconf 78' lang='lat' dir='ltr'><strong>baptismi,</strong></span> 
     </span>
    </p>
   </div>
   <div class='ocr_carea' id='block_1_87' title="bbox 1989 4393 2043 4452">
    <p class='ocr_par' dir='ltr' id='par_1_87' title="bbox 1989 4393 2043 4452">
     <span class='ocr_line' id='line_1_87' title="bbox 1989 4393 2043 4452; baseline 0 0"><span class='ocrx_word' id='word_1_658' title='bbox 1989 4393 2043 4452; x_wconf 93' lang='lat' dir='ltr'><strong>D</strong></span> 
     </span>
    </p>
   </div>
   <div class='ocr_carea' id='block_1_88' title="bbox 2051 3151 3657 3222">
    <p class='ocr_par' dir='ltr' id='par_1_88' title="bbox 2051 3151 3657 3222">
     <span class='ocr_line' id='line_1_88' title="bbox 2051 3151 3657 3222; baseline -0.001 -13"><span class='ocrx_word' id='word_1_659' title='bbox 2051 3155 2215 3209; x_wconf 90' lang='lat' dir='ltr'><strong>triam</strong></span> <span class='ocrx_word' id='word_1_660' title='bbox 2260 3152 2406 3219; x_wconf 90' lang='lat' dir='ltr'><strong>sitio,</strong></span> <span class='ocrx_word' id='word_1_661' title='bbox 2465 3159 2676 3207; x_wconf 90' lang='lat' dir='ltr'><strong>tantum</strong></span> <span class='ocrx_word' id='word_1_662' title='bbox 2716 3151 2972 3207; x_wconf 82' lang='lat' dir='ltr'><strong>viciniam</strong></span> <span class='ocrx_word' id='word_1_663' title='bbox 3007 3167 3295 3222; x_wconf 88' lang='lat' dir='ltr'><strong>pravorum</strong></span> <span class='ocrx_word' id='word_1_664' title='bbox 3327 3152 3467 3206; x_wconf 91' lang='lat' dir='ltr'><strong>inter</strong></span> <span class='ocrx_word' id='word_1_665' title='bbox 3503 3166 3657 3219; x_wconf 81' lang='lat' dir='ltr'><strong>quos</strong></span> 
     </span>
    </p>
   </div>
   <div class='ocr_carea' id='block_1_89' title="bbox 2052 3241 3653 3309">
    <p class='ocr_par' dir='ltr' id='par_1_89' title="bbox 2052 3241 3653 3309">
     <span class='ocr_line' id='line_1_89' title="bbox 2052 3241 3653 3309; baseline -0.004 -6"><span class='ocrx_word' id='word_1_666' title='bbox 2052 3247 2229 3303; x_wconf 89' lang='lat' dir='ltr'><strong>incola</strong></span> <span class='ocrx_word' id='word_1_667' title='bbox 2254 3259 2559 3302; x_wconf 81' lang='lat' dir='ltr'><strong>conversor</strong></span> <span class='ocrx_word' id='word_1_668' title='bbox 2586 3245 2808 3309; x_wconf 79' lang='lat' dir='ltr'><strong>horreo,</strong></span> <span class='ocrx_word' id='word_1_669' title='bbox 2836 3244 3022 3300; x_wconf 91' lang='lat' dir='ltr'><strong>dicens</strong></span> <span class='ocrx_word' id='word_1_670' title='bbox 3044 3243 3173 3298; x_wconf 89' lang='lat' dir='ltr'><strong>item</strong></span> <span class='ocrx_word' id='word_1_671' title='bbox 3197 3244 3264 3297; x_wconf 91' lang='lat' dir='ltr'><strong>de</strong></span> <span class='ocrx_word' id='word_1_672' title='bbox 3290 3242 3382 3298; x_wconf 89' lang='lat' dir='ltr'><strong>illa</strong></span> <span class='ocrx_word' id='word_1_673' title='bbox 3420 3261 3432 3296; x_wconf 91' lang='lat'><strong>:</strong></span> <span class='ocrx_word' id='word_1_674' title='bbox 3464 3241 3653 3297; x_wconf 79' lang='lat' dir='ltr'><strong>Sitivit</strong></span> 
     </span>
    </p>
   </div>
   <div class='ocr_carea' id='block_1_90' title="bbox 2053 3335 3657 3405">
    <p class='ocr_par' dir='ltr' id='par_1_90' title="bbox 2053 3335 3657 3405">
     <span class='ocr_line' id='line_1_90' title="bbox 2053 3335 3657 3405; baseline -0.004 -13"><span class='ocrx_word' id='word_1_675' title='bbox 2053 3339 2231 3392; x_wconf 76' lang='lat' dir='ltr'><strong>anima</strong></span> <span class='ocrx_word' id='word_1_676' title='bbox 2263 3353 2378 3392; x_wconf 89' lang='lat' dir='ltr'><strong>mea</strong></span> <span class='ocrx_word' id='word_1_677' title='bbox 2405 3339 2476 3391; x_wconf 84' lang='lat' dir='ltr'><strong>ad</strong></span> <span class='ocrx_word' id='word_1_678' title='bbox 2515 3335 2683 3389; x_wconf 88' lang='lat' dir='ltr'><strong>Deum</strong></span> <span class='ocrx_word' id='word_1_679' title='bbox 2711 3335 2902 3400; x_wconf 77' lang='lat' dir='ltr'><strong>vivum,</strong></span> <span class='ocrx_word' id='word_1_680' title='bbox 2940 3335 3152 3405; x_wconf 83' lang='lat' dir='ltr'><strong>quando</strong></span> <span class='ocrx_word' id='word_1_681' title='bbox 3178 3335 3377 3390; x_wconf 77' lang='lat' dir='ltr'><strong>ueniam</strong></span> <span class='ocrx_word' id='word_1_682' title='bbox 3402 3343 3450 3388; x_wconf 88' lang='lat' dir='ltr'><strong>et</strong></span> <span class='ocrx_word' id='word_1_683' title='bbox 3478 3349 3657 3404; x_wconf 86' lang='lat' dir='ltr'><strong>appa—</strong></span> 
     </span>
    </p>
   </div>
   <div class='ocr_carea' id='block_1_91' title="bbox 2055 3423 3650 3497">
    <p class='ocr_par' dir='ltr' id='par_1_91' title="bbox 2055 3423 3650 3497">
     <span class='ocr_line' id='line_1_91' title="bbox 2055 3423 3650 3497; baseline -0.003 -13"><span class='ocrx_word' id='word_1_684' title='bbox 2055 3429 2175 3484; x_wconf 90' lang='lat' dir='ltr'><strong>rebo</strong></span> <span class='ocrx_word' id='word_1_685' title='bbox 2205 3437 2327 3482; x_wconf 90' lang='lat' dir='ltr'><strong>ante</strong></span> <span class='ocrx_word' id='word_1_686' title='bbox 2352 3427 2541 3497; x_wconf 82' lang='lat' dir='ltr'><strong>faciem</strong></span> <span class='ocrx_word' id='word_1_687' title='bbox 2568 3424 2668 3480; x_wconf 86' lang='lat' dir='ltr'><strong>Dei</strong></span> <span class='ocrx_word' id='word_1_688' title='bbox 2696 3424 2882 3495; x_wconf 85' lang='lat' dir='ltr'><strong>(Psal.</strong></span> <span class='ocrx_word' id='word_1_689' title='bbox 2912 3441 2998 3480; x_wconf 79' lang='lat' dir='ltr'><strong>xu</strong></span> <span class='ocrx_word' id='word_1_690' title='bbox 3016 3426 3057 3495; x_wconf 88' lang='lat'><strong>).</strong></span> <span class='ocrx_word' id='word_1_691' title='bbox 3087 3426 3260 3493; x_wconf 88' lang='lat' dir='ltr'><strong>Quam</strong></span> <span class='ocrx_word' id='word_1_692' title='bbox 3290 3423 3532 3495; x_wconf 82' lang='lat' dir='ltr'><strong>profecto</strong></span> <span class='ocrx_word' id='word_1_693' title='bbox 3560 3424 3650 3479; x_wconf 89' lang='lat' dir='ltr'><strong>si-</strong></span> 
     </span>
    </p>
   </div>
   <div class='ocr_carea' id='block_1_92' title="bbox 2057 3515 3653 3589">
    <p class='ocr_par' dir='ltr' id='par_1_92' title="bbox 2057 3515 3653 3589">
     <span class='ocr_line' id='line_1_92' title="bbox 2057 3515 3653 3589; baseline -0.002 -15"><span class='ocrx_word' id='word_1_694' title='bbox 2057 3521 2175 3585; x_wconf 91' lang='lat' dir='ltr'><strong>tim,</strong></span> <span class='ocrx_word' id='word_1_695' title='bbox 2204 3519 2332 3589; x_wconf 90' lang='lat' dir='ltr'><strong>quia</strong></span> <span class='ocrx_word' id='word_1_696' title='bbox 2370 3517 2487 3574; x_wconf 88' lang='lat' dir='ltr'><strong>sine</strong></span> <span class='ocrx_word' id='word_1_697' title='bbox 2535 3516 2793 3586; x_wconf 87' lang='lat' dir='ltr'><strong>lacrymis</strong></span> <span class='ocrx_word' id='word_1_698' title='bbox 2824 3515 2969 3571; x_wconf 87' lang='lat' dir='ltr'><strong>ferre</strong></span> <span class='ocrx_word' id='word_1_699' title='bbox 2996 3518 3276 3587; x_wconf 89' lang='lat' dir='ltr'><strong>nequibat,</strong></span> <span class='ocrx_word' id='word_1_700' title='bbox 3306 3518 3653 3586; x_wconf 78' lang='lat' dir='ltr'><strong>subsequen-</strong></span> 
     </span>
    </p>
   </div>
   <div class='ocr_carea' id='block_1_93' title="bbox 2060 3604 3655 3685">
    <p class='ocr_par' dir='ltr' id='par_1_93' title="bbox 2060 3604 3655 3685">
     <span class='ocr_line' id='line_1_93' title="bbox 2060 3604 3655 3685; baseline -0.003 -20"><span class='ocrx_word' id='word_1_701' title='bbox 2060 3612 2135 3666; x_wconf 89' lang='lat' dir='ltr'><strong>tia</strong></span> <span class='ocrx_word' id='word_1_702' title='bbox 2177 3610 2344 3685; x_wconf 86' lang='lat' dir='ltr'><strong>verba</strong></span> <span class='ocrx_word' id='word_1_703' title='bbox 2390 3607 2664 3664; x_wconf 88' lang='lat' dir='ltr'><strong>declarant</strong></span> <span class='ocrx_word' id='word_1_704' title='bbox 2700 3621 2715 3661; x_wconf 89' lang='lat'><strong>:</strong></span> <span class='ocrx_word' id='word_1_705' title='bbox 2746 3604 2988 3662; x_wconf 87' lang='lat' dir='ltr'><strong>Fuerunt</strong></span> <span class='ocrx_word' id='word_1_706' title='bbox 3037 3608 3165 3662; x_wconf 86' lang='lat' dir='ltr'><strong>mihi</strong></span> <span class='ocrx_word' id='word_1_707' title='bbox 3217 3606 3464 3677; x_wconf 64' lang='lat' dir='ltr'><strong>lacrymis</strong></span> <span class='ocrx_word' id='word_1_708' title='bbox 3512 3622 3655 3661; x_wconf 72' lang='lat' dir='ltr'><strong>mete</strong></span> 
     </span>
    </p>
   </div>
   <div class='ocr_carea' id='block_1_94' title="bbox 2059 3699 3653 3775">
    <p class='ocr_par' dir='ltr' id='par_1_94' title="bbox 2059 3699 3653 3775">
     <span class='ocr_line' id='line_1_94' title="bbox 2059 3699 3653 3775; baseline -0.002 -17"><span class='ocrx_word' id='word_1_709' title='bbox 2059 3719 2220 3775; x_wconf 86' lang='lat' dir='ltr'><strong>panes</strong></span> <span class='ocrx_word' id='word_1_710' title='bbox 2244 3702 2330 3757; x_wconf 87' lang='lat' dir='ltr'><strong>die</strong></span> <span class='ocrx_word' id='word_1_711' title='bbox 2354 3718 2417 3757; x_wconf 89' lang='lat' dir='ltr'><strong>ac</strong></span> <span class='ocrx_word' id='word_1_712' title='bbox 2440 3711 2609 3756; x_wconf 88' lang='lat' dir='ltr'><strong>nocte.</strong></span> <span class='ocrx_word' id='word_1_713' title='bbox 2633 3700 2713 3755; x_wconf 86' lang='lat' dir='ltr'><strong>Ac</strong></span> <span class='ocrx_word' id='word_1_714' title='bbox 2733 3700 2779 3756; x_wconf 91' lang='lat' dir='ltr'><strong>si</strong></span> <span class='ocrx_word' id='word_1_715' title='bbox 2810 3709 2999 3770; x_wconf 90' lang='lat' dir='ltr'><strong>aperte</strong></span> <span class='ocrx_word' id='word_1_716' title='bbox 3025 3700 3233 3756; x_wconf 89' lang='lat' dir='ltr'><strong>diceret</strong></span> <span class='ocrx_word' id='word_1_717' title='bbox 3260 3718 3273 3754; x_wconf 89' lang='lat'><strong>:</strong></span> <span class='ocrx_word' id='word_1_718' title='bbox 3304 3699 3422 3766; x_wconf 90' lang='lat' dir='ltr'><strong>Quo</strong></span> <span class='ocrx_word' id='word_1_719' title='bbox 3443 3700 3653 3755; x_wconf 88' lang='lat' dir='ltr'><strong>diutius</strong></span> 
     </span>
    </p>
   </div>
   <div class='ocr_carea' id='block_1_95' title="bbox 2062 3788 3647 3861">
    <p class='ocr_par' dir='ltr' id='par_1_95' title="bbox 2062 3788 3647 3861">
     <span class='ocr_line' id='line_1_95' title="bbox 2062 3788 3647 3861; baseline -0.002 -13"><span class='ocrx_word' id='word_1_720' title='bbox 2062 3810 2092 3849; x_wconf 90' lang='lat' dir='ltr'><strong>a</strong></span> <span class='ocrx_word' id='word_1_721' title='bbox 2114 3793 2344 3848; x_wconf 85' lang='lat' dir='ltr'><strong>videnda</strong></span> <span class='ocrx_word' id='word_1_722' title='bbox 2370 3791 2509 3848; x_wconf 77' lang='lat' dir='ltr'><strong>facie</strong></span> <span class='ocrx_word' id='word_1_723' title='bbox 2550 3792 2645 3847; x_wconf 90' lang='lat' dir='ltr'><strong>Dei</strong></span> <span class='ocrx_word' id='word_1_724' title='bbox 2674 3791 2743 3846; x_wconf 91' lang='lat' dir='ltr'><strong>ad</strong></span> <span class='ocrx_word' id='word_1_725' title='bbox 2771 3806 2931 3861; x_wconf 88' lang='lat' dir='ltr'><strong>quem</strong></span> <span class='ocrx_word' id='word_1_726' title='bbox 2958 3790 3215 3846; x_wconf 89' lang='lat' dir='ltr'><strong>ardenter</strong></span> <span class='ocrx_word' id='word_1_727' title='bbox 3241 3790 3368 3846; x_wconf 89' lang='lat' dir='ltr'><strong>sitio</strong></span> <span class='ocrx_word' id='word_1_728' title='bbox 3399 3788 3647 3854; x_wconf 85' lang='lat' dir='ltr'><strong>diﬂ&#39;eror,</strong></span> 
     </span>
    </p>
   </div>
   <div class='ocr_carea' id='block_1_96' title="bbox 2063 3879 3650 3953">
    <p class='ocr_par' dir='ltr' id='par_1_96' title="bbox 2063 3879 3650 3953">
     <span class='ocr_line' id='line_1_96' title="bbox 2063 3879 3650 3953; baseline -0.004 -14"><span class='ocrx_word' id='word_1_729' title='bbox 2063 3899 2128 3939; x_wconf 90' lang='lat' dir='ltr'><strong>eo</strong></span> <span class='ocrx_word' id='word_1_730' title='bbox 2157 3883 2368 3939; x_wconf 87' lang='lat' dir='ltr'><strong>dulcius</strong></span> <span class='ocrx_word' id='word_1_731' title='bbox 2391 3897 2532 3953; x_wconf 91' lang='lat' dir='ltr'><strong>pane</strong></span> <span class='ocrx_word' id='word_1_732' title='bbox 2557 3883 2924 3952; x_wconf 88' lang='lat' dir='ltr'><strong>lacrymarum</strong></span> <span class='ocrx_word' id='word_1_733' title='bbox 2948 3897 3084 3950; x_wconf 90' lang='lat' dir='ltr'><strong>quas</strong></span> <span class='ocrx_word' id='word_1_734' title='bbox 3108 3882 3162 3936; x_wconf 91' lang='lat' dir='ltr'><strong>in</strong></span> <span class='ocrx_word' id='word_1_735' title='bbox 3184 3879 3303 3949; x_wconf 87' lang='lat' dir='ltr'><strong>ejus</strong></span> <span class='ocrx_word' id='word_1_736' title='bbox 3327 3881 3650 3936; x_wconf 69' lang='lat' dir='ltr'><strong>memoriam</strong></span> 
     </span>
    </p>
   </div>
   <div class='ocr_carea' id='block_1_97' title="bbox 2064 3972 3655 4045">
    <p class='ocr_par' dir='ltr' id='par_1_97' title="bbox 2064 3972 3655 4045">
     <span class='ocr_line' id='line_1_97' title="bbox 2064 3972 3655 4045; baseline -0.002 -16"><span class='ocrx_word' id='word_1_737' title='bbox 2064 3973 2233 4029; x_wconf 85' lang='lat' dir='ltr'><strong>fundo</strong></span> <span class='ocrx_word' id='word_1_738' title='bbox 2267 3973 2503 4029; x_wconf 90' lang='lat' dir='ltr'><strong>reﬁcior.</strong></span> <span class='ocrx_word' id='word_1_739' title='bbox 2549 3974 2717 4045; x_wconf 86' lang='lat' dir='ltr'><strong>Igitur</strong></span> <span class='ocrx_word' id='word_1_740' title='bbox 2740 3973 2913 4029; x_wconf 89' lang='lat' dir='ltr'><strong>altare</strong></span> <span class='ocrx_word' id='word_1_741' title='bbox 2938 3972 3241 4029; x_wconf 89' lang='lat' dir='ltr'><strong>holocausti</strong></span> <span class='ocrx_word' id='word_1_742' title='bbox 3269 3974 3536 4044; x_wconf 85' lang='lat' dir='ltr'><strong>lacrymas</strong></span> <span class='ocrx_word' id='word_1_743' title='bbox 3566 3973 3655 4026; x_wconf 82' lang='lat' dir='ltr'><strong>in-</strong></span> 
     </span>
    </p>
   </div>
   <div class='ocr_carea' id='block_1_98' title="bbox 2066 4064 3653 4136">
    <p class='ocr_par' dir='ltr' id='par_1_98' title="bbox 2066 4064 3653 4136">
     <span class='ocr_line' id='line_1_98' title="bbox 2066 4064 3653 4136; baseline -0.003 -14"><span class='ocrx_word' id='word_1_744' title='bbox 2066 4068 2246 4122; x_wconf 90' lang='lat' dir='ltr'><strong>sinuat</strong></span> <span class='ocrx_word' id='word_1_745' title='bbox 2285 4065 2664 4136; x_wconf 73' lang='lat' dir='ltr'><strong>ptenilentium</strong></span> <span class='ocrx_word' id='word_1_746' title='bbox 2696 4065 2761 4120; x_wconf 91' lang='lat' dir='ltr'><strong>de</strong></span> <span class='ocrx_word' id='word_1_747' title='bbox 2790 4066 3028 4135; x_wconf 88' lang='lat' dir='ltr'><strong>peccatis</strong></span> <span class='ocrx_word' id='word_1_748' title='bbox 3071 4079 3192 4135; x_wconf 70' lang='lat' dir='ltr'><strong>quae</strong></span> <span class='ocrx_word' id='word_1_749' title='bbox 3232 4072 3531 4136; x_wconf 87' lang='lat' dir='ltr'><strong>gesserunt,</strong></span> <span class='ocrx_word' id='word_1_750' title='bbox 3565 4064 3653 4118; x_wconf 84' lang='lat' dir='ltr'><strong>al-</strong></span> 
     </span>
    </p>
   </div>
   <div class='ocr_carea' id='block_1_99' title="bbox 2068 4157 3656 4230">
    <p class='ocr_par' dir='ltr' id='par_1_99' title="bbox 2068 4157 3656 4230">
     <span class='ocr_line' id='line_1_99' title="bbox 2068 4157 3656 4230; baseline -0.003 -15"><span class='ocrx_word' id='word_1_751' title='bbox 2068 4171 2185 4215; x_wconf 84' lang='lat' dir='ltr'><strong>tare</strong></span> <span class='ocrx_word' id='word_1_752' title='bbox 2231 4159 2436 4215; x_wconf 88' lang='lat' dir='ltr'><strong>incensi</strong></span> <span class='ocrx_word' id='word_1_753' title='bbox 2476 4158 2632 4214; x_wconf 92' lang='lat' dir='ltr'><strong>ﬂetus</strong></span> <span class='ocrx_word' id='word_1_754' title='bbox 2679 4159 2938 4229; x_wconf 82' lang='lat' dir='ltr'><strong>exprimit</strong></span> <span class='ocrx_word' id='word_1_755' title='bbox 2982 4158 3330 4230; x_wconf 87' lang='lat' dir='ltr'><strong>gaudentium</strong></span> <span class='ocrx_word' id='word_1_756' title='bbox 3374 4157 3443 4212; x_wconf 91' lang='lat' dir='ltr'><strong>de</strong></span> <span class='ocrx_word' id='word_1_757' title='bbox 3489 4157 3656 4212; x_wconf 87' lang='lat' dir='ltr'><strong>bonis</strong></span> 
     </span>
    </p>
   </div>
   <div class='ocr_carea' id='block_1_100' title="bbox 2067 4249 3652 4324">
    <p class='ocr_par' dir='ltr' id='par_1_100' title="bbox 2067 4249 3652 4324">
     <span class='ocr_line' id='line_1_100' title="bbox 2067 4249 3652 4324; baseline -0.003 -16"><span class='ocrx_word' id='word_1_758' title='bbox 2067 4253 2320 4324; x_wconf 89' lang='lat' dir='ltr'><strong>operibus</strong></span> <span class='ocrx_word' id='word_1_759' title='bbox 2344 4267 2464 4321; x_wconf 67' lang='lat' dir='ltr'><strong>qua:</strong></span> <span class='ocrx_word' id='word_1_760' title='bbox 2493 4252 2720 4307; x_wconf 90' lang='lat' dir='ltr'><strong>Domino</strong></span> <span class='ocrx_word' id='word_1_761' title='bbox 2742 4250 2964 4319; x_wconf 86' lang='lat' dir='ltr'><strong>iuvante</strong></span> <span class='ocrx_word' id='word_1_762' title='bbox 3002 4250 3363 4321; x_wconf 83' lang='lat' dir='ltr'><strong>perfecerunt,</strong></span> <span class='ocrx_word' id='word_1_763' title='bbox 3407 4265 3471 4304; x_wconf 88' lang='lat' dir='ltr'><strong>ac</strong></span> <span class='ocrx_word' id='word_1_764' title='bbox 3499 4249 3652 4304; x_wconf 88' lang='lat' dir='ltr'><strong>desi-</strong></span> 
     </span>
    </p>
   </div>
   <div class='ocr_carea' id='block_1_101' title="bbox 2068 4340 3654 4412">
    <p class='ocr_par' dir='ltr' id='par_1_101' title="bbox 2068 4340 3654 4412">
     <span class='ocr_line' id='line_1_101' title="bbox 2068 4340 3654 4412; baseline -0.004 -11"><span class='ocrx_word' id='word_1_765' title='bbox 2068 4344 2376 4401; x_wconf 89' lang='lat' dir='ltr'><strong>derantium</strong></span> <span class='ocrx_word' id='word_1_766' title='bbox 2403 4342 2657 4412; x_wconf 61' lang='lat' dir='ltr'><strong>praemia,</strong></span> <span class='ocrx_word' id='word_1_767' title='bbox 2696 4357 2817 4411; x_wconf 74' lang='lat' dir='ltr'><strong>qum</strong></span> <span class='ocrx_word' id='word_1_768' title='bbox 2848 4357 2907 4397; x_wconf 89' lang='lat' dir='ltr'><strong>se</strong></span> <span class='ocrx_word' id='word_1_769' title='bbox 2949 4353 3270 4412; x_wconf 85' lang='lat' dir='ltr'><strong>accepturos</strong></span> <span class='ocrx_word' id='word_1_770' title='bbox 3302 4340 3528 4395; x_wconf 90' lang='lat' dir='ltr'><strong>Domino</strong></span> <span class='ocrx_word' id='word_1_771' title='bbox 3565 4354 3654 4395; x_wconf 87' lang='lat' dir='ltr'><strong>re-</strong></span> 
     </span>
    </p>
   </div>
   <div class='ocr_carea' id='block_1_102' title="bbox 2068 4429 3653 4499">
    <p class='ocr_par' dir='ltr' id='par_1_102' title="bbox 2068 4429 3653 4499">
     <span class='ocr_line' id='line_1_102' title="bbox 2068 4429 3653 4499; baseline -0.005 -8"><span class='ocrx_word' id='word_1_772' title='bbox 2068 4440 2388 4491; x_wconf 82' lang='lat' dir='ltr'><strong>munerante</strong></span> <span class='ocrx_word' id='word_1_773' title='bbox 2441 4431 2739 4488; x_wconf 90' lang='lat' dir='ltr'><strong>conﬁdunt.</strong></span> <span class='ocrx_word' id='word_1_774' title='bbox 2794 4431 2897 4499; x_wconf 92' lang='lat' dir='ltr'><strong>Qui</strong></span> <span class='ocrx_word' id='word_1_775' title='bbox 2949 4432 3204 4487; x_wconf 87' lang='lat' dir='ltr'><strong>nimirum</strong></span> <span class='ocrx_word' id='word_1_776' title='bbox 3239 4429 3399 4487; x_wconf 89' lang='lat' dir='ltr'><strong>ﬂetus</strong></span> <span class='ocrx_word' id='word_1_777' title='bbox 3437 4437 3653 4486; x_wconf 73' lang='lat' dir='ltr'><strong>tantum</strong></span> 
     </span>
    </p>
   </div>
   <div class='ocr_carea' id='block_1_103' title="bbox 2067 4525 3654 4597">
    <p class='ocr_par' dir='ltr' id='par_1_103' title="bbox 2067 4525 3654 4597">
     <span class='ocr_line' id='line_1_103' title="bbox 2067 4525 3654 4597; baseline -0.004 -14"><span class='ocrx_word' id='word_1_778' title='bbox 2067 4526 2329 4597; x_wconf 82' lang='lat' dir='ltr'><strong>praecellit</strong></span> <span class='ocrx_word' id='word_1_779' title='bbox 2356 4525 2548 4596; x_wconf 90' lang='lat' dir='ltr'><strong>priori,</strong></span> <span class='ocrx_word' id='word_1_780' title='bbox 2595 4534 2861 4595; x_wconf 90' lang='lat' dir='ltr'><strong>quantum</strong></span> <span class='ocrx_word' id='word_1_781' title='bbox 2888 4532 3185 4580; x_wconf 63' lang='lat' dir='ltr'><strong>iuramento</strong></span> <span class='ocrx_word' id='word_1_782' title='bbox 3212 4538 3433 4591; x_wconf 90' lang='lat' dir='ltr'><strong>aurum;</strong></span> <span class='ocrx_word' id='word_1_783' title='bbox 3472 4537 3654 4594; x_wconf 86' lang='lat' dir='ltr'><strong>quan-</strong></span> 
     </span>
    </p>
   </div>
   <div class='ocr_carea' id='block_1_104' title="bbox 2070 4612 3653 4687">
    <p class='ocr_par' dir='ltr' id='par_1_104' title="bbox 2070 4612 3653 4687">
     <span class='ocr_line' id='line_1_104' title="bbox 2070 4612 3653 4687; baseline -0.001 -17"><span class='ocrx_word' id='word_1_784' title='bbox 2070 4625 2185 4670; x_wconf 90' lang='lat' dir='ltr'><strong>tum</strong></span> <span class='ocrx_word' id='word_1_785' title='bbox 2207 4614 2408 4670; x_wconf 89' lang='lat' dir='ltr'><strong>Sancta</strong></span> <span class='ocrx_word' id='word_1_786' title='bbox 2435 4623 2749 4670; x_wconf 90' lang='lat' dir='ltr'><strong>sanctorum</strong></span> <span class='ocrx_word' id='word_1_787' title='bbox 2772 4612 2885 4687; x_wconf 88' lang='lat' dir='ltr'><strong>(ubi</strong></span> <span class='ocrx_word' id='word_1_788' title='bbox 2910 4624 3031 4670; x_wconf 90' lang='lat' dir='ltr'><strong>erat</strong></span> <span class='ocrx_word' id='word_1_789' title='bbox 3054 4629 3184 4670; x_wconf 88' lang='lat' dir='ltr'><strong>arca</strong></span> <span class='ocrx_word' id='word_1_790' title='bbox 3214 4612 3452 4684; x_wconf 88' lang='lat' dir='ltr'><strong>Domini)</strong></span> <span class='ocrx_word' id='word_1_791' title='bbox 3479 4613 3653 4683; x_wconf 91' lang='lat' dir='ltr'><strong>priori</strong></span> 
     </span>
    </p>
   </div>
   <div class='ocr_carea' id='block_1_105' title="bbox 2071 4705 3658 4777">
    <p class='ocr_par' dir='ltr' id='par_1_105' title="bbox 2071 4705 3658 4777">
     <span class='ocr_line' id='line_1_105' title="bbox 2071 4705 3658 4777; baseline -0.004 -13"><span class='ocrx_word' id='word_1_792' title='bbox 2071 4707 2451 4773; x_wconf 88' lang='lat' dir='ltr'><strong>tabernaculo,</strong></span> <span class='ocrx_word' id='word_1_793' title='bbox 2486 4707 2540 4762; x_wconf 92' lang='lat' dir='ltr'><strong>in</strong></span> <span class='ocrx_word' id='word_1_794' title='bbox 2576 4722 2685 4777; x_wconf 89' lang='lat' dir='ltr'><strong>quo</strong></span> <span class='ocrx_word' id='word_1_795' title='bbox 2723 4706 3109 4763; x_wconf 86' lang='lat' dir='ltr'><strong>candelabrum</strong></span> <span class='ocrx_word' id='word_1_796' title='bbox 3142 4714 3199 4761; x_wconf 89' lang='lat' dir='ltr'><strong>et</strong></span> <span class='ocrx_word' id='word_1_797' title='bbox 3225 4721 3410 4763; x_wconf 85' lang='lat' dir='ltr'><strong>mensa</strong></span> <span class='ocrx_word' id='word_1_798' title='bbox 3438 4705 3658 4760; x_wconf 89' lang='lat' dir='ltr'><strong>Domini</strong></span> 
     </span>
    </p>
   </div>
   <div class='ocr_carea' id='block_1_106' title="bbox 2071 4797 3660 4868">
    <p class='ocr_par' dir='ltr' id='par_1_106' title="bbox 2071 4797 3660 4868">
     <span class='ocr_line' id='line_1_106' title="bbox 2071 4797 3660 4868; baseline -0.001 -12"><span class='ocrx_word' id='word_1_799' title='bbox 2071 4801 2307 4865; x_wconf 85' lang='lat' dir='ltr'><strong>stabant,</strong></span> <span class='ocrx_word' id='word_1_800' title='bbox 2334 4806 2551 4855; x_wconf 89' lang='lat' dir='ltr'><strong>constat</strong></span> <span class='ocrx_word' id='word_1_801' title='bbox 2584 4797 2754 4854; x_wconf 80' lang='lat' dir='ltr'><strong>fuisse</strong></span> <span class='ocrx_word' id='word_1_802' title='bbox 2790 4798 3032 4868; x_wconf 77' lang='lat' dir='ltr'><strong>praelata.</strong></span> <span class='ocrx_word' id='word_1_803' title='bbox 3062 4798 3287 4868; x_wconf 85' lang='lat' dir='ltr'><strong>Propter</strong></span> <span class='ocrx_word' id='word_1_804' title='bbox 3328 4798 3499 4853; x_wconf 89' lang='lat' dir='ltr'><strong>altare</strong></span> <span class='ocrx_word' id='word_1_805' title='bbox 3519 4811 3660 4854; x_wconf 84' lang='lat' dir='ltr'><strong>vero</strong></span> 
     </span>
    </p>
   </div>
   <div class='ocr_carea' id='block_1_107' title="bbox 2071 4886 3660 4958">
    <p class='ocr_par' dir='ltr' id='par_1_107' title="bbox 2071 4886 3660 4958">
     <span class='ocr_line' id='line_1_107' title="bbox 2071 4886 3660 4958; baseline -0.001 -13"><span class='ocrx_word' id='word_1_806' title='bbox 2071 4890 2369 4946; x_wconf 87' lang='lat' dir='ltr'><strong>holocausti</strong></span> <span class='ocrx_word' id='word_1_807' title='bbox 2412 4888 2623 4944; x_wconf 89' lang='lat' dir='ltr'><strong>labrum</strong></span> <span class='ocrx_word' id='word_1_808' title='bbox 2663 4896 2783 4943; x_wconf 89' lang='lat' dir='ltr'><strong>erat</strong></span> <span class='ocrx_word' id='word_1_809' title='bbox 2819 4889 3087 4958; x_wconf 91' lang='lat' dir='ltr'><strong>positum,</strong></span> <span class='ocrx_word' id='word_1_810' title='bbox 3121 4888 3177 4943; x_wconf 87' lang='lat' dir='ltr'><strong>in</strong></span> <span class='ocrx_word' id='word_1_811' title='bbox 3202 4903 3311 4958; x_wconf 92' lang='lat' dir='ltr'><strong>quo</strong></span> <span class='ocrx_word' id='word_1_812' title='bbox 3342 4886 3660 4944; x_wconf 84' lang='lat' dir='ltr'><strong>lavarentur</strong></span> 
     </span>
    </p>
   </div>
   <div class='ocr_carea' id='block_1_108' title="bbox 2073 4978 3661 5052">
    <p class='ocr_par' dir='ltr' id='par_1_108' title="bbox 2073 4978 3661 5052">
     <span class='ocr_line' id='line_1_108' title="bbox 2073 4978 3661 5052; baseline -0.001 -17"><span class='ocrx_word' id='word_1_813' title='bbox 2073 4982 2164 5052; x_wconf 87' lang='lat' dir='ltr'><strong>qui</strong></span> <span class='ocrx_word' id='word_1_814' title='bbox 2194 4982 2261 5037; x_wconf 89' lang='lat' dir='ltr'><strong>ad</strong></span> <span class='ocrx_word' id='word_1_815' title='bbox 2292 4980 2461 5035; x_wconf 88' lang='lat' dir='ltr'><strong>altare</strong></span> <span class='ocrx_word' id='word_1_816' title='bbox 2491 4978 2695 5034; x_wconf 90' lang='lat' dir='ltr'><strong>incensi</strong></span> <span class='ocrx_word' id='word_1_817' title='bbox 2743 4978 3042 5044; x_wconf 87' lang='lat' dir='ltr'><strong>intrabant,</strong></span> <span class='ocrx_word' id='word_1_818' title='bbox 3084 4978 3210 5048; x_wconf 89' lang='lat' dir='ltr'><strong>quia</strong></span> <span class='ocrx_word' id='word_1_819' title='bbox 3235 4993 3397 5034; x_wconf 88' lang='lat' dir='ltr'><strong>nemo</strong></span> <span class='ocrx_word' id='word_1_820' title='bbox 3432 4986 3661 5048; x_wconf 90' lang='lat' dir='ltr'><strong>repente</strong></span> 
     </span>
    </p>
   </div>
   <div class='ocr_carea' id='block_1_109' title="bbox 2076 5068 3662 5141">
    <p class='ocr_par' dir='ltr' id='par_1_109' title="bbox 2076 5068 3662 5141">
     <span class='ocr_line' id='line_1_109' title="bbox 2076 5068 3662 5141; baseline -0.001 -16"><span class='ocrx_word' id='word_1_821' title='bbox 2076 5071 2136 5125; x_wconf 90' lang='lat' dir='ltr'><strong>ﬁt</strong></span> <span class='ocrx_word' id='word_1_822' title='bbox 2195 5086 2439 5127; x_wconf 90' lang='lat' dir='ltr'><strong>summus</strong></span> <span class='ocrx_word' id='word_1_823' title='bbox 2464 5111 2478 5135; x_wconf 93' lang='lat'><strong>,</strong></span> <span class='ocrx_word' id='word_1_824' title='bbox 2534 5070 2631 5125; x_wconf 86' lang='lat' dir='ltr'><strong>sed</strong></span> <span class='ocrx_word' id='word_1_825' title='bbox 2687 5069 3098 5141; x_wconf 89' lang='lat' dir='ltr'><strong>proﬁcientibus</strong></span> <span class='ocrx_word' id='word_1_826' title='bbox 3155 5069 3364 5124; x_wconf 89' lang='lat' dir='ltr'><strong>meritis</strong></span> <span class='ocrx_word' id='word_1_827' title='bbox 3425 5068 3662 5139; x_wconf 84' lang='lat' dir='ltr'><strong>quisque</strong></span> 
     </span>
    </p>
   </div>
   <div class='ocr_carea' id='block_1_110' title="bbox 2074 5161 3665 5233">
    <p class='ocr_par' dir='ltr' id='par_1_110' title="bbox 2074 5161 3665 5233">
     <span class='ocr_line' id='line_1_110' title="bbox 2074 5161 3665 5233; baseline -0.001 -17"><span class='ocrx_word' id='word_1_828' title='bbox 2074 5163 2251 5233; x_wconf 89' lang='lat' dir='ltr'><strong>primo</strong></span> <span class='ocrx_word' id='word_1_829' title='bbox 2280 5163 2418 5219; x_wconf 87' lang='lat' dir='ltr'><strong>bella</strong></span> <span class='ocrx_word' id='word_1_830' title='bbox 2446 5162 2608 5217; x_wconf 89' lang='lat' dir='ltr'><strong>debet</strong></span> <span class='ocrx_word' id='word_1_831' title='bbox 2638 5162 2890 5217; x_wconf 89' lang='lat' dir='ltr'><strong>vitiorum</strong></span> <span class='ocrx_word' id='word_1_832' title='bbox 2918 5162 3228 5228; x_wconf 85' lang='lat' dir='ltr'><strong>devincere;</strong></span> <span class='ocrx_word' id='word_1_833' title='bbox 3254 5161 3448 5216; x_wconf 88' lang='lat' dir='ltr'><strong>deinde</strong></span> <span class='ocrx_word' id='word_1_834' title='bbox 3478 5175 3509 5215; x_wconf 88' lang='lat' dir='ltr'><strong>a</strong></span> <span class='ocrx_word' id='word_1_835' title='bbox 3528 5174 3665 5216; x_wconf 83' lang='lat' dir='ltr'><strong>con-</strong></span> 
     </span>
    </p>
   </div>
   <div class='ocr_carea' id='block_1_111' title="bbox 2076 5253 3665 5328">
    <p class='ocr_par' dir='ltr' id='par_1_111' title="bbox 2076 5253 3665 5328">
     <span class='ocr_line' id='line_1_111' title="bbox 2076 5253 3665 5328; baseline -0.004 -13"><span class='ocrx_word' id='word_1_836' title='bbox 2076 5258 2253 5315; x_wconf 89' lang='lat' dir='ltr'><strong>ditore</strong></span> <span class='ocrx_word' id='word_1_837' title='bbox 2280 5273 2379 5313; x_wconf 91' lang='lat' dir='ltr'><strong>suo</strong></span> <span class='ocrx_word' id='word_1_838' title='bbox 2415 5258 2830 5327; x_wconf 89' lang='lat' dir='ltr'><strong>compunctione</strong></span> <span class='ocrx_word' id='word_1_839' title='bbox 2880 5257 3238 5328; x_wconf 83' lang='lat' dir='ltr'><strong>lacrymarum</strong></span> <span class='ocrx_word' id='word_1_840' title='bbox 3288 5253 3513 5325; x_wconf 81' lang='lat' dir='ltr'><strong>supplex</strong></span> <span class='ocrx_word' id='word_1_841' title='bbox 3556 5253 3665 5308; x_wconf 87' lang='lat' dir='ltr'><strong>im-</strong></span> 
     </span>
    </p>
   </div>
   <div class='ocr_carea' id='block_1_112' title="bbox 2078 5344 3668 5422">
    <p class='ocr_par' dir='ltr' id='par_1_112' title="bbox 2078 5344 3668 5422">
     <span class='ocr_line' id='line_1_112' title="bbox 2078 5344 3668 5422; baseline -0.003 -17"><span class='ocrx_word' id='word_1_842' title='bbox 2078 5359 2321 5422; x_wconf 89' lang='lat' dir='ltr'><strong>petrare,</strong></span> <span class='ocrx_word' id='word_1_843' title='bbox 2348 5359 2408 5405; x_wconf 92' lang='lat' dir='ltr'><strong>ut</strong></span> <span class='ocrx_word' id='word_1_844' title='bbox 2432 5366 2531 5421; x_wconf 91' lang='lat' dir='ltr'><strong>pro</strong></span> <span class='ocrx_word' id='word_1_845' title='bbox 2558 5350 2803 5421; x_wconf 86' lang='lat' dir='ltr'><strong>ingressu</strong></span> <span class='ocrx_word' id='word_1_846' title='bbox 2832 5350 2985 5420; x_wconf 83' lang='lat' dir='ltr'><strong>regni</strong></span> <span class='ocrx_word' id='word_1_847' title='bbox 3028 5347 3212 5404; x_wconf 89' lang='lat' dir='ltr'><strong>dulces</strong></span> <span class='ocrx_word' id='word_1_848' title='bbox 3242 5346 3468 5402; x_wconf 88' lang='lat' dir='ltr'><strong>fundere</strong></span> <span class='ocrx_word' id='word_1_849' title='bbox 3503 5344 3668 5401; x_wconf 80' lang='lat' dir='ltr'><strong>ﬂetus</strong></span> 
     </span>
    </p>
   </div>
   <div class='ocr_carea' id='block_1_113' title="bbox 2079 5437 3670 5513">
    <p class='ocr_par' dir='ltr' id='par_1_113' title="bbox 2079 5437 3670 5513">
     <span class='ocr_line' id='line_1_113' title="bbox 2079 5437 3670 5513; baseline -0.003 -16"><span class='ocrx_word' id='word_1_850' title='bbox 2079 5442 2273 5513; x_wconf 89' lang='lat' dir='ltr'><strong>possit,</strong></span> <span class='ocrx_word' id='word_1_851' title='bbox 2317 5442 2408 5511; x_wconf 90' lang='lat' dir='ltr'><strong>qui</strong></span> <span class='ocrx_word' id='word_1_852' title='bbox 2454 5457 2553 5511; x_wconf 91' lang='lat' dir='ltr'><strong>pro</strong></span> <span class='ocrx_word' id='word_1_853' title='bbox 2605 5442 2796 5496; x_wconf 90' lang='lat' dir='ltr'><strong>timore</strong></span> <span class='ocrx_word' id='word_1_854' title='bbox 2832 5456 3112 5510; x_wconf 71' lang='lat' dir='ltr'><strong>pmnarum</strong></span> <span class='ocrx_word' id='word_1_855' title='bbox 3146 5440 3357 5510; x_wconf 89' lang='lat' dir='ltr'><strong>pridem</strong></span> <span class='ocrx_word' id='word_1_856' title='bbox 3403 5437 3670 5493; x_wconf 80' lang='lat' dir='ltr'><strong>fundebat</strong></span> 
     </span>
    </p>
   </div>
   <div class='ocr_carea' id='block_1_114' title="bbox 2084 5527 3669 5601">
    <p class='ocr_par' dir='ltr' id='par_1_114' title="bbox 2084 5527 3669 5601">
     <span class='ocr_line' id='line_1_114' title="bbox 2084 5527 3669 5601; baseline -0.004 -13"><span class='ocrx_word' id='word_1_857' title='bbox 2084 5549 2317 5588; x_wconf 88' lang='lat' dir='ltr'><strong>amaras.</strong></span> <span class='ocrx_word' id='word_1_858' title='bbox 2360 5532 2497 5600; x_wconf 86' lang='lat' dir='ltr'><strong>Quid</strong></span> <span class='ocrx_word' id='word_1_859' title='bbox 2529 5540 2707 5585; x_wconf 86' lang='lat' dir='ltr'><strong>autem</strong></span> <span class='ocrx_word' id='word_1_860' title='bbox 2737 5531 2901 5593; x_wconf 86' lang='lat' dir='ltr'><strong>basis,</strong></span> <span class='ocrx_word' id='word_1_861' title='bbox 2950 5532 3001 5586; x_wconf 88' lang='lat' dir='ltr'><strong>in</strong></span> <span class='ocrx_word' id='word_1_862' title='bbox 3031 5546 3139 5601; x_wconf 87' lang='lat' dir='ltr'><strong>qua</strong></span> <span class='ocrx_word' id='word_1_863' title='bbox 3168 5531 3311 5585; x_wconf 91' lang='lat' dir='ltr'><strong>idem</strong></span> <span class='ocrx_word' id='word_1_864' title='bbox 3344 5528 3553 5583; x_wconf 89' lang='lat' dir='ltr'><strong>labrum</strong></span> <span class='ocrx_word' id='word_1_865' title='bbox 3582 5527 3669 5581; x_wconf 90' lang='lat' dir='ltr'><strong>in-</strong></span> 
     </span>
    </p>
   </div>
   <div class='ocr_carea' id='block_1_115' title="bbox 2085 5618 3668 5698">
    <p class='ocr_par' dir='ltr' id='par_1_115' title="bbox 2085 5618 3668 5698">
     <span class='ocr_line' id='line_1_115' title="bbox 2085 5618 3668 5698; baseline -0.007 -15"><span class='ocrx_word' id='word_1_866' title='bbox 2085 5638 2199 5683; x_wconf 83' lang='lat' dir='ltr'><strong>erat</strong></span> <span class='ocrx_word' id='word_1_867' title='bbox 2225 5628 2474 5698; x_wconf 75' lang='lat' dir='ltr'><strong>positum,</strong></span> <span class='ocrx_word' id='word_1_868' title='bbox 2528 5625 2703 5694; x_wconf 79' lang='lat' dir='ltr'><strong>aptius</strong></span> <span class='ocrx_word' id='word_1_869' title='bbox 2726 5640 2885 5692; x_wconf 81' lang='lat' dir='ltr'><strong>quam</strong></span> <span class='ocrx_word' id='word_1_870' title='bbox 2918 5624 3091 5693; x_wconf 54' lang='lat' dir='ltr'><strong>ipsum</strong></span> <span class='ocrx_word' id='word_1_871' title='bbox 3129 5621 3458 5677; x_wconf 67' lang='lat' dir='ltr'><strong>desiderium</strong></span> <span class='ocrx_word' id='word_1_872' title='bbox 3486 5618 3668 5687; x_wconf 75' lang='lat' dir='ltr'><strong>regni,</strong></span> 
     </span>
    </p>
   </div>
  </div>
