3956 6176
251 310 363 368 2n

1204 307 1705 366 COMMENTARIA
1738 307 1805 364 IN
1841 306 2151 366 EXODUM.
2192 339 2260 349 —
2298 308 2427 363 LIB.
2470 308 2558 366 IV.

3414 324 3520 381 2l8

246 437 308 481 et
346 424 473 478 vitae
509 419 754 475 cmicstis
795 418 1128 490 accipiatur?
1171 420 1327 490 cujus
1371 423 1625 477 nimirum
1674 437 1839 477 causa
1867 429 1917 487 Α
1945 429 2029 473 cat
2055 428 2103 473 et
2125 419 2250 472 bibit
2279 421 2512 490 indigne,
2530 421 2793 490 judicium
2828 426 2928 479 sibi
2976 430 3259 487 manducet
3289 446 3337 489 et
3370 437 3516 504 bibit,

247 524 405 572 tanta
440 515 523 581 ﬁt,
565 522 628 568 ut
659 512 888 582 perfecti
935 529 999 569 ac
1039 517 1236 571 summi
1275 517 1379 571 viri
1418 517 1736 588 quotidiano
1775 531 1836 573 se

246 607 620 677 lacrymarum
646 603 794 659 fonte
821 606 1055 672 diluam,
1082 614 1137 661 et
1157 593 1300 677 quod
1329 609 1560 664 necdum
1594 607 1837 679 perfecte

245 701 485 756 vivendo
532 698 771 765 valeant,
821 700 1072 770 gaudium
1124 700 1350 756 interna:
1399 701 1596 769 quietis
1646 700 1836 755 saltem

244 788 579 858 suspiranda
612 787 915 858 degustant.
963 787 1099 841 Nam
1133 789 1259 857 quia
1288 790 1391 844 hoc
1428 789 1663 853 lavacro,
1694 788 1836 857 quod

245 878 396 932 inter
441 875 854 930 tabernaculum
883 885 938 930 et
965 877 1138 931 altare
1163 878 1399 946 positum
1436 886 1538 942 est,
1578 877 1839 947 perfecto-

243 983 368 1022 rum
399 967 657 1038 lacrymte
696 966 1016 1037 figurentur,
1050 977 1319 1023 testantur
1351 969 1463 1039 ipsa
1494 969 1676 1033 verba,
1717 970 1837 1039 qui-

242 1057 349 1112 bus
377 1057 583 1112 dicitur
614 1055 724 1110 :Et
752 1057 913 1111 missa
943 1074 1081 1123 aqua
1116 1057 1363 1112 locabunt
1393 1060 1448 1112 in
1483 1075 1545 1112 ea
1579 1058 1759 1112 Aaron
1785 1067 1836 1112 et

240 1148 345 1218 ﬁlii
373 1147 491 1217 ejus
520 1163 715 1201 manus
743 1165 869 1201 suas
894 1165 957 1201 ac
979 1148 1154 1219 pedes.
1180 1148 1364 1218 Neque
1384 1149 1527 1203 enim
1549 1150 1834 1219 quisquam

241 1239 313 1293 de
335 1238 500 1308 plebe
524 1238 605 1293 ibi
632 1238 827 1304 lavari,
868 1240 963 1294 sed
991 1240 1105 1309 ipse
1136 1240 1374 1310 pontifex
1416 1241 1620 1311 jussus,
1656 1249 1711 1295 et
1740 1240 1832 1294 lilii

238 1328 383 1395 ejus,
411 1328 669 1383 videlicet
696 1330 1004 1384 sacerdotes
1029 1332 1223 1400 gradus
1255 1329 1545 1397 inferioris,
1575 1332 1700 1401 quia
1729 1332 1833 1385 sic-

240 1428 304 1472 ut
347 1436 675 1491 magnorum
722 1421 961 1475 virorum
1004 1432 1190 1477 sancta
1232 1422 1524 1492 perfectior
1560 1424 1669 1476 vita
1701 1464 1715 1487 ,
1753 1422 1832 1476 sic

236 1520 295 1563 et
314 1513 674 1580 compunctio
704 1512 842 1565 solet
882 1526 1003 1567 esse
1037 1513 1334 1567 sublimior.
1372 1513 1487 1568 Non
1517 1521 1694 1567 autem
1731 1514 1832 1567 hoc

238 1600 316 1653 ita
360 1600 618 1666 dicimus,
662 1610 819 1670 quasi
861 1603 959 1656 soli
1012 1602 1197 1657 altaris
1246 1605 1475 1659 ministri
1526 1604 1829 1672 hujusmodi

238 1690 681 1758 compunctionis
709 1694 794 1745 vel
818 1692 1031 1762 possint
1054 1691 1252 1749 habere
1282 1694 1363 1748 vcl
1395 1695 1626 1750 debeant
1661 1696 1832 1749 virtu-

239 1786 374 1844 tem,
410 1781 509 1836 sed
539 1797 816 1838 memores
852 1782 995 1838 beati
1034 1786 1261 1854 apostoli
1297 1785 1463 1851 Petri,
1496 1789 1825 1856 quicunctis

240 1867 495 1923 ﬁdelibus
528 1870 757 1938 loquens
796 1870 862 1925 de
906 1873 1148 1942 angulari
1178 1873 1370 1944 lapide,
1414 1877 1505 1945 qui
1548 1883 1631 1931 est
1674 1876 1828 1931 Chri-

239 1972 383 2023 Stus,
426 1962 540 2014 ait:
592 1961 662 2014 Et
720 1963 820 2031 ipsi
850 1973 1099 2035 tanquam
1131 1965 1330 2035 lapides
1374 1968 1475 2021 vivi
1506 1967 1829 2037 supertetliﬁ-

243 2053 436 2104 camini
463 2053 653 2106 domos
691 2055 1009 2125 spiritualcs,
1053 2059 1402 2112 sacerdotium
1434 2070 1697 2125 sanctum,
1749 2059 1827 2128 of-

240 2140 389 2211 ferre
410 2144 713 2213 spirituales
738 2145 1005 2217 hostias(I
1037 2146 1182 2201 Petr.
1214 2147 1296 2219 ιι).
1328 2148 1396 2201 Et
1424 2149 1565 2218 quod
1594 2147 1828 2204 Joannes

238 2234 297 2288 in
348 2234 702 2307 Apocalypsi:
742 2237 958 2301 Beatus,
993 2238 1182 2308 inquit,
1231 2249 1278 2294 et
1311 2251 1525 2295 sanctus
1554 2242 1646 2311 qui
1674 2241 1827 2294 habet

234 2334 448 2393 partem
482 2328 538 2379 in
576 2328 955 2381 resurrectione
980 2330 1150 2400 prima
1182 2342 1201 2380 :
1230 2330 1285 2383 in
1312 2330 1394 2384 his
1420 2328 1650 2384 secunda
1687 2345 1826 2383 mors

236 2427 348 2464 non
374 2413 526 2467 habet
546 2425 874 2484 potestatem,
900 2417 990 2470 sed
1008 2426 1157 2472 erunt
1178 2418 1472 2474 sacerdotes
1500 2419 1594 2473 Dei
1613 2429 1659 2473 et
1684 2418 1832 2474 Chri-

231 2501 307 2553 sti
332 2501 535 2573 (Apoc.
573 2507 690 2574 xx).
729 2504 1095 2561 Admonemus
1131 2503 1320 2563 amnes
1359 2508 1546 2564 ﬁdeles
1593 2510 1828 2580 mystico

232 2594 590 2647 sacerdotum
618 2596 833 2652 nomine
859 2600 1093 2666 censeri,
1123 2608 1307 2671 utpote
1339 2601 1577 2657 membra
1600 2602 1825 2669 Christi,

232 2682 512 2736 videlicet
562 2687 848 2742 sacerdotis
893 2690 1099 2744 :eterni.
1156 2691 1362 2758 Quibus
1423 2693 1589 2747 etiam
1637 2693 1827 2747 beatus

230 2771 538 2840 apostolus
560 2772 765 2841 Paulus,
795 2776 928 2846 quid
970 2779 1312 2836 victimarum
1341 2781 1539 2838 offerre
1572 2781 1822 2845 debeant,

228 2861 490 2914 ostendit
527 2862 706 2918 dicens
736 2882 749 2917 :
775 2863 1002 2922 Obsecro
1024 2871 1451 2943 vos,[ratres,per
1485 2871 1584 2926 Dei
1626 2872 1830 2925 miseri-

231 2951 506 3016 cordiam,
544 2963 601 3007 ut
632 2955 917 3012 exhibeatis
940 2976 1159 3031 corpora
1190 2971 1357 3016 vestra
1393 2963 1618 3017 hostiam
1655 2963 1828 3017 viven-

228 3052 370 3106 tem,
394 3052 652 3107 sanctam,
679 3044 792 3099 Deo
816 3046 1103 3117 placentem
1144 3049 1335 3122 (Rom.
1372 3050 1505 3124 xit).
1544 3051 1663 3106 Non
1694 3067 1825 3122 ergo

1942 526 2045 562 non
2081 511 2380 579 dijudicans
2410 527 2598 595 corpus
2650 511 2866 568 Domini
2905 515 2966 588 (1
2997 515 3122 573 Cor.
3165 520 3278 594 xl),
3310 525 3361 578 id
3410 538 3515 589 est,

1938 614 2275 670 nequaquam
2336 602 2573 656 edulium
2621 606 2812 671 panis,
2874 608 3018 673 vini,
3069 625 3101 663 a
3150 617 3516 673 communium

1936 704 2182 744 escarum
2228 691 2485 755 utilitate,
2529 705 2685 747 cauta
2727 703 2783 749 et
2834 696 3061 753 sollicita
3108 711 3289 757 mente
3346 720 3521 761 secer-

1937 780 2115 838 nens.‘
2139 785 2456 855 Diligentius
2482 802 2610 841 vero
2646 788 2958 843 intuendum
2995 800 3099 857 est,
3133 795 3276 863 quod
3319 796 3372 849 in
3399 812 3521 851 con-

1937 873 2177 928 clusione
2226 874 2592 944 subjungitur.
2643 875 2956 947 Legitimum
3003 883 3374 947 sempiternum
3422 888 3519 940 erit

1935 964 2036 1032 ipsi
2063 973 2110 1017 et
2148 965 2333 1018 semini
2368 965 2484 1034 ejus
2508 982 2600 1035 per
2620 968 2992 1024 successiones.
3024 971 3151 1029 “(BC
3182 975 3251 1028 ad
3284 975 3519 1032 litteram

1936 1058 2154 1127 quidem
2199 1059 2477 1114 observari
2517 1060 2828 1127 cessarunt,
2868 1063 2962 1117 sed
2983 1062 3141 1130 juxta
3167 1068 3402 1136 priscam
3438 1069 3521 1123 in-

1936 1148 2287 1217 telligentiam
2333 1150 2688 1219 spiritualiter
2730 1154 3008 1209 observari
3065 1171 3097 1208 a
3132 1158 3337 1212 sanctis
3381 1175 3519 1213 nun-

1934 1252 2099 1307 quam
2136 1238 2426 1293 cessabunt
2454 1257 2467 1291 :
2506 1240 2604 1308 ipsi
2637 1250 2691 1296 et
2717 1243 2910 1296 semini
2946 1242 3062 1311 ejus
3094 1262 3192 1314 per
3226 1248 3521 1303 successio-

1935 1342 2054 1391 nes,
2083 1342 2188 1381 non
2213 1329 2432 1397 quidem
2458 1329 2526 1384 de
2556 1330 2732 1384 Aaron
2763 1332 2932 1400 stirpe
2962 1336 3250 1400 nascendo,
3274 1337 3367 1391 sed
3399 1353 3520 1392 cre-

1934 1420 2111 1473 dendo
2142 1421 2192 1473 in
2224 1435 2373 1485 cum,
2398 1437 2557 1491 quem
2587 1422 2763 1477 Aaron
2793 1441 2913 1479 cum
2936 1424 3051 1492 ejus
3071 1443 3171 1482 avo
3191 1430 3444 1484 credidit.

2526 1512 2751 1588 CAPUT
2790 1534 2924 1589 xm.

1933 1622 2010 1676 De
2043 1623 2363 1695 confectione
2382 1626 2634 1695 unguenti
2663 1627 2845 1695 optimi
2874 1628 2943 1679 ad
2982 1630 3397 1685 consecrandum
3427 1641 3509 1685 ta-

2343 1692 2772 1747 bernaculum'ac
2802 1712 2923 1749 vasa
2952 1697 3088 1765 ejus.

1854 1770 1899 1828 Β
1999 1780 2325 1852 Locutusque
2353 1792 2429 1835 est
2448 1783 2709 1837 Dominus
2726 1786 2796 1838 ad
2824 1786 3041 1855 Moysen
3060 1827 3074 1850 ,
3102 1788 3328 1842 diceus‘:
3353 1788 3516 1845 Sume

1929 1869 2023 1923 tibi
2056 1880 2298 1923 aromata
2334 1872 2519 1940 primae
2552 1875 2780 1941 myrrhte
2809 1885 2855 1926 et
2896 1875 3072 1929 electra
3106 1879 3415 1947 quingentos
3442 1880 3513 1933 si-

1926 1960 2055 2024 clos,
2084 1970 2130 2013 et
2152 1963 2470 2015 cinnamomi
2498 1964 2751 2028 medium,
2774 1966 2831 2018 id
2853 1975 2950 2030 est,
2980 1968 3234 2023 ducentos
3258 1972 3513 2041 quinqua-

1925 2052 2071 2121 ginta
2133 2052 2322 2114 siclos,
2380 2052 2572 2107 calami
2638 2055 2882 2110 similiter
2936 2058 3188 2114 ducentos
3251 2063 3510 2132 quinqua-

1923 2141 2070 2209 ginta
2096 2181 2111 2204 ,
2179 2142 2336 2195 casia:
2393 2151 2566 2196 autem
2615 2145 2920 2214 quingentos
2966 2146 3121 2201 siclos
3178 2149 3234 2202 in
3283 2150 3510 2218 pondere

1926 2233 2245 2294 sanctuarii,
2276 2232 2380 2287 olei
2411 2234 2476 2287 de
2508 2234 2707 2289 olivetis
2742 2253 3040 2291 mensuram
3074 2240 3165 2292 hin
3193 2256 3212 2293 :
3247 2240 3510 2311 faciesque

1926 2321 2189 2375 unctionis
2245 2321 2416 2376 oleum
2457 2334 2695 2378 sanctum
2719 2365 2734 2391 ,
2793 2337 3115 2397 unguentum
3166 2332 3508 2400 compositum

1928 2425 2081 2478 opere
2118 2413 2482 2481 unguentarii,
2516 2423 2566 2467 et
2591 2431 2748 2485 unges
2770 2433 2835 2470 ea:
2856 2434 2917 2471 eo
2947 2418 3343 2473 tabernaculum
3364 2422 3510 2475 testi-

1926 2502 2123 2567 monii,
2175 2513 2225 2556 ct
2263 2520 2441 2557 arcam
2480 2507 2794 2571 testamenti,
2834 2525 3166 2580 mensamque
3209 2528 3327 2565 cum
3369 2513 3509 2566 vasis

1924 2591 2070 2655 suis,
2108 2591 2482 2647 candelabrum
2513 2603 2563 2647 et
2602 2597 2849 2650 utensilia
2882 2598 3014 2661 eius,
3049 2598 3245 2653 altaria
3280 2602 3508 2671 thymia-

1926 2683 2099 2743 matis,
2143 2694 2190 2735 ct
2230 2682 2524 2737 holocausti
2562 2694 2611 2738 et
2638 2687 2936 2740 uniuersam
2976 2688 3346 2758 supellectilem
3385 2706 3505 2760 qua:

1925 2772 1997 2824 ad
2037 2771 2233 2825 cultum
2267 2790 2448 2827 eorum
2486 2777 2726 2845 pertinet.
2775 2776 3246 2849 Sanctiﬁcabisque
3296 2781 3505 2840 omnia.

1926 2869 1975 2914 et
2003 2871 2154 2914 erunt
2185 2859 2383 2916 Sancta
2421 2873 2723 2917 sanctorum
2752 2881 2770 2918 :
2792 2865 2882 2935 qui
2919 2868 3142 2936 tetigerit
3179 2885 3240 2921 ea
3274 2870 3509 2937 sanctiﬁ-

1927 2951 2152 3004 cabitur.
2194 2952 2373 3005 Aaron
2411 2961 2461 3007 et
2497 2953 2637 3021 ﬁlios
2666 2954 2780 3022 ejus
2819 2971 3002 3025 unges,
3051 2958 3506 3029 sanctiﬁcabisque

1926 3055 2013 3093 eos
2039 3049 2093 3092 ut
2118 3041 2409 3095 sacerdotio
2439 3041 2730 3113 fungantur
2759 3046 2903 3099 mihi.
2928 3045 2973 3097 F
2976 3046 3083 3100 iliis
3102 3063 3304 3116 quoque
3336 3047 3505 3102 Israel

228 3105 422 3187 solum
460 3105 724 3191 ωίηῑςίι-ίε
765 3105 907 3193 δέοιιί
945 3105 1162 3207 auaris:
1197 3142 1289 3197 sed
1333 3150 1389 3197 οι
1422 3105 1675 3198 οίηηῃίυε
1705 3105 1826 3213 pe}-
1852 3105 1898 3168 θ
1928 3128 2069 3182 dices
2102 3126 2237 3183 :lloc
2267 3105 2448 3185 oleum.
2475 3105 2735 3188 unctionis
2762 3144 3005 3190 sanctum
3029 3105 3127 3190 eril
3170 3105 3298 3192 mihi
3329 3139 3385 3191 in
3423 3155 3505 3209 ge-

226 3221 407 3278 fectis
430 3224 488 3278 iu
507 3241 825 3298 quocunque
850 3230 1019 3301 gradu
1044 3231 1238 3301 positis
1256 3270 1271 3296 ,
1303 3231 1407 3286 hoc
1436 3232 1709 3287 lavacrum
1731 3248 1827 3302 po-

227 3313 352 3367 suit
382 3312 613 3385 Moyses,
661 3318 786 3385 quia
817 3318 902 3372 lex
932 3318 1027 3375 Dei
1069 3320 1281 3375 cunctis
1306 3320 1630 3388 generaliter
1660 3321 1828 3376 fideli-

225 3403 338 3459 bus
381 3406 609 3476 gratiam
659 3409 951 3465 salutiferae
1006 3412 1438 3482 compunctionis
1487 3411 1822 3481 praedicavit.

227 3496 400 3564 Quod
428 3498 474 3553 si
510 3499 564 3552 in
601 3515 833 3569 persona
869 3501 1049 3557 Aaron
1089 3503 1264 3573 ipsum
1309 3518 1565 3573 magnum
1607 3502 1826 3572 pontiﬁ-

226 3604 361 3644 cem
404 3590 693 3647 Dominum
739 3591 1074 3649 Salvatorem
1106 3594 1353 3664 accipere
1379 3594 1646 3661 volumus,
1699 3610 1827 3650 con-

228 3688 349 3734 stat
375 3681 536 3735 etiam
555 3696 680 3738 eum
709 3683 869 3753 hujus
896 3700 1034 3756 aqua
1059 3684 1198 3740 labri
1222 3686 1535 3756 priusquam
1564 3686 1629 3741 ad
1650 3685 1824 3740 altare

226 3771 528 3827 oblaturus
576 3775 828 3841 intraret,
882 3776 1058 3833 locum
1107 3795 1121 3831 :
1167 3777 1292 3847 quia
1341 3779 1655 3847 priusquam
1704 3777 1825 3846 thy-

227 3865 447 3918 miama
509 3866 590 3920 sui
640 3870 971 3923 sacrosancti
1018 3869 1264 3939 corporis
1316 3875 1541 3937 propter
1595 3865 1823 3921 salutem

229 3963 491 4009 nostram
543 3956 597 4010 in
653 3957 811 4012 altari
869 3958 1050 4014 crucis
1094 3959 1445 4021 incenderet,
1495 3972 1595 4027 pro
1636 3965 1823 4011 nostro

230 4060 431 4099 amore
454 4046 617 4099 etiam
640 4047 912 4119 lacrymas
940 4047 1099 4110 fudit,
1142 4048 1284 4118 quod
1328 4049 1382 4102 in
1410 4047 1824 4103 resuscitatione

230 4134 438 4189 Lazari
481 4136 833 4193 celeberrime
866 4139 1118 4192 innotuit.
1172 4138 1314 4193 Bene
1362 4147 1543 4193 autem
1585 4138 1818 4203 additur,

229 4238 297 4281 nt
317 4227 558 4283 oderant
585 4231 639 4284 in
673 4246 739 4286 eo
764 4232 1061 4302 thymiama
1091 4233 1338 4296 Domino,
1372 4250 1438 4288 ne
1462 4232 1601 4287 forte
1630 4233 1824 4287 moria-

231 4328 330 4372 ωτ
359 4318 660 4392 (Joanm).
701 4321 844 4378 Mors
874 4324 1074 4379 etenim
1113 4325 1351 4379 timenda
1382 4333 1465 4379 est
1494 4325 1689 4379 animae
1716 4324 1823 4393 spi-

230 4412 457 4466 ritualis
496 4421 551 4466 et
582 4423 803 4471 aeterna.
846 4415 903 4472 Si
949 4417 1071 4486 quis
1114 4416 1181 4471 ad
1225 4417 1586 4472 ministerium
1635 4416 1823 4471 altaris

228 4502 475 4567 electus,
509 4503 802 4574 thymiama
830 4508 1137 4563 orationum
1182 4509 1294 4563 Deo
1329 4509 1554 4565 reddere
1582 4506 1823 4577 negligit,

228 4609 388 4648 mors
418 4594 661 4650 timenda
688 4606 807 4664 est;
839 4600 885 4653 si
930 4601 1053 4670 quis
1088 4601 1154 4655 ad
1190 4608 1543 4656 sacrosancta
1569 4600 1826 4669 mysteria

228 4684 446 4754 absque
470 4685 739 4754 spirituali
766 4689 1039 4746 ablatione
1064 4691 1495 4760 compunctionis
1524 4691 1745 4755 intrare,
1772 4698 1827 4744 et

228 4785 430 4830 sancta
473 4776 690 4832 Domini
726 4782 1105 4837 communibus
1147 4782 1396 4837 manibus
1430 4790 1666 4837 tractare
1689 4797 1828 4851 pra:-

224 4865 426 4919 sumit.
482 4865 689 4921 Lavent
734 4885 865 4941 ergo
908 4887 1099 4927 manus
1137 4887 1264 4927 suas
1302 4887 1368 4927 ac
1406 4872 1572 4941 pedes
1601 4872 1656 4925 in
1686 4886 1824 4940 aqua

224 4954 376 5010 labri
395 4958 556 5021 anei,
588 4968 644 5013 et
669 4960 749 5015 sic
777 4962 844 5015 ad
870 4963 1046 5018 altare
1071 4965 1351 5029 accedant.
1389 4962 1625 5017 Abluant
1655 4962 1827 5032 lacry-

224 5045 345 5099 mis
368 5056 529 5100 actus
551 5056 608 5101 et
636 5047 899 5115 incessus,
923 5065 989 5105 ac
1008 5051 1201 5107 deinde
1238 5066 1430 5106 manus
1464 5051 1531 5104 ad
1561 5050 1824 5120 tangenda

221 5134 445 5190 Christi
496 5139 754 5207 mysteria
794 5140 1106 5210 proferant,
1157 5142 1463 5213 pedumque
1507 5156 1726 5210 gressus
1772 5139 1825 5193 in

222 5225 380 5279 atria
420 5225 638 5281 Domini
687 5240 909 5298 ponant.
951 5231 1104 5298 Quod
1148 5246 1300 5301 teque
1334 5239 1661 5301 praeceptum
1707 5244 1828 5284 reor

224 5317 325 5370 bis
353 5317 449 5386 qui
473 5320 786 5374 eorumdem
813 5329 1275 5376 sacramentorum
1306 5321 1651 5390 perceptione
1678 5335 1829 5373 mun-

224 5410 407 5464 ἀςπιίῆ
430 5419 581 5477 sunt,
606 5420 666 5466 ut
690 5413 934 5468 cautiore
954 5430 1083 5469 cura
1107 5414 1257 5484 prius
1288 5420 1439 5468 actus
1468 5428 1594 5467 suos
1616 5411 1826 5482 cogita-

222 5516 441 5574 tusque
497 5505 815 5569 discutiant,
866 5506 1182 5571 eventilent,
1236 5511 1485 5575 purgent,
1526 5518 1592 5557 ac
1634 5503 1712 5557 sic
1759 5502 1828 5555 ad

222 5595 619 5666 participanda
654 5593 777 5649 ﬁdei
811 5604 1148 5650 sacramenta
1189 5594 1499 5665 procedant,
1549 5608 1616 5647 ne
1643 5592 1829 5646 audire

225 5699 565 5745 mercantur
597 5686 727 5741 illud
758 5686 1000 5758 Apostoli
1036 5704 1048 5738 :
1087 5685 1395 5754 Quicunque
1434 5684 1568 5739 enim
1604 5681 1829 5736 mandu-

1930 3221 2225 3275 nerationes
2262 3232 2477 3277 vestras.
2508 3223 2645 3278 Caro
2673 3225 2903 3281 hominis
2944 3245 3047 3281 non
3078 3238 3302 3299 ungetur
3329 3245 3394 3283 etc
3421 3245 3505 3294 eo,

1927 3317 1976 3362 et
2005 3309 2168 3378 juxta
2203 3312 2630 3380 compositionem
2659 3314 2774 3384 ejus
2803 3332 2905 3370 non
2937 3317 3140 3385 facietis
3175 3317 3345 3383 aliud,
3381 3319 3509 3389 quia

1926 3401 2315 3469 sanctiﬁcatum
2343 3414 2441 3468 est,
2485 3413 2535 3457 et
2561 3414 2799 3459 sanctum
2837 3408 2935 3461 erit
2975 3408 3138 3462 vobis.
3184 3408 3356 3463 Homo
3392 3410 3509 3479 qui-

1928 3509 2129 3563 cunque
2168 3491 2273 3547 tale
2301 3495 2670 3564 composuerit,
2707 3505 2753 3550 et
2785 3496 2986 3551 dederit
3019 3514 3085 3551 ea:
3113 3515 3172 3552 eo
3208 3498 3381 3553 alieno
3412 3515 3508 3553 ex»

1927 3582 2293 3635 terminabitur
2314 3583 2379 3636 de
2401 3583 2592 3652 papula
2621 3601 2716 3637 suo
2748 3583 2768 3654 (
2783 3585 2951 3639 Exod.
2984 3587 3134 3656 xxx).

1997 3672 2397 3727 Advertcndum
2451 3681 2534 3727 est
2583 3682 2639 3728 et
2685 3677 3000 3739 nmandum,
3057 3678 3510 3745 quemadmodum

1926 3773 2204 3835 unguento
2246 3763 2553 3818 chrismatis
2586 3764 2767 3819 omnia
2807 3763 2971 3831 jussit
3000 3766 3143 3835 ungi,
3191 3767 3503 3820 tabernacu-

1928 3856 2038 3911 lum
2065 3854 2272 3910 scilicet
2306 3862 2361 3909 et
2381 3869 2445 3909 ea
2469 3870 2592 3924 quae
2625 3854 2679 3909 in
2706 3854 2798 3910 illo
2824 3864 3002 3919 erant,
3039 3862 3094 3909 et
3128 3855 3322 3910 deinde
3348 3865 3511 3911 erunt

1928 3950 2126 4007 Sancta
2148 3958 2458 4006 sanctorum
2477 3966 2490 4003 :
2509 3948 2688 4004 omnia
2711 3948 2919 4004 scilicet
2943 3963 3065 4004 cum
3089 3948 3290 4003 fuerint
3311 3956 3472 4002 uncta
3491 3989 3505 4012 ,

1926 4050 2089 4097 erunt
2127 4041 2327 4097 Sancta
2374 4048 2707 4096 sanctorum.
2755 4039 2894 4107 Quid
2935 4040 3100 4110 igitur
3139 4038 3360 4093 distabit
3391 4036 3509 4108 jam

1928 4133 2073 4188 inter
2109 4132 2199 4187 illa
2228 4132 2487 4188 interiora
2527 4146 2648 4200 qua:
2673 4131 2792 4184 velo
2820 4138 3092 4200 teguntur,
3136 4139 3268 4193 etc.,
3306 4129 3352 4181 si
3392 4143 3513 4181 om—

1927 4224 2040 4289 nia,
2094 4238 2216 4276 cum
2264 4229 2426 4276 uncta
2471 4221 2691 4285 fuerint,
2742 4229 2903 4276 erunt
2931 4220 3128 4273 Sancta
3174 4227 3510 4285 sanctorum,

1928 4311 2238 4381 diligentius
2273 4310 2653 4380 requirendum
2694 4328 2706 4362 :
2741 4310 2856 4363 haec
2894 4317 3073 4363 tamen
3114 4307 3347 4362 notanda
3385 4321 3502 4362 cre-

1928 4400 2108 4455 dimus
2132 4400 2223 4455 ubi
2258 4399 2421 4454 etiam
2482 4398 2915 4462 meminerimus,
2960 4397 3102 4452 sicut
3138 4396 3205 4451 de
3236 4396 3328 4451 illo
3352 4395 3511 4451 altari

1926 4488 2342 4554 sacrificiorum,
2387 4488 2532 4559 quod
2558 4494 2682 4559 post
2709 4488 3020 4544 unctionem
3048 4486 3305 4558 appellari
3343 4486 3513 4541 voluit

1925 4590 2171 4639 sanctum
2223 4581 2436 4646 sancti,
2485 4580 2741 4636 continuo
2789 4579 2992 4635 dictum
3036 4586 3144 4646 est,
3203 4577 3387 4633 Omnis
3422 4578 3512 4648 qui

1926 4674 2095 4743 tangit
2123 4671 2257 4726 illud
2288 4671 2706 4741 sancti/imbitur
2732 4687 2751 4725 :
2781 4671 2849 4725 de
2877 4671 3129 4725 omnibus
3155 4678 3364 4740 postea,
3385 4683 3507 4739 qua:

1927 4763 1994 4818 de
2025 4762 2117 4816 illo
2154 4772 2428 4832 unguento
2468 4770 2651 4826 uncta,
2693 4761 2835 4817 dicta
2881 4769 3007 4816 sunt
3052 4760 3251 4816 Sancta
3298 4772 3513 4816 sancto-

1929 4869 2051 4909 rum
2082 4868 2097 4908 :
2126 4854 2314 4908 eadem
2351 4853 2621 4909 sententia
2654 4852 2941 4908 subsecuta
2972 4860 3079 4913 est.
3120 4861 3180 4906 ut
3215 4851 3510 4917 diceretur,

1930 4947 2108 5001 omnis
2157 4947 2248 5015 qui
2291 4946 2462 5016 tangit
2513 4960 2579 5000 ea
2624 4944 3065 5000 sanctificabitur.
3117 4942 3258 5010 Quid
3303 4941 3514 4996 duobus

1932 5039 2107 5094 modis
2136 5038 2359 5108 intelligi
2386 5044 2584 5107 potest,
2618 5037 2735 5092 sive
2763 5035 3031 5107 tangendo
3059 5032 3509 5097 sanctificabitur,

1933 5130 2049 5184 sive
2075 5127 2501 5182 sanctiﬁcabitur
2533 5135 2593 5181 ut
2622 5128 2671 5182 ei
2714 5126 2876 5182 liceat
2910 5134 3149 5194 tangere,
3188 5124 3301 5178 sive
3329 5129 3508 5176 tamen

1934 5232 2040 5272 non
2091 5216 2291 5274 licebat
2336 5224 2557 5288 tangere
2600 5215 2798 5286 populo
2848 5214 3255 5270 tabernaculum
3295 5209 3510 5281 quando

1934 5308 2195 5364 offerebat
2221 5308 2446 5370 hostias,
2481 5306 2564 5361 vel
2593 5320 2926 5376 quaecunque
2953 5306 3022 5360 ab
3051 5305 3132 5359 eis
3158 5302 3335 5358 oblata
3375 5297 3510 5351 olfe-

1935 5401 2196 5455 rebantur
2228 5400 2357 5453 Deo.
2385 5397 2518 5452 Nam
2546 5406 2941 5466 consequenter
2967 5411 3073 5450 non
3103 5394 3230 5449 solis
3258 5388 3511 5445 sacerdo-

1936 5494 2098 5558 tibus,
2144 5490 2483 5560 nequcsolis
2513 5489 2688 5544 levitis
2718 5486 3001 5542 dicendum
3047 5485 3317 5543 admonet,
3363 5476 3506 5546 quod

1936 5588 2013 5641 ait
2045 5586 2113 5640 ad
2152 5585 2370 5654 Moysen
2403 5601 2417 5614 υ
2448 5582 2517 5636 Et
2551 5581 2677 5652 ﬁliis
2699 5579 2870 5634 Israel
2905 5577 3113 5646 loquere
3143 5572 3339 5625 dicens.
3388 5569 3508 5626 Uti-

1941 5693 2044 5748 que
2084 5676 2173 5732 lilii
2207 5675 2369 5730 lsracl
2410 5683 2554 5730 totus
2584 5672 2668 5728 ille
2690 5669 2918 5741 populus
2944 5674 3081 5720 erat.
3126 5661 3287 5718 lubet
3328 5670 3511 5721 autem
