3954 6176
412 353 522 408 919

415 468 548 531 dici,

416 554 707 627 progenies
729 557 958 605 vestras.
995 534 1170 615 Super
1193 558 1409 599 carnem
1434 538 1670 595 hominis
1692 550 1801 627 non
1832 533 1989 627 linie-

421 623 545 709 tur;
565 650 624 698 et
651 638 944 696 secundum
971 634 1419 705 compositionem
1459 631 1600 684 hanc
1640 641 1746 681 non
1775 623 1990 679 facietis

421 735 574 791 vobis
594 733 650 787 in
678 729 809 800 ipsis
834 727 1101 784 similiter.
1140 724 1395 778 Sanctum
1420 727 1522 784 est,
1546 724 1602 772 et
1631 712 1990 771 sanctiﬁcatio

421 826 527 881 erit
542 822 715 877 vobis.
755 819 1071 886 Quicunque
1094 812 1285 868 fecerit
1308 808 1579 872 similiter,
1605 816 1662 860 et
1682 803 1989 872 quicunque

423 919 570 972 dabit
594 916 661 971 de
685 927 750 967 eo
779 917 980 966 exterae
1004 905 1232 969 nationi,
1264 901 1502 956 interibit
1537 899 1606 953 de
1640 893 1837 967 populo
1868 906 1988 947 suo.

376 1068 391 1075 _
421 1005 581 1060 lubet
629 1003 793 1073 igitur
843 1014 950 1054 non
996 996 1127 1051 solis
1169 990 1561 1053 sacerdotibus,
1591 986 1687 1042 sed
1737 984 1990 1075 universo

422 1093 616 1164 populo
640 1090 821 1151 Israel,
853 1097 914 1143 ut
942 1102 1046 1141 non
1076 1085 1239 1139 faciat
1278 1080 1384 1135 tale
1412 1083 1744 1149 unguentum
1774 1073 1828 1127 in
1859 1085 1991 1125 usus

424 1189 702 1239 humanos.
759 1179 874 1235 Hoc
917 1185 1002 1232 est
1044 1174 1189 1230 enim
1229 1172 1373 1241 quod
1417 1168 1493 1222 ait
1521 1181 1536 1220 :
1569 1164 1736 1236 Super
1780 1176 1990 1216 carnem

421 1273 644 1328 hominis
686 1286 792 1325 non
834 1267 1066 1321 linietur.
1109 1261 1368 1317 Prohibet
1411 1271 1541 1327 ergo
1569 1253 1743 1310 simile
1785 1250 1900 1306 ﬁeri
1937 1249 1993 1303 in

424 1380 554 1420 usus
581 1377 728 1427 suos,
754 1368 811 1414 et
838 1357 1118 1413 interitum
1155 1353 1412 1414 minatur,
1448 1347 1494 1401 si
1534 1345 1818 1414 quisquam
1841 1339 1990 1394 simi-

424 1458 548 1512 liter
573 1454 780 1516 fecerit,
814 1452 868 1506 id
897 1458 1002 1514 est,
1032 1452 1363 1518 unguentum
1394 1442 1463 1497 ad
1502 1454 1633 1494 usus
1659 1450 1786 1491 suos
1806 1429 1993 1486 simili-

425 1557 506 1600 ter
531 1544 706 1599 simile
747 1539 1059 1603 confecerit,
1091 1534 1447 1603 vel'cuiquam
1489 1529 1614 1583 hinc
1639 1523 1878 1581 dederint
1904 1535 1993 1574 ex-

426 1648 556 1691 tera:
601 1632 826 1689 nationi.
873 1631 952 1685 Ac
997 1644 1095 1699 per
1140 1628 1244 1682 hoc
1278 1623 1419 1694 quod
1473 1621 1572 1684 ait,
1623 1611 1992 1672 Sanctiﬁcatio

423 1729 528 1781 erit
545 1724 843 1785 vobiscum,
870 1736 992 1775 cum
1013 1717 1207 1787 populo
1230 1713 1392 1770 lsracl
1416 1710 1666 1765 universo
1691 1705 1793 1759 dici
1815 1701 1990 1773 jubet,

1080 338 1140 393 Β.
1183 335 1435 391 ΒΑΒᾹΝΙ
1474 331 1694 390 ΜΑυιιι
1730 326 2051 385 ARCHIEP.
2095 324 2402 382 MOGUNT.
2432 321 2726 395 ‘OPERUM
2762 320 2941 376 PARS
2979 320 3019 374 Ι.

595 469 775 520 oleum
820 458 1091 515 unctionis
1130 464 1378 512 sanctum
1422 452 1529 508 erit
1576 451 1680 505 hoc
1727 445 1880 501 vobis
1932 443 1986 497 iu
2016 446 2063 507 Λ
2090 438 2226 496 ciem
2261 446 2491 507 quatuor
2515 435 2921 499 elementorum,
2950 434 3139 487 horum
3171 441 3402 501 quatuor
3426 434 3659 489 odorum

3546 318 3656 375 2‘20

2091 540 2296 586 natura:
2309 529 2616 601 signiﬁcare
2629 527 2910 583 videantur
2927 543 2940 578 :
2957 532 3014 580 ut
3030 525 3152 580 thus
3161 524 3305 594 quod
3322 525 3660 593 perlucidum

2089 627 2192 685 est,
2224 620 2337 673 aeri
2366 615 2729 687 comparetur,
2761 624 2932 671 stacte
2955 629 3084 669 vero
3105 614 3282 682 aquis,
3312 614 3577 684 galbanus
3598 624 3661 671 et

2088 727 2227 782 onyx
2262 719 2420 765 terra:
2449 717 2613 779 atque
2648 707 2780 778 igni,
2810 715 2868 761 ut
2893 721 2990 776 per
3024 707 3140 760 hate
3169 705 3411 759 omnium
3449 721 3570 775 qua:
3600 706 3658 758 in

2088 799 2224 854 cado
2260 808 2316 852 et
2356 796 2494 852 infra
2541 809 2736 852 emtum
2780 804 2836 850 et
2881 795 2936 849 in
2977 804 3121 849 terra
3155 802 3213 847 et
3252 793 3304 846 in
3337 795 3493 864 aquis
3533 808 3663 852 sunt

2087 886 2343 957 placitum
2373 886 2486 940 Deo
2512 884 2790 939 incensum
2813 882 2884 937 sit
2907 884 3022 937 haec
3048 890 3314 936 creatura:
3339 882 3513 937 laudis
3535 899 3664 938 ora-

2091 977 2184 1031 tio.
2218 976 2538 1047 Tbymiama
2563 989 2631 1029 ex
2660 973 2991 1034 aromatibus
3023 973 3376 1042 compositum
3408 973 3660 1039 facimus,

2088 1083 2211 1123 cum
2257 1068 2310 1121 in
2350 1066 2508 1121 altari
2556 1065 2684 1119 boui
2738 1065 2918 1134 operis
2960 1064 3220 1118 virtutum
3265 1064 3667 1134 multiplicitate

2091 1155 2414 1210 reiciemus.
2459 1155 2611 1221 Quod
2650 1154 2866 1208 mistum
2893 1162 2947 1207 et
2977 1168 3169 1223 purum
3198 1152 3296 1207 ﬁt:
3323 1155 3450 1223 quia
3487 1171 3663 1225 quan—

2092 1254 2204 1300 tum
2233 1244 2406 1298 virtus
2443 1243 2633 1297 virtuti
2652 1242 2932 1313 jungitur,
2978 1249 3187 1296 tantum
3225 1241 3503 1297 incensum
3534 1244 3665 1298 boni

2089 1334 2269 1403 operis
2317 1333 2578 1387 sincerius
2611 1333 2925 1395 exhibetur;
2980 1332 3070 1386 ubi
3112 1340 3169 1387 et
3204 1332 3340 1387 bene
3388 1331 3670 1402 subiungi-

2095 1432 2220 1477 tur:
2252 1420 2484 1493 Cumque
2522 1424 2578 1477 in
2620 1422 2981 1475 tenuissimum
3013 1420 3275 1491 pulverem
3327 1423 3385 1475 in
3423 1423 3668 1476 uniuersa

2091 1513 2411 1578 contuderis,
2436 1528 2595 1583 pones
2622 1527 2687 1566 ea:
2709 1528 2768 1565 eo
2793 1527 2971 1564 coram
2998 1510 3293 1563 testimonio
3316 1509 3663 1564 tabernaculi.
3702 1505 3709 1511 ’

2090 1602 2149 1656 ln
2182 1601 2555 1657 tenuissimum
2591 1600 2866 1671 pulverem
2903 1607 3149 1654 aromata
3188 1598 3440 1654 universa
3481 1609 3672 1654 eonte-

2092 1693 2282 1757 rimus,
2315 1707 2437 1746 cum
2479 1693 2620 1747 bona
2654 1699 2837 1746 nostra
2869 1705 2990 1760 qua:
3021 1690 3074 1744 in
3102 1689 3212 1760 pilo
3248 1689 3428 1744 cordis
3456 1689 3669 1744 occulta

424 1773 530 1873 si};
557 1773 901 1882 ﬁliiﬁlii
945 1773 1262 1879 tnlcliigam,
1317 1804 1421 1859 nisi
1463 1800 1606 1871 quod
1648 1798 1845 1853 licebat
1891 1793 1991 1856 eis,
2024 1773 2068 1832 Β
2096 1782 2429 1882 discussione
2459 1781 2770 1882 tundimus.
2821 1789 2877 1882 et
2921 1779 2967 1835 si
3018 1779 3288 1882 veraciter
3331 1780 3473 1882 bona
3520 1791 3671 1843 sunt.

422 1910 638 1979 quando
659 1905 947 1962 veniebant
969 1917 1092 1957 cum
1124 1899 1238 1955 suis
1268 1896 1495 1966 quisque
1527 1888 1842 1945 muneribus

422 1972 549 2069 gere
577 1994 1006 2056 tabernaculum,
1034 1999 1091 2045 et
1118 1987 1383 2058 tangendo
1408 1980 1868 2038 sanctiﬁcabatur.
1886 1972 1994 2046 (Ea:

424 2088 641 2156 Isidor.)
666 2087 892 2156 Propter
905 2083 1035 2139 illud
1050 2082 1229 2136 oleum
1247 2093 1351 2147 quo
1364 2082 1555 2130 cuncta
1569 2075 1829 2142 peruncta
1845 2072 1990 2130 sunt,

419 2188 475 2233 et
533 2180 660 2233 hinc
702 2177 926 2239 dictum,
978 2172 1161 2229 Omnis
1204 2171 1294 2241 qui
1349 2168 1512 2237 tangit
1548 2159 1991 2230 sanctiﬁcubitur;

421 2284 529 2324 non
558 2277 737 2322 tamen
764 2268 843 2322 sic
868 2262 1321 2336 quemadmodum
1351 2255 1684 2318 sacerdotes,
1712 2250 1802 2321 qui
1829 2249 1991 2303 etiam

422 2370 482 2412 ut
507 2359 813 2413 sacerdotio
841 2355 1193 2426 fungerentur
1218 2351 1556 2421 angebantur
1580 2361 1649 2400 ex
1681 2344 1794 2398 illo.
1823 2341 1994 2394 Porro

421 2456 752 2516 unguentum
777 2459 885 2513 quo
927 2441 1247 2512 perungitur
1280 2433 1708 2497 tabernaculum,
1757 2428 1994 2485 chrisma

419 2545 505 2591 est
529 2552 635 2606 quo
669 2536 889 2606 ungitur
913 2532 1085 2587 ﬁdelis
1125 2528 1375 2600 populus,
1418 2526 1471 2579 in
1516 2524 1712 2594 quibus
1744 2520 1996 2575 divinitas

419 2638 676 2697 tanquam
717 2627 770 2680 in
808 2622 1152 2679 tabernaculo
1192 2621 1418 2675 habitat.
1458 2617 1642 2672 Potest
1669 2614 1886 2684 quidem
1915 2612 1996 2665 in-

418 2716 589 2786 telligi
618 2716 723 2770 hoc
749 2720 1081 2785 unguentum
1100 2711 1264 2766 etiam
1286 2710 1510 2763 virtutes
1539 2712 1870 2763 sanctorum,
1900 2716 1997 2756 seu

416 2806 786 2875 odorjustitiie
801 2805 957 2875 longe
987 2804 1203 2873 lateque
1217 2800 1462 2866 diffusus,
1484 2799 1550 2854 de
1571 2812 1676 2867 quo
1699 2795 1833 2850 dicit
1853 2793 1996 2863 Apo-

418 2897 590 2952 stolus
603 2911 620 2950 :
635 2896 745 2949 Deo
758 2903 933 2949 autem
953 2893 1177 2964 gratias,
1191 2892 1281 2963 qui
1299 2888 1583 2959 triumphat
1596 2902 1700 2941 ‘nos
1718 2886 1772 2940 in
1785 2882 1996 2938 Christo

420 2988 575 3054 Jesu,
596 2996 646 3041 et
670 2987 881 3042 odorem
903 2985 1127 3055 justitia:
1146 2984 1446 3053 manifestat
1470 2997 1564 3052 per
1586 2996 1680 3035 nos
1697 2977 1746 3051 (I
1766 2975 1890 3032 Cor.
1907 2974 1989 3046 ιι).

1007 3074 1233 3131 CAPUT
1272 3073 1410 3128 XIV.

2096 1869 2366 1925 subtiliter
2394 1877 2768 1924 retractemus.
2811 1868 3066 1923 Aromata
3096 1883 3227 1940 ergo
3254 1868 3311 1923 in
3334 1868 3556 1938 pulvere
3584 1884 3675 1923 re-

2093 1961 2275 2032 digere
2309 1970 2393 2016 est
2418 1962 2651 2017 virtutes
2684 1961 3029 2031 recogitando
3069 1970 3266 2028 terere,
3313 1970 3368 2016 et
3400 1977 3571 2031 usque
3602 1963 3675 2016 ad

2094 2053 2446 2109 subtilitatem
2472 2052 2697 2109 occultae
2737 2053 3153 2108 examinationis
3178 2068 3454 2108 revocare.
3481 2053 3549 2107 Et
3574 2068 3676 2108 no-

2096 2142 2316 2197 tandum
2361 2144 2506 2214 quod
2545 2143 2613 2197 de
2641 2143 2829 2198 eodem
2866 2143 3089 2211 pulvere
3127 2143 3360 2198 dicitur:
3391 2142 3569 2198 Pones
3605 2160 3674 2197 ex

2093 2247 2160 2289 eo
2182 2247 2366 2289 coram
2395 2232 2704 2288 testimonio
2730 2230 3081 2295 tabernaculi,
3112 2232 3238 2301 quia
3265 2240 3395 2286 tunc
3414 2232 3674 2286 nimirum

2092 2323 2235 2379 bona
2275 2331 2461 2379 nostra
2496 2324 2767 2379 veraciter
2806 2324 2861 2378 in
2901 2333 3192 2395 conspectu
3206 2324 3406 2393 iudicis
3437 2324 3673 2394 placent,

2092 2429 2216 2469 cum
2261 2414 2377 2469 haec
2420 2428 2573 2469 meus
2618 2413 2871 2469 subtilius
2917 2414 3262 2486 recogitando
3307 2416 3578 2479 conterit,
3616 2426 3676 2470 ct

2094 2503 2239 2575 quod
2272 2503 2338 2558 de
2375 2505 2710 2560 aromatibus
2748 2504 3028 2575 pulverem
3062 2504 3255 2569 reddit,
3312 2521 3379 2559 ne
3418 2521 3673 2575 gressum

2093 2593 2397 2663 durumque
2433 2594 2504 2648 sit
2539 2595 2683 2663 quod
2717 2598 2928 2666 agitur,
2973 2610 3044 2650 ne
3090 2593 3253 2650 etiam
3288 2594 3333 2649 si
3374 2596 3476 2650 hoc
3515 2605 3671 2649 arcta

2096 2684 2441 2740 retractionis
2481 2699 2674 2740 manus
2717 2700 2825 2740 non
2850 2686 3201 2749 comminuat,
3243 2685 3463 2740 odorem
3499 2686 3570 2740 de
3612 2703 3677 2741 se

2095 2774 2346 2829 subtilius
2371 2790 2479 2829 non
2513 2782 2782 2845 aspergat.
2812 2773 3162 2847 [Locutusque
3202 2783 3278 2829 est
3318 2774 3575 2830 Dominus
3602 2777 3674 2829 ad

2097 2863 2312 2936 Moysen
2334 2865 2511 2919 dicens
2537 2882 2555 2919 :
2586 2865 2721 2920 Ecce
2743 2865 2919 2919 vocavi
2936 2880 3001 2920 ea:
3022 2865 3229 2919 nomine
3245 2863 3475 2919 Beseleel
3498 2865 3673 2933 ﬁlium

2097 2955 2211 3019 Uri,
2254 2956 2354 3025 ﬁlii
2402 2955 2482 3010 Ur
2518 2956 2583 3011 de
2623 2957 2762 3010 tribu
2790 2954 2959 3022 Juda,
3002 2965 3050 3009 et
3087 2954 3292 3026 implevi
3317 2972 3434 3009 eum
3479 2957 3674 3025 spiritu

2098 3046 2214 3112 Dei,
2239 3047 2495 3116 sapientia
2520 3056 2569 3099 et
2594 3045 2937 3117 intelligentia
2976 3086 2992 3112 ,
3029 3045 3245 3100 scientia
3267 3047 3322 3100 in
3360 3047 3502 3101 omni
3534 3058 3670 3101 tem-

423 3167 509 3221 De
524 3165 845 3234 confectione
864 3165 1229 3234 thymiamatis
1244 3179 1308 3234 ea;
1324 3158 1711 3234 pretiosissimis
1736 3156 1988 3212 aromati-

2091 3154 2240 3208 pore,
2270 3138 2338 3191 ad
2363 3138 2764 3209 excogitandum
2787 3138 2957 3208 fabre,
2987 3137 3241 3210 quidquid
3268 3138 3385 3207 ﬁeri
3409 3148 3577 3208 potest
3598 3155 3667 3193 ea:

844 3230 960 3298 bus,
997 3243 1047 3287 et
1079 3231 1308 3285 Beseleel
1344 3230 1565 3297 artiﬁce.

490 3322 739 3392 Dixitque
761 3322 1020 3376 Dominus
1047 3321 1116 3374 ad
1150 3320 1364 3389 Moysen
1391 3331 1411 3370 :
1436 3318 1597 3373 Sume
1630 3317 1723 3371 tibi
1746 3324 1989 3370 aromata

417 3422 616 3468 stacten
633 3425 681 3468 et
708 3413 933 3484 onycha,
955 3411 1236 3483 galbanum
1270 3410 1390 3463 boni
1417 3409 1614 3474 odoris,
1644 3417 1694 3463 et
1717 3408 1835 3461 thus
1862 3406 1993 3460 luci-

419 3502 713 3556 dissimum.
740 3501 814 3557 ΑΞ
818 3500 988 3573 qualis
1032 3498 1273 3571 ponderis
1299 3507 1448 3552 erunt
1476 3498 1672 3551 omnia.
1703 3494 1752 3549 F
1754 3497 1991 3566 aciesque

418 3595 709 3666 thymiama
754 3589 1093 3661 compositum
1141 3603 1293 3659 opere
1347 3585 1719 3657 unguentarii,
1777 3584 1991 3639 mistum

416 3686 691 3756 diligenter
732 3693 780 3737 ct
823 3698 1034 3754 purum,
1073 3690 1119 3735 et
1156 3680 1567 3749 sanctiﬁcatione
1604 3677 1987 3749 dignissimum.

417 3774 648 3845 Cumque
673 3774 727 3827 in
744 3772 1101 3826 tenuissimum
1123 3769 1379 3841 pulverem
1403 3770 1643 3822 universa
1668 3766 1987 3829 contuderis,

416 3883 576 3936 pones
602 3882 665 3920 ea:
683 3882 743 3919 eo
771 3880 947 3917 coram
990 3859 1326 3916 tabernaculo
1363 3858 1676 3923 testimonii,
1704 3859 1758 3911 in
1791 3858 1904 3911 loco
1935 3858 1992 3911 in

414 3975 518 4029 quo
566 3956 825 4027 apparebo
880 3955 994 4008 tibi.
1056 3953 1307 4009 Sanctum
1352 3960 1654 4005 sanctorum
1703 3949 1801 4004 erit
1848 3948 1991 4002 vobis

416 4047 724 4118 thymiama.
754 4042 932 4097 Talem
954 4042 1377 4112 compositionem
1408 4056 1513 4093 non
1544 4038 1748 4109 facietis
1776 4038 1832 4091 in
1864 4053 1991 4092 usus

415 4148 630 4203 restros,
669 4136 793 4207 quia
830 4143 1067 4189 sanctum
1099 4142 1173 4187 est
1208 4132 1452 4186 Domino.
1488 4130 1659 4186 Homo
1697 4131 1992 4202 quicunque

418 4229 598 4298 fecerit
647 4225 838 4292 simile,
869 4236 928 4278 ut
968 4224 1124 4278 odore
1170 4222 1313 4277 illius
1348 4221 1670 4292 perfruatur,
1700 4221 1884 4290 peribit
1926 4220 1992 4274 de

410 4319 617 4389 populis
640 4319 749 4373 suis
772 4316 967 4390 (Exod.
999 4314 1149 4386 xxx).
1179 4314 1280 4388 [Ex
1306 4312 1651 4385 Augustino.]
1681 4312 1833 4380 Quod
1857 4328 1994 4384 prat-

2090 3243 2223 3280 auro
2244 3236 2293 3281 et
2319 3237 2535 3299 argento
2559 3237 2607 3281 et
2633 3243 2759 3293 tere,
2798 3244 3058 3283 marmore
3082 3238 3129 3282 et
3152 3228 3391 3299 gemmis,
3418 3237 3466 3282 et
3495 3228 3674 3282 diver-

2087 3315 2242 3370 sitate
2298 3316 2579 3387 lignorum.
2624 3317 2857 3388 Denique
2907 3318 2956 3371 ei
3002 3318 3202 3372 socium
3261 3317 3449 3372 Ooliab
3495 3318 3677 3387 filium

2088 3406 2451 3472 Achisamech,
2485 3406 2549 3460 de
2576 3406 2718 3460 tribu
2758 3406 2898 3473 Dan,
2927 3415 2976 3461 et
2998 3408 3054 3461 in
3081 3407 3238 3462 corde
3270 3407 3438 3461 omnis
3475 3409 3674 3462 eruditi

2088 3497 2240 3566 posui
2282 3497 2634 3566 sapientiam,
2688 3506 2743 3550 ut
2800 3496 3000 3564 faciant
3049 3507 3238 3551 cuncta
3282 3513 3402 3569 qua:
3447 3505 3678 3568 prlecepi

2090 3586 2203 3651 tibi,
2224 3594 2330 3642 etc.
2362 3585 2571 3657 (Exod.
2619 3585 2793 3658 aut.)
2822 3586 2962 3653 Quid
2987 3594 3072 3642 est
3100 3588 3245 3658 quod
3273 3587 3518 3644 Beseleel
3550 3606 3678 3644 cum

2082 3674 2300 3744 juberet
2352 3676 2597 3732 adhiberi
2649 3675 2905 3746 operibus
2972 3677 3303 3733 tabernaculi
3354 3678 3623 3734 faciendis
3647 3720 3667 3745 ,

2090 3768 2227 3823 dixit
2262 3769 2331 3822 ad
2358 3783 2482 3822 eum
2521 3783 2580 3824 se
2620 3768 2913 3839 replevisse
2948 3768 3146 3839 spiritu
3175 3770 3358 3824 divino
3391 3770 3674 3841 sapientia:

2089 3866 2146 3912 et
2169 3858 2473 3913 intellectus
2496 3866 2551 3914 et
2576 3858 2838 3923 scientiae,
2876 3857 2933 3912 in
2957 3858 3106 3912 omni
3141 3873 3305 3928 opere
3331 3860 3668 3930 excogitare.

2090 3955 2145 4002 et
2164 3947 2603 4014 architectonari,
2652 3956 2762 4003 etc.
2812 3947 3007 4003 Utrum
3053 3947 3286 4017 Spiritus
3334 3948 3508 4002 sancti
3549 3963 3672 4002 mu-

2091 4037 2210 4115 neri
2235 4037 2401 4091 etiam
2430 4036 2536 4090 ista
2563 4051 2728 4107 opera
2768 4034 3052 4092 tribuenda
3078 4037 3206 4103 sint,
3249 4051 3369 4107 quae
3392 4038 3673 4105 pertinere

2090 4134 2158 4189 ad
2196 4135 2471 4203 opiﬁcium
2506 4136 2792 4191 videntur?
2820 4152 2887 4191 an
2922 4144 2977 4192 et
3020 4136 3125 4192 hoc
3173 4134 3531 4207 significative
3580 4135 3667 4189 di-

2092 4235 2240 4280 ctum
2273 4234 2380 4293 est,
2424 4236 2572 4281 utea
2602 4228 2905 4298 pertineant
2938 4229 3005 4282 ad
3030 4228 3271 4284 divinum
3312 4227 3561 4298 spiritum
3583 4243 3672 4283 sa-

2091 4315 2304 4384 pientia:
2331 4326 2386 4371 et
2422 4316 2726 4372 intellectus
2754 4325 2808 4371 et
2847 4317 3109 4383 scientiae,
3132 4332 3252 4386 quae
3293 4317 3378 4371 his
3403 4317 3566 4371 rebus
3591 4318 3671 4371 si-

414 4411 559 4478 ccpit
577 4411 773 4480 quibus
812 4407 1145 4463 aromatibus
1188 4406 1281 4461 ﬁat
1320 4406 1636 4477 thymiama,
1676 4405 1728 4459 id
1768 4412 1872 4470 est,
1903 4405 2065 4516 in-D
2090 4407 2434 4478 gniﬁcantur.
2482 4407 2683 4463 Tamen
2718 4407 2883 4462 etiam
2916 4406 3006 4463 hic
3048 4422 3170 4463 cum
3212 4406 3402 4477 spiritu
3428 4407 3670 4477 repletus

415 4514 661 4564 rensum,
705 4507 759 4556 et
799 4499 931 4553 dicit
981 4497 1336 4567 unguentaria
1385 4513 1535 4553 more
1584 4505 1795 4552 coctum
1845 4511 1978 4566 opus

404 4588 776 4657 mnguentarii,
825 4602 933 4641 non
965 4586 1085 4641 ideo
1126 4596 1317 4656 putare
1345 4586 1602 4641 debemus
1647 4595 1978 4661 unguentum

406 4677 556 4741 ﬁeri,
588 4676 640 4730 id
667 4684 770 4742 est,
815 4678 955 4731 unde
990 4676 1191 4745 aliquid
1237 4685 1488 4746 ungatur.
1541 4675 1648 4732 Sed
1677 4684 1736 4730 ut
1776 4676 1977 4731 dictum

402 4773 521 4829 .cst,
568 4766 855 4836 thymiama
901 4767 984 4820 vel
1025 4767 1322 4831 incensum,
1368 4766 1510 4835 quod
1553 4766 1862 4834 imponatur
1906 4765 1979 4819 illi

404 4856 569 4911 altari
611 4856 850 4921 incensi,
898 4857 988 4912 ubi
1039 4872 1145 4911 non
1189 4856 1384 4911 licebat
1433 4855 1750 4920 sacriﬁcari,
1780 4863 1837 4910 et
1859 4864 1977 4909 erat

409 4948 559 5002 intus
580 4947 633 5002 in
674 4946 871 5001 Sancta
894 4956 1226 5002 sanctorum.
1257 4945 1375 5019 (Ea:
1416 4946 1670 5017 Isidoro.)
1694 4946 1977 5001 lncensmn

406 5044 594 5091 autem
621 5036 765 5107 quod
810 5052 876 5091 ex
915 5045 1147 5096 quatuor
1177 5036 1568 5092 odoratissimis
1607 5036 1894 5108 generibus
1921 5036 1977 5091 in

407 5125 705 5180 maximam
746 5124 1100 5180 subtilitatem
1135 5125 1503 5191 comminutis,
1552 5125 1605 5180 id
1648 5134 1752 5190 est,
1780 5132 2001 5192 stacte,,

404 5215 640 5287 mtyche,
679 5214 908 5287 galbano
950 5224 1005 5270 et
1042 5216 1201 5270 thure
1226 5215 1520 5285 componit,
1553 5215 1669 5270 haec
1699 5214 1755 5270 in
1803 5217 1976 5271 forma

411 5307 716 5362 orationum
756 5304 989 5359 ﬁdelium
1011 5308 1304 5360 constituta
1336 5320 1480 5371 esse,
1515 5306 1705 5361 beatus
1743 5304 1978 5363 Joannes

411 5395 630 5466 Apocal.
653 5393 889 5450 ostendit
916 5413 928 5447 :
958 5393 1025 5446 Et
1050 5393 1121 5447 illi
1144 5394 1385 5464 quidem,
1416 5395 1611 5464 inquit,
1644 5396 1824 5466 viginti
1848 5413 1978 5466 qua-

410 5501 532 5542 tuor
547 5488 774 5542 seniores
801 5486 1135 5556 prociderunt
1160 5496 1280 5541 ante
1305 5503 1517 5557 agnum,
1547 5489 1791 5544 habentes
1816 5508 1976 5546 unus-

410 5578 627 5647 quisque
667 5577 896 5631 citharas
932 5586 980 5630 et
1027 5575 1234 5646 phialas
1288 5593 1475 5632 aureas
1524 5576 1705 5647 plenas
1754 5580 1971 5644 incensi,

409 5684 528 5737 quo:
576 5682 695 5724 sunt
740 5670 998 5726 orationes
1033 5678 1353 5725 sanctorum.
1402 5669 1717 5742 Quanquam
1768 5682 1821 5727 ct
1856 5688 1973 5741 spc-

2089 4500 2300 4555 dicatur
2346 4499 2448 4555 iste
2488 4500 2671 4555 divino
2707 4500 2983 4569 sapientia:
3023 4508 3078 4556 et
3115 4500 3376 4567 scientiae,
3425 4503 3669 4557 nondum

2088 4589 2283 4662 legitur
2310 4590 2545 4663 Spiritus
2571 4600 2811 4647 sanctus.

2684 4682 2912 4738 CAPUT
2954 4682 3069 4739 XV.

2410 4769 2736 4842 Praeceptum
2759 4769 2824 4824 de
2849 4771 3085 4825 custodia
3108 4772 3332 4828 sabbati.

2152 4860 2379 4915 Locutus
2401 4869 2477 4915 est
2510 4860 2768 4915 Dominus
2796 4860 2866 4914 ad
2912 4858 3128 4931 Moysen
3164 4862 3340 4918 dicens
3364 4876 3384 4915 .'
3428 4861 3668 4935 Loquere

2078 4950 2205 5018 ﬁliis
2232 4959 2279 5004 et
2306 4950 2446 5004 dices
2474 4949 2542 5002 ad
2569 4965 2655 5003 eos
2698 4948 2867 5003 Israel
2889 4962 2908 5001 :
2960 4948 3134 5006 Videte
3173 4952 3447 5008 sabbatum
3488 4971 3667 5012 meum

2078 5038 2381 5095 custodiatis
2396 5079 2413 5105 ,
2441 5038 2565 5108 quia
2601 5039 2805 5109 signum
2829 5049 2903 5093 est
2926 5040 3060 5094 inter
3083 5058 3164 5096 me
3181 5052 3228 5097 et
3251 5060 3337 5098 vos
3358 5060 3413 5098 tn
3439 5061 3665 5116 genera-

2076 5129 2302 5184 tionibus
2329 5129 2532 5192 vestris,
2558 5138 2615 5181 ut
2654 5128 2828 5183 sciatis
2856 5129 2979 5200 quia
3009 5145 3101 5201 ego
3131 5129 3384 5187 Dominus
3416 5150 3508 5205 qut
3536 5152 3665 5190 sats-

2077 5220 2249 5288 ctiﬁco
2276 5235 2383 5273 vos.
2410 5216 2678 5272 Custodite
2701 5218 2992 5273 sabbatum.
3036 5218 3289 5275 Sanctum
3311 5232 3386 5277 est
3413 5223 3551 5278 enim
3572 5241 3663 5279 ao-

2082 5310 2180 5363 bis.
2215 5308 2319 5374 Qui
2340 5307 2581 5378 polluerit
2608 5308 2760 5376 illud,
2788 5318 2952 5364 morte
2976 5311 3246 5365 morietur.
3276 5312 3380 5380 Qui
3399 5313 3576 5384 fecerit
3601 5318 3662 5372 in

2080 5417 2141 5453 eo
2163 5416 2291 5469 opus
2309 5439 2323 5465 ,
2346 5399 2530 5469 peribit
2553 5400 2729 5455 anima
2754 5400 2896 5455 illius
2924 5401 2988 5455 de
3009 5402 3176 5456 medio
3203 5403 3381 5474 populi
3407 5408 3510 5460 sui.
3550 5405 3662 5463 Se;

2081 5491 2261 5544 diebus
2294 5490 2495 5562 facietis
2522 5507 2651 5562 opus
2670 5504 2691 5545 :
2718 5492 2773 5545 in
2800 5491 2884 5546 die
2908 5494 3143 5564 septimo,
3170 5495 3441 5551 sabbatum
3460 5507 3537 5551 est
3574 5515 3664 5555 re-

2079 5584 2224 5653 quies
2251 5592 2434 5637 sancta
2474 5583 2718 5637 Domino.
2753 5582 2937 5639 Omnis
2981 5586 3071 5656 qui
3110 5585 3284 5657 fecerit
3323 5605 3450 5658 opus
3472 5589 3527 5644 in
3553 5590 3660 5645 hac

2080 5675 2181 5739 die,
2212 5674 2477 5728 morietur.
2507 5672 2812 5731 Custodiam
2850 5675 2947 5743 ﬁlii
2977 5676 3145 5735 Israel
3177 5680 3468 5747 sabbatum,
3494 5693 3543 5736 et
3571 5698 3654 5738 ccc
