3956 6176
220 347 313 404 ‘22]

1142 345 1644 403 COMMENTAIIIA
1681 348 1746 404 IN
1786 347 2092 404 EXODUM.
2132 381 2201 391 --
2237 349 2365 405 LIB.
2408 351 2497 407 IV.

3366 356 3475 414 222

216 458 409 512 lebrent
438 454 575 509 illud
603 456 658 509 in
681 456 1093 525 generationibus
1130 460 1260 513 suis.
1302 459 1523 515 Pactum
1551 471 1625 516 est
1658 479 1795 515 sem-
1822 471 1876 526 Α
1898 477 1992 516 eos
2016 462 2086 517 ab
2120 463 2208 517 illa
2239 465 2533 520 intentione
2557 474 2851 521 revocaret.
2886 466 3107 522 Factum
3138 477 3317 526 tamen
3342 473 3474 530 illud

213 550 473 617 pitermtm
498 546 637 599 inter
674 562 754 598 me
779 555 825 599 et
848 545 985 613 ﬁlios
1024 546 1211 614 Israel,
1241 549 1447 619 signum
1469 561 1792 621 perpetuum.

217 638 321 693 Sea:
345 637 486 690 enim
509 635 696 688 diebus
720 635 841 702 fecit
876 635 1133 691 Dominus
1155 638 1340 692 caelum
1366 649 1413 692 et
1426 649 1641 704 terram,
1668 649 1717 694 et
1741 641 1798 695 in

212 729 429 798 septimo
443 727 509 780 ab
522 727 666 780 omni
681 742 832 794 opere
850 729 1065 782 cessavit
1080 728 1278 799 (Exod.
1304 729 1476 802 χχχι).
1492 728 1797 785 Notandum

212 820 355 875 enim
383 817 532 887 quod
578 817 635 870 in
688 814 1040 887 Septuaginta
1086 818 1175 874 hic
1222 820 1375 874 locus
1404 820 1476 874 ita
1525 821 1794 876 habetur.-

218 909 606 965 Testmcntum
643 910 700 962 in
725 916 974 962 a'ternum
1002 910 1057 963 in
1083 924 1165 964 me
1192 919 1240 963 et
1278 910 1407 979 ﬁliis
1435 909 1625 964 Israel.
1658 910 1797 978 Quid

214 1000 313 1058 sibi
339 1000 462 1053 vult
502 998 651 1067 quod
693 1013 816 1052 cum
850 998 917 1053 de
959 998 1183 1054 sabbato
1234 1000 1570 1055 observando
1614 1001 1798 1069 praeci-

215 1098 382 1160 peret,
413 1088 531 1143 ait:
557 1088 966 1143 Testamentum
997 1096 1081 1144 est
1109 1096 1369 1143 aeternum
1395 1089 1451 1144 in
1478 1105 1568 1145 me
1592 1099 1648 1144 et
1670 1090 1797 1146 ﬁliis

212 1180 369 1236 Israel
389 1182 415 1235 ἲ
436 1194 549 1234 non
576 1179 655 1234 ait
692 1179 835 1233 inter
855 1194 942 1234 me
964 1187 1021 1234 et
1040 1177 1179 1234 ﬁlios
1197 1179 1381 1246 Israel,
1406 1196 1476 1235 an
1505 1182 1631 1250 quia
1671 1183 1796 1236 sab-

212 1273 391 1327 batum
419 1271 670 1340 requiem
714 1270 1004 1341 signiﬁcat,
1047 1281 1103 1325 et
1129 1271 1341 1340 requies
1373 1273 1531 1327 nobis
1562 1288 1667 1327 non
1710 1283 1793 1328 est

212 1362 308 1417 nisi
340 1361 397 1415 in
430 1360 567 1415 illo?
613 1358 747 1414 Nam
792 1357 1032 1429 profecto
1080 1359 1220 1416 ﬁlios
1269 1359 1433 1416 Israel
1482 1362 1791 1416 universum

212 1450 466 1520 populum
497 1444 652 1513 dicit,
698 1449 754 1504 id
786 1457 890 1513 est,
940 1464 1120 1503 semen
1164 1449 1458 1514 Abraham,
1488 1461 1544 1505 et
1573 1448 1693 1518 ejus
1716 1450 1791 1504 ls-

212 1542 319 1596 rael
353 1541 656 1596 secundum
692 1554 908 1593 carnem
940 1546 996 1593 et
1021 1538 1314 1594 secundum
1339 1539 1610 1608 spiritum.
1652 1539 1789 1593 Nam

210 1632 254 1686 si
278 1632 451 1687 Israel
480 1646 592 1685 non
628 1639 777 1685 esset
822 1630 1080 1686 dicendus
1124 1630 1227 1685 nisi
1272 1646 1339 1685 ex
1365 1644 1562 1701 genere
1582 1630 1784 1695 carnis,

210 1739 312 1777 non
342 1723 557 1778 diceret
584 1721 906 1792 Apostolus:
964 1720 1143 1776 Videte
1166 1721 1335 1776 Israel
1363 1723 1646 1777 secundum
1671 1740 1787 1776 car-

1897 553 2072 622 ipsum
2100 554 2331 622 diﬁicile,
2356 565 2415 610 ut
2437 565 2581 612 esset
2606 573 2795 612 aurum
2824 559 2890 612 ad
2918 558 3217 613 faciendum
3249 562 3472 631 idolum,

1896 652 2115 713 propter
2152 659 2245 701 eos
2278 648 2571 701 notandum
2616 651 2820 717 putavi,
2865 649 2956 718 qui
2986 649 3395 716 contristantur,
3425 656 3472 709 si

1896 734 2024 803 quid
2051 735 2158 790 tale
2194 745 2413 807 propter
2436 739 2597 792 vitam
2637 748 2897 794 aeternam
2926 740 3182 795 divinitus
3218 742 3354 807 ﬁeri,
3383 746 3472 799 vel

1895 840 2050 895 asque
2075 828 2255 884 animo
2287 830 2515 886 tolerare
2537 833 2833 901 jubeantur
2857 851 2871 886 :
2911 832 3057 888 Sedit
3075 834 3296 905 populus
3323 854 3474 891 man-

1895 915 2089 970 ducare
2106 927 2154 971 et
2181 918 2351 973 bibere
2375 930 2423 973 et
2448 932 2784 976 surrexerunt
2815 923 3013 978 ludere.
3043 926 3181 981 Esus
3207 937 3473 997 potusque

1895 1005 1963 1059 ad
1998 1006 2173 1062 lusum
2201 1010 2410 1080 impulit
2436 1031 2449 1065 :
2481 1013 2630 1068 lusus
2657 1014 2725 1068 ad
2752 1015 3110 1070 idololatriam
3137 1017 3322 1082 traxit,
3345 1018 3471 1085 quia

1893 1097 1939 1151 si
1962 1098 2214 1154 vanitatis
2239 1101 2394 1171 culpa
2422 1119 2760 1173 nequaquam
2794 1113 2952 1160 caute
2997 1106 3375 1175 compescitur,
3403 1107 3472 1160 ab

1892 1187 2175 1258 iniquitate
2227 1194 2476 1261 protinus
2523 1211 2675 1249 mens
2710 1196 2921 1250 incauta
2974 1197 3279 1263 devoratur,
3312 1196 3469 1251 Salo-

1893 1295 2054 1334 mone
2079 1289 2368 1337 attestante
2397 1286 2523 1354 quia
2564 1287 2655 1356 qui
2684 1288 2889 1342 modica
2939 1290 3165 1357 spernit,
3204 1290 3461 1359 paulatim

1892 1369 2110 1425 decidit.
2158 1371 2217 1426 Si
2251 1374 2398 1428 enim
2431 1392 2626 1431 curare
2669 1392 2835 1446 parva
2881 1379 3200 1449 negligimus
3234 1381 3466 1435 insensi-

1890 1460 2073 1515 biliter
2093 1463 2324 1529 seducti,
2347 1467 2606 1521 audacter
2638 1469 2799 1521 etiam
2830 1467 3032 1536 majora
3059 1478 3464 1539 perpetramus:

1888 1550 2118 1607 Locutus
2145 1563 2220 1607 est
2245 1565 2419 1610 autem
2441 1557 2696 1613 Dominus
2721 1560 2790 1612 ad
2820 1559 3033 1630 Moysen
3061 1561 3272 1613 dicens:
3304 1558 3468 1625 Vade,

1886 1641 2137 1697 descende
2154 1658 2174 1696 :
2202 1648 2427 1715 peccavit
2450 1648 2670 1718 populus
2690 1659 2810 1704 tttus
2831 1667 2981 1720 quem
3003 1651 3227 1704 eduxisti
3246 1651 3309 1704 de
3329 1660 3469 1704 terra

1885 1733 2123 1803 JEgypti.
2155 1735 2493 1791 Recesserunt
2526 1738 2627 1792 cito
2671 1739 2734 1791 de
2763 1740 2844 1792 via
2869 1756 3026 1809 quant
3072 1740 3343 1793 ostendisti
3370 1740 3463 1791 eis.

211 1831 345 1868 nem.
384 1813 492 1869 Ubi
522 1813 766 1883 profecto
814 1814 1080 1884 signiﬁcat
1125 1830 1247 1869 esse
1294 1815 1460 1870 Israel
1495 1816 1787 1870 secundum
1818 1809 1862 1867 Β
1890 1822 2248 1894 Feceruntque
2273 1825 2370 1879 sibi
2394 1826 2610 1880 vitulum
2639 1828 2975 1897 conﬂatilem,
3003 1838 3050 1881 et
3082 1830 3459 1892 adoraverunt,

211 1904 484 1973 spiritum,
523 1904 618 1972 qui
660 1903 717 1957 in
746 1903 1060 1959 abscondito
1086 1903 1305 1959 Iudaeus
1328 1913 1432 1968 est,
1474 1913 1530 1960 et
1556 1905 1791 1959 circum-

212 1995 344 2049 cisio
369 1995 574 2049 cordis.
605 1993 699 2049 Sic
747 2010 877 2066 ergo
921 1994 1113 2051 melius
1151 1998 1382 2052 fortasse
1419 1997 1786 2068 distinguitur,

216 2092 597 2139 testamentum
622 2095 885 2140 aeternum
923 2087 978 2140 in
1008 2101 1113 2141 me.
1156 2086 1224 2141 Et
1270 2086 1394 2143 inde
1420 2088 1557 2143 alius
1598 2103 1789 2142 sensus

214 2175 306 2240 sit,
328 2184 383 2230 et
410 2174 556 2230 ﬁlius
576 2175 744 2230 Israel
779 2183 1032 2246 tanquam
1064 2177 1277 2248 signum
1296 2186 1580 2239 aeternum,
1608 2177 1662 2231 id
1682 2186 1785 2242 est,

211 2273 425 2321 reterns:
461 2267 542 2320 rei
583 2267 833 2336 signum:
878 2268 1146 2336 quomodo
1187 2278 1333 2337 petra
1375 2269 1476 2321 erit
1526 2266 1785 2332 Christus,

211 2355 335 2424 quia
376 2363 529 2424 petra
559 2353 902 2427 signiﬁcabat
939 2354 1235 2411 Christum.
1282 2354 1401 2411 Non
1429 2371 1559 2427 ergo
1590 2357 1663 2409 ita
1694 2372 1789 2409 un-

208 2452 469 2514 guentum
493 2452 577 2501 est
602 2454 982 2501 testamentum
1028 2440 1290 2501 aeternum
1333 2447 1388 2501 in
1426 2462 1513 2502 me
1553 2457 1611 2501 et
1658 2447 1787 2502 ﬁliis

206 2536 401 2602 Israel,
435 2544 688 2607 tanquam
712 2538 769 2593 in
810 2538 961 2605 Deo;
1008 2546 1065 2594 et
1108 2538 1234 2593 ﬁliis
1268 2537 1435 2593 Israel
1468 2539 1539 2593 sit
1576 2538 1679 2593 hoc
1702 2547 1785 2592 te-

207 2633 547 2679 stamentum
589 2634 848 2682 internum
878 2626 935 2682 in
968 2642 1078 2693 me,
1125 2627 1249 2697 quia
1295 2627 1349 2681 in
1403 2626 1495 2680 illo
1521 2626 1786 2697 promissa

206 2723 303 2768 est
333 2714 550 2783 requies
573 2724 788 2781 mterna,
818 2724 875 2772 et
902 2716 1028 2772 ﬁliis
1070 2716 1235 2772 Israel
1267 2717 1479 2787 signum
1519 2725 1601 2771 est
1628 2725 1788 2771 teter-

208 2819 382 2867 uum,
420 2805 543 2873 quia
587 2805 676 2860 ﬁlii
718 2806 886 2862 Israel
927 2816 1251 2879 acceperunt
1275 2808 1669 2864 observandum
1712 2807 1787 2861 si-

205 2912 383 2962 gnum
410 2911 518 2965 quo
548 2899 756 2968 requies
799 2899 1137 2970 signiﬁcatur
1174 2909 1400 2965 aeterna,
1439 2899 1582 2955 veris
1618 2898 1786 2952 Israe-

205 2987 350 3053 litis,
394 2988 499 3042 hoc
539 2998 642 3053 est,
686 2990 811 3045 ﬁliis
857 2991 1230 3061 promissionis
1277 2998 1332 3044 et
1366 2989 1567 3044 visuris
1612 2989 1782 3042 Deum

204 3079 354 3136 facie
382 3082 447 3135 ad
470 3078 661 3136 faciem
694 3082 852 3137 sicuti
880 3091 1000 3137 est:
1028 3082 1187 3137 Dedit
1208 3098 1411 3149 quoque
1447 3080 1619 3151 Moysi
1643 3096 1784 3134 com-

1888 1920 2043 1983 atque
2072 1913 2399 1968 immolantes
2438 1916 2487 1969 ei
2527 1915 2744 1980 hostias,
2762 1900 3029 1969 bdirerunt
3070 1930 3089 1968 :
3129 1915 3228 1969 Isti
3249 1924 3366 1969 sunt
3390 1916 3466 1969 dii

1888 2002 1964 2055 tui
2004 2002 2198 2067 Israel,
2243 2004 2332 2073 qui
2364 2004 2655 2058 eduxerunt
2696 2014 2744 2058 te
2772 2005 2836 2058 de
2863 2014 3001 2059 terra
3046 2005 3285 2075 Egypti.
3314 2004 3467 2059 Edi-

1886 2089 2050 2144 ﬁcare
2074 2091 2236 2145 etiam
2272 2092 2527 2145 lectorem
2556 2092 2711 2146 valde
2755 2091 2909 2160 juxta
2956 2093 3237 2147 historiam
3263 2101 3464 2162 potest,

1886 2180 1931 2235 si
1954 2182 2248 2249 perpendat
2282 2181 2552 2251 quomodo
2576 2181 2731 2236 bonis
2755 2183 3054 2237 rectoribus
3080 2184 3240 2236 mista
3282 2185 3372 2247 sit,
3409 2190 3467 2237 et

1885 2271 2102 2340 regendi
2150 2272 2444 2327 auctoritas
2483 2280 2540 2326 et
2575 2271 2875 2341 benignitas
2913 2271 3242 2327 consulendi.
3292 2273 3466 2326 Disci-

1883 2358 2029 2426 plina
2060 2360 2203 2413 enim
2240 2360 2328 2413 vel
2367 2359 2738 2414 misericordia
2769 2358 2995 2413 multum
3038 2361 3385 2423 destituetur,
3417 2361 3461 2413 si

1884 2463 1990 2501 una
2018 2448 2137 2502 sine
2156 2448 2325 2503 altera
2347 2457 2612 2504 teneatur.
2656 2447 2761 2503 Sed
2801 2448 2949 2503 circa
2975 2448 3221 2502 subditos
3252 2462 3380 2501 suos
3405 2448 3461 2501 in

1882 2550 2002 2591 esse
2026 2537 2328 2592 rectoribus
2355 2537 2533 2601 debet,
2561 2545 2617 2592 et
2648 2536 2794 2608 justa
2838 2535 3129 2592 consulens
3156 2536 3463 2591 misericor-

1883 2627 1994 2691 dia,
2011 2634 2066 2682 et
2084 2628 2171 2697 pia
2184 2628 2411 2683 sreviens
2430 2628 2732 2697 disciplina.
2746 2627 2947 2683 Intueri
2963 2642 3198 2698 namque
3216 2627 3351 2683 libet
3373 2628 3428 2681 in

1883 2717 2052 2790 Moysi
2084 2727 2303 2788 pectore
2344 2717 2767 2774 misericordiam
2806 2732 2929 2772 cum
2963 2718 3250 2773 severitate
3287 2716 3462 2772 socia-

1883 2818 2013 2865 tam.
2037 2812 2327 2866 Videamus
2346 2819 2638 2877 amantem,
2664 2811 2751 2880 pie
2774 2819 2833 2865 et
2856 2810 3102 2864 districts
3129 2809 3457 2863 saevientem.

1882 2899 2040 2955 Certe
2070 2916 2192 2955 cum
2220 2901 2547 2955 lsraeliticus
2574 2900 2801 2970 papulus
2825 2908 2952 2954 ante
2990 2899 3087 2953 Dei
3113 2897 3299 2952 oculos
3318 2911 3460 2966 pene

1883 2990 2266 3045 inveniabilem
2306 2990 2667 3045 contraxisset
2702 2988 2984 3053 offensam,
3024 2987 3097 3041 ita
3139 2998 3199 3039 ut
3225 2987 3341 3056 ejus
3367 2999 3458 3039 rc-

1886 3090 2007 3135 ctor
2030 3080 2261 3145 audiret,
2292 3079 2578 3144 Descende,
2616 3077 2840 3149 peccauit
2875 3076 3095 3147 populus
3137 3087 3259 3129 tuus
3278 3092 3297 3139 ;
3320 3089 3384 3128 ac
3411 3075 3458 3129 si

202 3168 366 3237 pletis
387 3170 742 3238 hujuscemodi
762 3171 1085 3226 sermonibus
1105 3172 1161 3224 in
1181 3141 1353 3225 monte
1374 3141 1686 3226 Sinaivduas
1709 3180 1784 3223 ta-
1811 3141 1855 3204 δ
1886 3171 1936 3225 ei
1963 3170 2144 3225 divina
2168 3141 2275 3224 vos
2302 3169 2527 3234 diceret,
2561 3141 2685 3238 quia
2720 3167 2775 3221 in
2825 3141 3247 3237 tale-peccatum
3278 3166 3462 3235 lapsus

202 3257 364 3311 bulas
376 3259 649 3313 testimonii
662 3259 917 3330 lapideas,
928 3260 1146 3331 scriptas
1162 3261 1324 3330 digito
1338 3260 1457 3315 Dei.
1488 3260 1596 3331 (Ea:
1609 3261 1788 3330 Augu-

199 3347 393 3415 stino.)
417 3347 551 3403 Cum
578 3357 686 3403 tam
724 3349 892 3404 multa
932 3350 1142 3406 locutus
1164 3352 1234 3405 sit
1262 3351 1427 3415 Deus,
1458 3351 1577 3405 dum
1606 3359 1785 3405 tamen

201 3436 408 3491 tabula:
435 3437 628 3492 dantur
660 3437 828 3509 Moysi
868 3439 1109 3509 lapideas,
1141 3455 1261 3508 quae
1298 3440 1551 3494 dicuntur
1590 3438 1786 3494 tabula:

203 3526 527 3581 testimonii.
569 3527 780 3597 Figura:
808 3529 861 3582 in
892 3544 1037 3592 arca,
1088 3530 1341 3584 nimirum
1369 3530 1550 3583 omnia
1579 3537 1776 3584 cmtera

201 3633 325 3687 quae
373 3619 625 3687 praecepit
662 3619 804 3674 Deus
831 3636 898 3675 ex
944 3620 1050 3674 illis
1093 3620 1278 3674 decem
1323 3620 1624 3689 praeceptis,
1654 3634 1780 3688 qua:

204 3708 420 3762 duabus
462 3708 655 3763 tabulis
683 3711 987 3780 conscripta
1022 3718 1164 3773 sunt,
1209 3708 1445 3779 pendere
1474 3709 1784 3778 intelligun-

204 3810 319 3866 tur,
354 3801 397 3853 si
439 3800 720 3871 diligenter
744 3809 1071 3872 quterantur,
1114 3810 1171 3855 et
1205 3802 1344 3856 bene
1388 3799 1777 3870 intelligantur,

198 3889 481 3959 quomodo
505 3891 617 3945 haec
647 3891 761 3960 ipsa
797 3907 986 3946 rursus
1013 3892 1200 3947 decem
1224 3898 1517 3960 praecepta,
1556 3902 1620 3943 ex
1646 3889 1782 3944 duo-

198 3983 297 4037 bus
327 3981 463 4045 illis,
496 3981 777 4039 dilectione
811 3984 1019 4040 scilicet
1045 3984 1142 4040 Dei
1187 3991 1243 4040 et
1287 3982 1535 4053 proximi,
1579 3982 1633 4037 in
1663 3982 1783 4052 qui-

196 4070 296 4125 bus
328 4080 443 4126 tota
481 4070 563 4126 lex
589 4073 784 4141 pendet
802 4081 860 4129 et
892 4075 1185 4144 prophetae.

786 4163 1012 4221 CAPUT
1039 4164 1178 4220 XVI.

199 4252 709 4323 Detransgressione
739 4253 919 4309 Aaron
950 4254 1006 4308 in
1043 4254 1386 4325 fornicatione
1429 4251 1582 4307 vituli
1606 4253 1775 4306 aurei.

277 4343 477 4397 Fidens
512 4352 685 4396 autem
713 4342 934 4413 populus
953 4343 1093 4413 quod
1131 4359 1330 4397 moram
1356 4342 1546 4412 faceret
1569 4341 1781 4395 descen-

1884 3265 1988 3324 est,
2023 3257 2138 3327 jam
2171 3272 2327 3313 meus
2353 3272 2461 3312 non
2502 3267 2614 3323 est;
2644 3263 2807 3325 atque
2831 3256 3212 3327 subjungeret:
3246 3254 3461 3308 Dimitte

1883 3364 1985 3413 me,
2007 3357 2064 3402 ut
2088 3349 2351 3403 irascatur
2375 3348 2525 3418 furor
2544 3362 2688 3400 meus
2725 3355 2907 3401 contra
2929 3363 3035 3411 eos,
3058 3356 3107 3401 et
3127 3345 3329 3400 deleant
3351 3363 3459 3411 eos,

1885 3439 2179 3508 (aciamque
2206 3448 2256 3493 te
2279 3440 2334 3492 in
2358 3447 2558 3509 gentem
2582 3452 2856 3506 magnam;
2873 3436 2966 3490 ille
2994 3435 3161 3491 semel
3184 3443 3240 3490 et
3261 3436 3455 3490 iterum
3540 3486 3561 3505 χ

1882 3542 1983 3598 pro
2010 3527 2207 3598 populo
2232 3527 2319 3582 cui
2350 3535 2605 3596 prmerat,
2644 3527 2854 3581 obicem
2888 3540 2947 3580 se
2971 3526 3039 3579 ad
3065 3525 3324 3593 impetum
3362 3524 3457 3579 Dei

1882 3622 2171 3677 irascentis
2192 3632 2468 3687 opponens
2489 3616 2600 3671 ait:
2625 3618 2730 3670 Ant
2757 3616 2961 3669 dimitte
2979 3616 3054 3669 eis
3086 3616 3221 3669 hanc
3244 3630 3455 3680 noxam,

1882 3719 1972 3764 aut
2006 3710 2051 3763 si
2075 3724 2179 3762 non
2208 3707 2366 3777 facis,
2385 3704 2498 3759 dele
2516 3722 2599 3759 me
2623 3706 2688 3759 de
2714 3705 2845 3759 libro
2868 3717 2958 3758 tuo
2995 3721 3147 3776 quem
3181 3705 3455 3773 scripsisti.

1879 3799 2178 3855 Pensemus
2207 3795 2406 3866 quibus
2434 3795 2733 3850 visceribus
2756 3793 3002 3851 eumdem
3027 3793 3284 3864 populum
3311 3809 3458 3847 ama-

1879 3892 1979 3957 vit,
2017 3906 2116 3962 pro
2135 3887 2289 3957 cujus
2311 3889 2421 3943 vita
2450 3888 2516 3944 de
2544 3888 2680 3943 libro
2707 3888 2830 3942 vitae
2857 3886 3022 3941 deleri
3061 3901 3119 3942 se
3147 3886 3319 3955 petiit.
3353 3884 3460 3941 Sed

1881 3994 2061 4042 tamen
2095 3986 2198 4040 iste
2233 3985 2324 4055 qui
2379 3991 2530 4039 tanto
2566 3981 2684 4051 ejus
2725 3983 2906 4054 p0puli
2958 3997 3143 4039 amore
3187 3982 3455 4037 constrin-

1879 4079 2045 4149 gitur,
2077 4084 2269 4133 contra
2296 4075 2412 4143 ejus
2434 4075 2619 4144 culpas
2657 4089 2967 4144 pensemus,
2995 4081 3199 4142 quanto
3224 4072 3341 4127 zelo
3370 4085 3458 4125 re-

1878 4168 2158 4224 ctitudinis
2179 4167 2528 4221 accendatur.
2576 4164 2698 4217 Mox
2723 4164 2924 4219 etenim
2969 4163 3227 4231 petitione
3270 4161 3460 4228 prima:

1878 4259 2049 4328 culpae
2092 4258 2304 4313 veniam
2350 4269 2417 4308 ne
2447 4254 2755 4309 delerentur
2787 4251 3062 4306 obtinuit:
3107 4250 3173 4303 ad
3209 4249 3457 4302 eumdem

1880 4349 2133 4421 populum
2161 4347 2384 4401 veniens
2403 4344 2481 4398 ait
2505 4361 2518 4397 :
2553 4342 2727 4396 Ponat
2748 4342 2829 4395 vir
2848 4340 3084 4410 gladium
3108 4354 3263 4408 super
3284 4338 3461 4406 femur

200 4432 352 4486 deudi
380 4432 449 4484 de
471 4441 641 4486 monte
673 4431 901 4502 Moyses,
936 4442 1277 4503 congregatus
1312 4431 1561 4486 adversus
1602 4430 1781 4483 Aaron
1804 4467 1857 4528 D
1880 4456 2054 4493 suum,
2092 4437 2174 4491 ιιε
2200 4446 2247 4489 ει
2279 4434 2443 4488 redite
2483 4434 2549 4487 de
2584 4441 2735 4503 porta
2773 4429 3093 4528 quisque.“
3136 4436 3340 4528 partem
3366 4444 3468 4497 per-

197 4524 305 4575 cit:
330 4521 508 4591 Surge
531 4522 619 4591 [ac
651 4523 797 4577 nobis
838 4524 961 4577 deos
990 4523 1080 4594 qui
1118 4539 1211 4578 nos
1247 4523 1563 4593 prtrcedant.
1607 4522 1779 4592 Moysi

195 4612 325 4665 enim
354 4612 486 4665 huic
503 4612 632 4677 viro,
656 4613 745 4681 qui
777 4629 870 4667 nos
894 4613 1073 4668 eduxit
1099 4614 1164 4667 de
1187 4624 1328 4668 terra
1366 4613 1604 4684 rEgypti,
1631 4613 1781 4682 igno-

196 4719 369 4756 ramus
389 4702 522 4773 quid
551 4703 822 4757 acciderit.
858 4704 1107 4775 Dixitque
1129 4705 1197 4758 ad
1218 4721 1305 4758 eos
1343 4706 1521 4758 Aaron
1541 4716 1560 4753 :
1592 4690 1778 4756 Tollite

194 4792 402 4848 inaures
456 4809 646 4847 aureas
691 4793 757 4847 de
809 4810 1032 4848 uxorum
1084 4794 1414 4866 ﬁliorumque
1449 4803 1495 4848 et
1540 4791 1776 4861 ﬁliarum

192 4894 485 4937 vestrarum
522 4883 759 4947 auribus,
810 4893 859 4938 et
908 4884 1090 4954 aﬂ'erte
1125 4885 1195 4938 ad
1232 4901 1332 4939 me.
1369 4883 1516 4939 Fecit
1553 4884 1778 4956 papulus

190 4988 307 5041 qua
322 4972 598 5041 jusserat,
628 4972 867 5041 deferam
902 4974 1112 5028 inaures
1144 4974 1215 5028 ad
1245 4975 1443 5029 Aaron.
1485 4976 1629 5042 Quas
1657 4993 1777 5031 cum

186 5060 277 5114 ille
307 5065 591 5133 accepisset
612 5066 855 5134 [amavit
879 5083 1032 5136 opere
1050 5066 1251 5137 fusorio
1278 5077 1325 5122 et
1365 5069 1485 5138 fecit
1511 5086 1576 5124 ex
1602 5071 1677 5124 eis
1706 5070 1781 5124 ri-

188 5152 363 5207 tulatm
391 5153 759 5223 conﬂatilem;
798 5156 1178 5227 dixeruntque:
1229 5156 1301 5210 Hi
1339 5168 1459 5213 sunt
1490 5158 1564 5213 dii
1587 5157 1779 5223 tui,Is-

186 5245 425 5315 nel,qui
438 5256 488 5300 te
498 5246 792 5300 eduxerunt
807 5247 1023 5301 deterra
1040 5247 1114 5302 1E
1117 5250 1278 5320 gypti.
1315 5249 1468 5315 Quod
1486 5267 1603 5305 cum
1624 5252 1781 5307 vidis-

181 5346 260 5388 set
282 5337 488 5402 Aaron,
514 5337 799 5405 wdiﬂcarit
817 5336 985 5392 altare
1003 5355 1180 5392 coram
1199 5355 1282 5404 eo,
1306 5349 1356 5393 et
1374 5342 1629 5409 praeconis
1656 5358 1776 5396 voce

182 5423 433 5479 sumsit
445 5426 624 5480 dicens
638 5442 657 5480 :
670 5424 802 5480 Cras
816 5426 1115 5482 solemnitas
1131 5427 1342 5483 Domini
1354 5438 1453 5494 est,
1466 5430 1774 5501 etc.(Ea:od.

180 5514 381 5586 xxx").
398 5515 554 5583 Quod
571 5515 917 5584 jubetAaron
931 5516 1147 5572 inaures
1167 5517 1309 5572 demi
1328 5517 1397 5571 ab
1408 5518 1630 5573 auribus
1648 5533 1777 5572 uxo-

182 5620 308 5660 rum
320 5615 483 5677 atque
494 5607 752 5672 ﬁliarum,
764 5607 906 5663 unde
929 5607 1032 5663 illis
1042 5607 1407 5674 faceretdeos,
1422 5623 1525 5663 non
1549 5608 1780 5663 absurde

186 5702 507 5775 intelligitur
534 5704 770 5760 didit-ilia
798 5705 1091 5776 prmcipere
1127 5703 1381 5770 voluisse,
1407 5711 1466 5759 ut
1492 5703 1595 5759 hoc
1622 5702 1780 5757 modo

1886 4527 2117 4582 medium
2145 4533 2459 4587 castrorum,
2479 4531 2526 4576 et
2555 4518 2756 4574 occidat
2787 4517 3136 4588 unusquisque
3158 4514 3373 4584 fratrem
3407 4525 3457 4568 et

1884 4618 2109 4672 amicum
2136 4625 2184 4670 et
2210 4614 2507 4686 proximum
2530 4627 2704 4665 suum.
2730 4607 3141 4677 Cecideruntqtte
3169 4606 3223 4659 in
3252 4604 3336 4658 die
3360 4605 3455 4659 illa

1879 4708 2030 4778 quasi
2076 4704 2256 4775 viginti
2298 4703 2401 4757 tria
2447 4701 2613 4756 millia
2648 4700 2934 4755 hominum.
3000 4698 3141 4754 Ecce
3170 4697 3263 4766 qui
3291 4696 3463 4752 vitam.

1880 4799 2119 4855 omnium
2148 4796 2312 4851 etiam
2351 4810 2474 4850 cum
2517 4808 2614 4848 sua
2648 4800 2822 4847 morte
2849 4790 3024 4860 petiit,
3056 4804 3353 4860 paucon
3374 4789 3455 4842 vi-

1883 4898 1990 4944 tam
2036 4887 2215 4959 gladio
2272 4884 2553 4941 exstinxit.
2603 4882 2753 4937 Intus
2803 4882 2940 4936 arsit
2972 4880 3185 4952 ignibus
3229 4880 3465 4945 amoris,

1878 4979 2011 5036 foris
2037 4993 2297 5034 accensus
2323 4986 2407 5032 est
2433 4976 2549 5033 zelo
2574 4974 2896 5031 severitatis.
2938 4972 3112 5027 Tanta
3136 4971 3235 5026 fuit
3258 4972 3459 5043 pietas,

1879 5080 1941 5126 ut
1965 5086 2026 5127 se
2051 5086 2151 5140 pro
2176 5070 2284 5125 illis
2309 5083 2495 5124 coram
2525 5067 2754 5121 Domino
2784 5065 2943 5120 morti
2978 5063 3174 5119 oﬁ'erre
3219 5079 3325 5118 non
3355 5063 3456 5117 du-

1879 5163 2105 5227 bitaret;
2134 5168 2283 5215 tanta
2319 5159 2601 5224 severitas,
2627 5166 2690 5212 ut
2711 5173 2806 5213 eos
2845 5172 2980 5226 quos
3003 5156 3261 5211 divinitus
3287 5153 3455 5209 ferire

1883 5254 2157 5316 timuerat,
2204 5252 2319 5321 ipse
2339 5249 2529 5319 judicii
2556 5250 2734 5321 gladio
2759 5249 2967 5304 feriret.
3014 5247 3106 5303 Sic
3132 5244 3333 5301 amavit
3357 5256 3455 5296 eos

1878 5343 2073 5413 quibus
2108 5340 2343 5410 praefuit,
2386 5350 2447 5396 ut
2495 5356 2594 5410 pro
2631 5342 2711 5396 eis
2758 5354 2858 5395 nec
2907 5337 3010 5393 sibi
3051 5342 3341 5408 parceret;
3395 5338 3452 5384 et

1878 5442 2058 5488 tamen
2099 5431 2471 5500 delinquentes
2510 5431 2591 5485 sic
2619 5438 2933 5501 persecutus
2956 5436 3039 5483 est
3065 5441 3201 5495 quos
3226 5420 3450 5482 amavit.

1878 5532 1939 5577 ut
1965 5538 2060 5577 eos
2086 5521 2250 5576 etiam
2298 5521 2530 5577 Domino
2570 5529 2827 5590 parcente
2867 5522 3268 5589 prosterneret:
3298 5519 3450 5565 utro.

1880 5611 2045 5680 hique
2072 5610 2280 5679 legatus
2326 5609 2502 5673 fortis,
2530 5610 2816 5680 utrobique
2862 5607 3126 5661 mediator
3166 5600 3446 5667 mirabilis,

1881 5715 2097 5756 causam
2117 5699 2294 5770 populi
2324 5700 2465 5769 apud
2494 5700 2777 5754 Dominum
2806 5693 3071 5765 precibus,
3104 5707 3320 5749 causam
3353 5692 3449 5749 Dei
