3956 6176
421 359 526 414 925

1088 352 1152 407 Β.
1190 349 1443 406 RABANI
1483 347 1701 407 MAURI
1739 346 2060 403 ARCHIEP.
2104 346 2418 409 MOGUNT.
2462 350 2750 407 OPERUM
2786 348 2989 405 PARS.
3030 348 3073 403 l.

3568 348 3681 402 Ξὶᾶ

423 485 454 525 a
475 468 673 540 populo
700 466 910 538 sladiis
951 464 1245 530 alienaVil;
1282 464 1428 518 ίιιῐιιε
1461 477 1651 517 amans
1687 462 1881 517 divina:
1906 460 2000 514 ira!
2027 460 2079 520 A
2103 464 2318 530 dicitur,
2342 481 2464 520 cum
2488 464 2684 519 multos
2714 478 2856 533 stupe
2883 463 3137 517 resistere
3163 461 3419 530 exemplis
3447 464 3695 518 exis-ten-

424 559 776 631 supplicando
801 556 1030 621 obstitit,
1078 555 1211 610 foris
1251 555 1478 610 saeviens
1504 553 1714 623 culpam
1761 549 2003 604 feriendo

423 653 807 722 consumpsit,
875 666 1200 705 succurrens
1261 649 1422 705 citius
1479 648 1730 703 omnibus
1786 653 2005 700 ostensa

427 754 602 800 morte
636 757 951 812 paucorum.
993 741 1059 794 Et
1098 741 1302 796 idcirco
1347 739 1692 808 omnipotens
1730 736 1875 791 Deus
1925 734 2007 788 fa-

427 832 631 887 mulum
667 847 823 886 suum
868 831 1029 886 citius
1054 830 1330 884 exaudivit
1371 837 1618 899 agentem
1663 843 1761 898 pro
1785 825 2002 895 populo,

430 922 556 991 quia
581 922 715 975 vidit
747 921 888 990 quod
930 936 1093 989 super
1135 920 1391 989 populum
1437 925 1658 973 acturus
1704 924 1850 972 esset
1893 916 2007 985 ipse

428 1026 530 1080 pro
553 1012 682 1064 Deo.
712 1009 769 1063 In
801 1009 1059 1080 regimine
1086 1024 1216 1079 ergo
1258 1008 1437 1078 populi
1466 1015 1756 1075 utrumque
1798 1006 2009 1076 Moyses

431 1100 669 1159 miscuit.
700 1106 759 1152 ut
788 1114 888 1152 nec
904 1086 1199 1168 disciplina
1224 1099 1436 1154 deesset
1476 1096 1883 1160 misericordiae,
1909 1110 2010 1149 nec

431 1191 804 1245 misericordia
844 1190 1162 1259 disciplinae.

1005 1299 1229 1355 CAPUT
1267 1299 1429 1354 XVII.

428 1389 510 1445 De
533 1408 591 1461 eo
615 1391 754 1461 quod
786 1391 990 1460 Moyses
1024 1390 1300 1444 Dominum
1342 1392 1542 1443 iratum
1561 1390 1753 1460 popqu
1776 1408 1869 1461 pro
1899 1393 2013 1444 ido-

502 1460 736 1530 lolatria,
789 1461 1025 1530 precibus
1084 1461 1373 1530 mitigavit,
1432 1470 1479 1513 et
1537 1461 1601 1514 de
1652 1460 2015 1530 objurgatione

502 1529 702 1583 Aaron.

504 1640 832 1712 Rursumque
866 1640 938 1694 ait
980 1640 1235 1694 Dominus
1279 1641 1348 1694 ad
1381 1641 1638 1710 Moysen:
1670 1640 1836 1695 Cerno
1876 1643 2016 1713 quod

431 1730 654 1801 populus
678 1733 770 1784 iste
788 1732 938 1785 dura:
965 1731 1173 1785 cervicis
1203 1731 1293 1795 sit,
1317 1731 1517 1784 dimitte
1538 1746 1637 1795 me,
1669 1740 1723 1784 ut
1758 1731 2018 1784 irascatur

432 1825 586 1894 furor
611 1841 753 1878 meus
781 1834 966 1877 contra
1000 1840 1106 1888 eos,
1132 1832 1178 1876 et
1206 1821 1406 1876 deleam
1437 1840 1543 1889 eos,
1576 1824 1871 1893 faciamque
1894 1824 2020 1877 tein

433 1930 635 1982 gentem
690 1931 969 1984 magnam;
1019 1912 1225 1983 Moyses
1277 1923 1451 1967 autem
1496 1915 1679 1968 orabat
1734 1913 2020 1968 Dominum

434 2004 602 2057 Deum
631 2023 783 2059 suum
810 2005 986 2059 dicens
1010 2019 1028 2056 :
1050 2004 1174 2069 Cur,
1204 2005 1442 2065 Domine,
1469 2006 1689 2059 iracitur
1714 2006 1865 2073 furor
1901 2017 2021 2061 tuus

435 2102 617 2145 contra
640 2090 889 2163 populum
911 2102 1083 2159 tuum,
1099 2110 1250 2163 quem
1276 2094 1503 2147 eduxisti
1522 2095 1587 2149 de
1606 2103 1747 2149 terra
1772 2095 2019 2167 Egypti,

433 2183 490 2236 in
515 2182 824 2251 fortitudine
859 2199 1070 2253 magna,
1092 2192 1139 2236 et
1165 2185 1221 2236 in
1238 2200 1397 2237 manu
1424 2184 1633 2238 robusta
1648 2185 1673 2237 ?
1695 2183 1797 2249 Ne,
1820 2201 2018 2256 qua'so,

435 2275 612 2330 dicant
653 2275 925 2345 Egyptii:
954 2274 1157 2329 Callide
1180 2276 1360 2330 eduxit
1391 2293 1497 2339 eos,
1535 2285 1591 2329 ut
1626 2276 1939 2346 interﬁceret
1966 2278 2023 2331 in

435 2364 721 2429 montibus,
771 2373 820 2417 et
871 2363 1066 2418 deleret
1116 2365 1181 2418 de
1228 2373 1389 2431 terra,
1428 2375 1533 2419 etc.
1574 2365 1772 2435 (Exod.
1821 2366 2021 2438 xxxii).

440 2452 643 2507 Omnes
673 2454 847 2508 sancti
876 2454 967 2522 qui
993 2454 1089 2509 ira;
1114 2455 1209 2508 Dei
1233 2455 1471 2519 obviant,
1494 2455 1564 2509 ab
1579 2455 1705 2524 ipso
1731 2455 2021 2525 accipiunt,

438 2551 717 2599 utcontra
766 2545 1023 2614 impetum
1076 2546 1441 2614 percussionis
1496 2545 1614 2615 ejus
1664 2556 2022 2616 opponantur,

440 2644 604 2703 atque
632 2643 691 2688 ut
733 2634 810 2689 ita
856 2633 1108 2699 dixerim,
1156 2650 1280 2690 cum
1312 2636 1427 2705 ipso
1456 2652 1514 2691 se
1562 2636 1778 2706 erigunt
1824 2644 2012 2691 contra

441 2723 639 2792 ipsum,
667 2738 870 2793 eosque
897 2725 980 2779 vis
1028 2722 1211 2778 divina
1239 2725 1341 2779 sibi
1387 2726 1608 2796 Opponit
1660 2742 1864 2792 secum,
1896 2728 2022 2796 quia

440 2811 495 2867 in
522 2827 589 2866 eo
616 2814 758 2882 quod
808 2814 1095 2869 adversum
1131 2815 1403 2871 saevientis
1434 2817 1568 2870 iram
1616 2816 1749 2871 foris
1776 2818 2023 2887 opponit,

440 2901 588 2956 intus
614 2916 711 2957 eos
737 2903 909 2971 gratia
941 2903 1226 2959 irascentis
1263 2905 1431 2971 fovet,
1462 2915 1517 2961 et
1568 2907 1894 2963 famulantes
1943 2909 2026 2963 in-

440 2992 611 3047 terius
638 2992 800 3058 levat,
824 3008 960 3062 quos
982 2995 1135 3063 quasi
1167 2996 1516 3052 adversantes
1537 3000 1777 3054 exterius
1808 3000 2020 3055 tolerat.

439 3078 630 3135 Portat
678 3096 807 3148 ergo
850 3091 1036 3137 contra
1087 3084 1377 3139 dictionem
1424 3088 1831 3157 deprecantium
1860 3106 2022 3159 quam

2103 555 2249 609 tibus
2275 555 2711 610 demonstratur?
2741 553 2847 607 Sed
2892 553 2938 606 si
2981 550 3253 607 subtiliter
3290 560 3346 606 et
3390 552 3530 606 beati
3579 550 3689 606 Job

2101 646 2337 714 eloquia,
2361 654 2417 699 et
2444 645 2657 699 illorum
2689 642 2833 698 facta
2859 657 3166 712 pensamus,
3191 650 3246 696 et
3271 657 3458 696 verum
3487 658 3692 712 cogno-

2104 735 2325 798 scimus,
2363 735 2491 803 quia
2543 734 2738 788 divinze
2777 726 3005 786 irainou
3055 731 3345 797 resistitur,
3391 740 3446 787 et
3475 747 3691 798 verum,

2104 824 2229 893 quia
2267 823 2422 877 multi
2449 838 2592 891 smpe
2632 822 2969 876 restiterunt.
3019 819 3263 889 Namque
3289 819 3530 890 plerique
3566 836 3699 875 san-

2058 936 2063 949 π
2104 922 2316 967 ctorum
2367 912 2460 966 ira:
2505 910 2717 964 Domini
2774 909 2914 963 sicut
2961 907 3385 978 uniuscujusque
3437 909 3696 978 superius

2105 1003 2237 1056 ordo
2262 1009 2514 1055 narratur
2538 1000 2772 1064 edocuit,
2827 999 3081 1053 resistere
3122 998 3438 1068 probantur.
3489 998 3697 1052 Rcsisti

2108 1099 2288 1145 autem
2315 1091 2410 1144 ira:
2432 1089 2526 1145 Dei
2552 1104 2659 1143 non
2680 1096 2881 1158 potest,
2913 1086 3067 1155 cujus
3091 1087 3209 1157 ejus
3239 1086 3536 1157 indignatio
3562 1103 3692 1142 sese

2108 1182 2258 1235 utita
2287 1181 2538 1245 dixerim,
2580 1179 2887 1235 medullitus
2913 1186 3112 1234 movet.
3154 1178 3285 1245 Quae
3309 1179 3436 1233 dum
3478 1193 3536 1234 se
3577 1195 3702 1233 mo-

2110 1279 2218 1335 vet,
2248 1271 2389 1325 hanc
2421 1269 2684 1339 oppositio
2704 1268 2939 1323 humana
2962 1283 3067 1322 non
3095 1268 3311 1332 retinet,
3340 1284 3441 1322 nec
3467 1284 3526 1322 se
3551 1269 3705 1322 utili-

2112 1372 2195 1418 ter
2219 1362 2505 1431 cujuslibet
2528 1361 2836 1431 deprecatio
2860 1359 3071 1428 objicit,
3102 1375 3225 1415 cum
3249 1360 3416 1414 semel
3447 1361 3586 1414 Deus
3627 1360 3705 1413 ab

2115 1453 2319 1507 intimis
2354 1452 2637 1507 irascendo
2663 1451 2916 1519 disponit.
2946 1450 3082 1505 Hinc
3106 1458 3189 1504 est
3210 1450 3353 1504 enim
3380 1449 3522 1518 quod
3546 1449 3709 1521 Moy-

2115 1556 2203 1595 ses
2232 1541 2324 1609 qui
2377 1548 2589 1594 reatum
2628 1539 2795 1593 totius
2831 1538 3003 1607 plebis
3052 1536 3195 1608 apud
3241 1539 3523 1593 Dominum
3571 1553 3708 1608 pre-

2115 1629 2270 1683 cibus
2298 1628 2469 1690 tersit,
2503 1628 2738 1695 tiumque
2766 1641 2824 1680 se
2851 1626 3059 1680 obicem
3085 1625 3300 1691 obtulit,
3345 1626 3541 1681 divinae
3586 1628 3705 1680 ira—

2118 1720 2328 1775 cundiae
2352 1718 2460 1772 vim
2490 1717 2743 1788 placavit,
2781 1716 2849 1771 ad
2884 1723 3095 1785 petram
3146 1715 3289 1771 Oreb
3327 1716 3575 1781 veniens,
3602 1731 3717 1786 pro

2052 1800 2094 1857 Β
2123 1824 2276 1878 aqua:
2323 1806 2654 1863 exhibitione
2698 1805 2963 1871 diﬂidens,
3018 1805 3454 1875 repromissionis
3499 1816 3713 1859 terram

2122 1898 2329 1969 ingredi
2351 1897 2577 1952 Domino
2597 1896 2863 1951 irascente
2886 1911 2990 1949 non
3007 1895 3201 1965 potuit.
3243 1894 3359 1949 Hac
3383 1895 3449 1949 de
3477 1911 3535 1949 re
3558 1909 3715 1965 saepe

2122 1987 2383 2042 accedens
2405 1986 2675 2057 afﬂigitur,
2724 2001 2866 2055 saepe
2895 1986 3161 2041 desiderio
3188 2001 3248 2041 se
3274 1987 3543 2041 excitante
3586 1998 3717 2040 tur-

2120 2080 2303 2145 batur,
2334 2091 2389 2135 et
2415 2080 2691 2150 disposita:
2720 2079 2941 2134 ultionis
2982 2079 3322 2135 iracundiam
3369 2080 3631 2150 repellere
3676 2096 3710 2134 a

2122 2171 2418 2241 semetipso
2442 2184 2553 2224 non
2582 2171 2771 2235 valuit,
2798 2170 2889 2240 qui
2923 2170 3062 2225 hanc
3084 2169 3297 2226 volente
3332 2172 3563 2227 Domino
3590 2183 3651 2226 et
3683 2189 3716 2227 a

2122 2263 2319 2333 p0pulo
2392 2263 2615 2318 amovit.
2669 2262 2810 2317 Hine
2856 2262 3024 2317 David
3078 2262 3204 2331 quia
3231 2271 3503 2333 prostrata
3551 2263 3719 2332 plebe

2119 2354 2463 2424 postmodum
2510 2354 2684 2424 angeli
2732 2353 2966 2425 gladium
2988 2368 3151 2422 prece
3178 2354 3531 2423 compescuit,
3555 2354 3720 2424 prius

2121 2444 2345 2513 plorans
2389 2453 2446 2498 et
2494 2444 2707 2514 ejulaus
2757 2444 2918 2498 nudis
2964 2443 3193 2513 pedibus
3245 2443 3414 2498 tilium
3463 2442 3617 2514 fugit,
3658 2452 3720 2498 et

2123 2549 2403 2604 quousque
2443 2535 2740 2605 perpetrati
2779 2533 3034 2589 facinoris
3079 2534 3339 2589 ultionem
3380 2534 3446 2587 ad
3486 2534 3719 2602 plenum

2125 2625 2394 2693 reciperet
2420 2625 2557 2679 iram
2579 2623 2675 2678 Dei
2719 2639 3060 2694 nequaquam
3091 2625 3261 2679 valuit
3287 2639 3386 2694 pro
3417 2624 3719 2693 semetipso

2128 2724 2451 2784 temperare.
2484 2714 2620 2770 Hinc
2658 2715 2824 2779 Elias,
2878 2716 2980 2770 etsi
3007 2725 3067 2769 ut
3093 2716 3257 2770 homo
3278 2730 3469 2785 parum
3504 2714 3721 2783 aliquid

2125 2809 2282 2878 quasi
2309 2809 2375 2863 de
2415 2809 2597 2863 divina
2625 2807 3092 2862 animadversione
3119 2808 3364 2870 sentiret,
3408 2807 3497 2876 qui
3539 2807 3727 2862 verbo

2126 2898 2293 2954 malos
2332 2899 2566 2969 aperuit,
2603 2908 2727 2953 ante
2754 2898 3178 2969 indignationem
3217 2896 3459 2951 mulieris
3484 2896 3729 2951 territus

2080 2992 2084 2997 ’
2126 3004 2224 3057 per
2248 2988 2521 3042 desertum
2550 2987 2687 3058 fugit
2731 2996 2787 3043 et
2815 3003 2915 3057 pro
2964 2988 3259 3056 semetipso
3287 2986 3589 3041 inﬁrmatus
3625 2996 3725 3042 est

2128 3080 2183 3132 in
2216 3078 2584 3142 formidinem,
2614 3078 2706 3148 qui
2750 3077 2986 3133 furorem
3015 3077 3110 3132 Dei
3140 3077 3319 3146 placat
3357 3076 3475 3130 aliis
3501 3091 3599 3146 per
3628 3077 3727 3131 in-

442 3171 668 3239 aspirat,
699 3179 755 3224 et
773 3171 920 3224 velut
959 3172 1161 3227 nolenti
1197 3137 1513 3242 imponitur:
1552 3179 1692 3245 quod
1725 3180 1793 3233 ab
1816 3137 1934 3250 ipso
1965 3190 2021 3236 ut

2132 3168 2543 3222 terventionem.
2586 3168 2682 3221 Irae
2723 3168 2887 3237 igitur
2924 3167 3019 3221 Dei
3065 3167 3245 3222 resisti
3282 3167 3445 3232 valet,
3488 3168 3723 3235 quando

446 3260 568 3321 ﬁat,
595 3260 906 3327 imperatur.
942 3260 1109 3330 Moysi
1155 3264 1355 3317 etenim
1394 3264 1563 3319 dicit:
1598 3266 1812 3322 Dimitte
1838 3288 1936 3337 me,
1967 3282 2023 3325 ut

440 3347 705 3401 irascatur
723 3347 874 3415 furor
901 3365 1045 3403 mens
1071 3362 1251 3405 contra
1276 3369 1383 3418 eos,
1414 3354 1710 3427 faciamque
1736 3369 1783 3412 te
1817 3361 1871 3414 in
1896 3377 2023 3430 θεη-

443 3447 543 3490 tem
568 3454 833 3508 magnam.
866 3440 1005 3506 Quid
1037 3451 1119 3497 est
1143 3459 1300 3499 servo
1330 3447 1531 3513 dicere,
1566 3448 1778 3504 Dimitte
1798 3469 1898 3517 me,
1922 3455 2025 3509 nisi

444 3527 766 3596 deprecandi
795 3546 985 3586 ausum
1025 3536 1302 3604 przehere?
1330 3555 1394 3593 ac
1430 3541 1473 3594 si
1507 3542 1556 3594 ei
1600 3551 1787 3612 aperte
1814 3544 2024 3600 dicere-

445 3625 570 3670 tur:
610 3617 783 3674 Pensa
833 3630 1094 3691 quantum
1123 3627 1262 3695 apud
1298 3643 1386 3683 me
1412 3629 1613 3696 valeas,
1663 3641 1719 3686 et
1762 3649 2027 3703 cognosce

448 3709 574 3776 quia
603 3710 847 3767 obtinere
875 3715 1079 3782 poteris
1122 3716 1382 3787 quidquid
1424 3736 1525 3789 pro
1558 3722 1756 3791 populo
1806 3739 2020 3781 exoras.

449 3800 556 3855 Sed
584 3800 710 3856 dum
742 3802 856 3860 haec
894 3805 968 3859 ita
998 3808 1124 3873 sint,
1163 3809 1340 3864 minus
1366 3810 1594 3880 legentis
1623 3814 1861 3870 animum
1907 3833 2026 3872 mo-

444 3898 554 3953 vet,
596 3893 725 3960 quid
751 3903 837 3947 est
869 3896 1011 3964 quod
1039 3908 1259 3952 econtra
1291 3899 1343 3952 in
1370 3899 1512 3954 beati
1548 3900 1648 3957 Job
1677 3904 1900 3959 historia
1931 3922 2028 3976 per

446 3980 695 4034 eumdem
723 3992 966 4038 sanctum
998 3985 1173 4040 virum
1200 3987 1400 4042 dicitur
1417 4007 1429 4041 :
1447 3989 1588 4044 Deus
1613 3992 1765 4061 cujus
1789 3996 2027 4050 resistere

444 4069 540 4125 ira:
569 4088 718 4127 nemo
752 4076 964 4143 potest?
1011 4075 1151 4148 (Job.
1184 4077 1285 4148 rx.)
1325 4079 1518 4134 Mirum
1552 4082 1706 4138 valde
1742 4094 1845 4152 est,
1885 4088 2026 4155 quod

446 4160 541 4215 ira:
569 4161 665 4217 Dei
693 4163 872 4220 nullus
919 4182 1077 4237 posse
1105 4168 1358 4225 resistere
1399 4169 1620 4239 dicitur,
1672 4188 1795 4228 cum
1832 4177 2029 4233 multos

448 4251 800 4324 indignationi
829 4272 1073 4329 superna:
1119 4260 1603 4320 animadversionis
1644 4265 1892 4324 obviasse
1918 4269 2029 4325 elo-

428 4344 573 4410 .quia
603 4346 787 4403 divina
824 4356 1112 4405 testantur.
1141 4350 1222 4406 An
1253 4368 1359 4409 non
1392 4353 1485 4409 ira:
1514 4355 1609 4410 Dei
1640 4356 1781 4413 idem
1820 4358 2028 4431 Moyses

447 4433 670 4501 restitit,
698 4437 791 4505 qui
817 4454 916 4508 pro
943 4442 1172 4497 cadente
1217 4442 1415 4513 populo
1457 4455 1692 4512 erectus,
1734 4447 1909 4519 ipsum
1939 4468 2030 4507 su-

446 4535 630 4590 pernae
652 4527 1016 4592 percussionis
1061 4530 1343 4597 impetum,
1385 4536 1575 4589 mortis
1618 4551 1728 4591 sue
1757 4540 2028 4597 oblatione

451 4613 737 4666 restrinxit
772 4615 996 4672 dicens:
1036 4616 1252 4672 Dimitte
1300 4620 1406 4675 illis
1446 4623 1583 4677 hanc
1616 4641 1848 4680 noxam:
1896 4629 2030 4683 alio-

447 4701 575 4769 quin
595 4700 708 4756 dele
728 4720 807 4757 me
831 4704 896 4759 de
918 4705 1050 4761 libro
1078 4724 1229 4777 quem
1256 4711 1549 4779 scripsisti?
1567 4713 1648 4767 An
1679 4731 1786 4769 non
1813 4717 1907 4772 irin
1933 4717 2029 4773 Dei

448 4792 629 4847 Aaron
657 4794 879 4859 restitit,
909 4810 1029 4851 cum
1066 4798 1207 4853 inter
1228 4798 1473 4855 viventes
1511 4817 1576 4857 ac
1601 4814 1863 4872 mortuos,
1900 4809 2027 4862 thu-

451 4882 687 4939 ribulum
733 4886 982 4955 sumpsit,
1015 4894 1176 4957 atque
1213 4885 1697 4949 animadversionis
1726 4894 1900 4965 ignem
1948 4898 2030 4952 in-

451 4974 599 5028 censi
654 4973 801 5030 fumo
839 4978 1198 5047 temperavit?
1245 4978 1326 5032 An
1376 4995 1481 5034 non
1530 4979 1762 5039 Phinees
1810 4984 1905 5041 ira:
1932 4988 2027 5043 Dei

451 5062 668 5129 restitit,
700 5065 792 5134 qui
819 5065 1152 5121 luxuriantes
1183 5082 1304 5122 cum
1327 5069 1641 5140 alienigenis
1667 5073 1722 5128 in
1747 5075 1861 5145 ipso
1882 5077 2028 5132 coitu

450 5153 747 5220 trucidans,
792 5155 968 5212 zelum
1010 5171 1165 5211 suum
1197 5158 1390 5213 divinis
1424 5160 1775 5232 indignationi
1813 5167 2027 5232 obtulit,

449 5257 505 5301 et
531 5245 764 5303 furorem
795 5247 972 5321 gladio
995 5248 1270 5318 placavit?
1315 5250 1397 5305 An
1438 5268 1541 5306 non
1592 5253 1761 5311 David
1809 5257 1903 5312 ira:
1932 5257 2029 5313 Dei

452 5337 673 5402 restitit,
704 5339 797 5411 qui
828 5341 1018 5412 angelo
1063 5342 1275 5401 ferienti
1322 5361 1381 5401 se
1408 5345 1660 5412 oll‘erens,
1707 5348 2030 5419 placationis

451 5427 680 5496 gratiam
707 5438 760 5486 et
799 5441 923 5486 ante
947 5441 1157 5504 tempus
1189 5436 1523 5505 propositqu
1556 5440 1774 5509 exegit?
1805 5440 1888 5496 At.
1918 5458 2028 5498 non

452 5511 599 5570 Eiias
628 5516 723 5574 ira:
746 5516 843 5575 Dei
887 5520 1105 5588 restitit,
1136 5524 1228 5591 qui
1267 5523 1426 5595 longo
1449 5526 1563 5596 jam
1594 5534 1837 5598 tempore
1870 5538 2029 5586 terra:

456 5604 645 5671 aridae,
679 5609 972 5667 subductas
992 5612 1059 5668 de
1082 5613 1222 5670 ctelo
1264 5615 1474 5685 pluvias
1520 5617 1685 5672 verbo
1709 5622 2030 5676 revocavit?

457 5695 734 5762 Quomodo
762 5704 925 5774 igitur
950 5707 1145 5766 divina:
1194 5708 1289 5765 ira:
1324 5709 1527 5765 nullum
1566 5726 1725 5781 posse
1774 5713 2028 5770 resistere

2129 3261 2243 3328 ipse
2271 3259 2362 3328 qui
2394 3258 2564 3313 iratus
2589 3266 2690 3322 est,
2720 3258 3033 3329 opitulatur,
3065 3268 3119 3312 et
3151 3259 3330 3313 resisti
3356 3259 3574 3313 omnino
3601 3274 3725 3313 non

2128 3347 2290 3408 valet,
2339 3347 2557 3416 quando
2604 3363 2664 3402 se
2711 3348 2778 3403 ad
2825 3348 3191 3403 ulciscendum
3236 3348 3455 3413 excitat,
3505 3356 3561 3402 et
3595 3348 3726 3417 ipse

2126 3454 2346 3508 precem
2370 3453 2490 3508 qua:
2521 3438 2572 3493 ei
2612 3438 2877 3504 funditur,
2907 3454 3015 3494 non
3042 3447 3306 3508 acceptat.
3355 3436 3607 3493 Placatus
3639 3450 3726 3493 est

2127 3529 2385 3583 Dominus
2430 3547 2492 3583 ne
2522 3530 2713 3599 faceret
2748 3528 2947 3583 malum
3009 3529 3148 3601 quod
3174 3529 3378 3583 locutus
3416 3530 3586 3598 fuerat
3614 3531 3727 3583 ad-

2127 3637 2301 3674 versus
2326 3618 2572 3690 populum
2600 3636 2775 3673 suum.
2813 3619 2937 3675 Sive
2956 3620 3110 3690 juxta
3137 3619 3238 3673 alia
3262 3619 3610 3689 exemplaria,
3646 3619 3725 3675 Et

2125 3710 2434 3780 prapitiatus
2460 3719 2535 3762 est
2561 3708 2817 3763 Dominus
2858 3709 2923 3763 de
2958 3709 3163 3763 malitia
3190 3726 3344 3780 quam
3381 3709 3516 3763 dixit
3538 3710 3724 3779 facere

2126 3801 2315 3871 populo
2335 3817 2453 3855 suo.
2483 3799 2737 3853 Malitiam
2769 3800 2857 3854 hic
2882 3815 3096 3870 ptenam
3126 3800 3350 3871 intelligi
3382 3800 3571 3865 voluit,
3598 3801 3717 3857 sic-

2127 3893 2205 3947 uti
2242 3900 2326 3947 est
2364 3891 2629 3946 aestimata
2670 3891 2875 3945 malitia
2900 3892 3077 3946 exitus
3123 3891 3355 3945 illorum.
3403 3890 3715 3946 Secundum

2126 3989 2267 4042 hanc
2283 3987 2502 4051 dicitur,
2514 3995 2568 4040 et
2588 3985 2785 4039 bonum
2803 3995 2857 4040 et
2880 3985 3081 4039 malum
3102 4002 3133 4039 a
3147 3985 3277 4050 Deo,
3298 4000 3401 4039 non
3415 3984 3717 4040 secundum

2126 4079 2409 4144 malitiam,
2422 4094 2542 4148 qua:
2556 4078 2802 4132 homines
2814 4077 2938 4132 mali
2953 4086 3097 4132 sunt.
3114 4076 3436 4132 Malusenim
3448 4076 3591 4132 Deus
3605 4094 3716 4133 non

2126 4181 2228 4237 est,
2255 4172 2347 4226 sed
2370 4170 2525 4225 malis
2546 4170 2743 4241 ingerit
2766 4169 2907 4223 mala
2933 4170 3060 4239 quia
3083 4170 3288 4240 justum
3318 4178 3421 4225 est.
3452 4169 3519 4223 Et
3546 4186 3719 4223 rever-

2125 4281 2214 4318 sus
2242 4272 2315 4317 est
2339 4263 2545 4333 Moyses
2574 4261 2639 4315 de
2659 4271 2853 4326 monte,
2896 4273 3113 4333 portans
3154 4261 3287 4317 duas
3324 4262 3531 4316 tabulas
3564 4263 3719 4315 testi-

2126 4353 2288 4409 monii
2333 4369 2494 4407 manu
2547 4351 2644 4405 Dei
2695 4352 2919 4422 scriptas
2953 4368 3018 4407 ea:
3055 4363 3275 4424 utraque
3323 4364 3491 4425 parte,
3541 4354 3716 4424 factas

2130 4462 2281 4518 opere
2323 4444 2439 4499 Dei.
2476 4443 2710 4514 Cumque
2748 4445 3209 4515 appropinquasset
3244 4446 3315 4499 ad
3341 4455 3536 4510 castra,
3585 4446 3717 4500 vidit

2046 4505 2107 4567 Β
2130 4505 2355 4589 vitulum
2400 4544 2450 4589 et
2480 4505 2975 4606 choros;irdtusque
3006 4505 3173 4600 valde,
3209 4535 3426 4605 projecit
3464 4505 3533 4589 de.
3553 4552 3717 4589 manu

2130 4624 2335 4680 tabulas
2363 4635 2411 4679 et
2442 4625 2696 4697 confregit
2718 4641 2806 4679 eas
2828 4625 2897 4678 ad
2920 4625 3149 4679 radicem
3171 4627 3377 4679 montis.
3401 4625 3575 4681 Iratus
3600 4628 3717 4697 qui-

2131 4714 2251 4769 dem
2286 4716 2494 4787 Moyses
2544 4717 2759 4771 vitletur
2805 4715 3016 4771 tabulas
3064 4716 3357 4771 testimonii
3399 4716 3565 4787 digito
3617 4716 3716 4771 Dei

2132 4808 2385 4878 scriptas,
2409 4809 2676 4863 collisisse
2701 4819 2863 4877 atque
2890 4808 3147 4880 fregisse:
3177 4823 3370 4878 magno
3396 4816 3573 4861 tamen
3602 4821 3719 4878 my-

2132 4898 2300 4952 sterio
2335 4898 2565 4968 figurata
2595 4907 2679 4953 est
2726 4899 2941 4953 iteratio
2973 4900 3304 4963 testamenti,
3341 4898 3596 4968 quoniam
3626 4915 3720 4954 ve-

2129 4996 2219 5043 tus
2270 4987 2450 5043 fuerat
2499 4989 2843 5053 abolendum,
2903 4997 2957 5044 et
2993 4991 3430 5061 constituendum
3488 5006 3713 5045 novum.

2128 5081 2499 5152 Arripiensque
2525 5080 2741 5135 vitulum
2768 5098 2917 5152 quem
2944 5082 3195 5151 fecerant,
3224 5082 3503 5136 combussit
3528 5091 3575 5135 et
3596 5097 3721 5135 con-

2128 5171 2267 5224 trivit
2295 5187 2456 5241 usque
2485 5172 2553 5225 ad
2579 5172 2860 5242 pulverem,
2892 5188 3044 5243 quem
3068 5175 3261 5243 sparsit
3286 5173 3339 5226 in
3378 5189 3515 5243 aqua
3539 5181 3589 5226 et
3622 5172 3717 5225 de-

2129 5260 2204 5313 dit
2236 5277 2300 5315 ea:
2325 5278 2386 5315 eo
2408 5271 2588 5332 potum
2625 5262 2750 5331 [iliis
2784 5261 2975 5316 Israel.
3018 5261 3123 5317 Sed
3152 5263 3280 5331 quid
3317 5262 3419 5317 sibi
3449 5262 3579 5316 velit
3606 5262 3716 5317 iste

2130 5352 2353 5418 vitulus,
2384 5369 2542 5423 quem
2574 5354 2818 5410 fecerunt
2849 5355 2944 5409 ﬁlii
2973 5355 3139 5411 Israel
3170 5357 3225 5409 in
3268 5354 3579 5422 solitudine,
3622 5355 3717 5411 vel

2130 5444 2260 5514 quid
2311 5444 2580 5515 signiticet
2630 5446 2773 5515 quod
2821 5444 3032 5515 Moyses
3082 5446 3257 5516 ipsum
3316 5446 3540 5499 vitulum
3597 5445 3716 5515 igni

2130 5535 2426 5590 combussit
2455 5576 2469 5601 ,
2504 5537 2914 5605 minutatimque
2971 5538 3243 5603 concidit,
3293 5546 3348 5592 et
3397 5539 3451 5591 in
3512 5553 3714 5607 aquam

2129 5640 2418 5697 aspergens
2448 5635 2630 5695 potum
2661 5625 2856 5697 populo
2878 5627 3055 5683 dedit?
3094 5627 3151 5682 Si
3171 5629 3313 5683 enim
3335 5628 3542 5683 tabulas
3574 5643 3716 5697 quas

2131 5715 2297 5787 digito
2319 5715 2433 5782 Dei,
2463 5714 2564 5772 hoc
2589 5725 2674 5771 est
2691 5717 3005 5786 operatione
3031 5718 3265 5789 Spiritus
3286 5720 3458 5776 sancti
3479 5719 3717 5790 scriptas
