3956 6176
294 249 405 305 2'35

1257 247 1755 307 COMMENTARIA
1796 250 1862 306 IN
1902 250 2219 316 EXODUM.
2260 290 2327 299 —
2362 258 2493 343 LIB.
2535 258 2627 313 IV.

3467 267 3575 326 ἥδ

295 368 603 433 acceperat,
635 361 769 415 ideo
795 358 972 430 fregit,
1003 358 1129 428 quia
1172 360 1420 430 indignos
1452 379 1549 418 eos
1573 363 1771 433 quibus
1794 377 1890 418 eas
1914 366 1965 427 Α
1992 364 2139 438 fecit,
2170 370 2273 441 ipsi
2297 340 2482 427 Aaron
2519 370 2807 434 tribuatur,
2848 373 2990 440 quod
3015 373 3097 429 eis
3129 340 3482 434 consenserat
3502 380 3574 435 ad

296 457 521 526 legeret,
541 451 832 521 judicavit.
865 451 923 505 Si
950 451 1184 521 denique
1206 453 1275 507 ab
1303 453 1383 508 eis
1404 453 1495 509 ille
1517 454 1719 510 vitulus
1745 454 1893 524 peni-

298 557 384 601 tus
441 545 776 609 aboleretur,
836 543 1077 598 incendit
1121 553 1178 598 et
1234 545 1510 612 contrivit,
1562 554 1618 601 et
1647 547 1702 600 in
1750 560 1890 615 aqua

296 636 501 707 sparsit
531 643 699 704 atque
733 633 1045 697 submersit,
1078 641 1138 688 ut
1184 635 1315 704 quid
1358 644 1415 691 et
1454 645 1643 705 potum
1688 637 1755 691 de
1785 636 1890 691 hoc

295 726 495 796 popqu
517 722 711 780 dedit?
737 722 908 789 Quem
935 737 1040 777 non
1070 724 1274 778 excitet
1295 724 1499 779 factum
1522 724 1626 780 hoc
1653 726 1720 780 ad
1746 740 1891 795 quae-

298 817 524 873 rcndam
565 823 623 870 et
668 813 1070 884 intelligendam
1116 816 1492 885 propheticam
1545 816 1889 885 significatio-

296 924 418 963 nem
445 908 470 960 ?
522 906 793 962 Occurrat
847 921 977 977 ergo
1018 904 1133 974 jam
1172 907 1394 963 intentis
1440 909 1731 975 mentibus,
1762 911 1889 979 quia

295 997 497 1053 diaboli
529 1011 729 1066 corpus
751 994 1089 1066 signiﬁcatur
1113 996 1169 1050 in
1213 996 1404 1063 vitulo,
1443 996 1498 1051 id
1526 1006 1612 1053 cst
1638 998 1887 1054 homines

296 1091 350 1145 in
379 1091 640 1146 omnibus
667 1088 920 1159 gentibus
953 1090 1154 1159 quibus
1200 1091 1267 1146 ad
1307 1091 1423 1146 haec
1450 1093 1746 1163 sacrilegia
1791 1109 1885 1149 ca-

292 1191 413 1251 put,
454 1183 560 1237 hoc
603 1188 690 1236 est
737 1189 947 1247 auctor,
998 1181 1278 1237 diabolus:
1318 1198 1542 1239 aureum
1577 1195 1882 1257 pr0pterea,

293 1274 424 1344 quia
447 1273 707 1329 videntur
731 1272 1051 1330 idololatriae
1089 1274 1247 1342 ritus,
1294 1276 1439 1332 velut
1470 1292 1502 1332 a
1550 1280 1887 1349 sapientibus

294 1365 553 1419 instituti.
586 1365 663 1419 De
691 1366 887 1434 quibus
915 1366 989 1421 ita
1028 1366 1357 1437 Apostolus:
1404 1369 1667 1435 Quoniam
1696 1389 1885 1443 cogno-

289 1466 491 1509 scentes
517 1455 701 1519 Deum,
727 1473 831 1509 non
850 1457 983 1510 sicut
1010 1456 1176 1511 Deum
1207 1458 1629 1529 gloriﬁcaverunt
1649 1473 1740 1516 aut
1758 1479 1883 1533 gra-

292 1546 393 1598 tias
419 1554 661 1615 egerunt,
691 1544 782 1598 sed
818 1556 1142 1599 evanuerunt
1168 1548 1224 1600 in
1265 1549 1688 1618 cogitationibus,
1714 1563 1761 1605 et
1794 1551 1885 1606 ob-

290 1646 565 1691 scuratum
601 1645 679 1691 est
722 1636 972 1706 insipiens
1007 1653 1098 1691 cor
1136 1654 1315 1693 eorum
1342 1639 1607 1694 :dicentes
1648 1644 1787 1697 enim
1828 1660 1884 1697 se

1990 462 2300 519 faciendum
2323 463 2468 534 quod
2500 463 2638 517 male
2660 462 2985 532 petiverant.
3016 464 3182 536 Magis
3201 468 3345 522 enim
3366 469 3570 526 dictum

1990 560 2094 617 est,
2146 552 2415 623 spoliavit,
2467 551 2553 607 vel
2603 552 2888 621 dissipavit
2931 567 3026 609 eos
3077 556 3281 622 Aaron,
3315 561 3572 627 quoniam

1992 641 2156 696 cessit
2200 641 2301 707 eis,
2328 656 2488 711 quam
2540 640 2940 713 dissipaverunt
2974 659 3034 699 se
3057 645 3193 715 ipsi,
3221 648 3315 718 qui
3362 655 3569 703 tantum

1992 730 2193 785 malum
2214 729 2613 802 ﬂagitaverunt.

2557 844 2784 901 CAPUT
2819 847 3004 926 XVIII.

1990 951 2069 1008 De
2122 953 2504 1032 ultionefacta
2542 956 2616 1032 in_
2637 956 2990 1032 idololatras;
3015 959 3179 1031 deque
3207 977 3266 1015 eo
3296 963 3436 1032 quod
3462 961 3571 1018 Da-

2060 1024 2234 1079 minus
2261 1024 2409 1096 jubet
2443 1024 2616 1095 Moysi
2650 1027 2899 1096 populum
2928 1024 3118 1084 ducere
3153 1032 3208 1085 in
3243 1024 3441 1087 terram
3491 1050 3570 1087 re-

2063 1095 2445 1218 promissionis,
2495 1106 2544 1149 et
2580 1101 2645 1151 de
2681 1095 2936 1169 abnegato
2965 1116 3061 1155 suo
3087 1116 3203 1155 cum
3239 1103 3355 1172 ejus
3389 1113 3570 1158 trans-

2060 1181 2077 1218 :
2105 1181 2159 1218 u.

2063 1277 2131 1331 Et
2167 1288 2313 1333 stans
2362 1279 2427 1346 in,
2467 1289 2620 1350 porta
2671 1290 2963 1336 castrorum
2986 1283 3060 1337 ait
3087 1296 3107 1335 :
3132 1283 3196 1340 Si
3220 1286 3338 1356 quis
3364 1297 3439 1361 es;
3460 1285 3571 1340 Do-

1989 1366 2121 1420 mini
2165 1367 2433 1439 jungatur
2516 1369 2664 1424 mih‘i.
2709 1370 3121 1444 Congregatique
3173 1384 3293 1429 sunt
3331 1376 3402 1429 ad
3450 1392 3569 1430 eum

1987 1454 2089 1523 ﬁlii
2110 1455 2254 1522 Levi,
2280 1457 2468 1528 quibus
2486 1457 2593 1513 ait:
2610 1457 2740 1514 Ila-c
2759 1461 2887 1514 dicit
2910 1461 3169 1517 Dominus
3191 1463 3333 1517 Deus
3359 1464 3531 1518 Israel
3550 1480 3569 1516 :

1989 1542 2166 1600 Ponat
2194 1549 2276 1602 uir
2296 1548 2533 1618 gladium
2556 1566 2717 1621 super
2739 1552 2911 1620 femur
2934 1568 3110 1606 suum.
3140 1552 3223 1607 Ite
3247 1564 3295 1608 et
3322 1554 3482 1609 redite
3506 1556 3574 1609 de

1987 1647 2140 1704 porta
2165 1653 2329 1709 usque
2353 1639 2425 1692 ad
2457 1649 2663 1708 portam
2686 1658 2781 1711 per
2806 1642 3036 1696 medium
3067 1652 3382 1708 castrorum,
3411 1653 3460 1698 et
3483 1661 3572 1698 oc-

290 1746 398 1783 εεεε
424 1728 713 1797 sapientes,
752 1726 901 1781 stulti
939 1726 1069 1796 facti
1105 1737 1247 1794 sunt,
1270 1738 1318 1782 et
1341 1729 1744 1786 immutarem":
1773 1732 1886 1802 glo-
1912 1743 1959 1801 Β
1989 1726 2131 1779 cidat
2172 1729 2524 1799 unusquisque
2559 1729 2777 1798 fratrem
2822 1739 2870 1784 et
2904 1732 3130 1786 amicum
3176 1742 3226 1787 et
3272 1735 3570 1804 proximum

291 1819 421 1870 riam
470 1816 885 1887 incorruptibilis
928 1816 1046 1883 Dei,
1095 1818 1152 1871 in
1200 1818 1596 1874 similitudinem
1638 1821 1882 1892 imaginis

289 1908 643 1978 corruptibilis
684 1908 933 1974 hominis,
984 1918 1034 1962 et
1079 1908 1370 1975 volucrum,
1396 1922 1444 1965 et
1482 1914 1883 1984 quadrupedum

292 2008 339 2052 et
384 1999 707 2068 serpentium
761 1995 932 2069 (Rom.
976 1999 1039 2068 l).
1081 1998 1161 2052 Ex
1208 2000 1311 2053 hac
1359 2015 1576 2071 quoque
1613 1994 1882 2071 sapientia

291 2086 389 2141 iste
428 2087 636 2141 vitulus
688 2101 910 2152 aureus,
968 2086 1149 2157 qualia
1199 2089 1448 2144 solebant
1503 2090 1883 2162 IEgyptiorum

286 2178 448 2233 etiam
482 2178 591 2248 ipsi
618 2178 902 2248 primates,
926 2186 1187 2248 tauquam
1215 2180 1359 2235 docti
1380 2181 1632 2238 homines
1655 2185 1882 2240 adorare

284 2246 559 2338 ﬁgmenta.
619 2246 741 2322 hoc
787 2246 1124 2339 ergo'vitulo
1173 2269 1535 2339 significatum
1584 2279 1669 2327 est
1721 2287 1883 2327 omne

281 2373 501 2428 corpus,
543 2358 603 2413 id
630 2367 736 2424 est,
769 2358 948 2414 omnis
978 2360 1210 2416 societas
1253 2361 1532 2431 gentilium
1563 2362 1880 2420 idololatria:

284 2449 643 2524 deditorum:
690 2449 832 2504 hanc
883 2450 1202 2520 sacrilegam
1253 2451 1569 2508 societatem
1619 2454 1881 2511 Dominus

289 2541 384 2595 illo
402 2541 528 2609 igne
552 2540 840 2605 comburit,
872 2541 939 2596 de
964 2556 1073 2611 quo
1095 2541 1148 2594 in
1176 2540 1470 2613 Evangelio
1494 2543 1627 2599 dicit
1652 2561 1666 2598 :
1693 2543 1875 2615 Ignem

290 2632 407 2685 veni
435 2632 641 2685 mittere
676 2632 733 2684 in
758 2640 976 2686 terram.
1025 2632 1095 2686 Et
1123 2632 1379 2702 quoniam
1425 2648 1530 2688 non
1572 2643 1657 2690 est
1684 2635 1775 2705 qui
1820 2650 1879 2689 se

282 2721 593 2777 abscondat
617 2736 645 2775 a
672 2721 843 2778 calore
865 2721 984 2791 ejus
1004 2764 1019 2788 ,
1045 2723 1173 2778 dum
1196 2723 1249 2778 in
1271 2738 1395 2778 eum
1415 2725 1643 2779 credunt
1669 2732 1874 2796 gentes,

278 2812 405 2884 igne
435 2812 660 2867 virtutis
682 2811 819 2881 ejus,
853 2812 1117 2868 diabolica
1171 2813 1227 2868 in
1273 2814 1353 2869 eis
1401 2813 1576 2869 forma
1626 2815 1874 2871 solvitur.

278 2902 473 2959 Totum
513 2903 712 2958 deinde
739 2918 939 2974 corpus
967 2903 1098 2958 illud
1143 2904 1552 2970 comminuitur,
1581 2904 1637 2960 id
1664 2912 1768 2972 est,
1808 2907 1877 2962 ab

276 2994 363 3049 illa
388 2994 551 3050 malae
588 2993 1006 3064 conspirationis
1050 2992 1373 3049 conﬂatione
1408 2994 1719 3062 discissum,
1756 3011 1878 3051 ver-

1983 1832 2157 1870 suum.
2200 1815 2560 1889 Feceruntque
2583 1820 2683 1888 ﬁlii
2709 1820 2830 1875 Levi
2849 1822 3010 1890 juxta
3052 1839 3344 1879 sermonem
3374 1816 3569 1895 Moysi,

1985 1916 2041 1963 et
2063 1908 2292 1978 reliqua.
2323 1909 2457 1965 Cum
2502 1910 2713 1982 Moyses
2759 1914 2895 1968 dicit
2934 1913 3001 1968 ad
3030 1915 3338 1983 Dominum,
3373 1915 3594 1978 Precor,

1982 1999 2207 2068 peccauit
2234 1999 2456 2069 populus
2484 2001 2580 2055 iste
2601 2013 2871 2070 peccatum
2907 2021 3159 2075 magnum
3181 2047 3197 2073 ,
3243 2016 3292 2060 et
3334 2007 3568 2077 fecerunt

1983 2089 2084 2143 sibi
2110 2090 2234 2143 deos
2262 2107 2473 2146 aureos.
2503 2091 2573 2145 Et
2596 2108 2736 2146 nunc
2761 2094 2807 2147 si
2831 2095 3042 2165 quidem
3078 2097 3295 2151 remittis
3321 2096 3427 2150 illis
3451 2114 3570 2167 pec-

1983 2186 2158 2231 catum
2193 2176 2428 2243 illorum,
2461 2181 2664 2234 remitte
2689 2193 2708 2231 :
2734 2182 2816 2236 sin
2841 2193 3015 2237 autem
3043 2224 3057 2249 ,
3098 2183 3214 2238 dele
3236 2201 3318 2238 me
3341 2185 3407 2241 de
3431 2184 3568 2240 libro

1983 2274 2092 2329 tuo,
2123 2282 2274 2337 quem
2301 2269 2577 2338 scripsisti.
2618 2268 2856 2326 Securus
2899 2272 3115 2341 quidem
3147 2274 3251 2329 hoc
3283 2275 3453 2341 dixit,
3506 2284 3567 2330 ut

1982 2371 2014 2410 a
2051 2359 2512 2426 consequentibus
2555 2360 2902 2416 ratiocinatio
2930 2362 3286 2418 concludatur
3312 2405 3327 2429 ,
3360 2365 3415 2423 id
3439 2374 3523 2420 est
3547 2406 3564 2431 ,

1982 2455 2041 2501 ut
2069 2449 2197 2519 quia
2230 2448 2375 2504 Deus
2409 2449 2632 2521 Moysen
2661 2466 2766 2506 non
2795 2451 3004 2507 deleret
3026 2454 3093 2508 de
3134 2454 3275 2511 libro
3303 2470 3434 2522 suo,
3465 2472 3566 2527 po-

1980 2539 2107 2609 pulo
2162 2550 2446 2609 peccatum
2491 2541 2621 2597 illud
2663 2543 2984 2598 remitteret.
3029 2544 3413 2603 Verumtamen
3464 2551 3568 2604 ad-

1968 2631 2302 2685 vertendum
2330 2640 2416 2686 est
2441 2640 2705 2701 quantum
2736 2631 2935 2687 malum
2965 2634 3019 2688 in
3051 2634 3144 2689 illo
3178 2644 3402 2705 peccato
3441 2653 3567 2707 per-

1981 2722 2221 2789 spexerit
2243 2720 2476 2792 Moyses,
2499 2723 2642 2791 quod
2674 2730 2824 2778 tanta
2857 2723 3002 2778 cmde
3028 2725 3321 2781 crediderit
3342 2728 3566 2796 expian-

1982 2809 2109 2863 dum
2136 2849 2151 2874 ,
2203 2812 2295 2878 qui
2340 2825 2435 2866 eos
2469 2812 2550 2866 sic
2596 2812 2889 2883 diligebat,
2928 2822 2986 2867 ut
3014 2828 3114 2882 pro
3147 2815 3228 2869 eis
3259 2816 3351 2869 illa
3399 2816 3564 2871 verba

1982 2898 2096 2955 Deo
2128 2899 2400 2955 funderet.
2437 2902 2633 2957 Merito
2678 2903 2944 2971 qumritur
2968 2943 2984 2967 ,
3014 2919 3137 2957 cum
3176 2905 3430 2974 superius
3467 2920 3563 2975 po-

1981 2992 2167 3063 pulum
2192 2994 2424 3048 nudasse
2466 2993 2551 3048 vel
2586 2993 2877 3063 dissipasse
2906 2994 3083 3049 dictus
3109 2995 3182 3049 sit
3204 2995 3407 3062 Aaron,
3439 3011 3563 3052 cum

274 3086 342 3142 bo
381 3086 643 3141 veritatis
692 3084 1031 3151 humiliatur,
1080 3092 1134 3141 et
1178 3084 1592 3150 comminutum,
1634 3085 1688 3139 in
1731 3100 1870 3156 aqua
1899 3083 1945 3148 C
1978 3082 2032 3136 in
2091 3082 2268 3152 ipsum
2320 3081 2558 3136 vindicta
2607 3081 2755 3135 nulla
2811 3083 3182 3151 processerit,
3225 3099 3404 3154 neque
3435 3101 3561 3142 cum

277 3178 538 3243 mittitur,
580 3184 642 3231 ut
667 3192 762 3232 eos
792 3176 1066 3243 lsraelitae,
1094 3175 1147 3230 id
1170 3182 1271 3242 est,
1301 3175 1581 3247 Evangelii
1610 3177 1876 3246 praedica-

281 3279 448 3334 tores,
484 3285 558 3324 ex
600 3270 874 3340 baptismo
917 3270 972 3324 in
999 3285 1095 3325 sua
1131 3270 1399 3335 membra,
1435 3270 1539 3324 hoc
1564 3277 1648 3325 est
1674 3270 1730 3323 in
1764 3270 1874 3325 Do-

276 3360 537 3416 minicum
577 3376 778 3431 corpus
809 3360 1153 3416 transferant.
1210 3360 1451 3429 Quorum
1508 3359 1877 3416 lsraelitarum

276 3448 436 3505 Petro
455 3450 528 3505 de
552 3449 689 3519 ipsis
706 3449 958 3520 gentibus
981 3450 1184 3505 dictum
1209 3458 1320 3505 est:
1346 3449 1524 3504 Macta
1544 3459 1594 3503 et
1613 3450 1877 3505 manduca

275 3538 413 3609 (Act.
439 3538 520 3610 ι).
555 3539 738 3606 Quare
779 3539 942 3594 etiam
988 3554 1118 3606 non,
1160 3539 1361 3597 Occide
1383 3549 1439 3596 et
1484 3541 1653 3597 bibe?
1682 3540 1764 3596 Ita
1787 3541 1877 3597 ille

273 3628 477 3683 vitulus
506 3644 610 3699 per
654 3629 838 3700 ignem
875 3630 1000 3697 zeli,
1027 3640 1084 3685 et
1126 3632 1298 3686 aciem
1342 3629 1516 3699 'verbi,
1563 3640 1621 3688 et
1671 3648 1871 3703 aquam

274 3717 533 3788 baptismi
572 3720 643 3776 ab
690 3719 771 3775 eis
811 3720 993 3790 potius
1038 3736 1175 3792 quos
1217 3723 1508 3779 absorbere
1554 3723 1875 3787 conabatur,

273 3809 570 3880 absorptus
617 3818 723 3866 est.
770 3809 1020 3882 Dixitque
1068 3811 1138 3866 ad
1184 3811 1395 3866 Aaron:
1438 3811 1581 3879 Quid
1612 3811 1735 3881 fecit
1783 3811 1877 3865 tibi

273 3900 360 3954 hic
383 3901 636 3971 populus,
667 3910 724 3955 ut
752 3901 1029 3957 induceres
1056 3919 1213 3973 super
1250 3919 1369 3956 eum
1408 3912 1677 3974 peccatum
1712 3905 1879 3960 mati-

273 4006 419 4045 ntuns
439 3991 467 4044 7
500 3989 604 4045 Cui
616 3991 706 4045 ille
721 3992 1017 4063 respondit:
1033 3991 1117 4046 Ne
1131 3993 1431 4063 indignetur
1450 3995 1695 4049 dominus
1708 4011 1872 4050 meus.

275 4079 353 4133 Tu
379 4081 527 4134 enim
566 4080 704 4136 nosti
748 4080 1001 4152 populum
1060 4082 1236 4147 istum,
1281 4083 1421 4152 quod
1447 4099 1645 4153 pronus
1692 4087 1762 4139 sit
1804 4086 1875 4140 ad

272 4169 495 4223 malum.
525 4168 792 4225 Dixerunt
831 4171 1003 4224 mihi:
1050 4170 1164 4225 Fac
1204 4171 1351 4225 nobis
1397 4171 1520 4226 deos
1561 4174 1652 4242 qui
1679 4190 1876 4243 pra'ce-

273 4261 400 4314 dant
424 4278 543 4314 nos.
572 4260 713 4315 Huic
726 4264 866 4315 enim
886 4262 1060 4333 Moysi
1075 4264 1165 4332 qui
1187 4280 1280 4317 nos
1291 4263 1468 4318 eduxit
1480 4264 1546 4317 de
1558 4273 1699 4319 terra
1712 4264 1879 4336 digg-

276 4351 373 4422 pti,
417 4352 679 4406 nescimus
714 4352 841 4422 quid
877 4352 1149 4407 acciderit.
1186 4352 1388 4419 Quibus
1407 4368 1501 4423 ego
1541 4353 1699 4407 dixi:
1743 4351 1874 4419 Quis

1979 3170 2191 3241 Moyses
2220 3168 2453 3225 interﬁci
2469 3170 2633 3240 jussit
2660 3185 2875 3225 omnem
2904 3212 2920 3237 ,
2951 3172 3042 3241 qui
3073 3171 3280 3228 Levitis
3304 3176 3560 3232 euntibus

1978 3266 2035 3313 et
2066 3258 2135 3313 ad
2164 3266 2374 3327 portam
2423 3259 2772 3315 redeuntibus
2815 3262 3148 3317 occurrisset
3184 3265 3436 3329 armatis,
3466 3281 3563 3321 ne-

1977 3364 2084 3419 que
2110 3365 2237 3404 cum
2279 3358 2465 3419 postea
2509 3349 2714 3404 factum
2750 3358 2835 3406 est
2868 3352 3016 3421 quod
3055 3351 3337 3423 Scriptura
3384 3355 3559 3411 dicit:

1977 3439 2047 3494 Et
2088 3442 2344 3511 percussit
2370 3440 2629 3496 Dominus
2662 3441 2911 3512 populum
2945 3452 3158 3513 propter
3187 3444 3449 3514 facturam
3485 3447 3564 3500 ri-

1976 3532 2075 3585 tuli
2098 3548 2250 3602 quem
2275 3531 2397 3601 fecit
2428 3531 2631 3598 Aaron,
2656 3533 2890 3588 maxime
2920 3534 3048 3603 quia
3084 3542 3141 3589 et
3173 3535 3261 3590 hic
3288 3537 3392 3592 hoc
3417 3538 3560 3593 idem

1975 3623 2269 3693 repetendo
2299 3621 2626 3677 inculcatum
2675 3631 2779 3678 est.
2823 3622 2942 3677 Non
2988 3624 3133 3677 enim
3185 3625 3390 3680 dictum
3422 3636 3555 3681 est:

1976 3715 2045 3769 Et
2072 3717 2328 3787 percussit
2357 3716 2614 3771 Dominus
2640 3717 2894 3789 populum
2929 3727 3139 3788 propter
3165 3718 3429 3788 facturam
3482 3722 3559 3774 ui-

1976 3805 2092 3873 tuli,
2124 3823 2287 3877 quem
2310 3808 2576 3873 fecerunt,
2608 3808 2704 3863 sed
2732 3824 2882 3879 quem
2899 3805 3025 3876 fecit
3057 3804 3237 3861 Aaron
3260 3821 3278 3859 :
3301 3815 3356 3862 et
3377 3816 3557 3863 tamen

1975 3912 2085 3952 non
2137 3905 2222 3952 est
2271 3913 2565 3968 percussus
2599 3897 2804 3953 Aaron.
2847 3895 2988 3963 Quid
3016 3895 3181 3951 etiam
3230 3896 3360 3953 illud
3414 3900 3557 3969 quod

1976 3989 2043 4044 de
2078 3990 2388 4045 sacerdotio
2415 3989 2531 4059 ejus
2561 3998 2687 4045 ante
2726 3994 3006 4058 peccatum
3047 3984 3164 4055 ejus
3192 3988 3336 4043 Deus
3360 3989 3557 4059 praeci-

1973 4080 2158 4149 piebat
2181 4121 2195 4145 ,
2232 4081 2509 4150 impletum
2538 4088 2641 4134 est.
2685 4078 2792 4133 Sed
2821 4076 2988 4146 jussit
3014 4085 3071 4131 et
3108 4078 3287 4147 ipsum
3318 4086 3375 4132 et
3416 4078 3557 4132 filios

1977 4170 2142 4234 ablui,
2174 4178 2231 4224 et
2276 4171 2355 4223 sic
2383 4169 2616 4223 ordinati
2644 4176 2767 4223 sunt
2796 4168 2851 4220 in
2882 4167 3266 4222 sacerdotium.
3299 4168 3376 4221 lta
3404 4167 3557 4222 novit

1975 4262 2064 4316 ille
2090 4263 2177 4316 cui
2207 4270 2398 4331 parcat
2435 4275 2607 4330 usque
2640 4261 2707 4315 ad
2738 4260 3220 4315 commutationem
3255 4261 3310 4314 in
3359 4260 3555 4316 melius

1977 4360 2033 4406 et
2062 4352 2149 4406 cui
2180 4357 2368 4420 parcat
2397 4350 2466 4404 ad
2490 4358 2726 4418 tempus,
2752 4349 2998 4419 quamvis
3024 4364 3148 4403 eum
3176 4350 3473 4420 prrescierit
3498 4351 3554 4409 in

276 4450 506 4494 uestrum
536 4439 689 4493 habet
722 4456 913 4494 aurum
943 4442 965 4494 1’
996 4440 1229 4495 tulerunt
1271 4450 1321 4495 et
1346 4441 1602 4497 dederunt
1642 4441 1792 4508 mihi,
1823 4452 1871 4495 et
1898 4434 1950 4493 D
1977 4441 2169 4497 melius
2198 4455 2303 4495 non
2332 4439 2569 4505 mutari;
2612 4448 2669 4493 et
2706 4439 2790 4493 cui
2820 4454 2927 4494 non
2958 4447 3146 4510 parcat
3172 4480 3187 4505 ,
3226 4448 3287 4494 ut
3312 4448 3555 4499 mutetur

273 4530 477 4600 projeci
513 4530 649 4584 illud
672 4532 727 4583 in
748 4548 939 4601 ignem,
967 4548 1303 4603 egressusque
1322 4541 1397 4585 est
1416 4532 1500 4585 hic
1532 4532 1742 4587 vitulus.
1773 4531 1871 4588 Hic

274 4622 602 4691 compendio
653 4622 866 4677 locutus
915 4633 1020 4690 est,
1047 4639 1154 4679 non
1190 4624 1400 4690 dicens,
1429 4623 1572 4694 quod
1623 4623 1739 4693 ipse
1763 4623 1870 4677 for-

271 4715 531 4779 maverit,
567 4723 629 4769 ut
678 4716 854 4770 exiret
906 4717 1111 4772 vitulus
1157 4716 1353 4782 fusilis,
1391 4733 1459 4771 an
1502 4717 1868 4773 excusationis

268 4821 440 4862 causa
468 4807 718 4862 timendo
751 4808 1010 4863 mentitus
1036 4817 1136 4873 est,
1172 4819 1428 4878 tanquam
1452 4809 1568 4878 ipse
1593 4808 1646 4862 in
1689 4809 1863 4879 ignem

268 4900 573 4967 periturum
628 4912 825 4953 aurum
887 4897 1210 4968 projecerit,
1261 4907 1422 4969 atque
1477 4898 1597 4968 ipso
1653 4913 1762 4961 non
1810 4898 1865 4953 id

269 4997 491 5060 agente,
520 4989 698 5045 forma
739 4989 896 5045 vituli
923 4990 1141 5045 exierit.
1184 4991 1338 5058 Quod
1356 4991 1478 5047 ideo
1500 5006 1608 5047 non
1645 4999 1730 5046 est
1753 5005 1866 5046 cre-

271 5081 508 5135 dendnm
546 5081 652 5135 hoc
678 5095 803 5135 eum
845 5080 1029 5135 animo
1070 5079 1295 5147 dixisse,
1344 5083 1470 5151 quia
1500 5098 1603 5137 nec
1644 5080 1862 5152 Moysen
1914 5154 1916 5157 τ

269 5172 439 5227 latere
462 5180 670 5243 posset,
705 5172 837 5243 quid
878 5181 1026 5228 esset
1060 5174 1113 5227 in
1143 5174 1280 5239 viro,
1311 5189 1432 5229 cum
1480 5190 1586 5244 quo
1614 5172 1757 5228 Deus
1786 5172 1864 5227 lo-

268 5264 553 5332 quebatur,
585 5272 644 5319 et
689 5263 917 5319 fratrem
962 5265 1030 5320 de
1073 5265 1358 5321 mendacio
1407 5281 1513 5320 non
1566 5265 1856 5338 redarguit.

277 5353 468 5409 Videas
490 5370 616 5426 ergo
650 5353 858 5425 Moyses
882 5355 1134 5426 populum
1154 5356 1293 5427 quod
1313 5366 1443 5411 esset
1467 5356 1694 5410 nudatus
1722 5356 1860 5428 (spo-

268 5443 483 5499 liaverat
516 5450 659 5499 enim
689 5461 809 5499 eum
840 5445 1022 5502 Aaron
1052 5458 1263 5518 propter
1287 5434 1625 5518 ignominiam
1660 5449 1853 5515 sordis,

269 5545 313 5588 ct
355 5537 491 5588 inter
525 5537 702 5590 hostes
740 5536 940 5591 nudum
968 5538 1351 5610 constituerat).
1400 5538 1703 5595 Notandum
1750 5550 1854 5608 est,

268 5627 725 5697 quemadmodum
776 5627 907 5683 illud
963 5636 1132 5683 totum
1187 5630 1386 5684 malum
1435 5631 1578 5700 quod
1624 5631 1854 5703 populus

1975 4532 2029 4586 in
2060 4531 2276 4595 melius,
2304 4540 2357 4584 et
2383 4530 2471 4584 cui
2495 4544 2600 4584 non
2628 4538 2839 4600 parcat,
2868 4530 2942 4584 ita
2968 4538 3025 4585 ut
3060 4547 3163 4586 nec
3192 4532 3552 4590 mutationem

1972 4622 2089 4692 ejus
2114 4628 2410 4691 exspectet.
2430 4620 2498 4674 Et
2514 4627 2685 4676 totum
2709 4621 2812 4676 hoc
2834 4625 2903 4675 ad
2919 4621 2971 4676 id
2986 4620 3293 4692 redit,quod
3312 4622 3549 4693 Aposto-

1973 4715 2057 4770 lus
2070 4713 2201 4768 dicit
2220 4711 2534 4768 exclamans
2566 4730 2579 4766 :
2617 4712 2790 4778 Quam
2818 4712 3183 4767 inscrutabilia
3196 4722 3319 4768 sunt
3336 4714 3549 4783 judicia

1970 4807 2104 4877 ejus,
2127 4803 2509 4874 investigabiles
2534 4804 2634 4858 vite
2660 4803 2819 4875 ejus!
2849 4801 3138 4875 (Rom.xr.)
3169 4803 3325 4859 Nunc
3362 4814 3546 4862 autem

1971 4897 2096 4965 quid
2109 4896 2272 4951 etiam
2285 4894 2616 4965 prophetica:
2630 4892 3048 4964 signiﬁcationis
3077 4893 3352 4960 habuerit,
3369 4894 3548 4964 requi-

1948 4987 2195 5041 rendum
2230 4993 2316 5041 est
2341 4986 2485 5055 quod
2510 5001 2578 5041 ex
2603 4985 2685 5041 eis
2710 4983 2910 5040 multos
2934 4985 3028 5055 qui
3050 4983 3153 5039 sibi
3183 4985 3409 5040 absente
3428 4986 3546 5056 ipso

1969 5080 2169 5135 idolum
2194 5078 2596 5135 fabricaverunt
2620 5117 2636 5141 ,
2676 5078 2796 5133 sine
2820 5076 2931 5132 ulla
2962 5075 3225 5146 cujusque
3248 5077 3544 5133 necessitu-

1968 5173 2110 5227 dinis
2136 5170 2463 5226 distentione
2482 5167 2646 5237 jussit
2670 5168 2928 5223 interimi.
2971 5167 3157 5224 Facile
3195 5177 3281 5224 est
3304 5176 3366 5222 ut
3386 5164 3545 5220 intel-

1966 5262 2244 5331 telligatur
2295 5259 2578 5321 hominum
2621 5259 2841 5314 illorum
2876 5260 3291 5330 interemptione
3336 5254 3545 5326 signiti-

1966 5356 2079 5411 cari
2103 5354 2358 5408 vitiorum
2407 5351 2615 5406 talium-
2648 5364 2838 5406 necem
2863 5392 2877 5418 ,
2905 5352 3155 5422 qualibus
3188 5350 3256 5404 ad
3293 5346 3541 5403 eamdem

1966 5450 2327 5508 idololatriam
2353 5447 2709 5505 deﬂuxerunt.
2741 5446 2800 5501 ln
2830 5446 2957 5501 talia
2979 5446 3175 5514 quippe
3195 5441 3326 5495 vitia
3348 5440 3542 5496 saevire

1965 5558 2065 5599 nos
2094 5543 2250 5613 jubet
2281 5538 2570 5610 Apostolus
2603 5553 2726 5593 cum
2751 5537 2887 5592 dicit
2918 5555 2931 5588 :
2964 5530 3279 5590 Mortiﬁcate
3302 5529 3542 5586 membra

1963 5644 2154 5699 ucstra,
2179 5648 2296 5704 qute
2319 5639 2438 5686 sunt
2468 5646 2624 5701 super
2657 5639 2851 5683 terram
2893 5621 3030 5696 (Col.
3063 5620 3149 5695 ιιι)
3180 5638 3194 5676 :
3224 5620 3540 5680 fornicatio-
