3954 6176
383 306 488 361 εὶὶὶῖ

1045 294 1104 347 Β.
1146 291 1400 346 RABANI
1440 288 1656 346 MAURI
1697 287 2016 343 ARClllEP.
2059 285 2368 343 MOGUNT.
2406 283 2689 341 OPERUM
2731 283 2907 340 PARS
2946 285 2987 339 l.

3532 291 3636 346 3‘28

385 429 529 472 nem.
557 408 973 468 immunditiam,
1003 405 1290 466 luxuriam,
1322 401 1820 471 concupiscentiam
1847 415 1962 453 ma-
1989 404 2036 462 Α
2065 409 2209 454 ctum
2233 408 2334 462 est,
2365 397 2492 452 Sine
2518 415 2620 460 me,
2647 413 2709 452 ac
2733 399 2775 453 si
2807 399 3098 464 diceretur,
3127 399 3242 454 Noli
3271 413 3365 456 cos
3391 401 3639 472 diligere,

383 508 492 561 lam
517 513 571 558 et
601 501 905 562 avaritiam,
922 513 1041 567 quin
1065 505 1148 551 est
1170 497 1432 550 idolorum
1451 494 1706 549 servitus.
1734 492 1794 547 Si
1819 492 1957 561 quis,

386 595 588 664 inquit,
611 601 685 644 est
714 589 922 642 Domini
948 628 962 651 ,
995 587 1174 640 veniat
1204 593 1259 638 et
1297 585 1560 654 jungatur
1591 584 1743 636 mihi.
1787 581 1958 635 Ponat

387 685 622 754 gladium
677 697 832 750 super
872 681 1042 749 femur
1087 692 1265 730 suum.
1317 674 1400 728 Ite
1444 684 1492 728 et
1522 673 1686 726 redite
1712 673 1775 726 de
1804 682 1958 743 porta

390 789 549 842 usque
577 771 644 823 ad
691 779 890 838 portam
931 783 1022 836 per
1051 766 1278 818 medium
1307 774 1600 818 castrorum
1626 803 1640 826 ,
1677 775 1724 815 et
1755 763 1958 815 occidat

390 860 742 929 unusquisque
779 856 1016 922 fratrem,
1043 864 1089 908 et
1111 857 1362 917 amicum,
1391 862 1435 906 et
1463 853 1758 922 proximum
1779 867 1954 904 suum.

390 950 637 1004 Gladium
664 962 823 1015 super
855 945 1032 998 femur
1060 959 1277 1012 ponere,
1306 951 1390 997 est
1423 940 1824 1011 praedicationis
1850 947 1958 992 stu-

391 1042 538 1095 dium
567 1036 930 1104 voluptatibus
959 1034 1142 1088 carnis
1190 1030 1484 1094 anteferre,
1531 1037 1592 1084 ut
1622 1044 1742 1082 cum
1773 1035 1960 1081 sancta

391 1129 482 1198 qui
515 1128 692 1182 studet
739 1125 922 1178 dicere
946 1163 960 1187 ,
1016 1132 1169 1177 curet
1206 1135 1430 1175 necesse
1473 1127 1556 1173 est
1592 1117 1962 1188 suggestiones

389 1221 658 1273 edomare.
692 1215 769 1270 De
796 1222 952 1284 porta
980 1229 1150 1282 usque
1185 1213 1250 1266 ad
1279 1221 1489 1282 portam
1532 1211 1637 1271 ire,
1670 1217 1752 1263 est
1776 1224 1806 1261 a
1830 1209 1962 1262 vitio

392 1323 559 1375 usque
587 1307 654 1360 ad
684 1307 871 1360 vitium
912 1318 1012 1374 per
1039 1302 1180 1372 quod
1220 1303 1288 1356 ad
1337 1311 1574 1355 mentem
1603 1300 1755 1369 culpa
1785 1299 1962 1368 ingre—

390 1397 535 1450 ditur
550 1393 879 1462 increpando
893 1391 1216 1445 discurrere.
1236 1389 1340 1442 Per
1356 1389 1592 1442 medium
1605 1403 1733 1442 vero
1757 1395 1963 1440 castro-

391 1501 510 1538 rum
552 1483 786 1536 transire
832 1491 917 1535 est
946 1490 1093 1534 tanta
1125 1479 1429 1548 aequalitate
1477 1479 1618 1533 intra
1664 1478 1961 1533 Ecclesiam

390 1577 609 1641 vivere,
644 1586 703 1630 ut
743 1576 833 1644 qui
885 1574 1309 1642 delinquentium
1343 1571 1530 1640 culpas
1563 1571 1867 1640 redarguit,
1906 1571 1961 1623 in

390 1669 552 1723 nullis
583 1683 642 1722 se
695 1669 886 1722 debeat
944 1666 1129 1720 favore
1184 1664 1474 1718 declinare.
1531 1662 1681 1718 Unde
1721 1673 1775 1716 et
1815 1669 1960 1716 recte

390 1759 768 1828 subjungitnr:
798 1756 1016 1810 Occidat
1036 1757 1113 1808 vir
1139 1754 1356 1822 fratrem
1386 1762 1432 1806 et
1463 1753 1686 1805 amicum
1714 1761 1762 1806 et
1785 1751 1960 1820 proxi—
1992 1737 2036 1794 Β

389 1865 532 1900 mum
556 1865 732 1911 suum,
762 1847 986 1901 fratrem
1019 1845 1223 1900 scilicet
1249 1885 1263 1907 ,
1294 1844 1598 1913 proximum
1633 1851 1688 1898 et
1725 1843 1958 1896 amicum

391 1941 681 2006 interfecit,
708 1941 800 2009 qui
830 1955 952 1994 cum
980 1937 1248 2007 punienda
1275 1937 1514 2001 invenit,
1545 1937 1612 1991 ab
1638 1935 1961 2006 increpatio—

389 2033 473 2087 nis
501 2033 714 2102 gladio,
766 2047 864 2086 nec
897 2032 977 2085 eis
1007 2045 1142 2098 quos
1180 2043 1278 2097 per
1314 2029 1693 2098 cognationem
1743 2027 1956 2096 diligit,

388 2129 594 2188 parcet.
634 2119 689 2173 Si
719 2133 847 2188 ergo
875 2127 930 2172 et
956 2117 1044 2172 ille
1089 2117 1183 2170 Dei
1218 2116 1446 2180 dicitur,
1486 2116 1578 2185 qui
1616 2115 1680 2168 ad
1718 2115 1958 2168 ferienda

388 2212 519 2264 vitia
547 2211 662 2264 zelo
687 2210 856 2264 divini
887 2209 1088 2262 amoris
1115 2208 1384 2262 excitatur
1413 2248 1426 2271 ,
1456 2205 1702 2276 profecto
1735 2221 1856 2260 esse
1902 2220 1960 2260 se

389 2302 484 2354 Dei
512 2301 772 2370 deneget,
802 2301 894 2368 qui
923 2307 1180 2368 quantum
1216 2297 1411 2352 sufficit
1433 2337 1448 2361 ,
1483 2297 1764 2366 increpare
1793 2296 1958 2348 vitam

388 2389 686 2444 carnalium
723 2396 954 2442 recusat.
987 2387 1094 2440 Sed
1121 2387 1234 2456 ipse
1263 2401 1520 2440 numerus
1550 2385 1714 2438 trium
1736 2383 1960 2437 millium

385 2480 796 2535 interfectorum
859 2478 1123 2548 triplicem
1176 2478 1405 2532 formam
1456 2477 1655 2530 indicat
1705 2483 1958 2544 peccato-

387 2587 532 2625 rum.
568 2571 739 2626 Omne
768 2571 912 2625 enim
945 2578 1248 2639 peccatum,
1275 2577 1370 2622 aut
1399 2569 1540 2623 facto
1567 2607 1582 2631 ,
1632 2575 1727 2621 aut
1751 2567 1917 2622 verbo
1941 2606 1956 2629 ,

388 2671 482 2716 aut
516 2663 838 2732 cogitatione
883 2661 1254 2716 committitur.
1285 2659 1611 2728 Locutusque
1659 2669 1732 2713 est
1780 2659 1962 2712 Domi-

390 2769 487 2806 nus
523 2753 591 2805 ad
629 2752 868 2821 Moysen,
892 2753 1067 2805 dicens
1099 2767 1118 2805 :
1157 2749 1331 2815 Vade,
1361 2751 1580 2804 ascende
1608 2750 1672 2803 de
1701 2749 1812 2803 loco
1837 2750 1958 2810 isto,

380 2857 447 2897 :tu
476 2853 523 2896 et
553 2843 774 2913 populus
807 2853 926 2896 tuus
953 2860 1104 2913 quem
1132 2843 1360 2896 eduxisti
1387 2841 1451 2896 de
1479 2852 1618 2895 terra
1647 2839 1885 2910 Egypti,
1905 2841 1960 2893 in

387 2947 581 2988 terram
626 2949 784 3003 quam
831 2932 1006 2999 iuravi
1038 2932 1302 2985 Abraham
1327 2972 1340 2992 ,
1375 2930 1532 2984 Isaac
1560 2940 1607 2984 et
1636 2928 1803 2983 Iacob
1834 2969 1850 2993 ,
1878 2928 1962 2982 di-

385 3039 526 3087 cens,
563 3020 759 3076 Semini
792 3031 881 3073 tuo
930 3019 1066 3074 dabo
1115 3037 1230 3074 eam
1255 3019 1452 3092 (Exod.
1493 3020 1709 3090 χχχιιι).
1761 3017 1906 3072 Vade
1938 3059 1954 3083 ,

2064 500 2122 544 et
2159 499 2434 543 conteram
2471 505 2586 551 eos,
2623 490 2748 557 quia
2780 505 2848 544 ne
2901 491 2952 544 id
2985 489 3178 544 faciam
3208 491 3423 548 dilectio
3461 503 3550 548 tua
3584 498 3641 551 in

2065 579 2185 632 illos
2213 577 2500 631 intercedit
2529 577 2681 630 mihi.
2737 577 3230 647 Obtcmperandum
3282 590 3462 637 autem
3490 596 3640 639 esset

2066 669 2294 722 Domino
2343 668 2540 722 dicenti
2568 686 2581 722 :
2616 667 2731 722 Noli
2765 685 2861 725 eos
2897 670 3142 740 diligere,
3176 671 3222 725 si
3255 671 3357 726 hoc
3395 671 3642 740 jubendo

2063 759 2308 822 dixisset,
2341 766 2396 812 et
2429 773 2536 812 non
2572 759 2751 828 potius
2798 759 3136 815 admonendo
3182 770 3236 816 et
3264 764 3636 832 exprimendo,

2065 850 2192 918 quid
2225 849 2371 903 illum
2416 852 2485 905 ab
2515 865 2580 905 eo
2625 852 2888 921 supplicio
2947 861 3250 909 revocaret.
3294 854 3401 909 Nec
3455 864 3640 910 tamen

2063 940 2226 992 etiam
2269 938 2359 992 illo
2387 939 2778 1005 intercedente,
2818 941 2932 995 sine
2964 940 3170 1010 ﬂagello
3218 943 3514 1012 disciplina:
3544 962 3643 1015 po—

2064 1028 2247 1098 pulum
2274 1027 2576 1096 dereliquit.
2609 1027 2802 1083 Nescio
2827 1045 2936 1098 quo
2983 1032 3129 1084 enim
3165 1032 3324 1086 modo
3353 1043 3410 1086 ut
3437 1035 3516 1088 sic
3541 1051 3641 1090 eos

2067 1119 2311 1187 diligeret
2340 1119 2451 1187 ipse
2491 1119 2720 1189 Moyses,
2751 1119 2894 1174 Deus
2919 1120 3038 1175 illos
3061 1122 3324 1177 occultius
3357 1123 3637 1195 diligebat,

2067 1210 2156 1277 qui
2195 1209 2478 1263 manifeste
2508 1211 2768 1276 terrebat,
2814 1211 2906 1265 ubi
2935 1211 3067 1266 dicit
3108 1212 3364 1269 Dominus
3397 1216 3463 1269 ad
3490 1216 3642 1287 Moy-

2065 1315 2160 1354 sen
2197 1318 2210 1352 :
2254 1297 2414 1364 Vade,
2445 1302 2664 1355 ascende
2693 1302 2836 1367 hinc,
2865 1313 2921 1355 tu
2967 1314 3015 1358 et
3045 1303 3267 1374 populus
3313 1315 3434 1361 tuus
3481 1327 3639 1380 quem

2065 1387 2291 1440 eduristi
2347 1388 2411 1440 de
2472 1398 2612 1442 terra
2666 1389 2910 1459 zEgypti,
2959 1392 3013 1444 in
3037 1404 3229 1446 terram
3277 1411 3434 1464 quam
3455 1397 3639 1466 ίαναυὶ

2066 1477 2355 1541 Abraham,
2409 1476 2568 1530 Isaac
2617 1489 2665 1532 et
2737 1478 2902 1533 Jacob
2952 1481 3172 1536 dicens:
3211 1481 3412 1538 Semini
3470 1497 3638 1540 vestro

2064 1567 2202 1621 dabo
2246 1585 2380 1622 eam.
2437 1570 2702 1624 Continuo
2757 1580 3012 1642 tanquam
3062 1575 3130 1628 ad
3194 1576 3367 1645 ipsum
3414 1578 3638 1649 Moysen

2065 1658 2240 1712 adhuc
2276 1657 2594 1728 loquebatur
2626 1659 2834 1716 occulta
2865 1664 3236 1730 conversione,
3273 1669 3415 1736 quod
3448 1668 3639 1727 Grzece

2065 1749 2393 1818 apostrophe
2418 1750 2632 1804 dicitur.
2660 1749 2778 1806 Jam
2800 1755 2865 1808 ad
2889 1755 3062 1823 ipsum
3093 1757 3346 1827 populum
3377 1759 3639 1830 loquitur,

2065 1838 2292 1894 dicens:
2355 1841 2564 1895 Mittam
2619 1843 2862 1913 angelum
2915 1863 3086 1900 meum
3138 1858 3258 1902 ante
3285 1859 3353 1915 te,
3383 1861 3430 1906 et
3463 1853 3638 1920 ejiciet

2066 1927 2445 1994 Chananwum,
2502 1939 2547 1983 et
2593 1930 2974 1996 Amorrhwum,
3007 1944 3054 1987 et
3085 1934 3384 2004 Hel/imum,
3422 1951 3468 1994 et
3495 1942 3638 1998 Phe-

2067 2034 2306 2084 resazum,
2338 2029 2384 2072 et
2415 2017 2762 2091 Gergesa'um,
2816 2034 2862 2076 et
2896 2023 3170 2091 Ilevazum,
3200 2037 3248 2082 et
3291 2029 3587 2087 Jebuswum
3618 2053 3634 2099 ;

2063 2117 2110 2161 et
2139 2109 2430 2174 introducet
2485 2120 2531 2165 te
2560 2110 2614 2164 in
2640 2121 2833 2166 terram
2879 2115 3124 2183 ﬂuentem
3172 2116 3255 2172 lac
3279 2129 3327 2173 et
3361 2121 3479 2176 mel.
3511 2123 3638 2178 Non

2065 2198 2200 2250 enim
2227 2198 2506 2252 ascendam
2542 2207 2733 2265 tecum,
2758 2202 2881 2271 quia
2925 2204 3146 2274 populus
3172 2206 3306 2262 dura
3337 2213 3530 2267 cervice
3559 2231 3637 2280 es,

2065 2295 2121 2338 ut
2147 2304 2249 2339 non
2283 2285 2483 2341 deleam
2513 2297 2562 2341 te
2587 2289 2640 2341 in
2668 2290 2770 2343 via.
2810 2290 2999 2363 Magna
3037 2300 3360 2353 sacramenti
3391 2311 3450 2356 et
3497 2305 3637 2358 mira

2066 2375 2427 2444 profunditas,
2467 2385 2718 2447 tanquam
2759 2381 3018 2448 majorem
3057 2386 3482 2446 misericordiam
3513 2410 3643 2464 pos-

2068 2473 2153 2519 set
2181 2465 2404 2536 angelus
2425 2467 2627 2522 habere
2661 2484 2820 2538 quam
2849 2471 3126 2538 Dominus,
3154 2478 3245 2548 qui
3270 2482 3464 2550 populo
3487 2485 3641 2541 durae

2067 2558 2295 2612 cervicis
2347 2568 2615 2629 parceret.
2686 2561 2754 2615 Et
2804 2572 2985 2620 tamen
3031 2569 3192 2622 etiam
3239 2587 3338 2641 per
3386 2575 3639 2644 angelum

2068 2661 2223 2699 suum
2251 2662 2308 2702 se
2331 2649 2725 2716 quodammodo
2763 2653 2830 2706 ab
2859 2653 2940 2708 cis
2982 2655 3222 2722 absente,
3251 2659 3342 2728 qui
3370 2677 3640 2732 nusquam

2067 2750 2187 2792 esse
2233 2739 2428 2794 absens
2458 2748 2657 2810 potest,
2692 2741 2917 2812 implere
2957 2760 3020 2800 se
3043 2746 3172 2801 dicit
3201 2750 3344 2817 quod
3392 2755 3640 2821 patribus

2067 2843 2253 2884 eorum
2303 2829 2524 2899 juravit.
2582 2833 2859 2904 Tanquam
2901 2844 2957 2890 et
3007 2837 3096 2892 hic
3123 2841 3412 2898 ostendens
3449 2845 3554 2900 hoc
3579 2864 3641 2904 se

2068 2920 2190 2976 ideo
2215 2920 2417 2989 facere,
2455 2923 2580 2992 quia
2617 2924 2724 2979 illis
2768 2927 3013 2994 patribus
3037 2929 3200 2998 justis
3229 2935 3497 3001 promisit,
3529 2953 3638 2993 non

2068 3016 2212 3084 quod
2243 3016 2331 3070 isti
2384 3016 2529 3086 digni
2581 3032 2688 3071 non
2740 3027 2942 3074 essent.
2999 3019 3136 3088 Quid
3171 3037 3300 3095 ergo
3342 3025 3637 3097 significat,

386 3114 618 3170 ascende
646 3113 793 3176 hinc,
818 3121 874 3165 tu
902 3120 957 3165 et
975 3111 1202 3180 populus
1227 3090 1351 3165 tuus
1373 3125 1533 3180 quem
1552 3109 1806 3173 eduxisti,
1827 3107 1958 3162 alio-
1983 3090 2028 3150 C
2062 3105 2167 3159 nisi
2202 3105 2342 3160 forte
2378 3106 2498 3161 ideo
2534 3121 2592 3162 se
2643 3123 2750 3163 non
2781 3124 2899 3165 esse
2946 3127 3068 3166 cum
3103 3114 3184 3169 eis
3217 3116 3309 3186 qui
3351 3118 3483 3173 dura
3515 3136 3638 3175 cer-

386 3204 517 3274 quin
544 3202 806 3264 dixisset,
839 3208 896 3253 tu
923 3208 978 3256 et
1004 3200 1231 3270 pupulus
1256 3213 1432 3264 mens,
1455 3213 1612 3269 quem
1643 3199 1875 3254 eduxisti
1897 3198 1962 3253 de

389 3303 532 3348 terra
563 3291 804 3362 Egypti.
835 3289 940 3344 Sed
967 3290 1040 3343 illi
1063 3290 1280 3359 quando
1316 3289 1519 3344 idolum
1559 3291 1959 3360 poposcerunt“,

389 3381 463 3434 ita
495 3380 658 3434 locuti
685 3387 812 3433 sunt
836 3395 848 3430 :
869 3377 1073 3447 Moyses
1095 3379 1233 3432 enim
1259 3378 1342 3431 hic
1363 3378 1517 3431 homo
1547 3380 1637 3449 qui
1661 3379 1841 3433 eduxit
1869 3396 1963 3434 nos

387 3469 451 3520 de
479 3478 619 3520 terra
642 3463 880 3537 Egypti,
917 3469 1175 3521 nescimus
1219 3466 1346 3538 quid
1374 3466 1571 3535 factum
1607 3470 1674 3522 sit
1701 3471 1770 3522 ei.
1802 3470 1960 3525 Libe-

387 3558 653 3611 rationem
687 3572 839 3610 suam
856 3558 908 3610 in
934 3558 1205 3612 hominem
1233 3559 1610 3614 constituendo
1631 3559 1959 3616 defecerant.

389 3646 501 3700 lloc
534 3648 613 3701 eis
643 3649 800 3701 modo
829 3647 1120 3716 replicatur
1149 3665 1270 3704 cum
1295 3649 1492 3704 dicitur
1520 3665 1534 3703 :
1566 3649 1640 3702 Tu
1665 3660 1711 3704 et
1741 3650 1962 3720 papulas
2001 3676 2006 3680 ·

387 3745 511 3788 tuus
553 3752 703 3804 quem
731 3736 958 3789 cduxisti
985 3738 1048 3791 de
1077 3747 1219 3791 terra
1265 3738 1507 3808 Jfgypti.
1546 3739 1700 3806 Quod
1744 3739 1851 3794 illis
1881 3750 1964 3795 est

381 3825 650 3888 criminis,
674 3841 779 3878 non
812 3826 1001 3895 Moysi.
1034 3828 1150 3882 Non
1181 3829 1325 3884 enim
1357 3829 1501 3883 aliud
1531 3830 1744 3884 volebat
1773 3832 1877 3885 nisi
1903 3839 1963 3886 ut

385 3931 497 3969 non
521 3916 574 3969 in
597 3915 704 3979 illo,
736 3917 830 3969 sed
860 3915 912 3968 in
939 3916 1162 3971 Domino
1178 3934 1325 3988 spem
1349 3929 1632 3986 ponerent,
1654 3929 1708 3973 et
1744 3920 1956 3976 Domini

387 4005 759 4058 misericordia
791 4019 851 4057 se
902 4004 953 4056 in
993 4007 1288 4072 gratiarum
1328 4008 1539 4063 actione
1577 4010 1858 4065 crederent
1893 4014 1961 4067 ab

389 4093 478 4147 illa
507 4092 766 4147 servitute
805 4092 1079 4147 liberatos.
1112 4094 1277 4163 Cujus
1307 4104 1484 4151 tamen
1511 4100 1651 4168 apud
1675 4101 1958 4156 Dominum

391 4193 646 4254 tanquam
687 4183 986 4240 ﬁdelissimi
1027 4184 1250 4252 famuli,
1289 4193 1497 4242 tantum
1539 4198 1657 4245 erat
1707 4193 1960 4247 meritum

387 4291 484 4344 per
513 4274 654 4331 illius
699 4274 962 4344 gratiam.
998 4283 1056 4328 ut
1090 4274 1138 4330 ei
1187 4276 1394 4331 diceret
1430 4278 1590 4345 Deus,
1624 4279 1747 4335 Sine
1773 4299 1873 4346 me,
1903 4293 1959 4335 ut

388 4366 591 4418 irascar
617 4375 803 4420 contra
829 4381 914 4418 eos
930 4381 951 4428 ;
979 4367 1121 4436 quod
1147 4375 1327 4421 utrum
1341 4367 1581 4435 jubentis
1605 4371 1817 4426 sitcum
1847 4373 1956 4427 ait:

383 4445 512 4506 Siue
552 4470 669 4518 me,
717 4471 786 4508 an
829 4455 984 4522 quasi
1033 4458 1298 4525 petentis,
1349 4467 1636 4529 utrumque
1667 4462 1955 4529 videatur,

383 4543 700 4596 absurdum.
730 4542 862 4596 Nam
892 4551 948 4596 et
975 4545 1022 4596 si
1046 4545 1232 4610 jubeat
1261 4549 1403 4601 Deus
1425 4587 1441 4612 ,
1490 4549 1854 4605 inobcdientcr
1879 4553 1958 4606 fa-

383 4630 564 4683 mulus
595 4646 700 4684 non
731 4633 980 4700 parebat,
1018 4641 1074 4686 et
1103 4633 1386 4688 Dominum
1439 4637 1543 4690 hoc
1570 4653 1600 4689 a
1626 4653 1781 4694 servo
1810 4642 1958 4695 velut

382 4734 484 4788 pro
511 4721 773 4776 beneficio
821 4732 1029 4792 petere,
1061 4740 1165 4780 non
1199 4727 1444 4792 decebat,
1474 4743 1595 4781 cum
1659 4731 1955 4797 praesertim

382 4817 570 4875 posset
600 4825 696 4864 eos
727 4812 891 4865 etiam
939 4811 1030 4868 illo
1059 4814 1271 4868 nolente
1319 4825 1619 4871 conterere.
1650 4819 1738 4874 llle
1773 4821 1953 4891 itaque

385 4897 460 4952 ibi
497 4913 689 4954 sensus
715 4901 767 4954 in
795 4911 1044 4971 promptu
1075 4913 1178 4967 est,
1205 4905 1347 4972 quod
1372 4906 1457 4960 his
1487 4908 1666 4963 verbis
1691 4909 1957 4980 significa-

387 4988 465 5040 vit
495 4988 638 5044 Dens
687 4991 978 5060 plurimum
1019 4994 1160 5061 apud
1210 5010 1269 5048 se
1323 4997 1581 5065 prodesse
1635 4998 1712 5053 illi
1741 5003 1952 5072 populo,

382 5082 510 5150 quia
544 5083 622 5136 sic
663 5083 846 5139 abillo
887 5085 1008 5139 viro
1055 5085 1435 5157 diligebantur,
1466 5105 1626 5158 quem
1669 5091 1749 5147 sic
1776 5093 1956 5149 Domi—

383 5187 488 5226 nus
525 5173 801 5242 diligebat,
858 5182 916 5226 ut
948 5189 1013 5229 eo
1058 5177 1219 5231 modo
1275 5177 1707 5247 admoneremur,
1746 5193 1801 5238 ut
1833 5202 1952 5240 cum

383 5264 576 5317 merita
609 5271 792 5316 nostra
829 5279 926 5318 nos
977 5276 1205 5334 gravant
1227 5283 1294 5322 ne
1340 5268 1625 5337 diligamur
1647 5287 1677 5326 a
1713 5273 1839 5339 Deo,
1873 5292 1955 5332 re-

384 5351 549 5406 levari
577 5367 675 5406 nos
709 5353 848 5422 apud
887 5369 1009 5407 cum
1044 5355 1256 5410 illorum
1286 5359 1493 5414 meritis
1528 5375 1686 5429 posse
1713 5379 1848 5433 quos
1875 5368 1954 5422 di-

387 5441 518 5512 ligit.
573 5443 706 5498 Nam
767 5459 888 5498 cum
940 5446 1010 5500 ab
1061 5447 1443 5518 Omnipotcnte
1481 5453 1680 5508 dicitur
1724 5457 1948 5525 homini,

386 5531 513 5586 Sine
543 5551 646 5596 me,
677 5543 730 5587 et
758 5545 1033 5589 conteram
1065 5553 1179 5601 eos,
1209 5540 1338 5607 quid
1367 5540 1511 5595 aliud
1540 5543 1756 5610 dicitur,
1789 5562 1949 5615 quam

387 5632 718 5677 iontercrcm
749 5643 842 5679 eos
872 5628 970 5681 nisi
1003 5627 1356 5698 diligerentur
1387 5632 1480 5685 abs
1514 5641 1582 5687 te.
1617 5633 1693 5689 lta
1724 5653 1852 5708 ergo
1878 5640 1953 5694 tli-

2066 3196 2181 3252 vice
2214 3205 2360 3264 sunt,
2387 3198 2517 3268 quia
2568 3213 2676 3253 non
2736 3217 2858 3255 eum
2909 3204 3201 3272 propitium
3249 3215 3306 3262 et
3341 3209 3638 3279 salubrem,

2062 3289 2166 3343 nisi
2227 3290 2502 3344 humilitas
2551 3300 2606 3346 et
2634 3292 2807 3362 pictas
2859 3297 3022 3365 capit.
3062 3297 3194 3353 Esse
3241 3310 3420 3355 autem
3460 3302 3630 3358 Deum

2062 3396 2186 3434 cum
2225 3383 2373 3436 dura:
2403 3384 2628 3438 cervicis
2662 3385 2993 3453 hominibus,
3021 3389 3154 3442 nihil
3173 3400 3250 3446 est
3285 3392 3447 3458 aliud,
3471 3409 3635 3464 quam

2064 3471 2392 3527 vindicando
2423 3473 2613 3529 adesse
2668 3485 2832 3544 atque
2876 3480 3166 3547 puniendo.
3225 3481 3377 3538 Unde
3417 3500 3539 3538 cum
3569 3503 3637 3541 co

2062 3564 2223 3617 modo
2259 3565 2412 3620 malis
2439 3581 2546 3621 non
2596 3567 2767 3633 adest,
2814 3573 3083 3637 parcendo
3134 3573 3284 3640 facit,
3314 3591 3421 3646 quo
3470 3581 3638 3647 perti-

2063 3666 2154 3709 net
2181 3656 2312 3710 illud
2337 3657 2478 3726 quod
2503 3657 2700 3712 dicitur
2731 3677 2743 3712 :
2773 3661 2955 3715 Averte
2985 3663 3175 3732 faciem
3218 3676 3361 3719 tuom
3390 3687 3421 3721 a
3447 3686 3638 3738 pecca-

2060 3747 2126 3800 (is
2147 3748 2272 3802 meis
2298 3746 2469 3819 (Psal.
2499 3748 2550 3821 ι.)
2580 3767 2592 3802 :
2630 3751 2756 3819 quia
2782 3752 2826 3806 si
2850 3767 2955 3806 non
2995 3756 3208 3819 avertit,
3237 3759 3448 3820 evertit.
3482 3757 3638 3815 Sicut

2060 3840 2203 3893 enim
2233 3840 2348 3896 fluit
2385 3857 2509 3896 cera
2537 3859 2567 3897 a
2599 3843 2735 3899 facie
2767 3845 2924 3916 ignis,
2957 3848 3035 3902 sic
3067 3859 3292 3917 pereant
3322 3866 3637 3922 peccatores

2060 3945 2090 3982 a
2118 3931 2256 3986 facie
2289 3933 2404 3987 Dei.
2437 3933 2667 3990 Audiens
2709 3946 2882 3990 autem
2911 3939 3134 4008 populus
3161 3958 3447 3998 sermonem
3492 3947 3636 4002 [tunc

2058 4022 2360 4088 pessimum,
2391 4022 2547 4089 luxit,
2584 4036 2631 4078 et
2662 4025 2838 4080 nullus
2873 4043 2940 4092 ex,
2963 4044 3105 4083 more
3154 4031 3368 4088 indutus
3391 4046 3462 4088 est
3487 4038 3635 4092 cultu

2057 4125 2174 4162 suo.
2208 4110 2510 4167 Pessimum
2562 4130 2868 4172 sermonem
2916 4119 3050 4176 dicit
3101 4124 3317 4180 audisse
3343 4128 3631 4198 populum,

2059 4200 2160 4256 hoc
2187 4210 2287 4264 est,
2319 4204 2750 4262 crudelissimum
2800 4217 2960 4278 atque
3013 4215 3444 4270 mmstissimum.
3475 4217 3634 4285 Quod

2057 4291 2201 4344 enim
2230 4291 2399 4359 majus
2430 4295 2586 4350 alicui
2614 4307 2790 4366 potest
2833 4303 3076 4369 praestari
3105 4303 3442 4372 beneficium,
3469 4324 3633 4377 quam

2063 4378 2158 4434 Dei
2186 4383 2413 4451 gratiam
2435 4383 2634 4440 habere
2657 4398 2999 4456 praesentem,
3028 4408 3094 4447 ac
3117 4397 3450 4452 conditorem
3474 4414 3634 4454 suum

2062 4490 2354 4544 agnoscere
2386 4477 2487 4531 sibi
2517 4491 2638 4534 esse
2666 4481 2957 4550 propitium
2979 4483 3006 4537 ἲ
3029 4483 3139 4538 Aut
3173 4489 3317 4555 quod
3347 4487 3518 4556 majus
3547 4500 3637 4545 est

2059 4563 2374 4631 discrimen,
2401 4583 2563 4637 quam
2591 4573 2830 4627 auctoris
2854 4573 3080 4630 sufferre
3106 4576 3282 4632 iram?
3306 4577 3448 4633 Nihil
3467 4581 3634 4637 habet

2058 4656 2205 4720 boni,
2221 4660 2310 4727 qui
2339 4662 2600 4715 creatoris
2616 4663 2698 4716 sui
2721 4667 2925 4720 carebit
2945 4669 3120 4737 gratia
3143 4680 3300 4740 atque
3320 4677 3629 4743 praesentia.

2059 4743 2304 4829 Dixitque
2365 4748 2618 4805 Dominus
2679 4753 2748 4805 ad
2810 4754 3070 4824 Moysen:
3107 4757 3342 4829 Loquere
3390 4762 3514 4829 ﬁliis
3544 4763 3628 4818 Is—

2057 4827 2166 4881 rael
2198 4843 2217 4880 .'
2257 4829 2494 4900 Populus
2531 4834 2681 4890 dune
2708 4839 2916 4892 cervicis
2955 4856 3031 4904 es,
3057 4827 3215 4896 semel
3255 4827 3532 4900 ascendam
3574 4851 3631 4902 in

2057 4920 2225 4974 medio
2265 4923 2362 4986 tui,
2399 4932 2448 4977 et
2475 4923 2654 4978 delebo
2683 4936 2751 4981 te.
2787 4927 2900 4982 Hoc
2928 4939 3032 4995 est,
3061 4935 3203 4999 quod
3224 4942 3350 4989 ante
3369 4935 3539 4990 dixit:
3567 4938 3626 4992 In

2056 5008 2143 5062 die
2213 5009 2434 5068 ultionis
2494 5013 2724 5069 visitabo
2781 5024 2838 5070 et
2892 5018 2994 5072 hoc
3050 5028 3333 5087 peccatum
3392 5037 3623 5078 eorum:

2056 5098 2219 5154 semel
2252 5101 2396 5154 enim
2448 5103 2646 5157 dicitur
2703 5107 2995 5161 ascendere
3055 5108 3315 5164 Dominus
3363 5111 3416 5165 in
3448 5114 3630 5168 medio

2054 5190 2404 5258 perfidorum,
2449 5201 2509 5247 ut
2551 5195 2724 5250 deleat
2750 5212 2876 5263 cos;
2915 5199 3039 5268 quia
3075 5201 3377 5259 certissime
3421 5214 3476 5257 et
3509 5205 3630 5261 sine

2053 5280 2163 5345 ulla
2186 5282 2456 5338 dubietate
2484 5295 2726 5344 venturus
2753 5299 2826 5342 est
2849 5289 3091 5358 judicare
3112 5294 3249 5346 vivos
3267 5309 3330 5346 ac
3352 5303 3582 5348 mortuos
3607 5309 3626 5347 :

2047 5370 2212 5440 justis
2237 5373 2366 5428 dare
2395 5377 2693 5444 premium,
2745 5394 3031 5446 perennem
3068 5383 3315 5451 gloriam,
3346 5399 3411 5437 ac
3433 5398 3625 5453 pecca-

2056 5461 2260 5515 toribus
2277 5471 2590 5533 perpetuam
2626 5479 2860 5536 pmnam.
2905 5468 3028 5522 1am
3069 5488 3205 5525 nunc
3243 5473 3439 5541 depone
3469 5490 3625 5526 orna-

2051 5561 2162 5604 tum
2191 5561 2359 5619 tuum,
2392 5563 2445 5606 ut
2471 5555 2630 5608 sciant
2657 5557 2780 5625 quid
2809 5556 2998 5624 faciam
3021 5559 3134 5613 tibi.
3191 5559 3245 5613 In
3273 5559 3620 5630 Septuaginta

2053 5658 2264 5712 quoque
2292 5643 2365 5698 ita
2391 5644 2604 5716 legitur,
2624 5646 2879 5715 Deponite
2907 5649 3074 5704 stolas
3099 5650 3390 5721 gloriarum
3418 5662 3622 5708 vestra-
