3956 6176
276 314 378 368 229

1231 301 1727 360 COMMENTARIA
1768 299 1834 354 IN
1877 299 2188 358 EXODUM.
2231 329 2298 341 -
2338 302 2466 357 LIB.
2506 301 2596 359 Π.

3429 307 3536 364 230

277 444 417 488 rtnn,
448 424 751 487 ett-ultum,
777 429 826 477 ct
857 419 1139 475 ostendam
1173 433 1290 487 qum
1316 415 1554 472 facturus
1591 431 1710 471 sum
1737 416 1851 470 tibi.
1883 417 1934 478 Α
1960 424 2238 484 conspectu
2277 426 2386 479 tuo,
2425 417 2633 471 ostende
2660 419 2787 473 mihi
2813 423 3134 492 temetipsum
3159 425 3339 489 scient,
3379 437 3435 480 ut
3466 431 3538 484 vi-

278 519 431 574 b'cire
455 515 607 569 enim
657 513 745 567 hic
773 525 871 582 pro
900 508 1137 565 revelare
1171 505 1544 575 accipiendum
1573 512 1678 568 est,
1721 503 1861 557 sicut

278 606 402 661 alibi
449 606 703 674 ignorare
757 615 858 671 pro
910 614 1017 654 non
1078 596 1449 652 manifestare.
1540 595 1693 651 Unde
1731 594 1861 649 illud

279 702 331 753 in
378 695 673 767 Evangelio
707 712 721 746 :
771 693 849 747 De
875 692 962 746 die
988 701 1167 744 autem
1196 689 1282 744 illa
1310 696 1366 742 et
1394 689 1547 752 hora,
1580 702 1738 742 nemo
1767 702 1863 741 no-

277 788 372 849 vit,
405 800 578 854 neque
611 783 790 854 angeli
816 781 1074 837 caelorum
1096 819 1111 844 ,
1145 792 1320 848 neque
1344 776 1536 840 Filius,
1575 776 1678 830 nisi
1702 777 1864 830 Pater

280 877 443 929 solus.

348 966 557 1036 Moyses
577 979 784 1035 quoque
810 962 994 1016 tollens
1023 956 1440 1022 tabernaculum,
1474 955 1688 1010 tetendit
1714 964 1864 1008 extra

275 1067 448 1112 castra
470 1053 679 1123 procul,
729 1052 1027 1116 vocavitque
1075 1065 1262 1103 nomen
1286 1047 1421 1117 ejus,
1469 1045 1864 1100 tabernaculum

277 1147 508 1218 ftederis,
553 1155 602 1199 et
634 1143 803 1198 omnis
827 1141 1048 1213 populus
1076 1140 1167 1210 qui
1197 1137 1417 1192 habebat
1456 1135 1688 1208 aliquam
1721 1154 1866 1207 qua:-

273 1239 516 1300 stionem,
554 1233 919 1304 egrediebatur
941 1231 1010 1284 ad
1040 1227 1436 1284 tabernaculum
1481 1226 1691 1295 fmderis
1715 1235 1864 1280 extra

272 1337 469 1380 castra.
501 1324 738 1392 Cumque
756 1319 1117 1391 egrediebatur
1133 1315 1341 1386 Moyses
1368 1316 1436 1368 ad
1450 1314 1862 1378 tabernaculum,

273 1416 520 1485 surgebat
545 1413 788 1467 universa
817 1409 978 1479 plebs,
1003 1417 1051 1461 et
1079 1407 1248 1461 stabat
1280 1405 1630 1476 unusquisque
1656 1407 1711 1458 in
1737 1406 1865 1459 ostio

273 1503 558 1575 papilionis
603 1501 708 1555 sui.
782 1497 1211 1568 Aspiciebantque
1256 1506 1455 1566 tergum
1480 1495 1672 1565 Moysi,
1703 1496 1866 1549 donec

275 1593 643 1663 ingrederetur
668 1589 970 1643 tentorium.
1010 1586 1252 1656 Ingresso
1284 1595 1458 1638 autem
1496 1585 1586 1638 illo
1624 1585 1867 1640 taberna-

273 1684 452 1736 culum
505 1683 738 1751 fwderis,
761 1678 1102 1733 descendebat
1149 1676 1392 1731 columna
1423 1676 1597 1741 nubis,
1627 1687 1675 1730 et
1696 1677 1866 1732 stabat

1962 503 2114 557 deam
2145 513 2212 557 te.
2243 503 2448 570 Quibus
2486 506 2668 560 verbis
2695 509 2827 563 satis
2851 511 3088 564 ostendit
3138 511 3364 583 Moyses,
3394 519 3536 585 quod

1961 607 2070 647 non
2127 593 2199 646 ita
2251 594 2468 649 videbat
2522 595 2691 650 Deum
2724 596 2777 650 in
2827 597 2918 651 illa
2977 605 3125 652 tanta
3167 600 3537 662 familiaritate

1963 693 2305 752 conspectus,
2333 692 2392 738 ut
2440 685 2782 741 desiderabat
2806 687 3008 742 videre.
3048 687 3198 755 Quod
3239 691 3327 746 ille
3349 709 3538 750 omnes

1963 775 2199 828 visiones
2211 774 2326 836 Dei,
2346 791 2465 844 qua:
2496 776 2802 830 mortalium
2824 779 3207 847 przebebantur
3236 781 3535 850 affectibus,

1963 872 2019 917 et
2043 880 2108 918 ex
2133 865 2329 933 quibus
2356 864 2516 918 fiebat
2542 880 2728 931 sonus,
2755 867 2897 936 quod
2930 870 3170 924 mortalis
3186 873 3542 940 attingeretur

1965 952 2202 1017 auditus,
2227 953 2305 1006 sic
2336 953 2729 1008 exhibebantur
2782 956 2922 1010 sicut
2950 957 3089 1012 Deus
3117 960 3330 1015 volebat
3363 964 3541 1031 specie

1965 1059 2071 1113 qua
2128 1047 2362 1110 volebat,
2415 1057 2473 1102 ut
2500 1065 2607 1104 non
2662 1051 2740 1105 eis
2791 1051 2905 1120 ipsa
2956 1054 3062 1108 ullo
3109 1071 3269 1110 sensu
3297 1059 3544 1126 corporis

1966 1137 2262 1191 sentiretur
2285 1139 2463 1193 divina
2492 1149 2708 1206 natura,
2733 1157 2854 1210 qua:
2884 1143 3175 1199 invisibilis
3205 1147 3403 1215 ubique
3431 1156 3545 1202 tota

1965 1234 2070 1291 est,
2105 1235 2161 1281 et
2190 1228 2336 1283 nullo
2364 1229 2670 1284 continetur
2691 1231 2829 1286 loco.
2854 1234 2920 1287 Et
2942 1235 3066 1302 quia
3090 1236 3142 1289 in
3174 1236 3382 1290 duobus
3403 1253 3544 1306 prze-

1967 1312 2155 1380 ceptis,
2195 1313 2298 1367 hoc
2327 1323 2430 1378 est,
2469 1315 2772 1370 dilectionis
2810 1318 2904 1372 Dei
2933 1327 2987 1372 et
3023 1321 3276 1388 proximi,
3315 1329 3429 1376 tota
3456 1323 3544 1378 lex
3575 1316 3584 1324 ’

1967 1403 2182 1468 pendet,
2213 1404 2332 1458 ideo
2379 1404 2590 1475 Moyses
2640 1407 2694 1459 in
2743 1415 2974 1476 utroque
3022 1424 3178 1464 suum
3217 1411 3544 1467 desiderium

1969 1494 2396 1560 demonstrabat,
2438 1496 2803 1564 dilectionem,
2863 1499 3073 1553 scilicet
3113 1500 3232 1565 Dei,
3291 1502 3382 1554 ubi
3423 1503 3542 1554 ait:

1970 1585 2031 1639 Si
2088 1587 2256 1639 inveni
2313 1589 2538 1656 gratiam
2585 1590 2639 1642 in
2675 1599 2952 1658 conspectu
3010 1599 3118 1654 tuo,
3178 1593 3389 1647 ostende
3419 1595 3549 1648 mihi

1969 1678 2292 1744 temetipsum
2328 1678 2622 1746 manifeste,
2687 1690 2742 1733 ut
2803 1679 3007 1733 videam
3067 1692 3138 1746 te,
3222 1691 3278 1734 ut
3318 1683 3420 1735 sim
3459 1684 3544 1737 in-

274 1777 342 1829 ad
373 1775 592 1827 ostium.
660 1769 1093 1841 Loqaebaturque
1146 1785 1263 1821 cum
1313 1766 1494 1836 Moyse
1543 1767 1868 1822 cernentibus
1897 1781 1943 1839 Β
1972 1765 2176 1818 ueniens
2229 1766 2454 1835 gratiam
2492 1768 2546 1820 in
2587 1778 2864 1838 conspectu
2901 1777 3009 1822 tuo.
3047 1769 3106 1823 In
3145 1769 3434 1826 dilectione
3455 1787 3551 1826 au-

277 1864 553 1925 uaieersis,
572 1861 716 1931 quod
746 1858 986 1914 columna
1007 1858 1160 1912 nubis
1186 1867 1344 1910 staret
1368 1857 1438 1910 ad
1470 1858 1660 1911 ostium
1691 1857 1865 1911 taber-

280 1954 478 2018 naculi,
512 1952 825 2021 stabantque
861 1950 980 2018 ipsi,
1030 1958 1077 2002 et
1102 1948 1395 2000 adorabant
1419 1963 1511 2018 per
1537 1947 1675 2016 fores
1697 1947 1867 2001 taber-

287 2047 592 2101 naeniarum
617 2059 854 2098 suorum.
889 2039 1146 2095 Hebrzeus
1161 2038 1387 2108 populus
1409 2041 1473 2092 de
1489 2037 1742 2108 Egyptia
1757 2052 1868 2092 ser-

287 2139 450 2191 ritute
476 2136 764 2198 liberatus,
793 2146 917 2186 cum
953 2130 1205 2200 loquente
1231 2131 1341 2184 Deo
1379 2128 1684 2184 columnam
1711 2128 1869 2183 nubis

287 2234 553 2290 cerneret,
580 2222 956 2293 unusquisque
981 2221 1033 2275 in
1049 2219 1382 2275 tabernaculi
1413 2219 1496 2273 sui
1526 2218 1732 2274 foribus
1752 2227 1867 2272 sta-

283 2319 374 2374 bat
403 2327 462 2372 ct
494 2315 780 2370 adorabat.
833 2311 910 2365 De
947 2311 1146 2380 quibus
1180 2316 1235 2363 et
1272 2308 1471 2362 dicitur
1501 2324 1514 2360 :
1563 2306 1695 2361 Cum
1725 2324 1868 2376 egre-

283 2410 496 2463 deretur
537 2406 748 2476 Moyses
779 2404 850 2458 ad
895 2402 1308 2467 tabernaculum,
1359 2401 1602 2471 surgebat
1628 2401 1870 2455 universa

283 2497 445 2567 plebs,
473 2506 520 2550 et
564 2497 735 2550 stabat
766 2493 1117 2563 unusquisque
1161 2493 1216 2544 in
1267 2492 1396 2545 ostio
1443 2490 1722 2561 papilionis
1763 2491 1866 2543 sui.

290 2585 434 2651 Quid
462 2593 545 2640 est
565 2585 708 2639 enim
730 2582 984 2653 populum
1007 2583 1310 2636 columnam
1339 2580 1500 2636 nubis
1525 2580 1785 2649 aspicere,
1816 2587 1872 2635 et

296 2675 352 2727 in
377 2673 705 2729 tabernaculi
733 2673 812 2727 sui
843 2671 1048 2726 foribus
1078 2679 1223 2726 stare
1246 2678 1301 2725 et
1325 2671 1572 2734 adorare,
1600 2671 1701 2725 nisi
1728 2670 1872 2739 quod

294 2769 542 2823 humana
561 2781 710 2820 meus
735 2781 854 2820 cum
882 2763 1162 2833 superiora
1188 2763 1276 2817 illa
1301 2771 1461 2832 atque
1485 2763 1751 2827 coelestia,
1782 2770 1868 2816 ut-

289 2872 511 2926 cunque
561 2855 616 2910 in
646 2856 927 2926 muigmate
954 2853 1240 2923 conspicit,
1257 2851 1370 2922 jam
1395 2852 1630 2906 claustra
1656 2852 1869 2906 habita-

289 2951 452 3005 tionis
478 2964 755 3019 corporea:
776 2963 875 3018 per
899 2939 1231 3002 sublevatam
1275 2943 1655 3013 cogitationem
1682 2942 1869 3014 exigit,

287 3055 450 3113 atque
480 3042 634 3096 illum
687 3039 965 3095 humiliter
1017 3037 1251 3092 adorat?
1301 3035 1467 3104 Cujus
1504 3042 1559 3088 et
1598 3034 1643 3088 si
1688 3033 1872 3088 videre

1972 1863 2077 1908 tem
2117 1856 2368 1924 proximi,
2430 1858 2521 1912 ubi
2585 1859 2681 1923 ait,
2723 1858 2791 1910 Et
2832 1865 2891 1911 ut
2929 1859 3116 1924 sciam,
3153 1862 3277 1930 quia
3329 1860 3551 1930 populus

1969 1955 2091 1998 tuus
2127 1954 2201 1999 est
2241 1964 2365 2016 gens
2387 1949 2518 2001 Iure.
2546 1947 2816 2014 Quaeritur
2841 1951 3110 2019 quomodo
3138 1950 3282 2005 Deus
3307 1952 3374 2005 ad
3397 1950 3546 2020 Moy-

1969 2050 2067 2089 sen
2092 2035 2311 2100 dixerit,
2343 2036 2466 2091 Scio
2487 2047 2534 2090 te
2547 2053 2656 2107 pro:
2679 2039 2916 2092 omnibus
2944 2055 2962 2092 :
2993 2039 3245 2109 Nunquid
3266 2041 3406 2094 Deus
3427 2040 3552 2110 plus

1969 2123 2146 2194 aliqua
2177 2125 2280 2180 scit
2306 2134 2361 2180 et
2383 2126 2559 2196 aliqua
2589 2127 2808 2181 minus?
2854 2143 2922 2182 an
2949 2130 3262 2195 secundum,
3288 2131 3434 2200 quod
3461 2131 3552 2186 di-

1970 2216 2112 2269 citur
2139 2216 2458 2285 quibusdam
2485 2218 2539 2270 in
2567 2218 2880 2286 Evangelio,
2911 2217 3034 2272 Non
3055 2221 3176 2272 novi
3198 2237 3303 2273 vos.
3347 2219 3556 2276 Secun-

1969 2305 2095 2360 dum
2125 2307 2266 2362 banc
2313 2307 2456 2361 enim
2503 2309 2782 2362 scientiam
2831 2324 2936 2378 qua
2983 2309 3126 2364 Deus
3173 2310 3370 2366 dicitur
3413 2313 3556 2367 scire

1971 2411 2090 2466 qua:
2119 2397 2194 2451 illi
2225 2396 2466 2467 placent,
2519 2399 2730 2454 nescire
2755 2414 2874 2468 qua:
2925 2401 3232 2470 displicent.
3283 2401 3401 2457 Non
3425 2405 3554 2474 quia

1972 2487 2186 2557 ignorat
2215 2503 2279 2542 ea
2301 2529 2315 2553 ,
2357 2489 2449 2543 sed
2485 2489 2610 2558 quia
2641 2505 2747 2545 non
2774 2492 3056 2560 approbat.
3108 2491 3260 2547 Sicut
3288 2508 3378 2550 ars
3405 2506 3558 2552 recte

1971 2579 2167 2634 dicitur
2187 2579 2397 2634 nescire
2432 2580 2563 2634 vitia
2583 2596 2707 2635 cum
2737 2581 3004 2651 improbet
3031 2583 3184 2637 vitia.
3231 2584 3351 2639 Pra:
3374 2587 3554 2641 omni-

1970 2669 2072 2724 bus
2119 2670 2259 2725 Deus
2305 2670 2522 2740 Moysen
2550 2671 2783 2738 sciebat,
2833 2674 2960 2743 quia
3010 2674 3120 2728 Deo
3167 2691 3279 2745 pra:
3306 2678 3561 2734 omnibus

1972 2757 2182 2828 Moyses
2205 2759 2468 2828 placebat.
2501 2759 2806 2816 Notandum
2833 2771 2918 2818 est
2944 2765 3087 2832 quod
3113 2765 3261 2834 prius
3283 2767 3395 2835 ipse
3411 2766 3558 2837 Moy-

1972 2862 2061 2903 ses
2092 2849 2302 2904 dixerat
2339 2850 2470 2914 Deo,
2519 2849 2712 2904 Dixisti
2741 2853 2902 2918 mihi,
2932 2851 3052 2908 Scio
3084 2863 3134 2906 te
3155 2871 3265 2923 pra:
3291 2856 3555 2919 omnibus,

1972 2937 2116 3006 quod
2163 2938 2235 2992 illi
2281 2938 2422 2994 Deus
2450 2948 2799 3008 posteaquam
2839 2943 2942 2996 boc
2996 2943 3112 3012 ipse
3159 2944 3316 3008 dixit,
3363 2945 3561 3015 legitur

1975 3026 2197 3092 dixisse,
2228 3039 2352 3082 ante
2371 3038 2550 3084 autem
2575 3046 2680 3084 non
2707 3030 2922 3100 legitur.
2971 3032 3040 3087 Ut
3066 3033 3427 3105 intelligamus
3451 3055 3559 3093 non

288 3132 648 3186 substantiam
683 3145 790 3183 non
837 3127 1002 3191 valet,
1034 3126 1146 3196 jam
1192 3133 1370 3179 tamen
1407 3123 1522 3192 ejus
1577 3122 1871 3193 potentiam
1901 3119 1944 3180 C
1975 3119 2154 3171 omnia
2181 3133 2301 3174 esse
2329 3119 2551 3188 scripta,
2599 3137 2718 3190 qua:
2743 3138 2863 3176 cum
2904 3123 2995 3178 illo
3043 3124 3184 3179 Deus
3214 3126 3424 3182 locutus
3453 3138 3562 3184 est.

289 3239 380 3292 per
408 3219 866 3276 illuminationem
895 3217 1114 3287 spiritus
1142 3216 1390 3270 miratur.
1424 3214 1492 3267 Et
1520 3229 1641 3266 cum
1666 3211 1876 3282 Moyses

293 3310 703 3368 tabernaculum
727 3307 1047 3379 ingreditur,
1073 3306 1190 3377 ejus
1238 3313 1382 3374 terga
1412 3303 1638 3373 populus
1661 3303 1871 3373 aspicit,

290 3413 342 3457 et
371 3404 421 3456 in
450 3402 791 3472 papilionum
820 3413 1038 3454 suarum
1087 3396 1244 3452 ostiis
1290 3395 1556 3457 consistit,
1599 3394 1726 3463 quia
1753 3407 1874 3447 eum

291 3502 509 3548 sanctus
543 3492 779 3561 quisque
805 3489 1128 3559 praedicator
1149 3485 1257 3540 alta
1286 3486 1352 3540 de
1380 3485 1490 3539 Deo
1513 3484 1768 3554 loquitur,
1794 3499 1877 3538 su-

293 3601 467 3655 penne
488 3583 849 3639 habitationis
882 3580 998 3650 jam
1035 3587 1324 3648 utrumque
1355 3577 1762 3633 tabernaculum
1798 3577 1878 3631 in-

297 3677 548 3744 greditur.
617 3673 788 3741 Cujus
822 3671 1257 3743 pruzdieationem
1284 3669 1484 3724 inbrmi
1529 3670 1730 3738 quique
1758 3669 1878 3722 etsi

301 3769 548 3822 virtutem
595 3765 758 3836 plene
801 3776 1032 3834 pensare
1081 3777 1188 3816 non
1239 3767 1487 3830 possunt,
1530 3767 1710 3812 tamen
1737 3756 1881 3811 velut

303 3865 446 3927 terga
468 3857 764 3927 aspiciunt,
815 3853 940 3924 quia
966 3861 1239 3922 postrema
1273 3865 1390 3919 quae
1418 3848 1730 3918 prteralent,
1783 3861 1882 3915 per

300 3946 629 4000 intellectum
658 3951 978 4013 sequuntur.
1032 3941 1136 3997 Sed
1159 3943 1212 3996 in
1243 3941 1372 4011 ipsis
1404 3956 1618 4010 quoque
1643 3940 1882 3995 minimis

300 4052 413 4103 quze
442 4050 640 4103 capere
667 4033 958 4096 sufﬁciunt,
984 4031 1096 4100 jam
1119 4033 1184 4086 de
1215 4031 1326 4085 suis
1356 4029 1714 4100 papilionibus
1727 4029 1881 4098 quasi

300 4134 494 4178 exeunt
525 4133 693 4194 atque
720 4124 775 4176 in
811 4123 964 4177 ostiis
987 4122 1152 4187 stant,
1183 4121 1311 4191 quia
1338 4129 1392 4175 et
1420 4118 1726 4173 habitacula
1755 4133 1880 4172 car-

301 4214 382 4267 nis
405 4214 739 4282 relinquere,
795 4221 849 4267 et
901 4211 969 4265 ad
1019 4211 1107 4264 illa
1153 4219 1370 4264 azterna:
1395 4209 1516 4263 vitm
1544 4209 1737 4280 gaudia
1764 4224 1884 4278 quae

301 4307 544 4369 audiunt,
578 4303 829 4374 progredi
859 4311 1140 4358 conantur.
1197 4301 1341 4354 Dixit
1380 4311 1554 4354 autem
1583 4299 1786 4368 Moyses
1815 4298 1884 4352 ad

306 4397 587 4449 Dominum
615 4411 634 4448 :
674 4395 926 4464 Prwcipis
968 4405 1028 4449 ut
1061 4394 1282 4447 educam
1323 4391 1571 4462 papulum
1618 4391 1796 4455 istum,
1836 4398 1883 4442 et

1976 3209 2080 3266 Sed
2111 3210 2420 3282 diligentius
2465 3214 2845 3282 requirendum
2877 3223 2962 3270 est
3008 3216 3061 3269 in
3101 3218 3374 3286 prioribus
3401 3217 3565 3278 Scri-

1973 3307 2145 3370 ptura:
2167 3301 2408 3371 partibus
2437 3319 2503 3356 an
2533 3321 2654 3359 rere
2684 3305 2755 3360 ita
2786 3307 2876 3359 sit.

2567 3415 2792 3472 CAPUT
2826 3417 2968 3472 XIX.

1977 3504 2053 3558 De
2075 3521 2135 3558 eo
2163 3505 2302 3585 quod
2330 3504 2545 3585 ogses
2573 3507 2742 3585 vultus
2769 3507 2866 3560 Dei
2898 3511 3383 3585 contemplationem
3408 3530 3567 3585 appe-

2258 3576 2393 3638 tivit,
2425 3589 2470 3628 et
2503 3575 2715 3630 Domini
2747 3594 2924 3630 coram
2951 3595 3011 3632 eo
3033 3575 3281 3636 transitu.

2047 3663 2294 3732 Dixitque
2325 3664 2576 3718 Dominus
2596 3679 2614 3715 :
2646 3664 2832 3720 Facies
2858 3683 2971 3721 mea
2994 3673 3250 3736 pra'cedet
3278 3682 3348 3736 te,
3397 3683 3445 3726 et
3478 3691 3562 3727 rc-

1977 3754 2148 3823 quiem
2172 3755 2307 3808 dabo
2335 3756 2445 3809 tibi.
2481 3757 2547 3809 Et
2573 3757 2646 3809 ait
2689 3756 2895 3826 Moyses
2922 3775 2940 3812 :
2971 3758 3031 3813 Si
3057 3777 3159 3814 non
3186 3772 3242 3814 tu
3277 3765 3388 3829 ipse
3429 3783 3568 3834 pnt-

1979 3844 2142 3908 cedis,
2169 3861 2273 3899 non
2301 3845 2492 3899 educas
2525 3863 2616 3900 nos
2657 3845 2722 3900 de
2748 3846 2860 3900 loco
2887 3849 3008 3902 isto.
3036 3849 3101 3902 In
3129 3868 3228 3920 quo
3271 3855 3406 3905 enim
3434 3855 3570 3906 scire

1979 3937 2264 4006 poterimus
2290 3951 2380 4005 ego
2422 3947 2469 3990 et
2498 3936 2720 4007 papulas
2749 3949 2868 3992 tuus
2888 3979 2904 4002 ,
2949 3940 3201 3996 invenisse
3226 3959 3319 3996 nos
3343 3946 3569 4014 gratiam

1981 4025 2035 4079 in
2075 4036 2348 4096 conspectu
2373 4037 2487 4093 tuo,
2516 4029 2617 4082 nisi
2657 4031 3005 4086 ambulaveris
3031 4034 3321 4099 nobiscum,
3354 4045 3409 4088 ut
3457 4039 3572 4105 glo-

1983 4117 2248 4186 riﬁcemur
2271 4117 2336 4172 ab
2363 4119 2602 4173 omnibus
2649 4120 2855 4190 populis
2899 4125 2988 4192 qui
3015 4124 3250 4178 habitant
3280 4141 3436 4195 super
3461 4134 3576 4176 ter-—

1984 4224 2097 4260 ram
2122 4208 2146 4261 .7
2177 4208 2322 4261 Dixit
2349 4219 2522 4262 autem
2559 4210 2815 4264 Dominus
2844 4211 2912 4263 ad
2955 4211 3172 4280 Moysen
3195 4225 3213 4262 :
3250 4213 3319 4266 Et
3358 4213 3578 4267 verbum.-

1984 4298 2124 4352 istud
2152 4299 2291 4368 quod
2319 4298 2523 4352 locutus
2564 4317 2617 4352 es
2648 4299 2862 4368 faciam.
2896 4299 3148 4352 Invenisti
3178 4301 3314 4353 enim
3341 4303 3582 4371 gratiam-

1987 4406 2164 4443 coram
2186 4406 2284 4451 me,
2317 4399 2362 4443 et
2385 4392 2604 4459 teipsum
2630 4391 2744 4444 novi
2765 4407 2830 4443 ea:
2851 4392 3076 4456 nomine,
3103 4392 3193 4462 qui
3212 4394 3283 4446 ait
3304 4408 3322 4445 .'
3345 4393 3587 4456 Ostende

307 4506 402 4541 non
428 4488 636 4540 indicas
658 4487 782 4538 mihi
819 4503 969 4556 quem
998 4486 1253 4539 missurus
1283 4501 1336 4537 es
1363 4499 1581 4546 mecum,
1603 4481 1892 4552 praesertim
1916 4469 1969 4528 Ι)
1995 4479 2120 4532 mihi
2162 4477 2382 4548 gloriam
2429 4487 2591 4542 tuam,
2624 4479 2884 4550 respondit
2911 4493 2930 4531 :
2971 4480 3084 4551 Ego
3113 4484 3382 4538 ostendam
3421 4502 3588 4549 omne-

306 4597 417 4632 cum
441 4580 644 4632 dixeris
674 4596 693 4632 :
724 4578 859 4632 Novi
887 4587 935 4630 te
959 4593 1024 4631 ex
1048 4577 1272 4642 nomine,
1316 4585 1363 4630 et
1393 4575 1630 4629 invenisti
1659 4573 1886 4642 gratiam

305 4686 484 4721 coram
538 4685 640 4722 me.
731 4667 788 4721 ιιι
839 4668 1107 4736 aliquibus
1157 4666 1557 4736 exemplaribus
1612 4666 1686 4720 ita
1750 4663 1885 4735 legi-

308 4770 392 4811 tur
423 4776 437 4810 :
493 4757 618 4814 Scio
648 4766 698 4812 te
723 4772 834 4826 prae
861 4759 1133 4822 omnibus,
1183 4768 1239 4812 et
1271 4759 1501 4826 gratiam
1549 4757 1712 4812 habes
1746 4756 1887 4825 apud

304 4865 416 4918 me,
465 4849 612 4918 quod
650 4864 787 4918 pene
836 4848 976 4904 idem
1020 4858 1122 4903 est.
1179 4848 1316 4915 Quid
1367 4857 1452 4904 est
1505 4849 1647 4902 aliud
1687 4850 1886 4914 dicere,

304 4937 440 4994 Novi
498 4949 550 4994 te
594 4954 662 4994 ex
708 4939 944 5004 nomine,
990 4940 1094 4994 nisi
1133 4940 1246 4994 scio
1273 4949 1325 4996 te
1353 4956 1464 5009 prae
1511 4940 1784 5005 oninibus,
1835 4941 1888 4994 id

306 5039 415 5093 est,
470 5028 780 5097 specialiter
829 5037 885 5082 te
938 5030 1058 5082 novi
1105 5043 1216 5098 prae
1266 5030 1551 5084 omnibus?
1594 5030 1657 5082 Et
1697 5044 1892 5083 nomen

309 5119 477 5183 enim,
515 5120 727 5188 species
751 5118 1012 5188 cujusque
1039 5129 1275 5174 notatur.
1303 5119 1387 5191 [Si
1413 5136 1532 5188 ergo
1563 5121 1732 5173 inveni
1775 5137 1896 5191 gra—

310 5208 438 5259 tiam
465 5209 518 5261 in
555 5219 959 5279 conspectutuo,
993 5209 1200 5262 ostende
1224 5209 1350 5262 mihi
1383 5210 1703 5277 temetipsum
1729 5209 1896 5262 mani-

310 5295 458 5363 feste,
494 5309 550 5352 ut
600 5300 804 5353 videam
859 5308 928 5364 te,
979 5309 1035 5351 ut
1061 5299 1157 5352 sim
1206 5300 1470 5353 inveniens
1522 5301 1747 5369 gratiam
1779 5310 1899 5353 ante

309 5397 382 5449 te,
414 5398 468 5440 ut
495 5391 662 5444 sciam
699 5391 823 5460 quia
867 5389 1087 5460 populus
1122 5399 1243 5444 tuus
1271 5399 1346 5444 est
1373 5407 1498 5459 gens
1532 5389 1690 5462 Iura]
1742 5390 1895 5458 Quod

312 5474 711 5535 babetGraacus
729 5481 974 5553 γνωστὸς,
992 5481 1094 5535 hoc
1117 5481 1333 5550 quidam
1361 5480 1536 5534 Latini
1555 5481 1896 5552 interpretati

313 5578 435 5621 sunt
459 5570 771 5636 manifeste,
803 5587 925 5624 cum
957 5570 1234 5639 Scriptura
1273 5588 1378 5627 non
1425 5573 1625 5627 dixerit
1651 5582 1891 5649 φανερῶς.

313 5653 631 5735 Potnitergo
660 5659 891 5717 fortasse
922 5662 1100 5730 potius
1128 5663 1256 5728 dici,
1287 5662 1345 5716 Si
1375 5663 1548 5718 inveni
1580 5665 1806 5734 gratiam
1839 5665 1893 5716 in

1992 4568 2182 4622 bonum
2211 4570 2324 4634 tibi,
2356 4579 2403 4623 et
2429 4569 2617 4622 vocabo
2643 4570 2698 4622 in
2727 4571 2934 4624 nomine
2955 4570 3165 4626 Domini
3196 4590 3372 4628 coram
3393 4586 3460 4630 te.
3503 4579 3584 4633 Et

1991 4658 2272 4712 miserebor
2299 4659 2384 4711 cui
2413 4658 2642 4722 voluero,
2673 4668 2720 4712 et
2756 4660 2979 4714 clemens
3006 4677 3118 4727 ero,
3164 4663 3220 4716 in
3257 4681 3407 4735 quem
3445 4669 3584 4724 milii

1992 4750 2264 4822 placuerit,
2307 4768 2616 4822 rursumque
2639 4753 2711 4805 ait
2738 4751 2920 4806 :'Non
2946 4756 3138 4825 poteris
3179 4758 3352 4812 videre
3384 4759 3580 4829 faciem

1994 4857 2182 4895 meam.
2217 4841 2342 4896 Non
2361 4845 2496 4897 enim
2517 4843 2704 4897 videbit
2733 4860 2813 4898 me
2831 4845 3059 4909 [causam
3091 4848 3238 4901 vivet.
3265 4849 3331 4903 Et
3361 4851 3582 4918 iterum,

1993 4931 2150 4997 Ecce,
2182 4934 2369 5003 inquit,
2399 4943 2473 4987 est
2514 4933 2660 4988 locus
2687 4935 2828 5004 apud
2866 4951 2946 4989 me
2977 4951 3133 5006 super
3158 4947 3385 5005 petram.
3416 4939 3580 4996 Cum-

1989 5042 2089 5097 que
2116 5027 2354 5080 transibit
2385 5026 2550 5096 gloria
2573 5044 2710 5091 mea,
2739 5045 2928 5095 ponam
2952 5037 3001 5081 te
3030 5029 3084 5081 in
3115 5029 3374 5097 foramine
3391 5044 3580 5101 ρει-ναξ,

1993 5129 2040 5170 et
2067 5127 2332 5188 protegam
2357 5127 2406 5172 te
2431 5118 2644 5191 dextera
2677 5135 2814 5183 mea,
2856 5119 3019 5174 donec
3049 5129 3336 5187 transeam,
3368 5123 3578 5176 tollatu-

1995 5222 2093 5276 que
2114 5221 2326 5258 manum
2353 5222 2543 5268 meam,
2589 5217 2635 5260 et
2686 5207 2877 5260 videbis
2903 5209 3192 5277 posteriora
3223 5227 3358 5274 mea,
3387 5211 3576 5277 faciem

1999 5305 2173 5349 autem
2219 5313 2384 5350 meam
2442 5296 2612 5350 videre
2665 5313 2767 5350 non
2823 5299 3017 5367 poteris
3069 5299 3276 5372 (Exod.
3339 5299 3574 5374 χχχιιι).

1999 5386 2054 5440 Si
2083 5394 2262 5441 autem
2291 5385 2432 5441 Deus
2457 5396 2595 5452 erat,
2624 5402 2744 5442 cum
2776 5403 2884 5457 quo
2911 5389 3049 5444 faeie
3070 5391 3137 5444 ad
3170 5389 3362 5443 faciem
3394 5389 3581 5461 loque~

1997 5479 2177 5543 batur,
2213 5495 2310 5533 cur
2333 5494 2392 5534 se
2421 5479 2636 5550 petebat
2666 5480 2848 5534 videre
2874 5495 3034 5549 quem
3063 5479 3315 5534 videbat?
3339 5479 3446 5535 Sed
3475 5482 3577 5540 hac

1999 5571 2187 5624 melius
2213 5571 2475 5639 petitione
2497 5571 2788 5641 colligitur,
2825 5571 2965 5640 quod
2989 5585 3110 5623 eum
3137 5570 3342 5624 sciebat
3375 5588 3474 5641 per
3498 5576 3580 5630 in-

2000 5663 2421 5732 circumscripta:
2451 5671 2654 5717 natura:
2674 5677 2785 5718 sua:
2810 5661 3110 5716 claritatem
3142 5673 3389 5730 cernere,
3417 5680 3581 5736 quem
