3956 6176
366 305 464 359 23!

1032 295 1094 350 B.
1133 290 1388 349 RABANI
1428 288 1649 346 MAURI
1685 282 2005 345 ARCHIEP.
2048 279 2355 340 MOGUNT.
2395 276 2681 335 OPERUM
2718 274 2896 332 PARS
2928 275 2971 331 ι.

3521 276 3637 335 2'52

359 426 474 498 jam
499 426 743 491 cmperat
783 429 883 486 per
920 414 1178 484 quasdam
1204 410 1498 480 ‘imagines
1525 407 1709 461 videre
1733 419 1748 458 :
1789 403 1953 459 utsic
1979 403 2031 461 Α
2056 396 2225 451 voluit
2255 394 2520 498 scipsumn
2534 392 2636 492 hoc
2680 390 2882 491 facere,
2930 390 2984 445 id
3009 397 3117 498 est,
3155 388 3344 498 gratia
3368 404 3465 445 sua
3481 391 3636 498 ll‘ieri:

364 527 600 584 superna
622 509 858 566 essentia
908 506 1108 561 mentis
1136 503 1253 572 ejus
1279 501 1453 557 oculis
1486 501 1717 563 adesset,
1764 503 1954 565 quate-

364 620 468 660 nus
492 604 539 657 ei
569 603 638 657 ad
677 596 998 654 aeternitatis
1022 594 1288 650 visionem
1335 592 1389 646 in
1439 590 1527 644 illa
1567 590 1743 658 imago
1768 594 1953 641 creata

364 690 740 761 temporaliter
763 688 1071 741 interesset.
1103 683 1171 738 Et
1198 682 1451 736 viderunt
1477 694 1607 749 ergo
1637 687 1820 747 patres
1849 676 1953 730 Te-

364 780 624 837 stamenti
652 778 863 832 Veteris
890 775 1191 837 Dominum,
1231 781 1281 827 et
1303 770 1457 840 juxta
1490 767 1712 822 Joannis
1739 779 1950 830 vocem,

366 872 536 925 Deum
574 886 723 923 nemo
750 868 879 922 vidit
922 880 1173 936 unquam.
1223 863 1288 916 Et
1308 860 1464 930 juxta
1487 858 1727 927 ejusdem
1763 870 1951 910 vocem

366 959 599 1021 Domini,
636 956 804 1010 Nemo
840 955 1002 1008 Deum
1032 953 1181 1019 vidit,
1209 962 1258 1005 et
1281 951 1409 1005 vixit
1431 966 1449 1003 :
1477 950 1568 1018 qui
1595 950 1650 1001 in
1676 947 1780 1001 hac
1806 960 1953 999 mor-

364 1046 460 1100 tali
484 1059 650 1100 carne
693 1042 1137 1104 consistentibus,
1184 1047 1241 1095 et
1267 1038 1437 1093 videri
1465 1036 1642 1106 potuit
1666 1049 1763 1104 per
1789 1047 1952 1103 quas-

367 1138 490 1191 dam
532 1132 968 1200 circumscriptas
998 1130 1282 1200 imagines,
1333 1136 1389 1183 et
1424 1126 1594 1181 videri
1637 1139 1743 1179 non
1772 1129 1951 1193 potest

363 1244 462 1300 per
490 1225 1018 1293 incircumscriptum
1067 1223 1248 1276 lumen
1281 1219 1623 1275 aeternitatis.
1674 1217 1771 1271 Sin
1820 1228 1951 1270 vero

328 1304 333 1309 ’
363 1319 686 1392 quibusdam
710 1319 764 1372 in
790 1318 894 1372 hac
923 1318 1102 1372 adhuc
1122 1314 1456 1385 corruptibili
1480 1327 1674 1377 carne,
1702 1311 1797 1366 sed
1825 1310 1951 1363 ina:-

365 1411 624 1467 stimabili
651 1411 851 1464 virtute
900 1408 1274 1464 crescentibus
1298 1448 1313 1471 ,
1350 1406 1583 1476 quodam
1614 1400 1947 1471 contempla-

364 1500 528 1554 tionis
556 1499 803 1552 acumine
839 1506 1039 1552 :eterna
1070 1497 1166 1551 Dei
1193 1497 1416 1551 claritas
1439 1494 1633 1559 videri,
1686 1493 1791 1548 hoc
1817 1506 1950 1560 quo-

363 1608 471 1662 que
496 1592 563 1646 ab
596 1591 836 1661 ejusdem
867 1590 1083 1644 virtutis
1123 1590 1391 1644 sententia
1423 1602 1528 1642 non
1554 1587 1813 1641 abhorret
1840 1598 1947 1653 qua

365 1682 601 1736 dicitur:
642 1679 765 1735 Non
795 1681 932 1734 enim
969 1680 1157 1734 videbit
1197 1697 1278 1733 me
1304 1680 1479 1743 homo,
1527 1686 1575 1731 et
1604 1677 1755 1731 vivet.
1803 1674 1949 1742 Quo-

2056 493 2115 538 ut
2150 491 2439 538 vocaretur
2480 480 2740 535 Dominus
2778 480 2834 534 in
2876 477 3128 533 omnibus
3164 477 3433 546 gentibus.
3479 477 3638 545 Quod

2052 588 2185 628 vero
2206 571 2431 635 addidit,
2455 579 2512 624 et
2543 568 2823 623 miserebor
2841 567 2926 622 cui
2954 566 3193 621 misertus
3219 582 3330 631 ero,
3363 576 3411 620 et
3431 569 3639 623 miseri-

2052 663 2287 717 cordiam
2333 661 2593 732 praestabo
2625 661 2709 714 cui
2745 658 3156 714 misericordiam
3190 659 3479 739 praestitero
3500 699 3516 726 ,
3559 659 3636 715 ibi

2058 756 2216 825 plane
2244 754 2557 824 expressius
2578 753 2812 809 ostendit
2840 753 3177 807 vocationem
3211 767 3316 821 qua
3342 767 3441 806 nos
3469 766 3635 806 voca-

2054 848 2133 901 vit
2157 848 2211 901 in
2240 863 2395 902 suum
2431 861 2656 916 regnum
2685 854 2741 900 et
2771 845 2994 916 gloriam
3029 860 3134 899 non
3167 860 3265 914 pro
3294 844 3504 899 meritis
3531 860 3634 898 no-

2050 938 2212 1002 stris,
2250 938 2345 992 sed
2380 953 2480 1007 pro
2521 938 2893 993 misericordia
2932 953 3054 992 sua.
3086 939 3351 1005 Quoniam
3391 940 3537 995 enim
3575 955 3636 995 se

2049 1039 2238 1098 gentes
2283 1029 2716 1084 introducturum
2756 1030 3114 1100 pollicebatur
3151 1032 3335 1087 dicens
3367 1047 3382 1085 :
3422 1031 3633 1089 Voccbo

2049 1117 2103 1171 in
2138 1119 2347 1172 nomine
2391 1118 2609 1173 Domini
2657 1121 2715 1173 in
2751 1131 3025 1191 conspectu
3073 1131 3186 1187 tuo,
3233 1123 3636 1178 commendavit

2050 1208 2155 1263 hoc
2189 1225 2249 1264 se
2279 1210 2704 1266 misericorditer
2724 1210 2924 1267 facere.
2962 1211 3116 1267 Sicut
3142 1212 3433 1283 Apostolus
3456 1214 3630 1269 dicit:

2048 1300 2180 1354 Dico
2218 1302 2357 1355 enim
2392 1300 2659 1355 Christum
2696 1301 2994 1357 ministrum
3024 1302 3188 1372 fuisse
3220 1304 3635 1357 circumcisioais

2046 1402 2256 1462 propter
2291 1393 2561 1447 veritatem
2601 1392 2698 1446 Dei
2731 1394 2801 1447 ad
2839 1394 3233 1462 conﬁrmandos
3263 1395 3636 1465 promissione:

2047 1494 2274 1553 patrum.
2309 1484 2496 1539 Gentes
2532 1495 2705 1541 autem
2739 1503 2897 1556 super
2928 1487 3290 1541 misericordia
3327 1486 3633 1559 glorificare

2049 1572 2221 1627 Deum
2249 1573 2427 1646 (Rom.
2459 1574 2572 1645 xv).
2598 1574 2712 1631 Hoc
2735 1589 2865 1646 ergo
2901 1576 3219 1646 pmdictum
3248 1585 3334 1631 est
3363 1594 3377 1630 :
3410 1576 3634 1631 Misere—

2049 1660 2145 1715 bor
2168 1664 2255 1715 cui
2290 1664 2535 1718 misertus
2570 1680 2679 1730 ero,
2728 1674 2775 1719 et
2816 1664 3231 1720 misericordiam
3260 1668 3522 1736 praestabo
3548 1668 3636 1721 cui

363 1771 511 1826 uiam
539 1771 786 1840 quisquis
826 1771 1145 1840 sapientiam
1176 1786 1299 1840 qum
1331 1770 1473 1824 Deus
1498 1776 1582 1823 est
1622 1767 1776 1832 vidit,
1820 1766 1942 1822 huic

2049 1753 2465 1808 misericordiam
2511 1757 2826 1825 prmstt'tero.
2880 1756 3086 1824 Quibus
3133 1757 3310 1813 verbis
3357 1760 3638 1829 prohibuit

363 1861 605 1918 funditus
635 1865 866 1917 moritur
898 1879 965 1917 ne
987 1861 1102 1931 jam
1141 1863 1257 1932 ejus
1291 1876 1476 1916 amore
1507 1868 1773 1916 teneatur.
1824 1858 1950 1913 Nul-

362 1956 445 2011 lus
467 1958 663 2027 quippe
692 1973 811 2011 cam
832 1956 986 2021 vidit,
1019 1956 1109 2026 qui
1133 1956 1309 2010 adhuc
1333 1953 1623 2009 carnaliter
1641 1952 1791 2018 vivit,
1822 1952 1948 2022 quia

361 2062 521 2101 nemo
551 2056 729 2116 potest
754 2046 1004 2115 amplecti
1036 2046 1203 2100 Deum
1235 2044 1396 2100 simul
1431 2054 1486 2099 et
1511 2044 1788 2099 saeculum.
1845 2041 1947 2109 Qui

360 2139 505 2192 enim
536 2138 704 2192 Deum
731 2138 863 2192 vidit
891 2153 956 2193 eo
980 2139 1096 2209 ipso
1123 2138 1377 2203 moritur,
1411 2154 1517 2207 quo
1538 2137 1622 2191 vel
1649 2136 1949 2191 intentione

361 2228 563 2293 cordis,
610 2228 695 2282 vel
719 2227 913 2282 aﬂ‘ectu
957 2229 1159 2299 operis,
1188 2228 1256 2283 ab
1299 2226 1456 2296 hujus
1482 2227 1605 2280 vita:
1650 2223 1950 2280 dilectioni-

360 2319 463 2374 bus
487 2328 597 2374 tota
624 2328 803 2375 mente
823 2330 1126 2391 separatur.
1159 2320 1328 2375 Nemo
1365 2334 1494 2389 ergo
1520 2320 1691 2373 Deum
1718 2315 1851 2369 vidit
1893 2321 1949 2369 et

359 2407 514 2461 vixit.
568 2408 646 2463 Ac
674 2409 721 2462 si
752 2418 938 2478 aperte
966 2411 1241 2463 diceretur
1264 2427 1276 2462 :
1305 2408 1496 2462 Nullus
1521 2414 1755 2474 unquam
1778 2405 1947 2458 Deum

360 2500 714 2568 spiritualiter
762 2500 916 2564 vidit,
968 2508 1023 2553 et
1050 2500 1250 2553 mundo
1295 2497 1588 2552 carnaliter
1625 2497 1778 2550 vivit.
1811 2495 1948 2549 Cum

360 2597 538 2642 autem
586 2589 811 2644 dixisset
841 2588 1051 2659 Moyses
1087 2589 1156 2642 ad
1203 2589 1510 2651 Dominum,
1567 2585 1792 2640 Ostende
1819 2583 1948 2638 mihi

358 2678 582 2750 gloriam
611 2689 775 2741 tuam,
819 2679 1094 2749 respondit
1114 2678 1164 2733 ei
1203 2677 1501 2732 Dominus:
1538 2673 1800 2728 Transibit
1824 2681 1946 2728 ante

360 2780 409 2823 te
429 2768 597 2839 gloria
639 2786 783 2834 mea,
838 2780 884 2824 et
914 2770 1137 2825 vocabor
1169 2769 1376 2823 nomine
1404 2768 1615 2821 Domini
1640 2768 1695 2820 in
1736 2782 1949 2837 conspe-

358 2872 444 2915 ctu
475 2872 586 2929 tuo,
613 2872 660 2917 et
694 2864 973 2927 miserebor
1000 2865 1086 2917 cui
1109 2863 1401 2917 misericors
1437 2879 1546 2928 ero,
1576 2872 1624 2916 et
1648 2861 1947 2915 misericor-

355 2951 502 3005 diam
542 2952 800 3023 prwstabo
850 2954 936 3006 cui
982 2954 1394 3008 misericordiam
1440 2952 1751 3024 praestitero.
1812 2950 1948 3006 Cum

359 3041 518 3111 paulo
542 3050 665 3098 ante
686 3043 951 3098 dixisset:
1000 3043 1119 3114 Ipse
1146 3044 1448 3097 antecedam
1479 3052 1547 3105 te,
1587 3041 1703 3097 sive
1751 3055 1945 3095 secun-

2051 1843 2346 1910 hominem,
2405 1844 2553 1900 velut
2599 1846 2666 1902 de
2716 1848 3060 1916 propriarum
3108 1848 3374 1902 virtutum
3420 1851 3637 1906 meritis

2052 1935 2307 2006 gloriari;
2344 1944 2405 1989 ut
2428 1938 2521 2005 qui
2550 1937 2831 2008 gloriatur,
2866 1939 2920 1993 in
2948 1937 3177 1992 Domino
3205 1938 3479 2009 glorietur.
3511 1940 3636 1997 Non

2051 2027 2196 2080 enim
2244 2027 2322 2081 ait
2368 2044 2380 2080 :
2426 2027 2720 2084 Miserebor
2757 2029 2954 2085 talibus
2991 2030 3078 2085 vel
3121 2031 3349 2096 talibus,
3403 2034 3497 2088 sed
3544 2034 3636 2086 cui

2046 2119 2342 2173 misericors
2370 2119 2555 2189 fuero;
2596 2128 2656 2174 ut
2700 2122 2968 2177 nemiuem
3007 2122 3436 2193 pmcedentibus
3473 2126 3637 2185 bonis

2048 2209 2304 2278 operibus
2333 2210 2466 2275 suis,
2506 2211 2935 2268 misericordiam
2975 2220 3141 2267 tanta:
3170 2214 3470 2270 vocationis
3512 2232 3635 2271 me-

2048 2301 2227 2354 ruisse
2275 2310 2516 2367 sanctae,
2568 2303 2922 2360 demonstret.
2962 2305 3178 2360 Etenim
3233 2305 3483 2364 Christus
3529 2325 3634 2381 pro

2048 2392 2230 2462 impiis
2265 2404 2513 2452 mortuus
2540 2405 2642 2452 est.
2676 2396 2783 2453 Sed
2826 2407 3007 2452 utrum
3052 2398 3153 2454 hoc
3205 2399 3344 2455 idem
3383 2414 3635 2472 repetere

2047 2485 2283 2542 voluerit
2323 2503 2447 2543 cum
2484 2487 2689 2543 addidit
2721 2507 2735 2542 :
2778 2487 3195 2543 Misericordiam
3236 2492 3496 2562 praestabo
3543 2496 3635 2549 cui

2048 2579 2456 2634 misericordiam
2494 2580 2811 2651 praestitero,
2870 2582 2952 2637 vel
3021 2582 3162 2637 sicut
3220 2582 3311 2638 alii
3364 2585 3637 2656 interpre-

2047 2674 2144 2728 tati
2174 2682 2322 2739 sunt,
2366 2675 2805 2729 cui~misericors
2846 2673 3020 2741 fuero,
3059 2691 3125 2730 an
3154 2676 3371 2745 aliquid‘
3389 2676 3632 2746 intersit,

2050 2764 2255 2818 nescio.
2299 2763 2453 2829 Quod
2481 2764 2624 2819 enim
2654 2763 2842 2819 Grzeca
2878 2764 3061 2836 lingua
3103 2766 3312 2821 duobus
3339 2768 3521 2822 verbis
3550 2769 3636 2824 di-

2048 2860 2192 2908 ctum
2210 2863 2314 2920 est,
2330 2857 2518 2915 ἐλιήσω
2539 2864 2593 2909 et
2614 2857 2930 2931 οἰκτειρήσω,
2948 2857 3089 2925 quod
3114 2874 3278 2912 unum
3303 2865 3464 2929 atque
3484 2860 3634 2914 idem

2046 2945 2260 3002 videtur
2287 2947 2595 3016 signiﬁcare
2617 2962 2723 3002 non
2752 2949 2924 3018 potuit
2948 2948 3171 3003 Latinus
3194 2949 3422 3004 diversis
3447 2950 3636 3005 verbis

2046 3036 2248 3101 dicere,
2290 3036 2382 3092 sed
2419 3037 2648 3092 diversis
2685 3039 2861 3093 modis
2904 3040 3146 3093 eamdem
3196 3040 3636 3096 misericordiam

357 3133 486 3187 dum
522 3134 684 3188 aliam
717 3099 1042 3199 editionem;
1062 3134 1223 3203 facies
1252 3151 1367 3187 mea
1387 3132 1640 3204 pratcedet
1659 3142 1709 3185 te
1740 3145 1758 3183 :
1788 3141 1836 3185 et
1864 3147 1945 3185 re-
1970 3099 2016 3162 Ο
2048 3127 2318 3198 repetivit.
2371 3124 2430 3180 Si
2470 3134 2649 3180 autem
2683 3126 2973 3192 diceretur,
3003 3127 3298 3183 Miserebor
3332 3129 3420 3183 eui
3463 3128 3637 3182 mise-

357 3223 529 3295 quiem
558 3226 652 3279 tibi
675 3225 833 3280 dabo.
871 3224 1010 3291 Quid
1038 3224 1249 3294 Moyses
1277 3224 1356 3277 sic
1392 3223 1604 3277 videtur
1627 3221 1899 3289 accepisse
1914 3233 1943 3308 Ξ

360 3316 690 3371 Antecedam
720 3325 789 3379 te,
839 3324 1096 3383 tanquam
1123 3330 1230 3368 non
1276 3313 1327 3368 ei
1367 3311 1563 3382 populo
1589 3312 1678 3381 qui
1704 3325 1944 3380 priesens

260 3446 263 3449 -
360 3408 413 3461 in
440 3407 634 3461 itinere
670 3405 880 3461 futurus
902 3412 1085 3470 esset;
1134 3413 1189 3459 et
1211 3403 1333 3458 ideo
1356 3403 1474 3457 ait:
1528 3401 1584 3456 Si
1616 3416 1724 3455 non
1748 3409 1804 3454 tu
1830 3400 1945 3469 ipse

358 3496 516 3552 simul
571 3496 786 3551 veneris
836 3495 1150 3557 nobiscum,
1208 3508 1279 3547 ne
1310 3507 1401 3546 me
1431 3491 1598 3546 ducas
1646 3491 1792 3554 hinc,
1835 3496 1939 3543 etc.

358 3586 500 3641 Deus
530 3594 707 3641 autem
735 3600 913 3655 neque
944 3585 995 3639 ei
1022 3585 1125 3640 hoc
1150 3584 1365 3654 negavit
1386 3583 1571 3638 dicens
1597 3599 1609 3636 :
1643 3580 1709 3634 Et
1733 3581 1831 3635 hoc
1849 3579 1943 3633 tibi

357 3678 568 3733 verbum
591 3676 729 3748 quod
755 3676 937 3731 dixisti
966 3676 1181 3745 faciam.
1222 3674 1503 3742 Quomodo
1539 3688 1667 3744 ergo
1706 3687 1829 3727 cum
1862 3671 1945 3726 di-

359 3769 527 3823 xisset
555 3771 604 3823 ei
632 3767 862 3839 Moyses,
896 3764 1122 3821 Ostende
1148 3766 1276 3818 mihi
1303 3763 1526 3835 gloriam
1548 3771 1693 3816 tuam
1710 3802 1725 3826 ,
1751 3774 1943 3815 rursus

360 3868 615 3928 tanquam
639 3873 1021 3928 prtecessurus,
1050 3865 1106 3911 et
1134 3872 1240 3910 non
1269 3871 1392 3910 cum
1422 3855 1502 3909 eis
1528 3853 1687 3909 simul
1710 3852 1939 3915 futurus,

358 3950 575 4004 videtur
621 3950 840 4004 dicere:
880 3948 991 4018 Ego
1023 3947 1254 4001 transibo
1293 3956 1414 4001 ante
1443 3955 1533 4011 te;
1563 3947 1679 4001 sive
1699 3946 1942 3999 transibit

353 4040 529 4109 gloria
573 4056 689 4093 mea
735 4048 855 4092 ante
906 4047 974 4091 te.
1023 4036 1139 4090 Nisi
1187 4038 1313 4108 quia
1360 4036 1464 4092 hoc
1514 4037 1660 4091 aliud
1697 4046 1797 4091 est.
1848 4036 1941 4092 Ille

358 4131 556 4202 quippe
600 4127 916 4199 intelligitur
961 4128 1103 4197 loqui
1141 4135 1196 4182 et
1236 4127 1417 4182 dicere
1452 4144 1466 4181 :
1509 4126 1779 4182 Transibo
1814 4135 1940 4183 ante

356 4232 434 4288 te,
473 4223 538 4277 de
573 4236 680 4291 quo
708 4220 841 4275 dicit
868 4218 1216 4290 Evangelium
1246 4235 1259 4272 ;
1292 4216 1426 4272 Cum
1455 4219 1673 4273 venisset
1700 4218 1850 4284 hora,
1883 4226 1939 4271 ut

355 4315 599 4368 transiret
621 4311 777 4367 Iesus
802 4311 866 4365 de
889 4312 986 4365 hoc
1011 4311 1206 4365 mundo
1237 4310 1306 4363 ad
1330 4307 1545 4365 Patrem
1570 4310 1753 4383 (Joan.
1779 4310 1932 4380 xm);

355 4405 448 4474 qui
484 4405 743 4458 transitus
774 4403 935 4458 etiam
975 4403 1173 4473 pascha
1214 4401 1561 4472 interpretari
1596 4400 1930 4470 perhibetur.

354 4491 482 4549 Haec
508 4495 689 4562 itaque
712 4509 906 4563 magna
941 4494 1161 4547 omnino
1187 4493 1470 4561 prophetia
1496 4501 1599 4548 est.
1631 4492 1751 4562 Ipse
1784 4493 1930 4547 enim

353 4591 481 4637 ante
522 4597 712 4637 omnes
756 4591 973 4637 sanctos
1016 4583 1214 4637 transit
1256 4583 1323 4637 ad
1362 4583 1579 4637 Patrem
1609 4584 1675 4637 de
1711 4585 1815 4638 hoc
1839 4598 1936 4637 sae-

352 4674 495 4738 culo,
535 4687 730 4742 parare
778 4673 884 4728 illis
925 4673 1235 4727 mansiones
1275 4672 1428 4741 regni
1471 4672 1757 4739 caelorum,
1796 4687 1933 4741 quas

353 4763 503 4817 dabit
557 4764 636 4817 eis
681 4763 735 4818 in
782 4763 1180 4818 resurrectione
1228 4768 1568 4815 mortuorum
1596 4801 1611 4825 ,
1671 4761 1928 4830 quoniam

354 4854 613 4908 transitus
644 4862 769 4909 ante
797 4869 988 4909 omnes
1016 4852 1405 4923 primogenitus
1436 4866 1467 4905 a
1490 4851 1720 4905 mortuis
1755 4849 1931 4907 factus

353 4951 454 4999 est.
487 4942 728 4998 Gratiam
759 4958 889 4999 vero
915 4958 1066 4998 suam
1093 4943 1146 4997 in
1169 4958 1234 4997 eo
1256 4943 1372 5013 ipso
1391 4942 1547 4998 valde
1567 4943 1930 5009 commendat,

354 5049 478 5089 cum
508 5035 640 5088 dicit
676 5052 689 5087 :
730 5033 800 5088 Et
839 5033 1028 5087 vocabo
1068 5034 1276 5088 nomine
1313 5032 1529 5087 Domini
1559 5034 1615 5086 in
1653 5043 1931 5102 conspectu

355 5137 465 5182 tuo.
523 5125 803 5194 Tanquam
851 5128 905 5181 in
950 5134 1241 5196 conspectu
1295 5126 1475 5197 populi
1527 5125 1723 5190 lsrael,
1777 5123 1933 5193 cujus

246 5232 255 5238 '
354 5216 564 5289 Moyses
604 5231 726 5271 cum
770 5217 887 5271 haec
922 5216 1152 5281 audiret,
1202 5223 1385 5286 typum
1427 5215 1666 5286 gerebat.
1709 5214 1766 5268 ln
1803 5230 1932 5269 con-

352 5315 543 5375 spectu
569 5304 714 5359 enim
750 5304 924 5375 gentis
955 5303 1122 5373 ipsius
1157 5303 1358 5373 ubique
1397 5304 1672 5373 dispersae,
1702 5312 1931 5357 vocatur

354 5393 616 5449 Dominus
648 5393 805 5450 Jesus
842 5393 897 5447 in
925 5393 1172 5447 omnibus
1202 5393 1469 5465 gentibus.
1516 5390 1719 5447 Vocabo
1750 5401 1929 5448 autem

355 5486 513 5551 dixit,
557 5502 663 5541 non
697 5486 975 5540 vocabor:
1012 5485 1247 5541 activum
1290 5485 1514 5539 verbum
1566 5499 1665 5554 pro
1715 5483 1931 5553 passivo

355 5590 580 5644 ponens,
614 5592 811 5647 genere
836 5574 1123 5630 locutionis
1148 5574 1421 5640 inusitato,
1464 5575 1516 5628 in
1540 5589 1647 5643 quo
1672 5573 1927 5628 nimirum

355 5677 587 5734 magnus
621 5681 810 5723 sensus
840 5667 988 5721 latet.
1034 5664 1127 5722 Sic
1159 5664 1303 5733 enim
1344 5663 1576 5722 fortasse
1620 5664 1928 5736 signiﬁcare

1958 4452 2011 4513 D

2047 3234 2203 3285 reor,
2234 3226 2289 3273 et
2317 3218 2583 3273 misereor
2621 3220 2707 3274 cui
2741 3219 2999 3275 misertus
3040 3235 3159 3285 ero,
3205 3229 3297 3275 aut
3327 3220 3641 3275 miserebor

2044 3313 2130 3367 cui
2160 3313 2415 3368 misertus
2443 3327 2557 3375 ero,
2589 3326 2697 3366 non
2726 3312 2857 3367 satis
2884 3313 3165 3368 commode
3187 3312 3293 3367 dici
3320 3313 3637 3377 videretur;

2044 3412 2100 3459 et
2140 3413 2317 3458 tamen
2350 3402 2544 3457 fortius
2573 3402 2660 3457 ille
2700 3403 2846 3472 ipse,
2888 3403 2961 3457 ibi
2995 3417 3186 3458 sensus
3215 3411 3327 3466 est,
3356 3402 3500 3472 quod
3529 3417 3642 3456 au—

2045 3504 2154 3549 tem
2194 3494 2365 3564 ipsius
2413 3493 2797 3549 misericordia:
2829 3509 2940 3549 sua:
2978 3494 3290 3550 ﬁrmitatem
3335 3493 3477 3547 Deus
3520 3492 3642 3548 ista

2051 3586 2377 3656 repetitione
2406 3584 2750 3651 monstravit,
2788 3586 2930 3641 sicut
2968 3601 3146 3651 amen,
3182 3600 3370 3649 amen,
3404 3585 3482 3639 sic
3509 3583 3636 3650 ﬁat,

2044 3677 2137 3732 liat
2175 3696 2188 3732 :
2220 3678 2299 3733 sic
2326 3677 2577 3749 repetitio
2592 3677 2767 3733 somni
2792 3677 3110 3744 Pharaonis,
3128 3678 3390 3749 pluraque
3405 3676 3635 3743 similia,

2042 3779 2136 3824 aut
2164 3770 2217 3824 in
2239 3770 2487 3837 utrisque
2513 3768 2744 3839 populis,
2771 3770 2823 3824 id
2851 3778 2964 3835 est,
2994 3770 3243 3841 gentibus
3268 3776 3323 3823 et
3352 3766 3634 3833 Hebraeis,

2041 3860 2155 3935 hoc.
2176 3856 2515 3915 modo‘Deus
2556 3859 2928 3930 pronuntiavit
2955 3858 3385 3914 misericordiam
3418 3872 3478 3912 se
3501 3872 3636 3912 esse

2041 3950 2339 4017 facturum,
2382 3953 2509 4021 quia
2542 3951 2830 4022 Apostolus
2870 3953 2945 4007 ita
2975 3951 3147 4007 dicit:
3188 3950 3339 4006 Sicut
3372 3951 3510 4004 enim
3534 3966 3634 4004 ros

2038 4040 2323 4111 aliquando
2346 4058 2447 4095 non
2471 4041 2764 4095 credidistis
2788 4041 2917 4106 Deo,
2950 4057 3089 4094 nunc
3119 4049 3292 4094 autem
3313 4039 3555 4092 miserico
3565 4055 3634 4091 r-

2038 4132 2182 4185 diam
2224 4132 2487 4186 consecuti
2524 4131 2646 4185 estis
2670 4131 2883 4186 illorum
2910 4129 3299 4193 incredulitate,
3336 4130 3411 4183 sic
3436 4138 3484 4183 et
3518 4129 3635 4198 ipss

2038 4238 2176 4275 nunc
2222 4238 2325 4275 non
2376 4221 2711 4275 crediderunt
2768 4223 2823 4275 in
2880 4230 3053 4276 vestra
3113 4220 3509 4283 misericordia,
3564 4230 3633 4276 ut

2037 4316 2136 4387 ipsi
2158 4314 2571 4369 misericordiam
2603 4322 2990 4384 consequantur
3015 4312 3193 4384 (Rom.
3220 4312 3315 4383 xl).
3344 4310 3632 4367 Conclusit

2036 4406 2181 4459 enim
2210 4405 2352 4459 Deus
2390 4418 2582 4459 omnes
2620 4403 2676 4457 in
2715 4401 3111 4467 incredulitate,
3155 4408 3216 4455 ut
3242 4400 3483 4455 omnium
3515 4398 3632 4453 mi-

2036 4505 2300 4550 εστείιιυιο.

2105 4583 2308 4638 Deinde
2328 4589 2451 4652 post
2477 4582 2617 4637 hanc
2645 4596 2756 4637 sua:
2784 4580 3171 4637 misericordia:
3193 4577 3632 4635 commendatio-

2033 4692 2181 4742 nem,
2226 4676 2516 4746 respondet
2566 4677 2634 4730 ad
2673 4674 2842 4741 illud,
2894 4674 3036 4745 quod
3077 4674 3127 4729 ei
3156 4673 3360 4728 dictum
3413 4671 3624 4736 fuerat,

2036 4761 2265 4818 Ostende
2286 4764 2415 4817 mihi
2446 4763 2669 4833 gloriam
2692 4772 2860 4827 tuam,
2885 4762 2970 4817 vel
3006 4763 3133 4831 quia
3156 4777 3318 4831 supra
3347 4760 3627 4831 petiverat

2035 4855 2219 4909 dicens
2251 4871 2263 4907 :
2307 4852 2534 4908 Ostende
2567 4854 2695 4907 mihi
2729 4852 3052 4923 temetipsum
3087 4851 3363 4922 manifeste
3383 4892 3398 4916 ,
3427 4859 3486 4903 ut
3532 4850 3627 4902 vi-

2034 4946 2186 4999 deam
2228 4953 2299 4998 te.
2337 4942 2458 4997 Non
2498 4944 2719 5013 poteris,
2762 4943 2956 5013 inquit,
2987 4943 3160 4997 videre
3195 4943 3385 5013 faciem
3420 4956 3620 4994 meam.

2039 5037 2161 5091 Non
2183 5039 2321 5092 enim
2350 5036 2536 5090 videbit
2571 5036 2723 5089 homo
2757 5034 2944 5103 faciem
2967 5044 3213 5101 meam,et
3240 5034 3387 5088 vivet.
3419 5030 3630 5087 Osten-

2034 5129 2167 5184 dens
2212 5127 2339 5183 huic
2379 5128 2500 5181 vita:
2542 5142 2663 5197 quae
2705 5128 2882 5197 agitur
2917 5127 2970 5181 in
3008 5127 3256 5182 sensibus
3294 5123 3625 5180 mortalibus

2033 5217 2396 5286 corruptibilis
2432 5216 2633 5282 carnis,
2670 5216 2838 5270 Deum
2871 5217 3029 5272 sicuti
3060 5226 3160 5281 est,
3200 5228 3464 5285 apparere
3496 5229 3623 5271 non

2032 5321 2210 5377 posse,
2243 5307 2295 5361 id
2322 5314 2436 5371 est,
2475 5307 2615 5361 sicut
2640 5308 2808 5362 videri
2838 5309 2893 5361 in
2925 5307 3016 5361 illa
3048 5309 3156 5361 vita
3191 5315 3390 5376 potest,
3424 5305 3512 5359 ubi
3548 5311 3625 5361 ut

2031 5397 2261 5460 vivatur,
2292 5396 2419 5461 huic
2446 5397 2579 5467 ivitae
2616 5397 2950 5452 moriendum
2990 5406 3091 5453 est.
3121 5398 3254 5452 Item
3290 5396 3621 5466 interposito

2030 5486 2259 5542 articulo
2289 5487 2499 5542 dicente
2533 5486 2831 5556 Scriptura.
2864 5488 2931 5541 Et
2959 5489 3036 5541 ait
3062 5488 3337 5551 Dominus,
3367 5485 3625 5554 sequitur

2028 5584 2083 5632 et
2121 5576 2374 5646 loquitur.
2417 5577 2551 5630 Ecce
2589 5575 2732 5630 locus
2776 5593 2928 5645 penes
2962 5594 3061 5631 me.
3104 5577 3236 5645 Quis
3274 5577 3418 5631 enim
3457 5574 3623 5630 locus

2030 5681 2137 5722 non
2175 5680 2341 5735 penes
2378 5665 2545 5721 Deum
2576 5674 2681 5733 est,
2703 5665 2793 5736 qui
2824 5682 3086 5738 nusquam
3119 5674 3203 5724 est
3231 5664 3458 5723 absens?
3498 5661 3623 5719 Sed
