3956 6176
197 339 318 396 253

192 449 512 506 Ecclesium
563 452 840 524 significat
878 457 1121 527 dicendo,
1175 465 1311 524 Ecce
1351 471 1497 530 locus
1530 494 1687 548 penes

1200 357 1701 426 COMMENTARIA
1738 373 1808 428 IN
1847 372 2157 430 EXODUM.
2201 410 2269 419 —
2309 382 2434 439 UB.
2478 387 2562 445 IV.

1719 496 1808 537 me
1834 488 1882 546 Α
1910 490 2022 538 tum
2061 502 2231 544 meum
2281 498 2535 564 cognovi,
2577 508 2625 553 et

2669 501 2877 570 facinus
2921 527 3087 568 meum
3138 534 3241 575 non
3287 533 3494 595 operui.

1530 543 1541 548 ,
1835 543 1882 546 --
2285 543 2295 545 ἡ
2315 543 2497 564 νυ..--.
2521 543 2535 562 ,
2577 543 2624 553 ν.
2669 543 2876 570 ,κνηι-ισ
2921 543 3087 568 tucqu
3138 543 3241 575 non
3287 543 3493 595 ορεηιί.

193 548 464 609 unquam
495 543 761 612 templum
793 562 948 604 suum
977 559 1381 617 commendans.
1415 563 1483 619 Et
1507 569 1695 639 stabis,
1725 574 1809 628 in-
1908 565 2263 646 Posteaquam
2308 584 2560 642 viderunt
2599 602 2801 660 quanto
2824 598 3029 659 scelere
3058 604 3334 669 Christum
3366 634 3493 678 cru-

193 630 345 678 ﬂuil-
369 647 534 678 811υεῖ
550 642 774 678 Μηηιι
797 639 921 678 allia
948 657 1103 678 Ruﬁn,
1131 646 1263 678 Ιιηηιι
1284 662 1478 678 ..-ι......-
1530 661 1596 678 -2.
1629 661 1693 678 h,
1770 665 1781 677 ο
1917 662 1992 678 ,οη
2181 674 2191 678 -
2422 674 2432 678 -

192 630 345 696 quit,
369 647 534 700 super
549 642 779 702 petram,
797 639 921 707 quia
943 657 1103 712 super
1127 646 1263 703 hanc
1281 662 1501 721 petram,
1525 661 1603 713 ait
1627 630 1805 719 Domi-

194 732 329 782 uus,
357 719 638 788 mdiﬁcabo
664 721 959 781 Ecclesium
989 747 1159 787 meam
1188 719 1407 808 (Hau/1.
1434 719 1567 817 xvi).
1607 748 1800 808 Statim

191 993 434 1048 ctionem
465 993 694 1063 Christi,
729 999 883 1054 stetit
911 1004 1140 1072 populus
1168 1006 1341 1066 ﬁdelis
1365 1029 1530 1085 super
1562 1031 1795 1090 petram.

191 1080 261 1133 Et
277 1098 479 1150 ponam
495 1091 566 1148 te,
592 1084 788 1154 inquit,
809 1087 864 1142 in
878 1105 1099 1146 caverna
1111 1104 1292 1164 petra'.
1319 1101 1385 1154 Et
1407 1080 1683 1166 munimen
1705 1115 1799 1170 ﬁr-

190 1175 506 1233 missimum
538 1179 834 1249 signiﬁcat.
859 1183 967 1240 Alii
994 1198 1175 1245 autem
1201 1193 1541 1266 interpretati
1563 1212 1708 1271 sunt,
1742 1207 1793 1261 in

189 1267 415 1335 specula
454 1278 647 1339 petrae.
691 1271 800 1329 Sed
836 1275 1060 1335 Graacus
1106 1282 1268 1340 habet
1302 1290 1428 1349 ὀπήν
1469 1309 1483 1346 :
1515 1293 1619 1349 hoc
1648 1267 1792 1352 enim

188 1359 443 1415 foramen
461 1360 549 1416 vel
569 1378 861 1420 cavernam
886 1368 1325 1440 interpretamur.
1347 1377 1416 1434 Et
1437 1391 1608 1454 tegam
1630 1404 1791 1444 manu

188 1465 304 1503 mea
353 1467 521 1520 super
558 1462 609 1506 te
652 1454 816 1509 donec
859 1467 1153 1528 transeant,
1199 1476 1247 1521 et
1292 1469 1533 1540 auferam
1576 1492 1789 1532 manum

187 1554 360 1592 meam
381 1579 397 1604 ,
429 1550 481 1594 et
518 1552 642 1597 tunc
670 1545 863 1601 videbis
899 1552 1190 1619 posteriora
1224 1574 1371 1624 mea,
1409 1560 1573 1630 facies
1614 1578 1788 1622 autem

186 1644 300 1681 mea
328 1647 442 1685 non
464 1632 725 1687 videbitur
745 1636 859 1690 tibi.
885 1638 1016 1695 Cum
1033 1641 1147 1710 jam
1169 1646 1412 1717 dixisset,
1434 1654 1604 1710 stabis
1626 1672 1788 1727 super

187 1727 406 1785 petram
432 1722 618 1777 statim
648 1731 706 1778 ut
728 1728 959 1804 transiet
978 1732 1146 1801 gloria
1170 1752 1313 1803 mea,
1345 1742 1437 1796 ubi
1466 1722 1785 1818 intelligitur

1907 662 2210 731 ciﬁxerunt,
2252 678 2307 725 et
2342 674 2434 742 qui
2472 692 2793 748 receperunt
2828 690 3148 762 consilium,
3182 708 3240 753 ut
3267 717 3493 774 agerent

3178 1019 3485 1043 ν---Γ-νν-υνισι

1900 1019 2076 1075 cordis
2124 1026 2243 1079 mei.
2295 1027 2447 1087 lianc
2486 1046 2665 1093 autem
2704 1048 3044 1115 prophetiam
3075 1060 3254 1126 potius
3296 1065 3485 1137 fuisse,

1900 1124 2057 1137 ινα-Α...
2087 1114 2289 1137 1----Ααᾲ
2392 1131 2403 1137 Α
2447 1127 2479 1137 λ
2582 1131 2594 1137 -

1896 1124 2059 1177 quam
2085 1114 2408 1179 locutus‘est
2442 1127 2701 1189 Dominus
2729 1114 3236 1215 adMoyseu,-satis
3260 1170 3354 1214 res
3382 1114 3485 1218 ista

1896 1203 2119 1274 indicat,
2165 1214 2382 1281 quando
2419 1220 2635 1289 quidem
2681 1228 2747 1283 de
2788 1239 2940 1301 petra
2973 1238 3055 1292 vel
3086 1255 3317 1301 caverna
3354 1250 3474 1319 ejus

1898 1304 1943 1319 Α.
1983 1298 2039 1319 .1-
2342 1308 2354 1319 ·

1894 1298 2045 1354 etde
2084 1317 2278 1361 manus
2306 1308 2425 1378 ejus
2464 1298 2916 1391 superpositione,
2961 1329 3027 1393 de
3054 1332 3262 1393 visione
3303 1298 3482 1410 poste-

2902 1388 2911 1391 ,
3004 1388 3016 1393 _
3196 1388 3259 1393 κὴ,
3303 1388 3455 1410 νην

1893 1388 2096 1445 riorum
2123 1392 2275 1462 ejus,
2314 1400 2449 1455 nihil
2482 1415 2668 1472 postea
2694 1410 2894 1467 visibili
2921 1432 3088 1485 opere
3126 1425 3475 1488 subsecutum

1891 1478 2109 1550 legitur.
2165 1483 2287 1541 Mox
2343 1492 2486 1546 enim
2532 1495 2813 1571 adjungit,
2877 1478 3198 1577 interposito
3246 1518 3480 1574 articulo

1890 1569 2193 1642 Scriptura,
2228 1577 2293 1632 Et
2320 1581 2454 1636 dixit
2496 1569 2755 1645 Dominus
2796 1594 2866 1647 ad
2913 1569 3154 1668 Μοέιςεη,
3199 1619 3321 1660 cum
3362 1608 3479 1679 ipse

1890 1655 2139 1679 numam“
2220 1665 2253 1679 _.
2440 1670 2470 1679 _.

1887 1655 2148 1716 Dominus
2178 1665 2366 1736 utique
2400 1670 2563 1724 etiam
2594 1673 2686 1730 illa
2710 1693 2831 1748 quae
2868 1655 3178 1754 supradicta
3209 1703 3336 1748 sunt
3358 1655 3477 1761 ,rloc

1886 1761 2165 1818 queretur.
2191 1765 2353 1826 atque
2378 1759 2505 1817 inde
2525 1770 2766 1824 contexit
2785 1773 2910 1841 quid
2940 1776 3194 1851 deinceps
3217 1759 3476 1846 Dominus

187 1817 307 1877 post
341 1812 639 1868 transitum
676 1831 834 1873 suum
874 1824 1187 1892 promisisse
1225 1844 1389 1901 super
1422 1812 1781 1903 pctramvsta-
1812 1822 1859 1878 Β
1887 1841 2058 1896 dicat.

184 1898 475 1967 bilitatem,
516 1909 789 1973 quomodo
834 1913 1215 1983 accipiendum»
1246 1898 1501 1993 estquod
1540 1930 1634 1994 ait,
1683 1930 1782 1987 Po-

184 2006 312 2044 nam
342 1999 400 2045 te
424 1993 478 2047 in
506 2010 742 2053 caverna
774 2009 943 2070 petrre
972 2014 1027 2059 et
1066 2017 1238 2080 tegam
1276 2029 1436 2070 manu
1468 2034 1587 2074 mea
1617 2037 1780 2092 super

186 2089 259 2143 te,
303 2082 480 2139 donec
508 2094 785 2145 transeam
813 2101 867 2148 et
904 2095 1144 2153 auferam
1177 2117 1421 2173 manum,
1462 2117 1516 2163 et
1546 2119 1675 2167 tunc
1702 2116 1778 2168 vi-

185 2173 343 2230 debis
383 2181 685 2245 posteriora
727 2200 868 2241 mea.
915 2188 1078 2256 Quasi
1111 2195 1223 2264 jam
1251 2198 1343 2255 illo
1380 2202 1433 2257 in
1470 2215 1622 2274 petra
1650 2225 1778 2266 eon-

185 2265 406 2333 stituto,
435 2277 582 2341 tegat
612 2289 775 2330 manu
802 2292 899 2333 sua
924 2296 1087 2353 super
1121 2301 1268 2355 eum,
1298 2298 1353 2346 et
1381 2295 1572 2352 deinde
1601 2306 1776 2357 trans—

181 2364 290 2419 eat,
332 2373 460 2413 cum
491 2376 612 2418 esse
656 2365 710 2419 in
751 2377 905 2437 petra
954 2387 1060 2428 non
1106 2379 1300 2446 possit,
1355 2383 1457 2439 nisi
1496 2397 1619 2457 post
1655 2391 1772 2462 ejus

182 2446 502 2502 transitum.
560 2450 664 2508 Sed
730 2460 1101 2529 recapitulatio
1155 2446 1512 2542 intelligenda.
1553 2490 1637 2535 est
1681 2446 1769 2539 rei

177 2539 568 2601 praetermissa:
588 2545 730 2612 quali
753 2548 890 2604 solet
919 2553 996 2607 uti
1021 2552 1300 2628 Scriptura
1328 2539 1380 2618 in
1402 2567 1587 2625 multis
1612 2571 1765 2630 locis.

176 2622 392 2680 Postea
441 2631 626 2702 quippe
672 2636 829 2703 dixit,
877 2643 1019 2711 quod
1066 2622 1255 2705 ordine
1303 2622 1582 2727 tempOrisv

177 2726 269 2772 est
301 2735 317 2771 :
347 2721 449 2788 qui
487 2725 608 2779 ordo
633 2726 702 2781 ita
730 2745 790 2785 se
822 2733 1005 2790 habet.
1038 2738 1234 2811 Tegam
1264 2721 1427 2802 manu
1454 2766 1571 2807 mea
1602 2721 1765 2825 super

177 2814 256 2872 te,
289 2808 485 2865 donec
512 2821 788 2887 transeam,
826 2832 882 2877 et
903 2832 1027 2882 tunc
1053 2830 1257 2888 videbis
1282 2839 1582 2904 posteriora
1619 2859 1761 2912 mea,

178 2910 304 2951 nam
340 2897 519 2957 facies
553 2919 665 2960 mea
697 2924 803 2965 non
840 2914 1110 2973 videbitur
1138 2897 1361 2988 tibi,'et
1394 2930 1565 2986 stabis
1599 2948 1763 3005 super

175 3000 391 3055 petram
442 2996 623 3050 statim
653 3009 712 3053 ut
741 3006 970 3061 transiet
1010 3010 1180 3080 gloria
1211 3031 1350 3083 mea,
1383 3028 1440 3074 et
1474 2996 1680 3092 ponam
1706 3037 1761 3084 te

175 3076 228 3131 in
257 3095 499 3138 caverna
527 3096 711 3155 petrae.
743 3091 857 3149 Hoc
881 3098 1025 3153 enim
1063 3100 1261 3161 factum
1286 3118 1371 3164 est
1397 3112 1448 3166 in
1481 3114 1582 3181 eis,
1623 3132 1759 3188 quos

176 3175 301 3224 tunc
339 3172 687 3243 signiﬁcabat
726 3197 955 3251 persona
1003 3189 1202 3263 Moysi,
1244 3197 1297 3253 id
1333 3209 1436 3268 est,
1475 3172 1753 3277 lsraelitis,

174 3258 261 3325 qui
312 3260 368 3316 in
423 3263 709 3323 Dominum
760 3269 942 3330 Jesum
993 3258 1134 3336 sicut
1179 3258 1346 3344 Actus
1391 3258 1755 3363 apostolorum

173 3347 438 3418 indicant,
458 3363 640 3422 postea
663 3361 1028 3432 crediderunt,
1053 3370 1106 3425 id
1130 3381 1231 3440 est,
1249 3347 1513 3437 statim.ut
1530 3388 1757 3445 transiet

171 3436 283 3505 ejus
328 3440 528 3511 gloria.
566 3444 699 3502 Nam
723 3460 908 3521 postea
944 3472 1104 3528 quam
1143 3469 1440 3525 resurrexit
1467 3486 1497 3526 a
1526 3479 1754 3534 mortuis

171 3536 225 3586 et
246 3534 501 3589 ascendit
526 3535 578 3591 in
610 3540 825 3608 emtum,
851 3548 1018 3604 misso
1054 3551 1286 3626 desuper
1316 3558 1517 3630 Spiritu
1541 3580 1748 3637 sancto,

172 3633 288 3674 cum
332 3621 538 3696 linguis
565 3631 805 3688 omnium
834 3639 1075 3707 gentium
1108 3621 1335 3715 apostoli
1356 3621 1745 3728 doquerentur,

172 3716 484 3781 compuncti
518 3729 643 3775 sunt
667 3724 830 3780 corde
861 3730 1011 3785 multi
1044 3749 1109 3789 ex
1134 3737 1214 3793 eis
1248 3742 1337 3808 qui
1367 3716 1750 3808 cruciﬁxerant

170 3801 475 3872 Christum,
497 3826 653 3882 quem
680 3816 725 3871 si
751 3823 1130 3891 cognovissent
1155 3846 1428 3903 nunquam
1462 3838 1746 3899 Dominum

168 3891 353 3960 gloriae
381 3900 799 3962 crucifixissent.
843 3910 1063 3970 Ca’cilas
1093 3935 1158 3973 ex
1195 3933 1345 3991 parte
1384 3928 1438 3981 in
1464 3929 1636 3987 Israel
1661 3935 1746 4004 fa-

168 3994 244 4038 cta
264 3997 341 4040 est
370 3988 552 4059 (Rom.
578 3994 680 4065 xi),
705 3999 846 4055 sicut
875 4004 1075 4064 dictum
1105 3988 1285 4069 fuerat
1311 4031 1325 4070 :
1355 4016 1553 4090 Tegam
1580 3988 1742 4084 manu

167 4089 277 4129 mea
309 4093 480 4148 super
508 4090 563 4138 te
587 4087 758 4144 donec
788 4101 1074 4153 transeam.
1106 4100 1259 4157 Unde
1293 4087 1574 4168 Psalmista
1614 4116 1691 4170 ait
1726 4136 1738 4170 :

168 4164 422 4229 Quoniam
447 4174 535 4229 die
555 4194 617 4232 ac
644 4192 790 4236 nocte
817 4198 1033 4255 gravata
1053 4201 1129 4246 est
1158 4211 1314 4266 super
1337 4217 1419 4256 me
1438 4221 1624 4264 manus
1648 4219 1740 4265 tua

165 4254 327 4323 (Ρωι.
361 4266 541 4337 xxxx).
575 4269 725 4327 Diem
756 4279 1029 4347 appellans
1063 4254 1278 4356 quando
1314 4254 1738 4359 Christoudivina

163 4347 421 4408 miracuh
454 4355 714 4427 faciebat,
746 4374 982 4436 noctem,
1012 4347 1229 4442 quando
1258 4380 1398 4437 sicut
1431 4384 1592 4444 homo
1617 4407 1736 4447 mo-

163 4437 396 4495 riebatur
428 4452 485 4498 et
519 4445 598 4502 illi
628 4449 1017 4525 titubaverunt,

160 4523 261 4582 [loc
283 4540 370 4586 est
392 4546 549 4606 ergo,
572 4536 704 4594 Cum
733 4523 1026 4617 transiero,
1061 4523 1187 4610 tunc
1208 4558 1417 4617 videbis
1435 4569 1730 4634 posteriora

159 4630 286 4673 mea.
341 4621 481 4679 Cum
529 4634 800 4690 transiero
847 4638 915 4694 de
954 4639 1058 4698 hoc
1102 4649 1302 4704 mundo
1351 4652 1419 4707 ad
1471 4655 1686 4715 Patrem
1714 4705 1729 4729 ,

154 4710 417 4771 posterius
473 4714 533 4769 in
588 4733 676 4775 me
728 4725 986 4784 credituri
1042 4744 1168 4788 sunt
1192 4776 1208 4802 ,
1266 4754 1494 4808 quorum
1546 4754 1729 4819 typum

155 4800 304 4862 geris.

214 4881 364 4942 Tunc
384 4890 534 4946 enim
558 4902 868 4966 compuncti
889 4907 1052 4962 corde
1080 4909 1333 4969 dixerunt
1359 4935 1371 4970 :
1404 4917 1545 4985 Quid
1570 4924 1732 4994 facie-

151 4978 295 5030 mus?
314 4979 456 5049 (Act.
488 4982 574 5056 ιι.)
591 4986 657 5041 Et
679 4989 818 5059 jussi
851 4998 1059 5053 suntab
1083 5006 1340 5070 apostolis
1370 4978 1529 5080 agere
1552 4978 1724 5086 poeni-

147 5065 389 5131 tentiam,
423 5079 479 5123 et
514 5071 777 5144 baptizari
813 5082 864 5136 in
892 5065 1261 5149 nomine—Iesu
1296 5065 1519 5168 Christi,
1551 5065 1611 5160 ut
1649 5110 1725 5164 di-

146 5150 491 5213 mitterentur
544 5163 652 5219 illis
697 5180 918 5238 peccata
965 5190 1170 5234 eorum.
1217 5183 1369 5251 Quod
1422 5190 1474 5245 in
1504 5150 1721 5264 psalmo

146 5235 221 5264 ill-
247 5259 301 5264 --
319 5247 429 5264 -ηοι
722 5257 755 5264 ’⁸

144 5235 224 5294 Illo
245 5247 522 5315 sequitur,
552 5267 672 5307 cum
697 5235 906 5316 dictum
934 5276 1096 5335 esset,
1125 5270 1210 5325 die
1245 5292 1307 5328 ac
1335 5288 1481 5334 nocte
1501 5235 1718 5353 gravata

141 5340 207 5383 est
227 5350 392 5405 super
419 5355 502 5392 me
526 5358 716 5399 manus
748 5357 861 5414 tua,
904 5353 956 5409 id
981 5366 1087 5424 est,
1114 5368 1172 5415 ut
1216 5340 1618 5436 cognoscerem.
1662 5376 1719 5433 Si

141 5420 275 5476 enim
301 5430 717 5501 cognovissent,
752 5454 1027 5511 nunquam
1068 5447 1353 5509 Dominum
1384 5458 1567 5529 gloriae
1596 5481 1719 5522 cru-

141 5507 270 5529 -212:
420 5526 430 5529 -
510 5517 545 5529 ’-
660 5524 671 5529 -

137 5507 456 5570 edixissent.
510 5517 770 5592 Sequitur
809 5538 863 5584 et
884 5507 1078 5605 jungit
1110 5556 1127 5594 :
1154 5507 1460 5604 Conversus
1495 5566 1613 5609 sum
1659 5559 1712 5613 in

136 5612 406 5670 mmua,
452 5608 580 5665 dum
621 5616 1054 5692 confringeretur
1101 5632 1289 5700 spina,
1320 5636 1380 5691 id
1434 5651 1538 5707 est,
1587 5662 1709 5702 cum

134 5704 303 5751 essem
359 5703 530 5757 corde
581 5722 951 5781 compunctus.
985 5718 1187 5778 Deinde
1233 5726 1478 5786 addidit:
1513 5703 1708 5791 Pecca-

489 5796 764 5862 Ριτιιοι..
810 5808 1027 5871 CVlll.

2479 1992 2707 2053 CAPUT
2748 2001 2864 2056 XX.

1881 2089 1959 2143 De
1981 2108 2039 2144 eo
2051 2096 2207 2200 1ιμιοςξ
2233 2096 2441 2200 Moyjes
2469 2105 2825 2200 tabulas/egi}
2849 2120 3079 2200 secundo
3104 2123 3275 2200 a_Deo
3303 2128 3469 2200 impc-

2050 2167 2238 2232 travit,
2264 2177 2312 2220 et
2331 2167 2409 2224 de
2446 2176 2710 2232 mandatis
2737 2167 2807 2234 ad
2843 2167 3284 2255 paphum—datis:

1948 2258 2149 2348 Excide
2186 2297 2277 2351 tibi
2304 2300 2438 2356 duas
2466 2305 2674 2362 tabulas
2706 2308 2959 2382 lapideas,
2991 2319 3127 2374 sicut
3153 2332 3203 2377 et
3238 2329 3459 2396 primas,

1874 2389 1922 2433 et
1943 2382 2168 2438 scribam
2195 2404 2352 2458 super
2369 2408 2458 2446 eas
2483 2396 2637 2450 verba
2659 2415 2776 2469 qua:
2803 2402 3095 2464 habuerunt
3116 2382 3309 2470 tabuitc
3330 2436 3461 2489 quas

1873 2470 2097 2542 fregisti.
2141 2474 2270 2530 Esto
2310 2490 2530 2549 paratus
2579 2502 2761 2550 mane,
2807 2503 2862 2546 ut
2909 2502 3162 2557 ascendas
3197 2509 3371 2563 statim
3405 2512 3460 2567 in

1871 2568 2098 2614 montem
2123 2560 2273 2618 Sinai
2301 2567 2562 2641 stabisque
2580 2590 2780 2631 mecum
2799 2597 2958 2652 super
2980 2590 3215 2646 verticem
3239 2601 3453 2654 montis.

1872 2645 2071 2706 Nullus
2115 2658 2364 2712 ascendat
2402 2670 2603 2732 tecum,
2649 2685 2742 2723 nec
2792 2675 3031 2732 videatur
3068 2684 3329 2756 quispiam
3368 2709 3464 2761 per

1868 2749 2035 2798 totum
2064 2759 2311 2804 montem.
2353 2752 2483 2810 Oves
2519 2775 2722 2832 quoque
2753 2776 2801 2818 et
2842 2767 2991 2824 boves
3030 2790 3132 2830 non
3172 2793 3462 2848 pascantur

1865 2847 1894 2884 e
1914 2845 2095 2889 contra
2132 2836 2329 2908 (Exod.
2357 2847 2565 2921 xxxiv).
2606 2850 2766 2909 Jubet
2788 2856 3047 2918 Dominus
3079 2836 3268 2939 Moysi,
3298 2883 3355 2927 ut
3382 2876 3455 2933 sit

1864 2932 2087 2990 paratus
2117 2943 2274 2985 mane
2315 2935 2500 2990 statim
2554 2944 2846 3001 ascendere
2886 2948 2940 3003 in
2991 2966 3228 3013 montem
3274 2961 3445 3029 Sinai,

1862 3022 2129 3081 quatenus
2167 3027 2274 3075 stet
2299 3037 2420 3078 cum
2459 3026 2687 3087 Domino
2728 3049 2890 3108 super
2928 3044 3187 3102 verticem
3225 3055 3447 3123 montis,

1863 3104 2490 3173 spiritualiter'innuens
2530 3118 2614 3175 his
2666 3126 2756 3194 qui
2792 3104 2995 3199 populo
3042 3135 3136 3192 Dei
3178 3104 3440 3212 praesunt:

1862 3201 1921 3248 ut
1966 3208 2272 3267 prmparent
2314 3206 2480 3261 corda
2527 3224 2621 3264 sua
2675 3213 2741 3267 ad
2792 3220 3160 3290 accipiendam
3178 3201 3439 3290 -diviuaui

1858 3285 2200 3354 sapientiam.
2242 3292 2397 3350 Mane
2437 3314 2563 3370 ergo
2597 3314 2819 3372 paratus
2856 3320 2940 3366 est
2984 3321 3310 3390 ascendere,
3348 3329 3442 3397 qui

3257 3376 3271 3379 -
3297 3376 3310 3390 ,
3351 3376 3439 3397 ν.

1855 3376 2120 3436 discussis
2162 3385 2400 3444 tenebris
2454 3391 2705 3451 vitiorum
2749 3408 2913 3471 atque
2951 3410 3251 3468 carnalium
3292 3417 3439 3474 desi-

1855 3466 2144 3538 deriorum,
2172 3485 2406 3532 mentem
2431 3496 2584 3536 suam
2606 3485 2783 3542 elevat
2800 3491 2866 3545 ad
2895 3493 3148 3555 intuenda
3166 3503 3434 3574 cmlestia,

1852 3562 2188 3626 quatenusin
2213 3563 2320 3621 ﬁde
2342 3571 2609 3627 catholica
2633 3574 2861 3635 ﬁrmiter
2883 3588 3206 3658 consistens,
3236 3596 3434 3656 divinae

1851 3651 2324 3720 contemplationis
2364 3660 2634 3731 particeps
2690 3668 2905 3723 existat.
2945 3672 3085 3731 Oves
3125 3651 3340 3752 quoque
3381 3698 3437 3743 et

1850 3737 2017 3793 boves
2068 3741 2340 3811 prohibet,
2370 3754 2430 3801 ut
2477 3764 2509 3803 e
2544 3763 2734 3809 contra
2780 3773 2885 3814 non
2940 3778 3262 3837 pascantur,
3300 3777 3429 3845 quia

1850 3828 2125 3898 simplices
2146 3834 2345 3904 quique
2368 3846 2529 3909 atque
2560 3846 2790 3902 terrenis
2809 3853 3062 3920 operibus
3084 3857 3425 3932 incubantes,

1848 3918 1916 3973 ad
1957 3920 2316 3990 spiritualium
2353 3943 2415 3983 ac
2445 3929 2749 3990 divinorum
2786 3945 3166 4011 mysteriorum
3203 3955 3434 4013 medita-

1848 4009 2046 4067 tionem
2065 4024 2172 4069 no‘n
2201 4017 2489 4077 solliciunt.
2514 4022 2728 4083 Excidit
2754 4009 2876 4104 ergo
2901 4037 3036 4096 duas
3063 4044 3272 4102 tabulas
3293 4048 3429 4120 lapi-

1844 4101 1969 4157 deas
2013 4107 2193 4176 quales
2231 4121 2351 4167 ante
2392 4114 2628 4186 fuerunt,
2681 4133 2730 4176 et
2778 4126 2843 4181 de
2889 4143 3036 4187 nocte
3086 4154 3427 4211 consurgens,

1843 4197 2075 4250 ascendit
2091 4201 2145 4252 in
2162 4213 2385 4259 montem
2405 4206 2577 4277 Sinai,
2600 4214 2734 4269 sicut
2746 4220 2794 4270 ei
2810 4236 3127 4293 pra'ceperat
3147 4230 3426 4299 Dominus,

1840 4296 2058 4354 portans
2086 4307 2260 4346 secum
2281 4296 2510 4354 tabulas.
2536 4300 2767 4376 Cumque
2795 4311 3142 4372 descendisset
3167 4320 3426 4381 Dominus
3492 4314 3505 4319 ’

1839 4389 1933 4441 per
1960 4377 2312 4437 nubemstetit
2340 4384 2548 4457 Moyses
2587 4409 2704 4448 cum
2732 4415 2792 4452 eo
2822 4401 3068 4461 invocans
3097 4425 3288 4467 nomen
3315 4415 3425 4472 Do-

1056 4462 1149 4532 qui
1184 4464 1236 4520 ίη
1261 4468 1347 4524 die
1371 4474 1732 4534 credideram.
1764 4496 1817 4555 Β
1843 4462 1991 4518 mini.
2035 4466 2175 4533 Quid
2209 4480 2293 4525 est
2343 4473 2628 4536 Dominum
2682 4486 3011 4550 descendere
3055 4513 3153 4568 per
3201 4506 3419 4574 nubem,

3055 4554 3071 4568 ,
3201 4554 3419 4574 -ν---νην

1840 4554 1945 4609 nisi
1987 4557 2040 4611 in
2094 4560 2396 4621 velamento
2445 4577 2829 4642 mysteriorum
2878 4600 2937 4642 se
2987 4589 3439 4668 investigandum

1840 4645 2075 4668 ..-ιιι-Αμ-
2141 4650 2187 4668 πτ
2246 4653 2259 4668 ¹
2324 4654 2364 4668 "
2467 4660 2482 4668 ‘
2645 4666 2656 4668 ξ

1836 4645 2101 4712 praebere.
2141 4650 2294 4709 Unde
2323 4654 2590 4729 Propheta
2627 4666 2758 4725 dicit
2795 4690 2807 4725 :
2845 4673 3031 4733 Posuit

1837 4734 2059 4791 tibutum
2088 4758 2243 4796 suum
2287 4743 2467 4817 (Psal.
2505 4754 2671 4829 xvu).
2720 4761 2787 4816 Et
2813 4763 2867 4819 in
2904 4766 3005 4825 Job
3315 4734 3413 4849 ait,

1835 4824 2113 4884 latibulum
2150 4834 2264 4899 eius
2294 4837 2435 4907 (Job.
2465 4824 2639 4918 XXII);
2659 4850 2727 4906 Ut
2750 4824 3043 4917 secundum

1847 4915 2093 4941 κτημηυ
2561 4936 2572 4941 ·

1837 4915 1996 4974 Nunc
2009 4922 2378 4999 rideamusper
2394 4915 2660 5004 speculum
2684 4942 2738 4996 in
2756 4948 3092 5026 wnigmateu
3116 4915 3237 5014 lCor.
3265 4917 3407 5031 xm):

2858 5006 2883 5018 ,
3011 5006 3085 5026 η-
3123 5006 3237 5014 ν--.

1833 5006 1978 5065 Tunc
2035 5025 2233 5082 autem,
2290 5019 2344 5076 id
2389 5033 2493 5090 est,
2548 5035 2790 5102 tempore
2832 5040 3153 5103 universalis
3193 5050 3407 5123 judicii,

1833 5102 2036 5123 ...ιΑ-ΑΙ-
2089 5104 2167 5123 Αμί
2211 5108 2223 5119 ⁸
2404 5122 2409 5123 ⁷
2551 5117 2564 5123 ’

1827 5102 2043 5167 quando
2087 5104 2350 5165 fuerimus
2397 5117 2643 5175 translati
2690 5124 2756 5180 de
2794 5140 2968 5187 morte
3006 5137 3074 5192 ad
3116 5102 3301 5209 vitam,
3342 5102 3408 5202 de

1823 5195 2169 5263 corruptione
2198 5200 2267 5253 ad
2314 5201 2792 5280 incorruptionem,
2843 5222 3069 5279 revelata
3109 5229 3250 5297 facie
3287 5233 3407 5304 ρίο-

1824 5281 1954 5304 ﬂ.“
2014 5284 2099 5304 ,κη
2149 5290 2160 5300 .
2204 5290 2217 5302 .
2374 5302 2380 5304 Α
2509 5296 2606 5304 .-μ

1823 5281 1957 5335 riam
2002 5284 2217 5342 Domini
2264 5296 2745 5366 contemplabimur.
2789 5306 3009 5368 Interim
3054 5281 3185 5390 ergo
3228 5281 3397 5378 deanec

1823 5377 2099 5435 illucescat
2129 5384 2261 5451 dies,
2300 5396 2355 5443 et
2393 5390 2722 5453 inclinentur
2764 5404 2988 5472 umbrae,
3023 5407 3176 5476 juxta
3211 5428 3394 5468 exem-

1819 5467 1967 5535 plum
2010 5470 2200 5544 Moysi,
2245 5478 2412 5534 simus
2457 5498 2578 5539 cum
2617 5502 2701 5555 eo,
2747 5500 2802 5548 et
2844 5496 3154 5555 invocemus
3197 5516 3391 5558 nomen

1818 5558 2030 5616 Domini
2076 5582 2090 5617 :
2139 5566 2398 5626 intentius
2430 5573 2812 5648 deprecantes,
2855 5595 3118 5655 quatenus
3142 5604 3241 5659 per
3266 5608 3389 5663 gra-

1817 5649 1946 5704 tiam
1977 5668 2127 5708 suam
2166 5667 2220 5711 et
2250 5664 2543 5720 secundum
2574 5672 2965 5731 multitudinem
3008 5680 3391 5744 misericordia:

1814 5755 1943 5806 sum,
1996 5746 2062 5799 ad
2102 5762 2165 5801 ea
2228 5765 2346 5819 qua:
2401 5754 2744 5827 intelligenda
2807 5764 3143 5838 illuminare,
3199 5777 3266 5833 ad
3324 5794 3389 5835 ea

2872 5856 2911 5914 8
