3954 6176
1061 393 1126 447 Β.
1172 384 1424 444 [MBAN
1465 378 1686 436 MAUIU
1728 367 2047 429 ARClllEP.
2087 349 2395 421 MOGUNT.
2435 347 2724 411 O'PERUM
2763 342 2948 402 PARS
2973 339 3027 395 1.
3566 327 3675 383 256

2005 489 2052 548 Α
2081 485 2292 538 uratur,
2325 479 2380 526 et
2411 468 2564 524 dolor
2593 461 2767 534 patris
2796 461 2850 513 in
2886 468 3109 511 carnem
3140 447 3375 503 ﬁliorum
3402 444 3676 510 redditur,

2085 575 2354 638 quatenus
2387 559 2617 612 ﬁliorum
2653 550 2849 622 pmnis,
2890 559 3044 601 mens
3078 540 3250 612 patris
3276 537 3456 606 iniqua
3480 534 3680 606 punia-

2088 669 2192 712 tur.
2215 655 2350 711 Cum
2377 663 2510 705 vero
2538 661 2645 700 non
2679 639 2912 714 parvuli,
2937 635 3032 691 sed
3049 634 3163 704 jam
3184 627 3557 702 provectiores
3582 625 3682 680 lilii

2086 762 2152 802 ex
2177 750 2466 816 parentum
2503 735 2659 805 culpa
2701 730 2993 790 feriuntur,
3025 722 3153 793 quid
3189 719 3333 774 aliud
3361 724 3550 787 aperte
3585 715 3685 771 da—

2090 807 2466 902 tur-intelligi,
2509 827 2614 882 nisi
2646 821 2788 894 quod
2818 819 3032 873 illorum
3061 813 3227 869 etiam
3266 823 3457 880 poenas
3499 807 3681 871 luunt,

2089 944 2320 1003 quorum
2353 897 2496 979 facta
2525 918 2696 976 secuti
2724 913 2885 970 sunt?
2917 909 3069 966 Unde
3090 913 3237 960 recte
3261 902 3481 965 dicitur,
3508 897 3685 970 Usque

2091 992 2160 1075 dd
2201 1018 2409 1073 tertiam
2438 1021 2485 1066 et
2531 1015 2776 1081 quartam
2819 999 3138 1075 progeniem.
3189 993 3289 1061 Qui
3335 992 3480 1047 enim
3510 1002 3688 1059 usque

383 411 493 470 ξ’.ῧό

389 539 510 598 quas
536 518 738 591 agenda
765 520 913 574 sunt,
936 525 1034 562 nos
1061 505 1320 573 adjuvare
1345 498 1614 567 dignetur.
1650 489 1766 554 Quo
1799 496 1976 538 trans-

391 576 501 598 ἰ’-’τ
571 576 600 591 υ

391 627 548 678 eunte
576 625 751 668 coram
787 622 868 668 eo,
892 603 964 655 ait
994 615 1010 653 :
1040 595 1352 650 Dominator
1379 584 1602 640 Domine
1635 581 1796 642 Deus,
1826 576 1982 630 mise-

396 713 563 767 ricors
605 714 651 757 et
688 698 940 758 clemens,
980 689 1182 762 patiens
1225 693 1271 738 et
1313 678 1493 734 multm
1526 669 1881 729 miserationis
1921 682 1984 718 ac

401 819 574 865 torus,
601 797 690 868 qui
710 790 939 848 custodis
961 777 1377 839 misericordiam
1400 773 1454 825 in
1477 767 1669 830 millia,
1693 763 1781 836 qui
1807 759 1985 829 aufers

392 851 732 965 iniquitatem
757 895 804 939 et
834 878 1034 936 scelera
1064 884 1216 943 atque
1249 873 1460 940 peccata
1481 904 1494 928 ,
1524 859 1803 928 nullusque
1846 851 1987 923 apud

401 945 505 965 ⁷’τίνι

397 999 454 1042 te
477 999 567 1057 per
583 999 635 1036 sc
659 980 904 1033 innocens
927 979 1022 1024 est.
1049 963 1258 1025 Nullus,
1285 959 1381 1021 ait,
1407 954 1549 1024 apud
1573 960 1623 1007 te
1638 964 1734 1021 per
1757 962 1816 1002 se
1837 945 1990 998 inno-

405 1039 536 1134 cens
569 1081 672 1129 est.
703 1061 982 1136 Quomodo
1019 1054 1158 1127 apud
1186 1053 1356 1105 Deum
1387 1045 1510 1116 quis
1523 1057 1620 1114 per
1647 1056 1705 1094 se
1731 1039 1992 1092 innocens

407 1183 529 1224 esse
573 1159 793 1235 poterit,
835 1167 960 1211 cum
996 1147 1276 1216 Scriptura
1317 1139 1463 1194 dicat
1509 1152 1523 1190 :
1575 1130 1698 1185 Non
1728 1137 1802 1183 est
1839 1127 1992 1180 homo

405 1218 785 1328 super‘terram
817 1231 907 1319 qui
936 1243 1098 1314 faciat
1135 1238 1326 1293 bonum
1353 1240 1397 1284 et
1433 1244 1536 1282 non
1564 1233 1735 1295 peccet
1773 1219 1855 1293 (II
1885 1218 1996 1272 Pa—

391 1308 512 1403 rral.
544 1345 642 1416 γι).
674 1343 741 1397 Ει
764 1308 891 1393 alibi
919 1354 932 1390 :
962 1334 1138 1394 Astra,
1179 1322 1378 1393 inquit,
1409 1334 1512 1372 non
1546 1323 1664 1369 sunt
1697 1310 1894 1366 munda
1942 1308 1995 1361 in

410 1445 687 1505 conspectu
731 1433 867 1498 ejus,
904 1437 952 1479 et
996 1426 1050 1475 in
1087 1416 1286 1489 angelis
1321 1412 1430 1467 suis
1470 1407 1658 1478 reperit
1689 1403 1998 1475 pravitatem

415 1525 561 1596 (Job.
595 1522 692 1592 Iv).
722 1520 799 1574 Ac
829 1515 950 1571 inde
978 1506 1289 1567 necessario
1313 1499 1683 1569 unusquisque
1705 1492 1886 1548 abillo
1910 1506 1996 1544 re-

394 1624 604 1689 :poscat
626 1609 897 1672 mandari,
933 1605 1024 1676 qui
1054 1601 1200 1657 solus
1229 1607 1314 1653 est
1337 1595 1453 1651 sine
1482 1588 1718 1654 macula,
1747 1585 2001 1652 solusque

420 1709 582 1764 habet
618 1700 1106 1762 immortalitatem,
1146 1702 1200 1748 et
1238 1691 1413 1745 lucem
1456 1683 1668 1741 habitat
1706 1674 1999 1734 inaccessi-

411 1799 604 1852 bilem.
644 1795 742 1850 Cui
785 1790 1026 1862 psalmus
1064 1783 1240 1840 dicit:
1273 1777 1510 1848 Amplius
1544 1773 1660 1826 lava
1699 1786 1780 1823 me
1810 1766 1874 1822 ab
1913 1765 1999 1818 in-

2095 1112 2160 1166 ad
2189 1108 2402 1164 tertiam
2420 1112 2487 1158 et
2525 1106 2776 1171 quartam
2819 1088 3155 1163 progeniem,
3200 1099 3321 1139 eam
3357 1097 3521 1152 quam
3563 1079 3686 1133 imi-

2097 1211 2282 1256 tantur
2323 1196 2418 1250 ﬁlii
2469 1198 2757 1264 parentum
2803 1185 2971 1238 vitam
3017 1174 3472 1249 possuntvidere,
3516 1183 3688 1238 usque

2098 1293 2164 1348 ad
2199 1305 2294 1346 eos
2325 1287 2460 1342 ultio
2505 1278 2816 1338 extenditur
2851 1272 2944 1343 qui
2972 1269 3224 1323 viderunt
3253 1263 3379 1333 quia
3417 1259 3561 1315 male
3606 1273 3691 1314 se-

2099 1387 2414 1454 querentur.

2177 1492 2519 1560 Festinusque
2544 1482 2748 1553 Moyses
2778 1483 3024 1532 curvatus
3056 1478 3130 1524 est
3156 1481 3354 1539 pronus
3390 1463 3445 1517 in
3469 1471 3697 1524 terram,

2103 1599 2150 1645 et
2174 1586 2404 1642 adorans
2439 1579 2514 1657 ait
2547 1593 2566 1631 :
2598 1574 2658 1630 Si
2687 1569 2860 1627 inveni
2898 1565 3126 1637 gratiam
3166 1559 3222 1614 in
3263 1563 3536 1625 conspectu
3583 1562 3694 1614 tuo,

2104 1678 2348 1742 Domine,
2386 1643 2596 1728 obsecro
2619 1674 2674 1720 ut
2698 1657 2963 1736 gradiaris
2991 1653 3260 1710 nobiseum
3286 1643 3531 1719 (populus
3557 1643 3700 1696 enim

2106 1774 2255 1828 durte
2277 1765 2488 1824 cervicis
2516 1760 2638 1832 est),
2668 1766 2716 1812 et
2738 1753 2952 1823 auferas
2981 1746 3282 1818 iniquitates
3312 1747 3519 1794 nostras
3545 1747 3703 1806 atque

415 1826 604 1852 υιιυιιι.
644 1826 742 1850 υυι
785 1826 1026 1862 paul-uua
1065 1826 1196 1840 un.-.
1225 1826 1240 1834 .
1273 1826 1503 1848 --..-,..-_,_
2110 1826 2133 1828 ἣν

413 1890 624 1960 iustitia
661 1904 798 1950 mea,
832 1892 879 1938 et
919 1898 950 1934 a
979 1877 1166 1933 delicto
1196 1889 1309 1926 meo
1338 1868 1534 1947 munda
1566 1881 1665 1918 me.
1707 1862 1841 1915 Ecce
1869 1858 2006 1912 enim
2033 1843 2081 1903 Β
2109 1869 2348 1934 peccata,
2383 1869 2576 1925 uosque
2606 1846 2898 1922 possideas.
2934 1835 3223 1909 Respondit
3264 1830 3562 1886 Dominus:
3587 1826 3705 1896 Ego

1494 1959 1497 1960 ,
1591 1956 1600 1960 -
1641 1955 1669 1960 _-
1731 1953 1742 1960 .
1976 1948 2006 1960 .,
2117 1954 2128 1960 -
2174 1952 2206 1960 -.
2399 1956 2407 1960 .
2616 1935 2868 1960 21-....1-.-
2912 1929 3105 1960 -..κηιὸο
3137 1926 3282 1960 sinum
3320 1921 3540 1960 fat-inm,
3587 1931 3705 1960 num

407 1984 474 2035 .in
511 1977 876 2051 iniquitatibus
907 1977 1185 2039 conceptus
1228 1978 1368 2025 sum,
1402 1969 1449 2014 et
1483 1959 1538 2011 in
1567 1953 1770 2009 delictis
1815 1948 2006 2020 peperit

415 2093 503 2131 .ine
530 2041 696 2128 imiter
725 2083 842 2123 mea
873 2060 1049 2135 (Psal.
1083 2058 1156 2127 ι).
1197 2055 1264 2110 Et
1304 2053 1359 2107 in
1395 2051 1535 2105 libro
1563 2045 1663 2101 Job
1696 2063 1708 2097 :
1751 2041 1882 2108 Quis
1911 2054 2008 2110 po-

420 2181 540 2235 test,
585 2165 782 2236 inquit,
812 2158 1066 2214 mundum
1095 2154 1269 2224 facere
1305 2149 1370 2203 de
1403 2143 1676 2202 immundo
1706 2147 2011 2207 conceptum

421 2263 641 2326 semine,
685 2272 853 2312 nonne
883 2263 938 2306 tu
972 2253 1061 2322 qui
1096 2247 1239 2303 solus
1262 2245 1357 2299 es?
1394 2241 1538 2311 (Job.
1578 2231 2012 2309 xxv).Sequitur,

429 2353 536 2418 Qui
579 2321 754 2403 reddis
788 2321 1120 2415 iniquitatem
1147 2347 1356 2409 patrum
1398 2334 1455 2386 in
1481 2329 1608 2401 ﬁliis
1646 2343 1710 2380 ac
1744 2321 2016 2392 nepotibus

411 2444 486 2495 in
543 2440 749 2493 tertiam
805 2444 852 2488 et
897 2440 1146 2503 quartam
1192 2423 1510 2497 progeniem.
1565 2417 1700 2472 Cum
1754 2426 1852 2482 per
1894 2423 2020 2480 pro—

431 2529 654 2599 phetam
683 2497 948 2579 Dominus
975 2517 1102 2572 alibi
1126 2515 1272 2570 dicat
1299 2527 1313 2565 :
1347 2509 1520 2564 Filius
1541 2522 1645 2560 non
1665 2500 1893 2574 portabit
1919 2497 2022 2550 ini-

421 2621 686 2692 quitatem
709 2613 897 2686 patris,
923 2625 1086 2681 neque
1107 2615 1257 2677 pater
1287 2600 1617 2672 iniquitatem
1647 2593 1748 2663 ﬁlii
1772 2607 1790 2644 :
1808 2586 2023 2660 justitia

426 2709 564 2783 justi
605 2680 763 2778 super
815 2718 932 2756 eum
993 2680 1089 2754 erit
1119 2738 1134 2764 ,
1187 2705 1235 2750 et
1290 2691 1530 2762 impietas
1590 2683 1738 2754 impii
1786 2680 1880 2735 erit
1929 2693 2023 2731 su-

416 2774 527 2872 per
560 2774 702 2864 eum,
731 2805 835 2850 etc.
873 2791 1090 2864 (Ezech.
1120 2785 1298 2859 XVIII),
1331 2780 1458 2854 quid
1479 2789 1565 2834 est
1591 2774 1735 2847 quod
1760 2786 1905 2827 nunc
1929 2783 2029 2840 per

437 2869 655 2966 Moysen
681 2887 910 2945 Domino
948 2884 1167 2947 dicitur,
1213 2878 1318 2945 Qui
1355 2873 1529 2929 reddis
1566 2869 1894 2942 iniquitatem
1935 2880 2029 2934 pa-

420 2953 576 3039 .trnin
601 2981 726 3051 ﬁliis
753 2995 814 3031 ac
845 2972 1158 3046 nepotibus?
1180 2966 1284 3024 Sed
1309 2967 1363 3021 in
1386 2973 1614 3032 utraque
1636 2961 1740 3014 hac
1761 2953 2031 3012 sententia

440 3075 570 3129 dum
596 3065 877 3125 dissimilis
901 3077 1094 3120 sensus
1124 3056 1418 3119 invenitur,
1450 3048 1715 3106 auditoris
1736 3045 1949 3100 animus
1975 3048 2035 3095 ut

441 3159 784 3219 discretionis
814 3157 959 3209 viam
985 3150 1258 3207 subtiliter
1289 3144 1531 3214 requirat
1557 3137 1865 3194 instruitur.
1901 3133 2033 3189 Pec-

436 3261 625 3306 catum
654 3247 851 3317 quippe
877 3239 1140 3312 originale
1167 3254 1196 3292 a
1224 3233 1545 3306 parentibus
1573 3228 1808 3284 trahitur
1836 3233 1892 3280 et
1926 3223 2030 3278 nisi

444 3357 542 3412 per
571 3337 799 3409 gratiam
838 3329 1181 3402 baptismatis
1229 3325 1492 3389 solvatur,
1533 3321 1697 3377 etiam
1749 3323 2035 3388 parentum

446 3438 671 3504 peccata
711 3437 1012 3500 portamus,
1061 3421 1154 3490 qui
1186 3433 1350 3473 unum
1396 3415 1571 3469 adhuc
1614 3409 1865 3466 videlicet
1914 3419 2038 3459 cum

451 3526 556 3580 illis
567 3498 1040 3578 sumus.Redditur
1053 3529 1182 3584 ergo
1196 3509 1452 3580 iniquitas
1463 3513 1679 3577 patrum
1693 3503 1747 3558 in
1763 3498 2040 3564 ﬁliis,dum

435 3631 548 3687 ,pro
573 3613 726 3682 culpa
752 3607 990 3682 parentis
1007 3622 1071 3662 ex
1089 3600 1337 3674 originali
1354 3604 1578 3670 peccato
1591 3595 1770 3649 anima
1785 3589 2043 3662 polluitur

454 3704 643 3776 prolis.
675 3702 741 3756 Et
776 3713 996 3755 rursum
1023 3737 1037 3761 ,
1072 3693 1189 3750 Non
1226 3690 1474 3746 redditur
1516 3691 1805 3757 parentum
1847 3677 2045 3748 iniqui-

457 3767 541 3850 tas
574 3795 626 3847 in
660 3792 808 3858 ﬁliis,
848 3789 976 3860 quia
1013 3802 1135 3843 cu.n
1178 3783 1245 3838 ab
1273 3777 1522 3851 originali
1553 3775 1711 3845 culpa
1739 3787 1837 3843 per
1874 3767 2045 3839 bapti-

457 3902 633 3941 smum
676 3884 1010 3943 liberamur,
1069 3893 1175 3932 non
1210 3875 1323 3946 jam
1369 3877 1655 3943 parentum
1697 3865 1903 3934 culpas,
1953 3859 2049 3915 sed

438 3997 595 4051 quas
618 3978 718 4048 ipsi
741 3973 1146 4035 committimus,
1176 3968 1458 4022 habemus.
1487 3961 1642 4028 Quod
1674 3966 1800 4013 tunc
1826 3951 2050 4021 intelligi

441 4043 832 4127 ctiam—aliter
873 4070 1092 4134 potest,
1145 4057 1271 4128 quia
1318 4051 1562 4125 quisquis
1611 4048 1763 4120 pravi
1812 4043 2055 4116 parentis

467 4160 810 4231 iniquitatem
851 4154 1114 4217 imitatur,
1143 4149 1308 4205 etiam
1335 4163 1405 4202 ex
1444 4144 1524 4199 eis
1564 4141 1760 4197 delicto
1786 4136 2056 4194 constrin—

449 4255 630 4326 gitur.
662 4246 920 4317 Quisquis
962 4252 1140 4298 autem
1170 4237 1411 4312 parentis
1445 4232 1784 4304 iniquitatem
1809 4243 1915 4284 non
1937 4226 2058 4280 imi-

455 4354 636 4406 tatur,
687 4351 1030 4409 nequaquam
1067 4333 1268 4388 delicto
1311 4329 1454 4384 illius
1483 4333 1761 4398 gravatur.
1806 4319 1960 4376 Unde
2000 4317 2061 4370 ﬁt

456 4447 531 4491 ut
559 4436 778 4504 iniquus
813 4431 954 4485 [ilius
994 4427 1166 4497 iniqui
1219 4423 1390 4495 patris
1430 4435 1538 4475 non
1584 4415 1761 4472 solum
1793 4427 1890 4468 sua
1939 4423 2061 4479 quae

477 4528 698 4588 addidit,
739 4524 833 4578 sed
874 4521 1036 4576 etiam
1077 4517 1248 4588 patris
1277 4521 1559 4584 peccatum
1590 4505 1863 4578 persolvat
1895 4522 1907 4556 :
1939 4515 2060 4555 eum

459 4621 581 4674 'viis
625 4616 817 4688 patris,
869 4613 1064 4682 quibus
1111 4609 1306 4662 iratum
1351 4602 1636 4658 Dominum
1666 4612 1777 4652 non
1827 4594 2061 4665 ignorat,

481 4710 645 4764 ctiam
669 4721 822 4760 suam
856 4704 1031 4758 adhuc
1058 4697 1317 4754 malitiam
1345 4693 1636 4763 adiungere
1667 4703 1774 4743 non
1790 4681 2061 4740 formidat.

2109 1952 2252 2006 inibo
2291 1921 2536 2020 pactum,
2581 1935 2868 1996 videntibus
2907 1929 3106 1987 cunctis
3134 1926 3283 1997 signa
3315 1921 3544 1992 faciam,
3587 1931 3707 1987 qui:

2113 2053 2379 2111 nunquam
2405 2042 2525 2089 sunt
2551 2031 2660 2085 visa
2690 2041 2845 2096 super
2867 2033 3086 2086 terram,
3106 2033 3198 2070 nec
3220 2016 3272 2069 in
3303 2011 3424 2066 ullis
3442 2008 3707 2080 gentibus,

2112 2139 2170 2183 ut
2207 2094 2386 2181 cernat
2425 2117 2650 2193 populus
2693 2094 2762 2169 ini
2795 2111 2947 2180 cujus
2985 2124 3038 2161 es
3077 2103 3267 2167 medio,
3319 2116 3447 2170 opus
3493 2094 3710 2151 Domini

2115 2213 2367 2278 terribile,
2414 2182 2554 2281 quod
2595 2206 2832 2277 facturus
2868 2214 3004 2253 sum.
3052 2193 3192 2261 Quid
3230 2198 3314 2245 est
3354 2186 3496 2257 quod
3538 2182 3712 2252 Moysi

2116 2277 2437 2376 deprecanti
2459 2314 2557 2370 pro
2579 2296 2753 2352 salute
2781 2287 2963 2360 populi
2989 2285 3088 2340 sibi
3114 2277 3412 2341 commissi,
3443 2283 3716 2344 quatenus

2118 2396 2379 2454 Dominus
2421 2389 2650 2463 gratiam
2693 2396 2848 2438 suam
2876 2378 2984 2434 illis
3025 2373 3383 2432 concederet,
3412 2376 3719 2432 eorumque

2120 2493 2346 2560 peccata
2384 2454 2547 2550 atque
2575 2475 2771 2530 delicta
2809 2467 3068 2523 auferret.
3107 2458 3405 2532 Respondit
3433 2454 3717 2518 Dominus,

2123 2544 2239 2650 ligo
2282 2573 2424 2629 inibo
2459 2544 2704 2642 pactum,
2744 2557 3039 2616 videntibus
3078 2551 3278 2608 cunctis
3317 2550 3466 2617 signa
3497 2544 3717 2614 faciam,

2124 2685 2242 2742 quae
2280 2682 2382 2720 non
2431 2669 2551 2717 sunt
2580 2659 2690 2713 visa
2719 2668 2876 2724 super
2907 2659 3126 2712 terram,
3158 2651 3275 2698 etc.
3306 2640 3435 2708 Qua:
3463 2645 3591 2692 sunt
3632 2635 3719 2688 illa

2127 2762 2302 2833 signa,
2334 2770 2454 2828 quae
2506 2761 2782 2820 nunquam
2817 2749 2944 2799 sunt
2990 2739 3105 2793 visa
3150 2747 3315 2803 super
3368 2728 3605 2784 terram?
3635 2727 3722 2778 An

2126 2821 2463 2921 foite'si—gna
2501 2845 2591 2900 illa
2627 2842 2695 2897 ad
2735 2837 2944 2892 Novum
2976 2831 3381 2886 TeStamentum
3422 2821 3722 2890 pertinent,

2135 2939 2528 3004 incarnationis
2575 2930 2848 2993 videlicet,
2891 2920 3163 2996 passionis
3201 2933 3265 2972 ac
3305 2910 3729 2970 resurrectionis

2131 2998 2379 3093 Domini?
2406 3029 2482 3082 De
2513 3024 2707 3096 quibus
2737 3017 2907 3090 signis
2946 3013 3014 3068 ad
3051 3008 3318 3082 perﬁdum
3361 3017 3544 3073 regem
3569 3041 3585 3066 ,
3631 2998 3731 3070 qui

2136 3121 2522 3192 noluitjussus
2557 3133 2586 3172 a
2610 3111 2842 3170 Domino
2871 3115 3079 3178 petere,
3118 3101 3285 3157 lsaias
3325 3095 3588 3168 propheta
3629 3092 3731 3156 ait,

2061 3193 2105 3255 Ο
2137 3191 2341 3272 Audite
2371 3226 2493 3282 ergo
2532 3208 2719 3261 domus
2751 3198 2921 3255 David
2950 3211 2969 3248 :
3003 3191 3264 3264 Nunquid
3295 3203 3483 3261 parum
3522 3195 3599 3239 est
3640 3199 3735 3237 vos

2139 3307 2384 3364 molestos
2428 3317 2538 3356 esse
2581 3292 2877 3352 hominibus
2906 3330 2922 3357 ,
2967 3289 3092 3360 quia
3122 3282 3327 3340 molesti
3370 3279 3492 3334 estis
3534 3285 3582 3330 et
3619 3274 3738 3328 Deo

2140 3401 2296 3458 meo?
2339 3395 2625 3467 Propterea
2660 3391 2768 3461 ipse
2811 3384 3067 3440 Dominus
3111 3377 3255 3431 dabit
3305 3373 3445 3429 vobis
3499 3371 3736 3441 signum.

2143 3493 2280 3548 Ecce
2307 3490 2450 3560 virgo
2474 3483 2726 3552 concipiet
2749 3488 2795 3533 et
2823 3475 2991 3548 pariet
3022 3470 3216 3540 ﬁlium,
3245 3476 3293 3522 et
3317 3462 3522 3520 vocabis
3547 3476 3741 3514 nomen

2144 3584 2260 3654 ejus
2285 3553 2618 3634 Emmanuel.
2641 3569 2901 3639 Butgrum
2927 3572 2974 3618 et
2990 3559 3091 3616 mel
3115 3557 3368 3619 comedet,
3400 3563 3456 3606 ut
3486 3553 3617 3606 sciat
3654 3565 3739 3600 re-

2146 3639 2367 3746 probare
2408 3666 2607 3724 malum
2630 3703 2645 3730 ,
2682 3670 2731 3715 et
2770 3658 2958 3728 eligere
2987 3654 3179 3707 bonum
3227 3647 3386 3720 (lsai.
3432 3642 3555 3712 vn).
3583 3639 3746 3693 Tunc

2147 3739 2280 3838 ergo
2330 3773 2458 3816 vere
2512 3769 2635 3811 cum
2687 3748 2881 3822 populo
2932 3742 3029 3798 Dei
3095 3740 3289 3796 initum
3341 3741 3425 3791 est
3476 3739 3692 3802 pactum
3724 3767 3743 3793 ,

2151 3823 2367 3931 quando
2397 3868 2494 3924 per
2523 3845 2726 3904 Christi
2756 3842 3048 3896 adventum
3086 3835 3139 3887 in
3167 3829 3368 3886 mundo
3388 3823 3747 3896 praedicatum

2153 3911 2237 4006 Est
2263 3911 2636 4013 Evadgelium.
2669 3935 2898 3989 Observa
2928 3934 3113 3982 cuncta
3155 3937 3273 3994 qua:
3305 3916 3460 3972 hodie
3493 3911 3751 3968 mandavi

2155 4041 2268 4095 tibi.
2307 4005 2558 4106 Ego-ipse
2579 4026 2790 4099 ejiciam
2813 4029 2933 4075 ante
2964 4017 3152 4080 faciem
3174 4023 3319 4066 tuam
3350 4005 3748 4067 Amorrha'um,

2157 4142 2204 4187 et
2243 4101 2632 4184 Chanana'um,
2660 4126 2708 4171 et
2745 4113 3048 4173 Hetlueum,
3092 4102 3428 4159 Pheresa’um
3456 4111 3663 4168 quoque
3701 4101 3752 4146 et

2164 4183 2436 4282 liciarum,
2481 4221 2527 4268 et
2579 4183 2902 4264 Jebuswum.
2955 4197 3095 4266 Quid
3143 4200 3228 4250 est
3273 4188 3417 4261 quod
3456 4186 3658 4240 dicitur
3681 4183 3752 4236 ad

2161 4273 2434 4383 blovseng
2464 4302 2695 4360 Observa
2741 4303 2931 4351 cuncta
2968 4305 3084 4362 qua:
3130 4284 3284 4340 hodie
3337 4277 3582 4336 mandavi
3635 4273 3750 4326 tibi.

2168 4364 2426 4472 l‘iunquid
2478 4395 2545 4450 de
2594 4387 2791 4463 populo
2840 4383 3023 4438 dicere
3069 4375 3261 4438 voluit,
3309 4368 3459 4438 cujus
3507 4367 3621 4436 ipse
3659 4364 3751 4418 do-

2169 4505 2290 4552 ctor
2312 4455 2471 4544 linit?
2503 4455 2738 4539 sed-non
2770 4477 2884 4545 ipse
2921 4465 3222 4526 introduxit
3246 4459 3503 4533 populum
3548 4455 3603 4508 in
3630 4467 3752 4507 eam

2173 4596 2398 4646 terram,
2455 4576 2547 4632 ubi
2594 4569 2846 4642 perhibet
2885 4561 3009 4634 poni
3067 4557 3450 4612 testamentum
3491 4546 3610 4600 sive
3661 4557 3754 4613 pa-

2171 4687 2319 4734 ctum
2366 4636 2490 4727 cum
2548 4636 2666 4728 eis,
2724 4658 2816 4730 qui
2863 4657 2918 4709 in
2966 4652 3057 4707 illa
3110 4642 3446 4702 habitabant.
3498 4636 3639 4692 Cave
3694 4651 3756 4688 ne

2172 4779 2403 4837 unquam
2450 4771 2568 4812 cum
2593 4726 2973 4807 habitatoribus
3003 4751 3155 4795 terra:
3193 4735 3357 4796 illius,
3385 4731 3585 4802 jungas
3615 4726 3755 4780 ami-

462 4801 553 4855 -Et
581 4799 785 4868 justum
814 4803 918 4858 est,
948 4801 1007 4847 ut
1035 4791 1127 4861 qui
1157 4788 1258 4842 sub
1282 4780 1665 4849 strictojudice
1685 4777 1802 4831 vias
1830 4772 2069 4845 parentis

487 4893 658 4963 iniqui
699 4889 990 4944 nontimet
1022 4879 1243 4945 imitari,
1271 4883 1533 4947 cogantur
1556 4872 1610 4926 in
1641 4870 1753 4924 vita
1791 4863 2064 4936 praesenti,

467 4955 652 5042 «etiam
678 4981 865 5051 culpas
892 4973 1130 5048 parentis
1157 4969 1323 5040 iniqui
1352 4965 1678 5038 persolvere.
1708 4959 1860 5016 Unde
1883 4965 1937 5011 ct
1962 4955 2071 5009 illic

492 5077 697 5132 dictum
721 5081 834 5129 est:
853 5070 1040 5123 Anima
1063 5066 1226 5137 patris
1252 5079 1367 5116 mea
1391 5069 1487 5124 est,
1517 5056 1694 5111 anima
1720 5051 1817 5123 ﬁlii
1838 5067 1952 5105 mea
1973 5057 2070 5102 est.

491 5169 686 5226 Anima
721 5181 837 5236 qua:
871 5160 1180 5234 peccaverit,
1211 5155 1323 5226 ipsa
1362 5152 1636 5206 morietur.
1665 5145 1799 5213 Quia
1828 5144 1879 5197 in
1913 5154 2076 5196 carne

498 5272 882 5328 nonmunquam
900 5254 1016 5320 ﬁlii,
1039 5253 1200 5306 etiam
1218 5265 1284 5304 ex
1297 5245 1467 5316 patris
1481 5247 1704 5313 peccato
1716 5235 2075 5307 perimuntur,

500 5356 697 5414 delicto
708 5358 888 5405 autem
903 5341 1182 5415 originalis
1197 5337 1426 5410 peccati,
1442 5349 1508 5388 ex
1520 5337 1804 5403 parentum
1821 5322 2078 5393 nequitia,

503 5450 687 5506 anima
715 5461 822 5500 nou
864 5449 1098 5496 tenetur.
1130 5433 1268 5502 Quid
1299 5431 1441 5486 enim
1470 5434 1553 5504 est
1584 5421 1726 5494 quod
1757 5417 1965 5490 parvuli
1989 5413 2084 5468 lilii

505 5543 825 5614 plerumque
863 5549 894 5588 a
937 5527 1268 5585 daemonibus
1291 5520 1640 5590 arripiuntur,
1675 5511 1778 5567 nisi
1807 5508 1932 5578 quia
1959 5517 2088 5560 caro

510 5548 825 5614 plerumque
863 5549 894 5588 a
937 5548 1268 5585 (ltemmu'uus
1291 5548 1640 5590 al'l‘lpluusus,
1676 5548 1778 5567 μισ.
1807 5548 1932 5578 qu...
1961 5548 2085 5560 ω..-

510 5633 604 5688 ﬁlii
621 5648 685 5686 ex
710 5627 882 5700 patris
907 5637 1067 5695 pmna
1090 5613 1383 5673 multatur?
1409 5611 1466 5664 ln
1489 5604 1781 5673 semetipso
1802 5599 1944 5655 enim
1969 5609 2092 5664 per-
2189 5593 2381 5665 fuerint
2424 5584 2699 5656 fornicata:
2719 5616 2733 5641 ,
2763 5572 2963 5642 faciant
2992 5575 3038 5620 et
3079 5561 3216 5632 ﬁlios
3247 5568 3362 5611 tuos
3389 5554 3442 5606 in
3471 5548 3593 5602 deos
3623 5561 3772 5599 suos.

1645 5696 1655 5700 -
1771 5693 1782 5700 -
1994 5686 2026 5700 --
2073 5698 2084 5700 -
2202 5682 2326 5700 nu-
2362 5669 2641 5700 --..n..o.'l.n
2678 5678 2779 5700 ..ηη
2813 5651 3099 5700 νηηερςιὶινὶ.
3132 5647 3264 5700 Cum
3290 5640 3607 5700 orzeciperet
3633 5633 3772 5687 Deus

511 5633 604 5688 lilii
621 5648 685 5686 ex
710 5633 882 5700 patris
907 5637 1067 5695 pmna
1090 5633 1382 5673 multatur:
1410 5633 1466 5664 ιιι
1489 5633 1781 5673 semetipso
1802 5633 1944 5655 cut...
1969 5633 2055 5664 ,ιυ-
2189 5633 2291 5665 ,....
2424 5633 2493 5656 ,--
2721 5633 2732 5641 ,
2763 5633 2774 5642 ,

511 5725 715 5782 Cutitur
759 5728 912 5789 pater
961 5714 1180 5784 iniquus
1230 5715 1284 5762 et
1323 5696 1690 5776 percussionis
1734 5693 1843 5746 vim
1892 5686 2093 5744 sentire
2191 5682 2327 5735 Deos
2355 5669 2642 5742 conﬂatiles
2678 5678 2780 5716 non
2810 5651 3099 5728 faciestibi.
3132 5647 3264 5703 Cum
3290 5640 3607 5715 przeciperet
3633 5633 3780 5687 Deus

2010 5777 2021 5788 -
2191 5772 2234 5789 L
2257 5781 2416 5789 _---a-
2441 5761 2505 5789 ,ηε
2532 5757 2748 5789 υηυεοτι
2798 5759 2851 5789 ni
2877 5748 2999 5789 data
3035 5739 3250 5789 terrain
3275 5737 3569 5789 potestate,
3597 5724 3780 5779 omnis

511 5725 715 5782 Cutitur
759 5728 912 5789 pater
961 5724 1180 5784 iniquus
1230 5724 1284 5762 et
1323 5724 1690 5776 percusswuta
1741 5724 1843 5746 um
1893 5724 2093 5744 sum...
2191 5724 2325 5735 -..η
2810 5724 2820 5728 _

511 5811 835 5872 auttemnit.
884 5808 1211 5874 Plerumque
1237 5795 1538 5870 percutitur
1573 5791 1628 5845 in
1674 5785 1802 5841 ﬁliis
1826 5789 1886 5837 ut
1913 5777 2094 5833 acrius
2191 5772 2419 5840 loquens
2441 5761 2508 5817 ad
2532 5757 2770 5826 Moysen,
2798 5759 2857 5804 ut
2877 5748 3001 5801 data
3035 5752 3178 5798 terra
3197 5739 3250 5793 in
3275 5737 3569 5809 potestate,
3597 5724 3784 5779 omnis

2169 4861 2347 4924 citias,
2377 4867 2497 4925 qua:
2540 4846 2632 4902 tibi
2665 4845 2769 4899 sint
2808 4842 2864 4894 in
2895 4839 3125 4898 ruinam,
3157 4829 3246 4884 sed
3275 4842 3397 4882 aras
3441 4836 3621 4878 eorum
3671 4819 3760 4876 de-

2175 4965 2358 5015 strue,
2415 4941 2686 5012 confringe
2733 4943 2968 4996 statuas,
3037 4927 3282 4994 lucosque
3340 4914 3570 4974 succide.
3631 4911 3761 4967 Noli

2178 5042 2404 5098 adorare
2445 5033 2615 5087 Deum
2663 5025 2894 5082 alienum
2941 5033 2958 5072 :
3015 5017 3294 5078 Dominus,
3337 5007 3522 5063 zelotes
3572 5019 3761 5057 nomen

2179 5135 2334 5205 ejus,
2383 5127 2526 5182 Deus
2567 5131 2639 5176 est
2695 5113 2990 5172 wmulator.
3041 5107 3123 5162 Ne
3183 5106 3328 5157 ineas
3380 5107 3592 5169 pactum
3644 5109 3762 5146 cum

3311 5192 3332 5205 .
3433 5190 3444 5201 .
3517 5184 3762 5205 ,ηε-ηιμ,

2183 5184 2288 5205 τ.-
2322 5184 2334 5197 ,

2183 5221 2478 5282 hominibus
2497 5215 2710 5270 illarum
2734 5207 3000 5278 regionum
3025 5214 3043 5252 :
3075 5215 3137 5252 ne
3163 5211 3280 5250 cum
3304 5186 3553 5263 fornicati
3568 5184 3767 5254 fuerint

2181 5333 2303 5371 cum
2334 5311 2436 5366 diis
2462 5307 2593 5368 suis,
2626 5311 2673 5356 et
2704 5292 3033 5354 adoraverint
3073 5282 3358 5341 simulacra
3387 5293 3504 5340 sua,
3543 5279 3686 5326 vocet
3717 5278 3770 5320 te

2186 5403 2446 5479 quispiam
2489 5407 2543 5452 ut
2583 5389 2824 5449 comedas
2870 5384 2934 5438 de
2970 5374 3270 5435 immolatis.
3316 5369 3428 5423 Nec
3453 5379 3669 5420 uxorem
3705 5361 3772 5414 de

2187 5454 2351 5479 ‘1""r'

2183 5496 2393 5568 ﬁliabus
2421 5502 2601 5544 eorum
2653 5479 2874 5548 accipies
2905 5472 3031 5542 ﬁliis
3064 5469 3188 5531 tuis,
3233 5479 3293 5516 ne
3318 5469 3588 5532 postquam
3641 5454 3661 5504 i

3095 5561 3156 5568 Α..
3394 5554 3406 5565 ,
3484 5548 3591 5568 ,Ἢ
3630 5563 3661 5568 _‘
