3954 6176
351 336 460 391 Ξόῖ

351 543 433 595 ait
463 559 478 594 :
509 541 772 596 Dominus
807 545 952 598 enim
982 548 1125 604 Deus
1145 551 1329 606 zelans
1357 569 1572 618 nomen.
1606 559 1746 613 Deus
1787 561 1927 616 zela-

351 643 440 686 tor
458 639 560 696 est,
589 630 639 685 id
667 639 768 696 est,
795 633 970 703 ipsum
998 653 1192 693 nomen
1221 642 1362 710 quod
1393 643 1648 702 Dominus
1676 650 1815 704 Deus
1842 651 1925 705 di-

347 721 516 783 citur,
547 721 730 776 zelans
761 730 868 786 est,
895 725 1021 792 quia
1052 727 1194 783 Deus
1231 731 1437 787 zelator
1479 743 1583 799 est,
1631 740 1773 806 quod
1819 758 1925 796 non

349 809 601 864 humana:
622 813 1047 881 perturbationis
1076 819 1208 873 vitio
1239 821 1365 876 facit
1398 823 1569 891 Deus,
1607 843 1822 899 semper
1848 839 1928 886 at-

347 921 459 974 que
485 906 634 960 omni
680 907 840 962 modo
885 910 1344 972 incommutabilis
1371 927 1533 988 atque
1569 925 1919 993 tranquillus;

340 993 445 1046 sed
488 993 591 1048 hoc
616 994 841 1048 verbum
892 996 1116 1064 indicat,
1149 1017 1254 1057 non
1285 1003 1504 1074 impune
1528 1008 1738 1078 plebem
1769 1028 1922 1069 suam

341 1095 447 1150 per
491 1082 697 1137 alienos
724 1084 866 1140 Deos
895 1085 1309 1147 fornicaturam.
1363 1095 1592 1151 Ductum
1645 1109 1729 1155 est
1776 1103 1922 1159 enim

343 1172 573 1226 verbum
605 1180 759 1243 tropo
787 1177 1107 1245 metaphora
1133 1195 1163 1233 a
1193 1181 1308 1236 zelo
1339 1185 1567 1240 maritali
1596 1227 1612 1251 ,
1641 1189 1733 1258 qui
1762 1193 1923 1246 casti-

344 1271 512 1317 tatem
537 1265 776 1318 custodit
823 1267 1040 1332 uxoris,
1070 1271 1161 1339 qui
1190 1273 1347 1328 nobis
1380 1277 1624 1344 prodest,
1654 1295 1759 1334 non
1788 1282 1916 1337 Deo.

339 1353 477 1420 Quis
496 1355 638 1408 enim
666 1356 772 1411 tale
797 1373 993 1427 genere
1017 1359 1387 1420 fornicationis
1409 1365 1518 1423 Deo
1543 1372 1806 1434 nocuerit,
1827 1376 1919 1430 sed

337 1446 442 1500 sibi
487 1447 776 1515 plurimum
818 1457 878 1503 ut
917 1461 1139 1520 pereat:
1170 1453 1277 1524 (Ea:
1318 1454 1582 1532 Origene.)
1613 1464 1737 1531 quia
1780 1465 1920 1521 Deus

335 1537 593 1606 prohibet
620 1547 829 1596 terrore
853 1543 1194 1612 gravissimo,
1227 1548 1488 1605 zelantem
1519 1568 1578 1608 se
1605 1556 1877 1625 appellans
1902 1577 1913 1611 :

334 1629 425 1682 cui
469 1630 666 1684 dicitur
700 1631 754 1686 in
795 1633 1000 1702 psalmo
1041 1649 1056 1688 :
1107 1635 1392 1693 Perdidisti
1440 1659 1642 1698 omnem
1691 1647 1781 1716 qui
1812 1648 1918 1715 [or-

333 1718 549 1770 nicatur
582 1719 674 1774 abs
719 1729 784 1774 te.
823 1721 956 1777 Mihi
983 1736 1156 1779 autem
1197 1728 1465 1784 adhaerere
1491 1731 1598 1786 Deo
1626 1734 1812 1790 bonum
1840 1750 1914 1792 est

1281 347 1780 411 COMMENTARIA
1823 357 1890 412 ΙΝ
1928 360 2235 418 ΕΧΟΒῸΜ.
2276 393 2346 405 -
2383 367 2509 424 LIB.
2554 372 2641 427 IV.

355 450 665 506 idololatria
692 463 1048 520 everteretur,
1090 474 1190 514 nec
1233 461 1588 520 adorarentur
1627 468 1700 523 dii
1741 470 1921 534 alieni,
1954 478 2002 535 Α
2027 473 2280 532 dixerat:
2319 476 2503 536 Scribe
2540 486 2632 539 tibi
2677 491 2824 546 verba
2863 494 2995 547 lucc.

3495 397 3600 453 233

3037 495 3167 550 Cum
3210 513 3335 555 vero
3365 505 3601 574 primum

2030 563 2200 637 legem
2227 572 2450 640 accepit,
2470 574 2622 644 cujus
2647 581 2852 638 tabulas
2878 583 3072 652 abjccit
3093 596 3146 642 et
3168 588 3343 661 fregit,
3365 563 3468 652 nec
3488 604 3601 670 ipse

2029 656 2294 712 excidisse
2319 659 2491 716 dictus
2518 673 2599 718 est
2628 669 2836 726 tabulas
2858 672 3116 743 lapideas,
3139 686 3194 732 et
3219 656 3375 739 modo
3398 656 3599 745 dictum

2027 752 2149 799 est:
2182 746 2384 805 Excide
2419 753 2513 807 tibi
2556 756 2687 813 duas
2741 763 2947 820 tabulas
2995 766 3230 838 lapideas
3259 789 3271 832 :
3306 791 3403 832 nec
3437 780 3487 834 ci
3524 783 3602 837 di-

2026 842 2171 889 ctum
2195 846 2277 892 est
2306 848 2362 893 ut
2390 843 2671 914 scriberet,
2711 851 2850 907 sicut
2874 856 2923 910 ei
2950 859 3108 913 modo
3136 861 3347 927 dicitur,
3382 884 3481 923 nec
3507 886 3602 928 cas

2025 923 2141 994 ipse
2181 930 2462 999 scripsisse
2508 947 2784 1007 narratur,
2834 943 2972 1000 sicut
3021 951 3178 1006 modo
3222 967 3404 1010 narrat
3451 957 3598 1014 Scri-

2024 1025 2180 1085 ptura
2209 1026 2261 1074 et
2291 1021 2421 1077 dicit
2466 1044 2478 1079 :
2527 1026 2746 1099 Scripsit
2777 1034 2829 1086 in
2861 1035 3052 1092 tabulis
3085 1039 3397 1100 Testamenti
3425 1048 3599 1103 decem

2025 1108 2196 1174 verba,
2226 1111 2320 1166 sed
2343 1121 2468 1170 tunc
2495 1118 2694 1174 dictum
2723 1132 2806 1178 est
2832 1143 2843 1177 :
2875 1125 2943 1180 Et
2973 1128 3114 1184 dedit
3143 1132 3316 1204 Moysi
3342 1139 3518 1194 statim
3543 1150 3599 1196 ut

2022 1202 2240 1255 cessavit
2287 1203 2429 1277 loqui
2461 1209 2532 1262 ad
2569 1227 2686 1266 eum
2727 1216 2779 1268 in
2824 1229 2994 1274 monte
3031 1220 3180 1288 Sina,
3219 1226 3352 1282 duas
3390 1231 3597 1287 tabulas

2025 1286 2363 1359 Testimonii,
2437 1297 2643 1356 tabulas
2698 1303 2931 1375 lapideas
2992 1286 3212 1381 scriptas
3258 1316 3418 1387 digito
3479 1321 3594 1376 Dei.

2021 1377 2221 1436 Deinde
2266 1386 2423 1454 paulo
2469 1399 2587 1458 post
2623 1411 2634 1444 :
2668 1392 2987 1466 Conversus,
3040 1377 3231 1472 inquit,
3273 1377 3479 1479 bfoyses
3510 1412 3597 1466 de-

2018 1474 2212 1527 scendit
2241 1475 2305 1530 de
2320 1490 2508 1544 monte,
2539 1492 2585 1534 et
2605 1483 2724 1536 dua:
2751 1486 2942 1542 tabulce
2971 1488 3190 1560 lapidea:
3213 1474 3418 1566 scripta:
3446 1513 3594 1553 utra-

2017 1577 2114 1629 que
2138 1574 2305 1633 parte,
2337 1567 2454 1620 hinc
2497 1579 2651 1640 atque
2688 1573 2809 1627 hinc
2850 1587 2999 1631 erant
3038 1581 3261 1651 scriptte,
3315 1594 3363 1637 et
3404 1587 3595 1643 tabula:

2018 1667 2146 1721 opus
2177 1652 2271 1707 Dei
2290 1666 2455 1710 erant.
2479 1658 2546 1712 Et
2574 1663 2831 1732 scriptura
2855 1666 2956 1720 Dei
2975 1679 3048 1723 est
3078 1672 3280 1742 sculpta
3304 1675 3356 1729 in
3379 1677 3590 1732 tabulis.

2017 1741 2248 1799 Proinde
2274 1760 2464 1816 magna
2488 1750 2661 1806 oritur
2682 1757 2928 1823 qutestio,
2957 1741 3224 1828 quomodo
3253 1764 3358 1821 illa:
3381 1767 3590 1834 tabulae,

2363 1804 2393 1816 ν
2607 1804 2612 1805 ,
2637 1804 2648 1806 ἡ
2689 1804 2928 1823 τημη,
2959 1804 3223 1828 ,μνηωυυ
3253 1804 3357 1821 ...ω
3381 1804 3590 1834 meum,

332 1804 512 1876 (Psal.
547 1809 736 1880 um).
770 1811 976 1868 Dehinc
1015 1813 1293 1887 Scriptura
1330 1821 1514 1876 eadem
1547 1826 1762 1894 repetit,
1798 1844 1916 1898 qum
1948 1815 1990 1872 Β
2018 1842 2302 1922 quas_erat
2332 1835 2540 1922 bloyses
2582 1840 2692 1922 Deo
2738 1844 2925 1914 utique
2973 1852 3288 1917 praesciente
3327 1855 3592 1922 facturus,

331 1897 390 1950 in
435 1899 706 1967 prioribus
733 1905 1147 1972 commendavit,
1181 1909 1281 1963 hoc
1309 1918 1413 1976 est,
1462 1912 1527 1967 de
1563 1915 1736 1969 tribus
1776 1897 1918 1973 festi-

330 1987 591 2043 vitatibus
616 1993 926 2062 prtecipuis,
955 2003 1008 2048 et
1034 1996 1100 2050 de
1121 1998 1602 2068 primogenitorum
1624 2005 1914 2076 oblatione,

329 2088 390 2132 et
413 2080 478 2133 de
500 2081 752 2148 primitiis
777 2082 1015 2154 frugum,
1043 2103 1268 2158 qumque
1296 2091 1350 2146 in
1375 2095 1738 2153 anterioribns
1761 2099 1914 2169 juxta

329 2181 549 2222 sensum
598 2169 817 2226 Patrum
855 2173 1096 2242 exposita
1127 2187 1272 2243 sunt,
1317 2195 1422 2234 non
1463 2187 1768 2240 necessario
1797 2203 1915 2244 cre-

326 2258 508 2312 dimus
535 2260 623 2314 hic
646 2263 822 2314 denuo
853 2262 1056 2317 iterari.
1095 2265 1162 2318 Et
1191 2277 1302 2321 erat
1346 2270 1417 2323 ibi
1455 2271 1662 2343 Moyses
1699 2277 1753 2329 in
1785 2294 1911 2332 con-

323 2357 505 2414 spectu
530 2347 742 2402 Domini
768 2352 1120 2424 quadraginta
1151 2357 1330 2413 diebus
1354 2372 1404 2414 et
1427 2363 1777 2434 quadraginta
1813 2385 1909 2422 no-

321 2436 512 2498 ctibus,
555 2455 743 2508 panem
781 2458 882 2496 non
915 2445 1271 2512 manducavit,
1313 2460 1361 2504 et
1403 2469 1594 2522 aquam
1634 2472 1736 2510 non
1765 2459 1907 2522 bibit,

319 2533 431 2579 etc.
457 2525 586 2592 Quae
606 2536 662 2582 et
681 2537 806 2583 ante
826 2530 1055 2597 dixerat,
1073 2537 1289 2602 quando
1313 2540 1522 2596 tabulas
1547 2545 1752 2614 accepit
1775 2561 1910 2616 quas

316 2612 503 2684 fregit.
543 2613 656 2670 Hoc
690 2617 853 2672 etiam
886 2621 1044 2676 modo
1087 2627 1301 2695 repetit,
1349 2645 1456 2684 ncn
1506 2612 1908 2704 recapitula‘ndo

317 2705 466 2774 quod
497 2705 695 2762 factum
727 2718 828 2774 est,
875 2713 970 2767 sed
1006 2714 1198 2770 iterum
1229 2722 1372 2788 quod
1410 2722 1608 2780 factum
1640 2737 1721 2782 est
1755 2744 1905 2785 com-

319 2797 602 2853 meudans.
652 2801 760 2872 (Ex
784 2803 1035 2878 Isidoro.)
1065 2807 1338 2879 Repetitio
1382 2817 1578 2887 quippe
1620 2819 1753 2892 legis
1792 2821 1904 2890 jam

315 2888 450 2956 quid
490 2892 755 2962 signiticet
797 2895 1053 2963 diximus,
1105 2900 1206 2955 hoc
1244 2914 1348 2970 est,
1380 2907 1574 2963 tabula:
1618 2888 1903 2984 imaginem

315 2978 765 3036 demonstrabant
809 2986 1003 3054 prisca:
1048 2988 1212 3061 legis,
1259 3009 1365 3048 non
1394 3005 1516 3064 post
1549 2998 1706 3068 longo
1728 2978 1905 3058 inter-

313 3068 460 3123 vallo
488 3070 665 3138 populi
709 3083 931 3142 peccato
958 3082 1240 3136 cessantis.
1288 3083 1419 3139 Aliae
1464 3103 1595 3144 vero
1619 3092 1686 3146 ad
1730 3093 1901 3150 instar

2018 1924 2124 1962 non
2162 1911 2393 1969 hominis
2422 1932 2556 1986 opus
2587 1911 2852 1977 dicantur
2878 1911 3020 1992 esse,
3071 1932 3165 1985 sed
3212 1933 3339 1999 Dei;
3390 1952 3490 1992 nec
3524 1939 3592 1992 ab

2019 1999 2236 2056 homine
2255 2004 2491 2074 scriptae,
2519 2011 2611 2063 scd
2641 2013 2905 2082 scriptura
2927 2018 3039 2082 Dei,
3069 2021 3233 2091 digito
3256 2025 3347 2080 Dei
3374 2041 3388 2079 :
3416 2041 3593 2096 postc-

2016 2088 2188 2146 riores
2219 2107 2348 2149 vero
2388 2097 2582 2153 tabulae
2619 2104 2802 2159 tandiu
2842 2122 3126 2176 mansurae,
3159 2124 3212 2169 et
3242 2115 3295 2171 in
3337 2120 3590 2174 taberna-

2015 2177 2135 2234 culo
2157 2195 2222 2236 ac
2253 2184 2449 2254 templo
2476 2187 2569 2242 Dei
2608 2189 2824 2258 futurte,
2856 2195 3079 2265 jubente
3102 2204 3317 2270 quidem
3348 2207 3475 2272 Deo,
3511 2219 3590 2263 ta-

2012 2283 2136 2323 men
2165 2271 2233 2325 ab
2265 2273 2483 2330 homine
2517 2280 2714 2335 excisae
2742 2284 2872 2348 sint,
2902 2287 2970 2342 ab
3005 2289 3222 2346 homine
3245 2296 3475 2366 scripta.
3506 2299 3588 2355 An

2013 2355 2151 2415 forte
2179 2362 2232 2416 in
2264 2363 2368 2419 illis
2395 2368 2668 2436 prioribus
2693 2375 2865 2443 gratia
2890 2377 2984 2432 Dei
3013 2355 3452 2450 signiﬁcabatur?
3472 2388 3587 2445 Non

2012 2448 2246 2506 hominis
2289 2467 2444 2523 opus,
2498 2472 2604 2526 quo
2649 2463 2820 2530 gratia
2853 2448 3221 2536 indigni—facti
3257 2483 3381 2528 sunt
3408 2492 3588 2532 rever-

2010 2547 2186 2596 tentes
2209 2545 2372 2599 corde
2398 2546 2448 2600 in
2479 2547 2790 2621 Egyptum,
2827 2563 2881 2610 ct
2909 2556 3168 2616 facientes
3202 2563 3418 2630 idolum,
3447 2571 3586 2624 unde

2007 2626 2100 2684 illo
2123 2631 2384 2690 beneﬁcio
2408 2639 2604 2706 privati
2631 2650 2777 2708 sunt,
2808 2653 2863 2700 et
2891 2659 3174 2720 propterea
3205 2626 3414 2726 Moyses
3440 2659 3587 2714 tabr-

2007 2716 2088 2772 las
2111 2718 2288 2794 fregit.
2319 2723 2442 2780 Istis
2480 2744 2606 2784 vero
2644 2733 2838 2790 tabulis
2865 2716 3255 2807 posterioribus
3288 2716 3584 2819 'signiﬁcati

2004 2817 2149 2872 sunt,
2196 2813 2287 2880 qui
2335 2815 2401 2870 de
2443 2819 2555 2874 suis
2600 2825 2852 2891 operibus
2895 2829 3211 2898 gloriantur.
3259 2813 3410 2893 Unde
3457 2841 3580 2894 dicit

2002 2896 2289 2968 Apostolus
2317 2918 2331 2956 :
2363 2905 2676 2976 Ignorantes
2704 2913 2800 2968 Dei
2824 2896 3114 2986 justitiam,
3145 2935 3192 2976 et
3227 2943 3377 2981 suam
3409 2929 3582 2984 volen-

2001 2995 2077 3040 tes
2105 2992 2437 3061 constituere,
2460 2998 2687 3066 justitiw
2726 3003 2823 3058 Dei
2860 3024 2961 3063 non
2994 3021 3113 3065 sunt
3155 3015 3371 3085 subjecti
3399 3019 3576 3090 (Rom.

2001 3077 2057 3148 x)
2089 3096 2102 3132 :
2130 3091 2184 3134 et
2211 3081 2331 3138 ideo
2367 3087 2561 3143 tabulae
2602 3091 2838 3150 humano
2874 3112 3037 3169 opere
3083 3077 3578 3174 conscriptas‘datte

2907 3154 2926 3169 ⁸
3017 3154 3028 3155 7
3092 3154 3260 3159 ““““”⁷’
3279 3154 3398 3174 ”Γ”νν
3440 3154 3576 3165 ““““”

312 3157 558 3226 priorum
603 3161 840 3218 iteratim
884 3165 1086 3234 incisae,
1120 3170 1249 3226 Novi
1287 3174 1614 3233 Testamenti
1661 3182 1898 3241 habuere
1925 3154 1970 3217 Ο
2001 3179 2292 3268 ξ’ίηινῆίίυπ
2319 3191 2441 3268 cum
2473 3179 2602 3249 ίΡείε
2635 3198 2939 3256 manerem:
2970 3192 3037 3246 ad
3079 3206 3172 3249 θοε
3200 3197 3576 3268 είῧηίθοθηάυε

313 3246 534 3268 τεῳ-,μ
583 3265 593 3268 Α
649 3253 662 3264 .
701 3262 712 3268 ,
986 3257 1007 3268 -

313 3246 595 3317 ﬁguram:
647 3253 766 3308 istm
821 3273 928 3311 non
980 3257 1322 3332 franguntur,
1379 3276 1438 3322 ut
1485 3272 1899 3331 ostenderentur

310 3338 450 3392 Novi
492 3340 822 3400 Testamenti
864 3349 1076 3420 eloquia
1105 3368 1477 3422 permansura.
1525 3362 1675 3420 Unde
1701 3374 1755 3421 et
1785 3383 1897 3424 me-

309 3427 422 3482 rito
467 3446 500 3483 χ
541 3433 721 3490 verbis
771 3436 993 3509 legenda
1038 3443 1390 3513 signiﬁcatur,
1422 3459 1481 3504 ut
1523 3469 1622 3523 per
1647 3458 1893 3514 eumdem

308 3535 598 3577 numerum
644 3524 814 3596 ﬁgura
857 3533 1036 3588 crucis
1079 3539 1492 3607 exprimeretur.
1538 3545 1706 3614 llujus
1749 3552 1892 3606 enim

311 3611 486 3665 forma
512 3614 567 3667 in
597 3617 757 3673 decas
795 3636 825 3674 ι
863 3621 1040 3679 littera
1069 3637 1170 3682 est.
1201 3629 1335 3687 Nam
1367 3651 1398 3688 ι
1431 3645 1577 3692 recto
1603 3655 1710 3695 uno
1739 3645 1892 3713 apice

308 3716 343 3755 a
375 3717 586 3758 summo
611 3705 667 3760 in
698 3707 864 3763 imum
891 3713 1126 3782 ducitur,
1156 3734 1369 3778 sursum
1413 3725 1519 3780 alio
1547 3743 1652 3782 non
1693 3732 1889 3801 dispari

303 3791 533 3848 tramite
552 3809 646 3862 per
669 3805 976 3857 transversa
997 3805 1337 3865 brachiorum
1359 3817 1718 3884 componitur.
1741 3821 1888 3878 Unde

301 3889 362 3936 et
393 3882 510 3951 ipse
549 3885 664 3939 ait:
700 3887 822 3942 Non
869 3893 986 3946 veni
1023 3894 1186 3965 legem
1221 3899 1434 3967 solvere,
1481 3882 1572 3957 sed
1605 3908 1888 3979 adimplere

305 3970 526 4039 (Matth.
579 3976 666 4047 v);
729 3979 915 4049 utique
967 3999 1065 4053 per
1111 3989 1416 4056 passionem
1472 3996 1682 4062 crucis,
1734 3999 1887 4068 cujus

297 4060 485 4130 imago
517 4063 612 4118 fuit
659 4067 711 4121 in
742 4070 956 4127 tabulis.
999 4074 1150 4141 Quod
1180 4087 1360 4134 autem
1395 4083 1508 4137 ait:
1552 4060 1749 4142 Panem
1782 4060 1884 4145 non

299 4154 659 4219 manducavit,
690 4167 739 4210 et
775 4176 966 4230 aquam
997 4180 1100 4218 non
1136 4166 1282 4234 bibit,
1327 4170 1644 4245 intelligitur
1674 4178 1884 4248 jejuna-

296 4238 398 4304 vit,
431 4256 461 4294 a
491 4253 646 4312 parte
674 4255 860 4313 totum,
907 4251 961 4307 id
987 4262 1090 4320 est,
1121 4260 1338 4316 nomine
1378 4266 1532 4331 panis
1564 4281 1778 4324 omnem
1805 4273 1882 4327 ci-

296 4330 449 4396 bum,
497 4344 553 4388 et
599 4339 816 4394 nomine
855 4357 1008 4412 aqua:
1053 4361 1266 4403 omnem
1305 4363 1511 4420 potum,
1542 4358 1880 4428 signiﬁcante

298 4417 603 4489 Scriptura.
632 4425 770 4493 Quid
799 4441 978 4487 autem
1022 4435 1124 4490 sibi
1160 4417 1323 4503 velit;
1337 4444 1479 4510 quod
1498 4417 1718 4517 ⁷Μοξδεεξῑ
1745 4467 1879 4520 qua-

293 4508 543 4578 draginta
583 4514 772 4573 diebus
804 4520 1151 4593 jejunaverit,
1193 4508 1612 4600 cujus—actionis.
1631 4508 1872 4606 quaedam

295 4596 464 4666 ﬁgura
495 4612 578 4655 est
621 4605 674 4658 in
721 4607 878 4678 hujus
904 4616 1111 4670 numeri
1141 4620 1568 4678 consideratione
1600 4643 1612 4678 :
1643 4628 1875 4694 quadra-

291 4693 513 4756 genario
541 4697 685 4750 enim
717 4715 940 4758 numero
965 4714 1020 4760 et
1049 4707 1257 4780 Moyses
1283 4721 1337 4766 et
1361 4714 1524 4782 Elias,
1549 4725 1602 4770 et
1625 4693 1740 4788 ipse
1769 4723 1871 4777 Do-

290 4777 473 4832 minus
508 4781 916 4857 jejunuvcrunt;
949 4777 1258 4866 praecipitur
1283 4802 1427 4857 enim
1466 4806 1621 4861 nobis
1661 4823 1726 4863 ex
1756 4811 1872 4883 lege

287 4871 344 4916 et
372 4869 667 4939 prephetis,
696 4884 751 4930 et
776 4877 829 4932 in
855 4880 970 4951 ipso
998 4885 1304 4957 Evangelio,
1337 4895 1478 4961 quod
1502 4869 1865 4957 testimonium

287 4953 452 5009 habet
479 4973 510 5011 a
541 4959 654 5031 lege
675 4975 728 5019 et
754 4971 1046 5039 prophetis.
1078 4953 1228 5034 Uti-tle
1250 4953 1412 5037 etiam
1439 4985 1492 5038 in
1514 4998 1694 5044 monte
1725 4992 1867 5048 inter

285 5053 574 5117 utramque
600 5069 884 5122 personam
934 5066 1143 5123 medius
1173 5069 1420 5128 Salvator
1458 5077 1673 5145 effulsit,
1713 5091 1770 5136 ut
1795 5084 1863 5139 ab

282 5138 540 5194 omnibus
579 5149 758 5201 mundi
798 5151 1068 5212 illecebris
1111 5161 1418 5220 aviditatem
1461 5179 1698 5224 nostram
1739 5182 1860 5228 tan-

281 5241 447 5292 quam
467 5230 670 5299 jejunio
702 5247 1068 5311 temperantia:
1094 5249 1447 5322 refrenemus,
1478 5262 1713 5328 quandiu
1742 5279 1862 5333 per-

279 5315 448 5373 fectio
471 5324 705 5398 decalogi
729 5331 864 5402 legis
887 5352 982 5405 per
1010 5350 1239 5409 quatuor
1259 5315 1703 5414 ejusdem-mundi
1734 5315 1858 5424 par-

279 5411 385 5512 ies,
432 5408 482 5462 id
512 5423 614 5478 est,
662 5425 773 5473 toto
812 5424 943 5478 orbe
979 5408 1318 5498 przedicatur,
1353 5445 1412 5490 ut
1449 5438 1632 5494 decem
1664 5408 1857 5512 quater

979 5489 995 5494 _
1306 5489 1317 5498 ι
1455 5489 1631 5494 τή--ν---
1666 5489 1847 5512 *ν’-ην·

273 5489 463 5559 ducta,
491 5503 978 5576 quadragenarium
1011 5533 1289 5574 numerum
1311 5524 1540 5594 signent.
1569 5528 1635 5582 Et
1669 5535 1854 5604 scripsi

1359 5584 1389 5594 ν
1675 5584 1684 5585 ,
1760 5584 1850 5604 τ--

275 5584 332 5637 in
370 5590 564 5644 tabulis
587 5598 736 5651 verba
777 5601 1092 5661 Testamenti
1115 5611 1324 5678 decem;
1352 5617 1417 5670 de
1447 5618 1624 5689 Moyse
1650 5622 1850 5680 dictum

273 5687 376 5743 est,
408 5685 551 5753 quod
582 5687 693 5756 ipse
731 5695 1026 5766 scripserit.
1056 5700 1150 5756 Cui
1183 5707 1346 5761 etiam
1376 5705 1513 5764 Deus
1532 5685 1698 5782 paulo
1727 5727 1850 5772 ante

1996 3257 2064 3314 de
2087 3261 2200 3316 suis
2224 3267 2474 3333 operibus
2505 3271 2848 3343 gloriaturas,
2879 3294 2986 3334 non
3029 3281 3094 3338 de
3133 3257 3299 3356 digito
3328 3287 3442 3356 Dei,
3473 3291 3576 3347 hoc

1994 3351 2165 3406 estde
2189 3352 2390 3424 Spiritu
2420 3358 2534 3414 Dei.

2065 3442 2223 3500 Certe
2265 3462 2393 3518 ergo
2439 3455 2684 3522 repetitio
2720 3456 2855 3530 legis
2908 3461 3115 3520 Novum
3165 3469 3569 3531 Testamentum

1994 3533 2262 3604 signiﬁcat
2289 3556 2302 3591 :
2337 3540 2463 3596 illud
2485 3553 2665 3600 autem
2688 3549 2855 3606 Vetus
2879 3553 3237 3624 signiﬁcabat.
3264 3560 3417 3618 Unde
3442 3581 3570 3620 con-

1993 3622 2223 3680 fractum
2250 3637 2306 3682 ct
2330 3631 2588 3687 abolitum
2617 3645 2722 3703 est,
2756 3642 2990 3699 maxime
3033 3648 3285 3714 quoniam
3317 3668 3438 3707 cum
3477 3671 3567 3711 sc-

1993 3715 2169 3769 cundo
2211 3717 2295 3770 lex
2325 3720 2500 3786 datur,
2547 3724 2692 3780 nullo
2731 3736 2935 3786 terrore
2975 3735 3154 3800 datur,
3193 3740 3335 3795 sicut
3374 3745 3460 3798 illa
3511 3749 3564 3805 in

1991 3812 2140 3860 tanto
2185 3810 2409 3879 strepitu
2453 3811 2676 3882 ignium,
2729 3819 2950 3874 nubium
2989 3831 3044 3878 et
3094 3828 3361 3885 tubarum.
3416 3832 3564 3890 Unde

1989 3897 2323 3966 tremefactus
2344 3902 2566 3971 populus
2587 3905 2718 3960 dixit
2742 3925 2760 3962 :
2777 3907 2898 3964 Non
2925 3911 3169 3984 loquatur
3185 3917 3328 3975 Deus
3351 3925 3420 3977 ad
3446 3942 3560 3992 nos,

1988 3999 2050 4038 ne
2079 3988 2387 4044 moriamur.
2429 3991 2576 4048 Unde
2605 3996 2943 4068 signiﬁcatur
2978 4004 3138 4061 timor
3175 4009 3229 4065 in
3260 4011 3437 4069 Veteri
3467 3988 3563 4072 Te-

1986 4087 2274 4142 stamcnto.
2333 4083 2386 4138 in
2441 4085 2590 4143 Novo
2645 4091 2877 4148 dilectio.
2929 4095 3207 4163 Quomodo
3242 4103 3404 4174 igitur
3446 4109 3560 4164 hzec

1985 4169 2211 4224 solvitur
2235 4176 2484 4242 qutcstio,
2515 4193 2681 4246 quare
2709 4183 2811 4237 illa:
2848 4201 2983 4255 opus
3011 4189 3130 4255 Dei,
3160 4169 3288 4247 isne
3301 4211 3437 4264 opus
3463 4199 3558 4251 ho-

1984 4263 2178 4318 minis?
2205 4273 2260 4320 et
2284 4266 2386 4322 illa:
2414 4273 2732 4340 conscriptze
2755 4270 2920 4346 digito
2952 4282 3067 4346 Dei,
3100 4285 3216 4338 ista:
3244 4263 3458 4358 scripta:
3487 4293 3556 4347 ab
3656 4291 3661 4297 ’

1982 4355 2234 4409 homine?
2266 4358 2346 4411 An
2377 4360 2515 4415 forte
2543 4363 2662 4417 ideo
2689 4369 2858 4435 magis
2885 4369 2989 4424 illis
3015 4373 3286 4440 prioribus
3313 4355 3465 4435 vetus
3491 4383 3557 4436 si-

1981 4444 2288 4514 gniﬁcatum
2317 4459 2397 4502 est
2429 4450 2851 4522 Testamentum,
2884 4461 3024 4527 quod
3054 4462 3192 4518 Deus
3221 4466 3322 4522 sibi
3351 4484 3554 4538 prtcce-

1978 4534 2073 4603 pit,
2099 4535 2194 4589 sed
2229 4536 2388 4593 homo
2426 4556 2531 4595 non
2560 4540 2720 4598 fecit?
2742 4545 2852 4600 Lex
2883 4550 3026 4604 enim
3055 4555 3226 4622 posita
3255 4565 3338 4613 est
3351 4534 3419 4613 in
3451 4562 3552 4616 Vc-

1981 4627 2081 4680 teri
2134 4627 2499 4698 Testamenzo,
2541 4649 2660 4704 qua:
2709 4640 3050 4696 convinceret
3103 4653 3546 4718 transgressores,

1976 4732 2097 4785 qua:
2139 4720 2460 4776 subintravit
2493 4733 2550 4778 ut
2584 4726 2883 4784 abundaret
2923 4731 3193 4789 delictum.
3243 4738 3358 4793 Non
3403 4745 3546 4798 enim

1977 4806 2299 4876 implebatur
2324 4811 2535 4878 timore,
2563 4829 2682 4883 quae
2709 4833 2814 4872 non
2846 4820 3096 4889 impletur
3125 4827 3225 4880 nisi
3256 4829 3542 4889 cbaritatc.

1973 4896 2039 4950 Et
2063 4897 2182 4952 ideo
2204 4898 2402 4954 dicitur
2420 4916 2554 4971 opus
2583 4905 2698 4972 Dei,
2731 4908 2855 4977 quia
2881 4909 3022 4966 Deus
3044 4912 3213 4982 legem
3241 4921 3541 4977 constituit.

1971 4989 2112 5046 Deus
2153 4996 2473 5065 conscripsit
2519 4999 2720 5055 nullum
2775 5018 2910 5073 opus
2955 5007 3188 5067 hominis
3215 5033 3225 5065 :
3255 5016 3345 5083 qui
3382 5017 3543 5072 homo

1968 5079 2077 5134 Deo
2105 5097 2210 5137 non
2240 5084 2646 5156 obtemperavit,
2671 5100 2726 5146 et
2751 5109 2872 5149 cum
2895 5100 3072 5165 potius
3102 5119 3249 5158 reum
3273 5107 3356 5161 lex
3389 5109 3534 5164 fecit.

1961 5169 2019 5224 in
2053 5175 2301 5230 secundis
2329 5186 2506 5233 autem
2539 5182 2731 5238 tabulis
2777 5187 2936 5242 homo
2966 5207 3062 5260 per
3089 5195 3408 5263 adjutorium
3442 5203 3534 5257 Dei

1963 5263 2174 5319 tabulas
2199 5264 2329 5322 fecit
2346 5279 2507 5340 atque
2532 5278 2874 5348 conscripsit,
2897 5285 3021 5352 quia
3047 5287 3178 5343 Novi
3205 5291 3531 5346 Testamcnti

1960 5354 2200 5412 charitas
2224 5358 2396 5429 legem
2426 5362 2572 5419 facit.
2604 5366 2756 5424 Unde
2784 5372 2914 5428 dicit
2945 5375 3200 5436 Dominus
3227 5402 3238 5434 :
3272 5383 3383 5437 Non
3411 5387 3530 5438 veni

1956 5446 2126 5517 legem
2151 5449 2378 5518 solvere,
2405 5457 2499 5510 sed
2520 5457 2831 5540 adimplere.
2863 5465 3192 5525 Dicitautcm
3213 5472 3524 5540 Apostolus:

1959 5533 2238 5593 Plenitudo
2266 5543 2391 5611 legis
2431 5547 2679 5614 Charitas,
2719 5538 2766 5606 el
2791 5555 2920 5621 ﬁdes
2946 5575 3062 5627 qua:
3087 5578 3178 5629 per
3203 5533 3529 5619 dilectionem

1954 5641 2197 5698 operatur
2220 5633 2396 5702 (Rom.
2429 5638 2567 5709 xm).
2595 5641 2816 5700 Factum
2839 5660 2916 5703 cst
2939 5651 3114 5718 itaque
3144 5653 3343 5707 homini
3374 5656 3528 5712 facile

1953 5720 2004 5772 in
2050 5719 2198 5777 Novo
2251 5723 2613 5796 Testamento,
2666 5736 2807 5802 quod
2855 5739 2909 5791 in
2944 5739 3117 5794 Veteri
3162 5742 3370 5802 dillicile
3405 5748 3523 5816 fuit,
