3954 6176
382 338 487 395 9.39

1041 326 1099 379 Β.
1145 322 1399 380 [MBAN]
1439 318 1657 376 MAURI
1695 315 2013 373 ARCHIEP.
2060 311 2370 371 MOGUNT.
2413 308 2700 368 OPERUM
2738 306 2919 365 PARS
2950 307 2992 377 1.

3559 307 3666 363 ῑιο

383 449 603 509 habenti
633 445 819 508 ﬁdem,
850 455 968 511 quae
1004 456 1104 510 per
1140 437 1484 493 dilectionem
1514 442 1789 505 operatur,
1822 440 1985 502 atque
2015 433 2059 508 Α
2090 427 2274 499 xxxv).
2293 426 2439 491 Haec,
2456 424 2650 495 inquit,
2673 423 2838 477 verba
2856 435 2976 491 qum
2996 418 3132 474 dixit
3151 417 3413 474 Dominus
3433 416 3673 484 ﬁeri,vel

383 541 473 595 illo
489 537 658 608 digito
678 532 796 598 Dei,
820 510 923 585 hoc
945 537 1051 594 cst,
1076 527 1281 597 Spiritu
1306 525 1400 579 Dei
1423 525 1570 579 intus
1593 538 1714 578 eam
1740 521 1792 575 in
1814 519 1978 575 corde
2078 520 2235 589 juxta
2274 517 2433 571 aliam
2481 514 2796 577 editionem,
2845 528 2966 582 qua:
2999 511 3137 566 dixit
3186 510 3447 566 Dominus
3491 510 3679 568 facere

384 630 681 691 scribente,
736 638 840 677 non
892 620 1023 676 foris
1058 622 1113 673 in
1145 617 1341 686 lapide.
1397 614 1550 670 Unde
1585 612 1718 667 dicit
1749 610 1980 680 Aposto-

386 720 509 772 lus:
546 713 669 768 Non
711 712 768 765 in
811 708 1004 764 tabulis
1049 706 1291 777 lapideis,
1333 703 1423 758 sed
1476 703 1533 756 in
1565 699 1761 755 tabulis
1808 697 1980 752 cordis

387 802 710 868 carnalibus,
739 799 999 872 quoniam
1040 796 1272 851 charitas
1314 793 1412 847 Dei
1448 778 1628 864 (Rom.
1651 789 1729 861 ν),
1757 802 1863 858 qua
1890 800 1983 841 ve-

390 898 588 951 raciter
633 890 886 960 impletur
910 893 1273 959 praeceptum,
1315 879 1513 953 diﬂ'usa
1552 882 1711 936 estin
1738 877 1982 933 cordibus

392 983 581 1038 nostris
609 999 703 1053 per
726 979 980 1051 Spiritum
1001 985 1262 1040 sanctum,
1294 973 1382 1045 qui
1419 973 1578 1025 datus
1604 979 1679 1024 est
1707 968 1875 1023 nobis.

464 1075 589 1129 [hec
607 1082 690 1128 est
718 1085 847 1141 ergo
879 1068 1056 1140 prima
1102 1066 1225 1122 data
1253 1066 1359 1129 lex,
1395 1064 1485 1119 ubi
1527 1060 1865 1133 signiﬁcatur
1888 1059 1986 1112 γε-

397 1176 482 1219 tus
511 1164 941 1224 Testamentum,
971 1173 1092 1228 quae
1111 1164 1195 1210 est
1219 1169 1355 1225 opus
1393 1149 1760 1208 tantummodo
1786 1146 1905 1211 Dei,
1934 1154 1990 1201 ct

396 1252 723 1322 ronscriptio
773 1248 922 1320 digiti
970 1246 1085 1310 Dei,
1125 1259 1246 1314 quae
1273 1242 1564 1312 Apostolus
1601 1239 1773 1295 dicit:
1805 1236 1989 1307 Itaque

382 1344 481 1398 71ers
505 1341 713 1414 quidem
740 1347 945 1401 sancta,
972 1348 1019 1389 et
1048 1334 1353 1388 mandatum
1385 1340 1648 1397 sanctum,
1689 1337 1734 1383 et
1758 1327 1986 1398 justum,

380 1445 444 1487 ct
475 1434 686 1487 bonum.
719 1429 831 1482 Lex
857 1442 985 1496 ergo
1007 1434 1192 1480 saneta
1220 1433 1273 1479 et
1303 1424 1444 1477 bona
1474 1422 1568 1476 Dei
1594 1435 1730 1493 opus
1762 1426 1867 1483 est,
1897 1417 1990 1471 ubi

402 1527 563 1577 homo
607 1518 743 1573 nihil
791 1517 921 1588 agit,
965 1517 1094 1585 quia
1139 1530 1246 1569 non
1290 1514 1650 1583 obtemperat,
1699 1509 1793 1564 sed
1837 1515 1989 1563 reatu

401 1614 579 1683 potius
606 1610 893 1681 premitur,
920 1607 1036 1679 lege
1065 1607 1306 1661 minante
1333 1613 1494 1674 atque
1520 1606 1832 1658 damnante.
1863 1600 1993 1654 Pec-

396 1718 576 1761 catum
606 1705 764 1770 enim,
812 1702 1008 1772 inquit,
1051 1711 1105 1754 ut
1138 1708 1386 1771 appareat
1432 1705 1701 1771 peccatum
1724 1711 1743 1750 :
1772 1711 1864 1765 per
1901 1694 1994 1746 bo-

2083 624 2163 672 ea,
2195 608 2443 679 ambigue
2489 606 2724 676 positum
2765 611 2869 668 est,
2898 612 3080 657 utrum
3112 600 3294 657 facere
3320 616 3386 657 ea
3425 603 3541 673 ipse
3572 604 3681 659 Do—

2086 700 2264 754 minus
2292 715 2360 753 an
2386 698 2481 752 illi.
2507 695 2614 752 Sed
2652 696 2838 766 utique
2876 693 3223 749 manifestum
3249 703 3335 748 est
3361 697 3506 765 quod
3532 695 3682 753 illius

2086 790 2229 846 sint:
2262 789 2460 860 quippe
2484 788 2596 854 illa,
2623 802 2742 857 qua:
2758 785 2966 841 ﬁerent.
2994 785 3102 841 Sed
3128 785 3268 840 forte
3288 786 3411 841 ideo
3425 788 3508 842 sic
3529 788 3681 857 posi-

2086 890 2200 937 tum
2221 891 2321 946 est,
2348 891 2408 936 nt
2421 896 2488 935 ex
2513 889 2743 951 utroque
2762 879 3083 948 accipiatur,
3099 878 3225 947 quia
3242 878 3507 935 Dominus
3529 879 3681 945 facit,

2088 992 2211 1033 cum
2235 975 2496 1031 facientes
2513 972 2733 1043 adjuvat
2755 970 3050 1027 secundum
3074 970 3203 1025 illud
3222 970 3501 1039 Apostoli:
3526 970 3597 1024 In
3621 972 3688 1025 ti-

2089 1082 2234 1120 more
2264 1074 2311 1120 et
2341 1072 2566 1119 tremore
2599 1072 2823 1116 vestram
2864 1062 3096 1131 ipsorum
3131 1058 3354 1114 salutem
3393 1062 3686 1130 aperamini

2092 1154 2312 1226 (Philip.
2332 1153 2416 1226 ιι).
2433 1152 2692 1208 Dominus
2709 1150 2855 1206 enim
2878 1158 2962 1204 est
2983 1150 3075 1219 qui
3096 1150 3420 1220 Operaturin
3435 1151 3616 1216 nobis,
3631 1160 3689 1205 et

2092 1247 2250 1312 velle,
2272 1254 2329 1302 et
2356 1244 2586 1317 operari,
2610 1257 2710 1313 pro
2732 1243 2871 1297 bona
2886 1240 3180 1295 voluntate.
3200 1239 3307 1294 Sea;
3323 1240 3506 1294 diebus
3528 1240 3693 1309 facie-

2093 1341 2159 1393 tis
2194 1353 2322 1408 opus
2362 1349 2380 1388 :
2416 1334 2667 1405 septimus
2693 1332 2803 1385 dies
2840 1330 2937 1385 erit
2971 1329 3113 1383 vobis
3139 1339 3376 1394 sanctus,
3410 1329 3690 1382 sabbatum

2092 1439 2140 1483 et
2181 1430 2381 1499 requies
2416 1423 2651 1479 Domini.
2686 1423 3049 1490 Posteaquam
3084 1420 3361 1475 descendit
3388 1419 3599 1490 Moyses
3623 1420 3692 1473 de

2094 1527 2298 1584 monte,
2313 1532 2478 1588 opera
2500 1512 2947 1571 commendantur
2975 1509 3306 1565 tabernaculi
3325 1509 3691 1564 construenda

2096 1623 2151 1669 et
2177 1612 2343 1668 vestis
2378 1607 2748 1667 sacerdotalis.
2782 1606 2859 1660 De
2890 1604 3086 1675 quibus
3112 1603 3372 1659 faciendis
3398 1610 3693 1672 antequam

2100 1705 2302 1775 aliquid
2322 1701 2663 1774 praeciperet,
2691 1699 2903 1753 locutus
2919 1704 3004 1751 est
3025 1696 3092 1750 ad
3113 1695 3369 1765 populum
3392 1694 3463 1748 de
3480 1694 3695 1748 sabbati

406 1819 527 1855 nam
562 1799 691 1854 ηιίΙιὶ
724 1807 996 1869 operatum
1024 1807 1096 1849 €8l
1126 1804 1366 1847 mortem.
1398 1792 1599 1845 Beatus
1622 1796 1802 1842 autem
1833 1786 1996 1840 homo
2026 1806 2073 1866 B
2101 1794 2499 1854 observaliune.
2668 1805 2774 1844 non
2816 1787 3087 1842 immerito
3120 1794 3322 1849 movet,
3350 1800 3473 1839 cum
3506 1784 3699 1838 decem

405 1903 510 1957 est,
539 1907 663 1947 cum
689 1892 793 1945 hoc
839 1888 1153 1943 mandatum
1197 1893 1445 1940 sanetum
1485 1890 1539 1936 et
1571 1880 1798 1952 justum,
1825 1874 1878 1932 et
1902 1877 1997 1930 bo-

397 2001 537 2038 num
565 1993 652 2038 est
680 1983 842 2036 etiam
867 1996 1001 2050 opus
1026 1964 1162 2047 ejus,
1190 1978 1283 2032 sed
1307 1992 1403 2047 per
1423 1974 1651 2045 gratiam
1681 1969 1799 2025 Dci.

1002 2130 1227 2187 CAPUT
1268 2128 1409 2183 XXI.

410 2273 487 2327 οε
510 2271 845 2327 descensione
883 2266 1054 2336 Moysi
1089 2264 1154 2336 de
1191 2270 1389 2336 monte,
1426 2259 1578 2336 cujus
1604 2255 1791 2327 faciem
1815 2267 2006 2336 cornu-

456 2354 588 2395 ,tam
617 2343 729 2395 sine
758 2330 1008 2394 velamine
1054 2335 1151 2404 [iiii
1183 2330 1373 2404 Israel
1397 2330 1567 2404 uidere
1608 2343 1714 2404 non
1744 2330 2004 2404 poterant,

462 2394 569 2481 αφά
592 2413 663 2464 cis
689 2394 927 2479 exposuit
970 2394 1181 2460 verbum
1223 2400 1471 2462 Domini;
1502 2408 1548 2451 et
1586 2397 1648 2450 de
1688 2394 1893 2449 sabbati
1918 2408 2009 2445 cu-

486 2483 683 2534 stadia.

465 2590 725 2660 'Cuntque
753 2585 1083 2641 descenderet
1114 2580 1320 2651 Moyses
1359 2580 1423 2634 de
1453 2577 1632 2632 Monte
1667 2572 1839 2640 Sinai,
1879 2582 2012 2626 tene-

414 2674 505 2738 bat
535 2683 668 2736 duas
696 2678 906 2734 tabulas
933 2674 1237 2738 testimonii,
1260 2683 1308 2726 et
1330 2668 1606 2742 ignorabat
1632 2665 1772 2738 quod
1794 2672 2014 2718 cornuta

419 2785 548 2831 esset
583 2774 744 2845 facies
783 2788 881 2825 sua
925 2785 989 2824 ea:
1029 2765 1292 2822 consortio
1337 2762 1591 2818 sermonis
1615 2759 1733 2814 Dei.
1776 2756 2014 2812 Videntes

418 2873 593 2917 (intem
635 2861 813 2914 Aaron
852 2868 900 2912 et
934 2855 1046 2926 ﬁlii
1107 2854 1221 2924 ejus
1261 2860 1536 2907 cornutam
1588 2848 1762 2919 Moysi
1803 2847 2012 2917 faciem,

419 2956 705 3008 timuerunt
728 2966 885 3021 prope
910 2947 1176 3011 accedere,
1200 2944 1471 3015 vocatique
1491 2941 1555 2997 ab
1578 2957 1639 2996 eo
1662 2939 1851 2995 reversi
1872 2946 2014 3003 sunt,

421 3061 532 3103 tam
580 3048 757 3102 Aaron
788 3060 945 3116 quam
978 3040 1251 3112 principes
1299 3052 1596 3108 synagogw.
1647 3033 1717 3088 Et
1745 3041 2018 3102 postquam

2098 1890 2263 1946 verba
2280 1887 2422 1957 legis
2445 1883 2719 1954 acceperit
2748 1881 2800 1935 in
2832 1878 3027 1935 tabulis
3056 1878 3285 1949 lapideis
3310 1877 3533 1939 iterum,
3561 1891 3702 1945 quas

2102 1985 2216 2052 ipse
2245 1978 2468 2042 excidit,
2507 1976 2622 2045 ipse
2648 1971 2991 2042 conscripsit,
3023 1984 3192 2039 quare
3225 1970 3292 2023 de
3327 1968 3443 2024 solo
3470 1968 3703 2022 sabl-ato

2102 2079 2455 2144 posteaquam
2484 2064 2786 2129 descendit,
2824 2061 3080 2134 populum
3118 2059 3431 2114 admonuit?
3458 2057 3518 2112 Si
3552 2057 3705 2112 enim

2102 2172 2388 2235 propterea
2417 2157 2604 2213 decem
2629 2162 2898 2227 princepta
2937 2152 3095 2223 legis,
3141 2148 3475 2220 superfluum
3509 2147 3615 2201 fuit
3642 2158 3706 2201 ut

2104 2249 2334 2323 populus
2363 2248 2560 2302 iterum
2589 2245 2823 2309 audiret,
2868 2257 2968 2296 cur
2994 2257 3101 2296 non
3127 2241 3228 2294 fuit
3253 2236 3610 2310 superﬂuum,
3643 2244 3709 2290 ut

2108 2343 2175 2399 de
2209 2339 2435 2397 sabbato
2463 2340 2639 2393 denuo
2664 2335 2909 2390 audiret?
2933 2333 3042 2389 Cur
3064 2341 3118 2390 et
3140 2332 3320 2388 hocin
3340 2330 3546 2387 eisdem
3570 2345 3712 2400 pra:-

2109 2432 2281 2502 ceptis
2319 2448 2353 2485 x
2391 2429 2636 2502 legatur?
2672 2427 2755 2481 An
2795 2434 2849 2480 et
2887 2426 2991 2481 hoc
3032 2424 3210 2480 simile
3250 2431 3335 2479 est
3376 2404 3709 2482 velamento,

2111 2537 2220 2593 quo
2245 2520 2439 2575 faciem
2462 2520 2687 2583 obtexit,
2722 2517 2848 2587 quia
2878 2516 3217 2586 Splendorcm
3247 2514 3428 2569 vultus
3461 2513 3581 2585 ejus
3611 2511 3713 2567 ﬁlii

2111 2610 2280 2669 lsrael
2302 2625 2409 2665 non
2434 2617 2687 2681 poterant
2707 2606 2940 2661 intueri?
2969 2604 3102 2659 Nam
3129 2620 3197 2660 ex
3227 2622 3263 2659 ι
3292 2604 3584 2674 przeccptis
3600 2602 3715 2657 hoc

2114 2706 2285 2762 solum
2315 2703 2512 2775 populo
2537 2702 2813 2773 praecepit,
2841 2699 2985 2769 quod
3014 2697 3241 2769 ﬁgurate
3270 2695 3342 2750 ibi
3369 2696 3573 2750 dictum
3597 2701 3708 2749 est.

2114 2798 2234 2853 Alia
2264 2796 2462 2866 quippe
2496 2810 2547 2847 ιχ
2573 2801 2758 2848 sancta
2802 2796 3073 2860 praecepta
3118 2787 3304 2851 etiam,
3347 2785 3403 2840 in
3425 2784 3577 2841 Novo
3603 2783 3716 2839 Te-

2116 2899 2385 2949 stamento
2415 2883 2773 2949 observanda,
2812 2881 3037 2937 minime
3076 2879 3404 2936 dubitamus.
3430 2876 3567 2932 Illud
3610 2893 3717 2931 au-

2117 2992 2228 3038 tem
2258 2995 2423 3036 unum
2454 2979 2522 3033 de
2554 2977 2782 3032 sabbato
2813 2989 2986 3043 usque
3015 2972 3152 3027 ad.o
3190 2969 3421 3041 ﬁgurata
3470 2969 3577 3023 diei
3624 2984 3720 3023 se-

2116 3073 2273 3145 ptimi
2310 3070 2686 3127 observatione
2732 3067 2873 3138 apud
2912 3064 3184 3121 lsraelitas
3224 3063 3458 3118 velatum
3490 3061 3613 3125 fuit,
3655 3071 3724 3115 et

421 3143 628 3197 locutus
663 3147 760 3202 est,
788 3144 1036 3190 venerunt
1064 3131 1130 3185 ad
1165 3146 1282 3185 eum
1312 3129 1471 3183 etiam
1498 3141 1675 3180 omnes
1698 3122 1798 3191 ﬁlii
1824 3119 2015 3184 Israel,
2046 3159 2091 3221 ρ
2314 3119 2460 3191 ’ἿΪ
2485 3119 2682 3124 ’““”’”
2736 3119 2871 3138 “"—
2914 3119 2955 3121 "
3599 3119 3609 3125 '

504 3230 533 3233 ν-
861 3225 872 3233 ,
1082 3231 1089 3233 ξ
1424 3217 1456 3233 ,.
1478 3232 1481 3233 γ
1507 3232 1515 3233 ί
1555 3226 1570 3233 ,
1630 3232 1645 3233 η
1712 3211 1925 3233 nm,“
1966 3211 2018 3233 ,u
2124 3180 2181 3217 ιιι
2208 3169 2403 3233 mystet
2417 3175 2469 3215 ιο
2489 3166 2840 3229 praeceptum,
2866 3165 2922 3212 et
2950 3156 3182 3226 quodam
3212 3162 3553 3209 sacramento
3578 3151 3725 3222 ﬁgu-

423 3230 611 3302 quibus
650 3225 893 3297 pra’cepit
940 3231 1127 3276 cuncta
1171 3235 1288 3289 quw
1330 3217 1570 3271 audierat
1615 3232 1648 3268 a
1701 3211 1928 3266 Domino
1965 3211 2022 3263 in

427 3298 603 3374 monte
641 3313 816 3369 Sinni.
850 3309 1187 3380 Impletisque
1219 3303 1545 3360 sermonibus
1580 3302 1754 3374 posuit
1791 3298 2025 3353 velamen

429 3423 587 3478 super
616 3404 803 3476 faciem
842 3418 995 3456 suam
1029 3399 1164 3470 :qui
1206 3399 1469 3468 ingressus
1507 3403 1582 3448 est
1613 3392 1680 3446 ad
1715 3390 2023 3453 Dominum,

429 3512 478 3556 et
503 3500 719 3569 loquens
755 3511 875 3549 cum
914 3510 994 3560 eo,
1025 3490 1295 3563 auferebat
1322 3488 1486 3542 donec
1511 3487 1698 3549 exiret,
1721 3492 1767 3548 et
1792 3491 1915 3535 tunc
1943 3479 2025 3534 lo-

430 3592 690 3667 quebatur
744 3588 813 3642 ad
860 3586 999 3658 filios
1048 3582 1219 3639 Israel
1262 3581 1439 3636 omnia
1497 3594 1615 3650 qua:
1664 3576 1763 3631 sibi
1819 3574 2026 3644 fuerant

431 3686 710 3757 imperata.
746 3679 849 3746 Qui
885 3678 1123 3734 videbant
1161 3676 1351 3746 faciem
1381 3670 1691 3745 egredientis
1720 3666 1895 3738 Moysi
1920 3680 2028 3719 esse

432 3785 744 3838 cornutum,
791 3770 881 3827 sed
930 3768 1189 3840 operiebat
1243 3781 1426 3819 rursus
1480 3761 1569 3816 ille
1621 3760 1811 3831 faciem
1854 3771 2028 3821 suam,

436 3865 649 3938 quando
676 3863 985 3935 loquebatur
1019 3860 1086 3914 ad
1117 3875 1203 3913 eos
1231 3855 1429 3928 (Exod.
1463 3853 1669 3921 xxxnv).

513 3977 666 4046 Quod
696 3992 824 4031 vero
853 3972 1213 4029 descendente
1241 3968 1415 4024 denuo
1442 3965 1627 4035 Moyse
1655 3976 1777 4016 cum
1813 3958 2031 4022 tabulis,

438 4071 611 4126 facies
639 4068 756 4138 ejus
797 4062 1099 4136 gloriﬁcata
1148 4060 1380 4122 videtur,
1430 4055 1524 4111 sed
1555 4064 1732 4109 tamen
1768 4049 2035 4105 velamine

442 4162 662 4232 tegitur,
706 4157 811 4211 hoc
859 4151 1203 4225 signiﬁcabat
1245 4158 1305 4203 ut
1346 4146 1652 4202 ostenderet
1686 4142 1932 4199 eamdem
1962 4139 2037 4195 leo

441 4268 562 4323 gem
614 4248 845 4320 mystico
897 4242 1020 4299 esse
1069 4240 1334 4298 velamine
1375 4242 1685 4308 coopertam
1730 4241 2037 4301 tectamque

444 4342 753 4398 inﬁdelibus
799 4346 854 4393 et
903 4335 1193 4392 occultam.
1245 4332 1438 4388 Sermo
1476 4330 1674 4400 quippe
1707 4325 1842 4396 legis
1877 4323 2040 4379 habet

444 4435 684 4489 scientiae
737 4431 984 4502 gloriam,
1033 4429 1127 4483 sed
1184 4434 1470 4481 secretam.
1513 4421 1688 4477 Habet
1734 4427 1790 4474 et
1835 4431 2036 4473 cornua

2124 3259 2367 3323 rebatur,
2396 3265 2456 3310 ut
2484 3255 2644 3311 hodie
2671 3270 2701 3309 a
2726 3254 2883 3309 nobis
2909 3268 3015 3307 non
3043 3251 3381 3308 observetur.
3408 3249 3514 3304 Sed
3535 3250 3724 3306 solum

2124 3365 2246 3421 qua:
2268 3347 2608 3420 signiﬁcabat
2634 3348 2959 3401 intueamur.
2987 3345 3044 3399 ln
3076 3344 3165 3399 illa
3205 3352 3385 3399 autem
3415 3342 3601 3412 requie
3624 3342 3727 3398 ubi

2125 3455 2288 3514 opera
2320 3439 2537 3496 servilia
2572 3437 2835 3508 jubentur
2872 3451 3107 3502 cessare,
3152 3449 3343 3506 magna
3372 3442 3454 3489 est
3488 3433 3729 3490 altitudo

2127 3533 2315 3604 gratiae
2336 3530 2453 3585 Dei.
2486 3528 2639 3583 Tunc
2669 3528 2811 3582 enim
2842 3526 2978 3580 ﬁunt
2999 3541 3120 3580 enm
3150 3523 3334 3595 requie
3362 3536 3527 3593 opera
3551 3522 3727 3586 bona,

2127 3639 2252 3680 cum
2299 3621 2433 3677 ﬁdes
2468 3634 2568 3689 per
2604 3618 2944 3674 dilectionem
2990 3623 3264 3686 operatur.
3312 3613 3498 3667 Timor
3534 3623 3731 3666 autem

2129 3719 2458 3770 tormentum
2483 3709 2663 3773 habet,
2693 3717 2749 3763 et
2769 3709 2822 3762 in
2851 3714 3123 3762 tormento
3145 3719 3262 3775 quae
3285 3703 3545 3774 requies?
3567 3701 3731 3758 Unde

2074 3882 2077 3885 ν
2131 3806 2296 3861 timor
2329 3818 2437 3857 non
2467 3808 2552 3856 est
2590 3800 2643 3854 in
2676 3798 2966 3854 charitate.
3018 3796 3260 3851 Charitas
3307 3794 3507 3865 diffusa
3552 3802 3630 3847 est
3667 3794 3731 3848 in

2131 3894 2375 3949 cordibus
2398 3892 2590 3947 nostris
2632 3906 2726 3961 per
2754 3888 3007 3960 Spiritum
3050 3894 3313 3952 sanctum,
3347 3886 3436 3956 qui
3464 3885 3623 3938 datus
3649 3894 3731 3938 est

2132 3985 2280 4040 nobis
2320 3983 2494 4055 (Rom.
2544 3986 2619 4054 v).
2660 3980 2787 4037 ldeo
2835 3978 3117 4035 sabbatum
3159 3978 3373 4047 requies
3399 3985 3590 4032 sancta
3621 3977 3733 4031 Do-

2132 4078 2283 4141 mini,
2319 4077 2415 4131 Dei
2447 4074 2653 4131 scilicet
2686 4074 2871 4145 gratiaa
2904 4071 3189 4128 tribuenda
3229 4086 3335 4126 non
3381 4070 3540 4125 nobis
3578 4069 3732 4126 velut

2133 4183 2199 4224 ex
2239 4168 2413 4222 nobis.
2442 4165 2692 4236 Alioquin
2733 4173 2916 4221 nostra
2947 4179 3111 4235 opera
3154 4158 3232 4219 sic
3277 4170 3458 4229 erunt,
3507 4170 3570 4217 ut
3618 4163 3732 4218 sint

2134 4258 2391 4323 humana,
2418 4264 2513 4311 aut
2534 4264 2760 4327 peccata
2786 4274 2800 4315 :
2825 4264 2919 4310 aut
2945 4271 3068 4311 cum
3113 4255 3328 4320 timore,
3356 4269 3462 4309 non
3489 4269 3615 4308 cum
3649 4255 3733 4309 di—

2137 4352 2386 4406 lectione.
2428 4350 2495 4404 Et
2533 4349 2655 4405 ideo
2684 4349 2899 4405 servilia
2930 4350 3046 4404 sine
3075 4349 3279 4419 requie.
3314 4346 3601 4402 Plenitudo
3628 4364 3727 4401 au-

2135 4450 2247 4497 tem
2286 4440 2497 4497 sabbati
2546 4440 2652 4495 erit
2700 4440 2756 4494 in
2806 4440 2993 4510 requie
3033 4438 3377 4508 sempiterna.
3424 4435 3541 4491 Non
3581 4437 3729 4491 enim

446 4526 676 4579 duorum
737 4527 1185 4575 msmmemomm
1215 4557 1229 4581 ε
1279 4516 1475 4585 quibus
1527 4521 1716 4569 comm
1785 4511 2034 4580 dogma”
2060 4515 2114 4574 D
2141 4534 2339 4588 frustra
2388 4534 2694 4588 institutum
2737 4539 2905 4587 estet
2933 4531 3216 4587 sabbatum
3247 4531 3595 4585 sabbatorum
3642 4546 3732 4585 suc

450 4613 701 4668 falsitatis
725 4610 927 4664 incedit
953 4616 1182 4662 armata.
1205 4606 1339 4661 Cum
1370 4613 1550 4658 autem
1581 4603 1792 4673 Moyses
1822 4599 2035 4669 legitur,

452 4705 691 4758 velamen
730 4710 812 4756 est
832 4700 1070 4770 positum
1107 4713 1269 4767 super
1298 4710 1392 4749 cor
1421 4708 1631 4753 eorum,
1658 4700 1714 4746 ct
1752 4688 2041 4746 manifeste

452 4795 579 4848 dum
609 4792 741 4862 legis
771 4800 825 4845 et
843 4791 1232 4859 prophetarum
1260 4784 1461 4853 scripta
1491 4795 1590 4851 per
1627 4780 1854 4835 nimiam
1885 4776 2037 4833 stoli-

453 4889 678 4942 ditatem
691 4884 880 4940 cordis
900 4880 1192 4937 carnaliter
1215 4876 1488 4946 accipiunt
1516 4871 1781 4937 inﬁdeles,
1805 4868 1913 4925 illis
1934 4876 2044 4922 tota

456 4979 624 5034 facies
666 4976 834 5046 Moysi
876 4973 1110 5044 quodam
1152 4968 1419 5024 velamine
1468 4966 1687 5037 tegitur,
1736 4964 1812 5018 ita
1848 4970 2046 5017 utnon

455 5064 961 5138 possintloquentis
978 5060 1121 5133 legis
1142 5058 1368 5130 gloriam
1394 5057 1684 5112 sustinere.
1709 5053 1817 5110 Sed
1841 5053 1890 5109 si
1918 5066 2048 5107 cou-

458 5161 599 5217 versi
632 5158 831 5212 fuerint
856 5156 924 5210 ad
953 5156 1142 5217 Deum,
1178 5150 1450 5207 auferetur
1480 5148 1744 5204 velamen.
1776 5145 2047 5203 Occidens

458 5251 639 5307 littera
666 5248 948 5310 morietur,
973 5244 1253 5299 viviﬁcaus
1281 5242 1503 5313 spiritus
1531 5239 1908 5304 suscitabitur,
1936 5237 2046 5293 Do—

459 5344 640 5400 minus
668 5340 811 5396 enim
842 5337 1065 5407 spiritus
1096 5343 1197 5401 est,
1231 5344 1285 5389 et
1313 5334 1398 5388 lex
1437 5333 1732 5404 spiritualis
1760 5346 1869 5388 est.
1894 5327 2049 5385 Unde

461 5444 517 5490 et
542 5432 710 5488 David
738 5429 929 5486 orabat
966 5428 1020 5483 in
1056 5426 1305 5496 psalmo;
1332 5424 1530 5480 Revela
1573 5424 1752 5479 oculos
1790 5439 1957 5489 meos,
2001 5431 2048 5476 et

463 5523 801 5581 considerabo
823 5518 1086 5575 mirabilia
1108 5519 1171 5571 de
1191 5516 1300 5586 lege
1320 5526 1412 5571 tua
1438 5514 1843 5588 (Psal.cxv1u).

492 5668 495 5669 ν
534 5639 705 5709 Igitur
733 5642 1044 5706 congregata
1066 5630 1207 5685 omni
1242 5630 1395 5685 turba
1428 5629 1660 5699 ﬁliorum
1692 5630 1863 5685 Israel
1913 5631 2047 5685 dixit

465 5732 534 5788 ad
565 5747 651 5786 eos
675 5746 695 5784 :
722 5727 852 5784 Haec
889 5735 1009 5780 sunt
1051 5738 1168 5794 qtae
1206 5722 1366 5793 jussit
1412 5722 1666 5778 Dominus
1695 5724 1815 5791 ﬁeri
1843 5721 2045 5794 (Exod.

2138 4625 2343 4693 perius.
2376 4623 2601 4691 Quando
2628 4623 2780 4692 prius
2827 4622 3037 4678 locutus
3075 4631 3160 4678 est
3200 4623 3343 4677 Deus
3383 4623 3451 4677 de
3480 4622 3731 4677 taberna-

2142 4716 2264 4771 culo
2292 4716 2562 4787 ungendo,
2599 4715 2735 4769 dixit
2762 4715 2950 4769 eadem
2993 4715 3246 4769 unctione
3281 4713 3612 4769 sanctiﬁcari
3644 4714 3731 4767 illa

2142 4810 2345 4874 omnia,
2380 4816 2437 4862 et
2467 4807 2582 4861 ﬁeri
2613 4804 2812 4861 Sancta
2839 4815 3169 4860 sanctorum.
3199 4804 3386 4859 Altare
3426 4815 3609 4859 autem
3637 4805 3733 4859 bo-

2142 4900 2615 4962 loeaustomatnm,
2642 4896 2830 4950 eadem
2862 4896 3116 4951 unctione
3143 4893 3559 4959 sanctiﬁcatum,
3588 4894 3738 4949 dixe-

2147 4998 2233 5044 rat
2259 4988 2376 5044 ﬁeri
2407 4986 2665 5043 Sanctum
2695 4987 2888 5042 sancti.
2916 4987 2984 5042 Et
3009 4987 3113 5042 hoc
3135 4987 3396 5043 interesse
3421 4987 3736 5052 videbatur,

2146 5080 2237 5148 qui
2285 5078 2417 5132 nihil
2445 5092 2632 5132 eorum
2678 5078 2903 5134 dixisset
2942 5079 3199 5133 Sanctum
3241 5086 3574 5143 sanctorum,
3629 5079 3736 5134 nisi

2147 5175 2290 5243 quod
2330 5181 2537 5227 tantum
2567 5172 2685 5227 velo
2725 5173 3080 5243 separabatur
3112 5188 3143 5226 a
3183 5181 3392 5236 sancto,
3426 5171 3480 5226 id
3508 5180 3611 5237 est,
3645 5172 3739 5226 ubi

2148 5277 2267 5323 erat
2294 5282 2421 5322 arca
2462 5268 2769 5321 testamenti
2808 5275 2864 5321 et
2909 5266 3080 5321 altare
3112 5265 3338 5322 incensi.
3370 5264 3524 5320 Nunc
3552 5273 3742 5320 autem

2148 5375 2271 5416 cum
2298 5358 2486 5415 eadem
2514 5368 2802 5430 repeteret,
2835 5359 2969 5414 dixit
2997 5359 3063 5414 de
3093 5358 3442 5415 tabernaculo
3469 5365 3652 5420 uncto,
3683 5365 3745 5412 et

2150 5452 2235 5507 his
2259 5468 2379 5522 qua:
2409 5452 2461 5507 in
2493 5451 2583 5506 illo
2613 5460 2816 5517 essent,
2862 5466 2981 5520 qua:
3020 5466 3084 5505 ea
3124 5449 3379 5505 unctione
3428 5446 3743 5503 sanctiﬁca-

2149 5550 2339 5596 rentur
2366 5550 2422 5595 et
2446 5539 2639 5595 ﬁerent
2667 5547 2875 5595 sancta.
2911 5539 3039 5594 lllud
3078 5547 3260 5593 autem
3285 5539 3456 5593 altare
3478 5537 3746 5592 holocau-

2153 5638 2463 5695 stomatum,
2509 5630 2576 5685 de
2610 5645 2718 5700 quo
2754 5632 2906 5701 prius
2935 5632 3165 5695 dixerat,
3214 5630 3357 5701 quod
3393 5628 3549 5684 ﬁeret
3594 5627 3747 5683 San-

2155 5733 2299 5779 ctum
2330 5720 2521 5788 sancti,
2562 5722 2750 5777 eadem
2796 5722 3051 5779 unctione
3080 5736 3223 5776 nunc
3261 5720 3397 5776 dixit
3444 5718 3564 5775 ﬁeri
3596 5717 3749 5780 San-
