3956 6176
434 271 539 326 2ίὸ

1109 265 1168 321 Β.
1211 266 1464 321 ΒΑΒΛΝΙ
1506 266 1722 320 MAliRl
1759 265 2008 320 AliClllE

2121 264 2430 322 MOGUNT.
2473 263 2758 322 OPERUM
2795 267 2973 322 PARS
3011 269 3053 324 Ι.

3587 273 3696 329 ω.

436 399 530 455 per
558 381 932 454 hyacinthum,
962 397 1255 451 purpuram
1283 390 1337 435 et
1365 397 1608 444 coccum,
1646 382 1824 436 audita
1855 381 2014 436 cccle-
2045 383 2090 440 Α
2119 377 2314 449 fulgeat
2361 378 2542 433 lumen
2582 381 2844 446 scientiae,
2883 389 3048 451 atque
3076 383 3382 454 exemplum
3412 386 3538 440 boni
3570 402 3703 458 0pc-

436 474 536 527 stia
588 488 831 542 sperare,
879 473 1117 536 credere,
1162 487 1348 526 amare
1397 489 1501 526 non
1533 473 1805 536 desinunt,
1851 473 2015 528 etiam

438 581 558 634 qua:
593 565 769 619 adhuc
801 563 1068 618 subtiliori
1101 564 1373 619 intellectu
1404 565 1624 621 minime
1659 575 2012 635 cognoscunt,

435 659 525 713 alii
555 672 652 728 per
674 657 894 730 byssum
943 657 1399 728 incorruptionem
1429 658 1608 713 carnis
1642 657 1894 721 offerunt,
1926 657 2017 712 alii

436 765 534 820 per
577 763 862 818 caprarum
899 748 1037 818 pilos
1074 749 1354 818 deplorant
1389 763 1579 818 aspere
1621 764 1740 818 quae
1786 748 2018 804 libenter

437 839 801 904 admiserunt;
827 854 954 894 ecce
981 855 1047 893 ex
1079 847 1224 894 tanta
1242 840 1553 895 diversitate
1575 855 1820 911 Operum,
1850 856 2017 894 unum

438 935 722 992 conficitur
761 937 1192 1002 tabernaculum,
1235 938 1376 993 sicut
1413 954 1478 992 ex
1519 939 1731 993 diverso
1771 938 2014 1008 pulvere,

437 1043 542 1081 una
575 1028 940 1099 compingitur
979 1039 1135 1082 terrae
1170 1029 1346 1098 gleba,
1383 1027 1648 1083 infusione
1684 1030 1854 1083 sancti
1891 1028 2015 1097 Spi-

434 1117 570 1171 ritus
609 1116 850 1187 irrigata.
898 1116 1016 1172 Jam
1064 1132 1227 1186 porro
1255 1117 1397 1187 ligna
1424 1115 1633 1172 Sethim
1664 1116 2016 1186 impulribilia

432 1222 620 1260 omnes
653 1207 824 1261 sancti
862 1207 1250 1278 intelliguntur,
1280 1215 1461 1262 mente
1498 1215 1553 1262 et
1578 1221 1807 1276 corpore
1838 1207 2017 1262 incor-

433 1295 596 1365 rupti,
641 1309 813 1364 neque
855 1312 977 1350 cum
1031 1296 1228 1351 smeulo
1273 1306 1595 1366 pereuntes,
1645 1312 1860 1366 semper
1903 1313 2016 1350 ma-

432 1397 624 1443 nentes
647 1389 854 1443 mterni.
888 1389 1113 1458 Lapides
1139 1403 1352 1459 quoque
1377 1389 1622 1457 pretiosi,
1651 1389 2012 1453 confessores,

431 1480 684 1552 apostoli,
734 1480 1062 1546 sacerdotes,
1111 1495 1407 1550 omnesque
1450 1481 1604 1550 justi.
1655 1480 1800 1548 Quos
1849 1480 2014 1536 etiam

433 1569 635 1640 lapides
680 1570 832 1624 vivos
855 1571 1044 1625 beatus
1068 1570 1260 1626 Petrus
1288 1573 1563 1641 apostolus
1590 1571 1756 1627 dicit:
1784 1570 1850 1625 Ut
1877 1573 2013 1636 sitis,

435 1659 627 1727 inquit,
657 1658 856 1729 lapides
889 1660 1005 1726 riri,
1037 1661 1347 1729 coa'di/icati
1379 1662 1433 1718 in
1456 1660 1645 1732 templo
1672 1661 1766 1715 Dei
1791 1661 1840 1734 (I
1868 1660 2011 1715 Petr.

433 1753 516 1824 it).
559 1753 685 1808 llam
731 1753 896 1824 igitur
943 1754 1124 1809 omnia
1170 1753 1472 1808 offeruntur
1524 1754 1577 1808 in
1609 1753 2012 1808 tabernaculum
2045 1757 2090 1816 B

431 1846 545 1908 Dei,
585 1854 645 1902 ut
675 1846 854 1902 nullus
880 1846 1130 1916 desperet
1159 1846 1406 1900 salutem.
1436 1845 1605 1902 Oﬁl‘ert
1634 1860 1794 1916 super
1819 1847 1933 1901 hzec
1960 1854 2016 1900 et

429 1938 568 1990 alius
618 1953 845 2003 aurum,
897 1953 1146 2004 sensum;
1201 1939 1338 1994 alius
1375 1948 1678 2010 argentum,
1708 1939 2012 2010 eloquium;

429 2027 566 2082 alius
597 2043 800 2089 vocem,
835 2044 940 2094 aes;
980 2030 1165 2098 sicque
1205 2030 1370 2084 multa
1408 2031 1540 2084 ﬁunt
1579 2031 1632 2084 in
1667 2031 2015 2087 tabernaculo

432 2119 524 2174 Dei
563 2140 576 2174 :
616 2136 801 2174 mensa
841 2121 1048 2176 scilicet
1103 2132 1159 2198 et
1208 2122 1618 2190 candelabrum;
1682 2126 1882 2190 altare,
1918 2139 2013 2179 co-

428 2211 644 2277 lumnae,
689 2212 882 2278 bases,
934 2213 1147 2279 tabulae,
1179 2222 1437 2280 cratem},
1470 2215 1679 2285 scyphi,
1716 2213 2012 2279 tlmribula,

427 2301 649 2371 phialre,
692 2303 1034 2369 mortariola,
1081 2305 1447 2369 emunctoria,
1492 2305 1703 2374 paxilli,
1759 2305 2012 2370 tentoria,

429 2395 629 2466 quibus
665 2394 1070 2451 diversitatibus
1118 2406 1230 2450 tota
1276 2397 1364 2451 illa
1410 2397 1765 2464 tabernaculi,
1816 2397 1871 2452 id
1907 2406 2010 2462 est,

430 2486 685 2542 Ecclesia:
719 2487 1061 2556 pulchritudo
1099 2487 1468 2558 distinguitur.
1510 2487 1646 2542 Nam
1689 2488 2013 2543 tabernacu-

430 2577 539 2630 lum
571 2576 812 2632 Ecclesia
849 2586 954 2642 est,
987 2579 1039 2632 in
1083 2594 1188 2648 qua
1223 2588 1308 2633 est
1351 2595 1562 2647 mensa,
1607 2581 1660 2635 id
1695 2589 1801 2646 est,
1831 2581 2012 2636 unitas

430 2667 575 2734 ﬁdei,
606 2666 688 2722 vel
717 2676 865 2722 certe
895 2666 1177 2739 Scriptura
1207 2683 1384 2735 sacra,
1403 2686 1520 2740 .qua
1553 2671 1794 2726 universi
1827 2670 2014 2725 fideles

427 2763 694 2833 spirituali
725 2763 846 2818 cibo
873 2773 1187 2832 pascuntur.
1223 2764 1619 2820 Candelabrum
1647 2781 1862 2836 quoque
1889 2781 2011 2822 cum

427 2865 634 2926 septem
682 2856 934 2920 lucernis,
985 2857 1235 2913 Christus
1290 2873 1415 2913 cum
1474 2868 1681 2929 septem
1741 2859 2008 2916 ecclesiis.

427 2947 774 3002 Emunctoria
817 2961 1034 3017 quoque
1079 2948 1214 3018 ejus,
1259 2949 1364 3004 hoc
1405 2959 1488 3004 est
1531 2951 1803 3020 geminum
1849 2959 2012 3006 testa-

428 3047 687 3106 mentum,
725 3049 780 3093 et
821 3039 1103 3105 columnas,
1135 3039 1384 3096 doctores
1431 3043 1626 3105 sancti,
1663 3041 1918 3097 ﬁrmitate
1949 3041 2011 3096 fl-

427 3133 512 3188 dei
545 3131 792 3197 solidati;
827 3147 1037 3186 necnon
1067 3141 1122 3186 et
1151 3133 1330 3199 bases,
1376 3135 1428 3188 id
1473 3144 1576 3196 est,
1603 3133 1880 3204 pr0phetae
1909 3150 2010 3189 suo
2037 3113 2081 3177 Ο

428 3221 739 3276 fundamine
767 3229 1092 3276 structuram
1127 3231 1401 3292 gestantes
1429 3223 1704 3278 Ecclesia}.
1737 3225 1813 3279 lbi
1842 3225 2007 3280 etiam

425 3321 480 3366 ct
508 3313 720 3377 tabulm,
751 3311 976 3381 apostoli
1008 3311 1406 3380 praedicationis
1456 3313 1741 3368 latitudine
1769 3314 2006 3379 dilatati;

427 3406 499 3459 ibi
530 3407 784 3470 tentoria,
811 3405 1082 3475 przepositi
1115 3405 1366 3461 videlicet
1393 3415 1448 3461 et
1483 3407 1885 3476 praedicatores,
1915 3407 2007 3476 qui

425 3502 668 3556 exterius
729 3501 978 3555 laborant
1038 3509 1228 3554 contra
1284 3499 1442 3568 hujus
1499 3501 1680 3555 saeculi
1743 3499 2005 3556 turbines.

426 3591 563 3647 Sunt
593 3593 663 3647 ibi
693 3601 748 3646 et
775 3602 1023 3658 craterae,
1052 3593 1104 3647 id
1131 3602 1236 3659 est,
1263 3594 1670 3649 distributiones
1696 3594 2005 3661 hominum;

426 3694 551 3740 sunt
580 3694 634 3741 et
668 3686 885 3756 paxilli,
917 3686 1020 3743 hoc
1047 3695 1162 3751 est,
1202 3688 1474 3758 principes
1526 3696 1583 3742 et
1624 3689 2011 3758 praedicatores

426 3778 699 3844 Ecclesize,
727 3779 922 3847 quibus
958 3780 1193 3848 pendent
1239 3779 1422 3834 omnia
1462 3794 1659 3850 genera
1686 3779 2008 3849 populorum

424 3869 578 3937 quasi
624 3884 905 3934 vasorum;
960 3870 1149 3941 scyphi
1194 3885 1438 3940 quoque,
1487 3870 1746 3925 doctrina:
1792 3871 2008 3940 eloquia

424 3961 539 4014 sive
580 3973 790 4014 sensus.
835 3957 1054 4014 Necnon
1095 3969 1151 4013 et
1191 3961 1482 4022 tlmribula,
1523 3961 1755 4014 virtutes
1801 3959 2011 4014 scilicet

424 4051 686 4105 bonorum
730 4064 977 4120 operum,
1011 4050 1094 4104 vel
1129 4051 1405 4105 orationes
1446 4058 1778 4114 sanctorum,
1811 4048 2009 4119 quibus

421 4143 556 4198 odor
601 4141 884 4197 suavitatis
917 4143 1163 4197 ascendit
1201 4143 1271 4196 ad
1299 4142 1603 4197 Dominum.
1646 4141 1846 4196 l’hialae
1874 4156 2006 4210 quo-

423 4249 550 4304 que,
589 4233 815 4306 apostoli
855 4242 911 4289 et
949 4235 1198 4290 doctores
1233 4235 1378 4304 pleni
1418 4234 1674 4290 vitalibus
1704 4235 1875 4305 aquis.
1927 4234 2002 4288 lbi

424 4327 555 4392 lilia,
596 4326 924 4398 virginitatis
965 4327 1196 4391 candor;
1241 4327 1353 4381 sive
1387 4327 1719 4390 mortariola,
1762 4326 2003 4382 laborum

422 4416 839 4486 passionumque
915 4415 1255 4480 tolerantize,
1340 4417 1535 4486 quibus
1613 4417 2006 4472 mortiﬁcamur

2121 473 2194 526 ris
2223 489 2235 524 :
2267 486 2446 551 sermo
2484 472 2787 529 luculentus
2821 474 2888 528 ad
2924 475 3270 530 instruendos
3300 477 3593 542 auditores,
3633 495 3705 537 ac

2118 562 2257 616 bona
2301 562 2444 617 fama
2482 572 2684 618 sanctae
2729 567 3181 633 conversationis,
3215 568 3282 622 ad
3320 577 3708 628 commendan-

2118 654 2241 709 dam
2292 665 2494 711 sancta:
2543 657 2821 727 religionis
2867 660 3100 728 gratiam
3143 661 3250 728 his,
3299 663 3390 733 qui
3439 665 3494 718 in
3539 666 3705 723 domo

2119 745 2210 800 Dei
2237 747 2462 801 honeste
2486 757 2897 815 convcrsantur,
2925 760 2983 804 ut
3006 766 3196 806 eorum
3218 753 3463 823 exemplo
3490 755 3708 812 discant

2118 837 2330 892 illorum
2387 837 2654 908 subjecti,
2702 839 2930 895 Domino
2987 851 3284 911 spontanea
3335 845 3538 910 cordis,
3590 847 3708 903 oris

2119 937 2281 997 atque
2325 928 2504 998 operis
2549 913 3048 999 vota'persolvere.
3117 931 3270 988 Unde
3319 935 3704 1006 subjungitur:

2120 1017 2312 1072 Omnes
2339 1019 2438 1072 viri
2458 1028 2503 1073 et
2527 1019 2772 1074 mulieres
2801 1031 2969 1075 mente
2995 1022 3179 1076 devota
3214 1023 3511 1079 obtulerunt
3533 1028 3710 1082 dona-

2119 1108 2222 1172 ria,
2250 1118 2304 1161 ut
2325 1108 2508 1173 fierent
2530 1125 2687 1179 Opera
2708 1127 2826 1181 qua'
2838 1110 3072 1180 jusserat
3093 1111 3352 1167 Dominus
3373 1132 3466 1185 per
3493 1133 3710 1172 manum

2119 1200 2311 1272 Moysi.
2343 1201 2529 1256 Cuncti
2553 1202 2653 1272 ﬁlii
2688 1202 2860 1258 Israel
2886 1204 3181 1259 voluntaria
3197 1205 3421 1261 Domino
3437 1208 3711 1263 dedicare-

2119 1302 2259 1346 runt.
2307 1291 2424 1348 Non
2462 1294 2648 1363 utique
2689 1303 2877 1349 contra
2908 1296 3225 1364 Apostolum
3255 1311 3320 1352 ex
3366 1299 3586 1353 tristitia
3616 1312 3716 1355 aut

2119 1383 2468 1450 necessitate,
2497 1385 2591 1440 sed
2619 1385 2785 1439 alacri
2817 1386 2980 1440 corde
3007 1387 3190 1457 ac.pia
3228 1389 3537 1458 devotione,
3581 1394 3713 1463 quia

2120 1471 2349 1527 hilarem
2386 1474 2632 1529 datorem
2663 1474 2842 1546 diligit
2867 1474 3031 1530 Deus.

2683 1583 2912 1641 CAPUT
2953 1585 3137 1642 XXIII.

2120 1696 2195 1750 De
2240 1714 2300 1750 eo
2342 1696 2718 1776 quodﬁMpys‘es
2761 1697 3233 1776 adiutagisterium
3271 1700 3602 1776 tabernaculi
3644 1721 3715 1776 ea:

2187 1765 2444 1840 praecepto
2482 1765 2858 1840 Dei,Beset_eel
2893 1765 3060 1840 ﬁlium
3089 1767 3230 1840 Iluri
3271 1771 3335 1824 de
3377 1772 3518 1826 tribu
3540 1773 3716 1840 Juda,

2188 1847 2234 1891 et
2260 1835 2447 1890 Ooliab
2468 1837 2634 1905 ﬁlium
2659 1837 3001 1891 Achisamech
3027 1839 3244 1894 vocarit.

2186 1948 2435 2020 Dixitque
2471 1947 2677 2018 Moyses
2703 1949 2773 2002 ad
2805 1949 2946 2017 ﬁlios
2970 1948 3144 2005 Israel
3170 1969 3188 2008 :
3216 1951 3352 2006 Ecce
3380 1955 3587 2009 vocavit
3610 1954 3720 2009 Do-

2115 2042 2288 2096 minus
2315 2057 2381 2094 ea:
2404 2041 2611 2094 nomine
2636 2040 2868 2095 Beseleel
2890 2040 3060 2109 ﬁlium
3086 2039 3225 2095 Huri
3250 2042 3354 2110 lilii
3379 2043 3428 2097 Η
3438 2061 3504 2098 ur
3523 2045 3589 2099 de
3617 2048 3720 2100 tri-

2115 2133 2181 2186 b'u
2203 2131 2239 2186 J
2245 2132 2370 2197 uda,
2400 2131 2730 2202 implevitque
2766 2147 2884 2186 eum
2918 2132 3106 2200 spiritu
3127 2131 3248 2198 Dei,
3269 2133 3526 2204 sapientia
3554 2144 3604 2189 et
3633 2137 3721 2190 in-

2114 2226 2426 2297 telligentia,
2459 2236 2506 2280 et
2528 2226 2745 2280 scientia
2772 2234 2822 2278 et
2853 2227 2998 2279 omni
3019 2225 3285 2292 doctrina,
3313 2227 3382 2281 ad
3408 2230 3720 2298 excogitan-

2098 2319 2223 2373 dum
2245 2324 2294 2370 et
2316 2314 2615 2384 faciendum
2639 2331 2769 2384 opus
2790 2330 2854 2368 ex
2876 2331 3032 2380 auro,
3053 2325 3099 2369 et
3118 2327 3333 2386 argento
3354 2327 3402 2370 et
3424 2334 3548 2383 a'rc,
3572 2319 3722 2372 scul-

2112 2406 2398 2477 pendisque
2433 2403 2718 2475 lapidibus,
2758 2413 2807 2458 et
2848 2420 3002 2474 opere
3039 2405 3392 2474 carpentario.
3439 2404 3721 2478 Quidquid

2118 2497 2266 2567 fabre
2302 2496 2600 2551 adinveniri
2631 2505 2822 2565 potest,
2864 2495 3010 2550 dedit
3050 2496 3105 2549 in
3147 2497 3305 2550 corde
3336 2496 3470 2566 ejus.
3521 2497 3722 2553 Ooliab

2113 2605 2316 2660 quoque
2340 2587 2510 2657 ﬁlium
2538 2586 2883 2640 Achisameclt
2923 2586 2988 2640 de
3026 2586 3166 2640 tribu
3189 2586 3328 2641 Dan.
3372 2587 3565 2642 Ambos
3592 2606 3722 2643 eru-

2113 2680 2238 2733 dirit
2267 2678 2546 2749 sapientia,
2569 2687 2626 2731 ut
2659 2676 2861 2746 faciant
2883 2693 3041 2747 opera
3067 2676 3335 2746 abjetarii,
3362 2677 3720 2748 polymitarii,

2113 2789 2176 2825 ac
2207 2769 2480 2841 plumarii,
2508 2777 2565 2824 et
2595 2777 2792 2823 czntera
2861 2767 3058 2839 (Exod.
3091 2772 3287 2836 xxxv).
3333 2767 3438 2824 Per
3467 2770 3604 2824 istos
3634 2780 3723 2824 ta-

2113 2859 2392 2915 bernaculi
2425 2859 2591 2928 typici
2629 2857 2867 2912 artiﬁces
2906 2858 3287 2928 exprimuntur
3315 2859 3426 2913 veri
3456 2860 3721 2913 taberna-

2113 2950 2220 3005 culi
2246 2949 2553 3019 spirituales
2572 2949 2814 3018 opifices.
2831 2947 2966 3002 Nam
2991 2956 3045 3002 et
3068 2950 3282 3003 nomina
3307 2965 3494 3004 eorum
3515 2951 3718 3006 horum

2114 3041 2287 3096 ollicia
2315 3041 2616 3110 designant.
2646 3039 2886 3094 Beseleel
2908 3039 3105 3109 quippe
3131 3040 3185 3094 in
3208 3039 3394 3094 umbra
3415 3040 3512 3094 Dei
3543 3043 3723 3097 inter-

2113 3143 2378 3204 pretatur.
2428 3132 2540 3187 Hur
2571 3133 2730 3204 ignis,
2771 3132 2904 3186 Ηυτί
2944 3131 3037 3186 lux
3069 3149 3204 3200 mea,
3232 3132 3400 3188 Iudas
3427 3135 3715 3203 confessio,

2113 3227 2302 3284 Ooliab
2317 3228 2567 3297 profectio
2590 3243 2704 3279 mea
2727 3235 2898 3295 pater,
2913 3225 3270 3281 Achisamech
3293 3226 3511 3295 fratrem
3537 3245 3719 3284 meum

2113 3319 2384 3382 roborans,
2409 3327 2466 3372 et
2495 3316 2610 3371 Dan
2629 3316 2894 3387 judicium
2917 3316 3000 3370 vel
3019 3315 3292 3386 judicans,
3314 3316 3367 3370 in
3391 3316 3584 3372 Latina
3607 3320 3721 3373 lin-

2112 3427 2216 3484 gua
2242 3420 2479 3468 resonat.
2512 3411 2678 3482 Igitur
2706 3411 2956 3466 doctores
2982 3410 3178 3476 sancti,
3209 3412 3300 3480 qui
3324 3412 3722 3481 praedicatione

2112 3519 2209 3558 sua
2241 3501 2524 3572 spirituale
2559 3500 2848 3556 aediﬁcium
2888 3501 3081 3556 domus
3110 3499 3200 3554 Dei
3249 3499 3537 3564 fabricant,
3568 3502 3719 3557 bene

2113 3594 2302 3648 umbra
2330 3592 2425 3647 Dei
2464 3591 2766 3661 nuncupari
2798 3601 3045 3662 possunt,
3080 3591 3171 3660 qui
3219 3591 3270 3645 in
3307 3591 3488 3646 divina
3519 3591 3718 3647 defen-

2111 3685 2263 3739 sione
2292 3683 2588 3739 confidunt.
2621 3682 2694 3736 Ex
2724 3698 2952 3753 quorum
2979 3697 3210 3752 persona
3232 3681 3518 3737 Psalmista
3545 3683 3714 3738 dicit:

2113 3774 2178 3829 lu
2216 3774 2402 3828 untbra
2445 3772 2656 3828 alarum
2703 3784 2917 3826 tuarum
2959 3775 3204 3841 sperabo,
3252 3773 3417 3827 donec
3469 3783 3714 3828 transeat

2111 3865 2359 3936 iniquitas
2385 3862 2560 3935 (Psal.
2595 3863 2727 3935 xvi).
2777 3861 2883 3931 lpsi
2939 3863 3078 3933 ignis
3121 3871 3215 3917 aut
3253 3863 3436 3918 lumen
3479 3874 3583 3918 nte
3611 3880 3717 3919 no-

2111 3954 2408 4019 minantur,
2435 3953 2529 4023 qui
2567 3953 2684 4008 zelo
2713 3952 2982 4022 spirituali
3019 3953 3260 4018 accensi,
3287 3952 3466 4008 lumen
3494 3954 3616 4010 ﬁdei
3641 3971 3716 4012 ac

2109 4045 2352 4099 scientiae
2380 4044 2680 4114 spiritualis
2719 4045 3061 4100 auditoribus
3090 4045 3204 4100 suis
3240 4045 3577 4115 impendunt,
3623 4055 3715 4100 at-

2109 4152 2216 4206 que
2259 4135 2618 4192 confessionis
2667 4137 2950 4193 catholica:
2990 4153 3235 4194 normam
3280 4142 3594 4196 ostendunt.
3635 4142 3711 4198 lli

2108 4241 2324 4298 quoque
2357 4227 2752 4297 protectionem
2784 4227 2879 4284 Dei
2908 4231 3080 4299 patris
3116 4231 3380 4287 habentes
3415 4232 3468 4286 in
3498 4233 3710 4303 judicio

2107 4331 2162 4376 et
2180 4320 2412 4390 justitia,
2442 4318 2642 4377 fratres
2668 4336 2795 4377 suos
2823 4331 3092 4392 quatenus
3132 4325 3186 4379 iu
3216 4324 3322 4379 ﬁde
3351 4325 3618 4381 catholica
3645 4339 3710 4383 et

2108 4411 2266 4467 bonis
2286 4411 2540 4482 operibus
2561 4420 2930 4480 perseverent,
2955 4413 3295 4470 exhortando
3317 4416 3701 4471 corroborant.

424 4470 664 4560 inembra
690 4470 1090 4574 ptenitentium.
1123 4508 1188 4561 Et
1221 4470 1597 4577 haectquidem
1639 4508 1850 4578 species
1895 4509 2007 4563 dis-
2034 4470 2084 4528 Ι)
2111 4503 2220 4559 Nec
2251 4518 2358 4558 non
2397 4511 2452 4558 et
2492 4501 2622 4558 illud
2659 4503 2746 4573 pie
2789 4503 3243 4560 considerandum
3274 4513 3381 4571 est,
3425 4506 3550 4576 quia
3590 4523 3704 4563 non

424 4595 878 4665 pensationesque
913 4597 1175 4651 donorum
1213 4607 1341 4650 sunt
1369 4599 1553 4652 divisa:
1594 4614 1691 4666 per
1743 4598 2002 4666 Spiritum

423 4691 669 4738 sanctum
700 4683 970 4751 ﬁdelibus,
999 4694 1058 4740 ut
1083 4685 1306 4756 singulis
1329 4687 1804 4742 distributionibus
1830 4688 2003 4757 perfe-

422 4783 568 4829 ctum
605 4774 802 4829 Christi
839 4776 1250 4830 tabernaculum
1298 4785 1676 4841 construatur,
1726 4778 1777 4830 in
1807 4777 2004 4847 quibus

423 4867 631 4921 habitat
659 4867 804 4922 Deus
843 4868 898 4921 in
937 4869 1114 4922 medio
1152 4883 1362 4922 eorum.
1404 4868 1558 4936 Quod
1591 4879 1773 4924 autem
1813 4873 2001 4927 subse-

422 4959 649 5029 quitur:
691 4957 962 5028 Principes
1004 4976 1120 5013 vero
1158 4959 1451 5014 obtulerunt
1483 4961 1682 5031 lapides
1723 4964 2003 5032 onychinos

420 5059 468 5103 et
493 5065 728 5120 gemmas
752 5049 820 5103 ad
841 5050 1264 5120 superhunterale
1287 5060 1334 5104 et
1361 5051 1639 5114 rationale,
1664 5064 2006 5124 aromataque

419 5151 468 5196 et
493 5140 665 5196 oleum
689 5141 758 5194 ad
790 5141 1074 5196 luminaria
1107 5144 1493 5210 concinnanda,
1520 5153 1566 5198 et
1599 5145 1669 5197 ad
1698 5162 2006 5215 pra'paran-

417 5232 545 5287 dum
585 5242 908 5302 unguentum
934 5250 996 5286 ac
1025 5234 1309 5304 thymiama
1334 5235 1511 5289 odoris
1539 5236 1834 5289 suavissimi
1862 5252 2004 5289 com-

417 5324 740 5397 ponendum,
763 5324 1030 5395 signiﬁcat
1062 5328 1333 5396 apostolos
1363 5327 1800 5398 apostolicosque
1828 5328 1994 5392 viros,

417 5416 730 5472 sacerdotes
763 5431 827 5471 ac
869 5416 1118 5471 doctores
1161 5417 1420 5483 ﬁdelium,
1467 5417 1691 5472 mirifica
1736 5417 1995 5471 virtutum

416 5519 584 5578 opera
618 5523 871 5565 sermone
913 5516 1076 5578 atque
1105 5509 1388 5578 exemplis,
1425 5510 1673 5564 decorem
1710 5507 1997 5563 ministerii

419 5601 769 5656 sacerdotalis
793 5601 1048 5656 decenter
1082 5616 1417 5671 pneparare;
1455 5609 1721 5670 quatenus
1761 5615 1859 5670 per
1903 5615 1996 5655 eo.

418 5700 538 5740 sum
585 5691 824 5747 studium
868 5701 1030 5764 atque
1076 5693 1376 5764 impensam
1427 5693 1480 5748 in
1523 5702 1707 5750 sancta
1748 5691 1992 5748 Ecclesia

2110 4599 2282 4654 solum
2315 4597 2406 4653 ille
2442 4598 2535 4668 qui
2563 4597 2631 4654 de
2667 4597 2812 4652 tribu
2853 4598 3020 4669 regali
3057 4608 3212 4655 ortus
3241 4610 3349 4666 est,
3373 4602 3506 4670 quin
3532 4603 3703 4658 etiam

2107 4692 2210 4746 iste
2237 4693 2329 4762 qui
2356 4692 2424 4747 de
2451 4691 2646 4746 ancilla
2681 4698 2842 4746 natus
2869 4700 2976 4758 est,
3006 4692 3072 4748 ad
3104 4694 3475 4764 magisterium
3512 4695 3704 4764 operis

2108 4783 2203 4839 Dei
2225 4785 2472 4856 eligitur.
2505 4782 2746 4838 Beseleel
2787 4799 3002 4854 quoque
3037 4799 3105 4839 ex
3142 4786 3285 4840 tribu
3320 4785 3456 4841 Juda
3496 4788 3590 4857 qui
3628 4787 3702 4843 de

2107 4874 2199 4928 Lia
2250 4875 2420 4928 libera
2468 4881 2625 4928 natus
2671 4881 2756 4928 est
2801 4874 3087 4942 processit,
3118 4883 3174 4929 et
3203 4875 3393 4930 Ooliab
3435 4877 3503 4930 de
3546 4877 3698 4931 tribu

2103 4964 2215 5017 Dan
2257 4963 2348 5033 qui
2394 4962 2494 5016 fuit
2533 4962 2676 5017 ﬁlius
2715 4961 2861 5017 Bala:
2899 4963 3110 5019 ancillae
3137 4964 3339 5020 Rachel
3375 4968 3701 5037 progenitus

2101 5062 2216 5117 est;
2273 5051 2631 5122 spiritualiter
2677 5053 2833 5108 nobis
2884 5053 3138 5119 innuens,
3185 5055 3310 5124 quia
3360 5071 3466 5110 non
3517 5057 3698 5111 solum

2104 5123 2330 5205 utibiles,
2381 5142 2477 5197 sed
2513 5142 2676 5196 etiam
2735 5142 3020 5214 ignobiles,
3068 5123 3332 5214 quantum
3383 5146 3448 5200 ad
3507 5147 3697 5202 sreculi

2102 5231 2418 5299 dignitatem
2457 5234 2713 5301 pertinet,
2742 5235 2810 5288 ad
2839 5235 3078 5305 regimen
3104 5235 3362 5292 Ecclesiae
3391 5237 3693 5309 eliguntur,

2101 5323 2226 5391 quia
2263 5322 2417 5392 juxta
2447 5322 2596 5378 Petri
2627 5340 2836 5390 vocem,
2875 5342 2982 5380 non
3017 5335 3101 5380 est
3133 5342 3492 5396 personarum
3531 5343 3698 5382 acce-

2098 5422 2221 5482 ptor
2253 5413 2414 5478 Deus,
2451 5414 2546 5468 sed
2591 5415 2647 5468 in
2688 5416 2835 5471 omni
2885 5427 3046 5486 gente
3077 5417 3171 5485 qui
3218 5417 3372 5471 timet
3415 5416 3583 5470 Deum
3630 5425 3699 5474 et

2097 5512 2354 5574 operatur
2373 5501 2660 5572 justitiam,
2691 5513 2945 5574 acceptus
2974 5515 3057 5560 est
3096 5505 3194 5560 illi.
3230 5505 3346 5562 Non
3374 5507 3518 5562 enim
3541 5506 3698 5566 Deus

2098 5593 2435 5649 nobilitatem
2481 5594 2684 5660 carnis,
2733 5594 2828 5649 sed
2876 5596 3213 5651 nobilitatem
3259 5597 3426 5651 animi
3469 5610 3698 5666 pensat,

2096 5695 2154 5743 et
2198 5687 2535 5746 solummodo
2581 5696 2728 5744 recta
2777 5687 2881 5745 fide
2942 5698 2996 5746 et
3040 5689 3196 5748 bonis
3241 5692 3496 5762 operibus
3541 5695 3696 5765 apud
