3956 6176
291 247 399 304 2ὖῦ

1233 243 1739 311 EXPOSI'UONES
1776 244 1844 301 IN
1885 242 2288 303 LEVITICUII.
2323 275 2397 285 —
2433 243 2565 301 LII}.
2605 245 2663 300 Ι..

3479 250 3583 311 246

292 360 468 415 Deum
495 356 862 413 discernimur
904 355 974 410 ab
1017 354 1141 412 illis.
1193 354 1460 413 Praeterea
1510 357 1569 413 in
1612 358 1732 429 ipsa
1776 355 1886 412 ele-
1912 359 1964 419 Α
1990 354 2296 412 stitnendus
2325 361 2469 421 erat,
2510 354 2585 409 ita
2620 352 2920 411 electorum
2951 356 3193 412 omnium
3232 358 3326 430 qui
3359 357 3580 418 l'ncrunt

289 450 476 506 ctione
499 447 776 503 artiﬁcum
810 455 992 518 potest
1020 448 1318 503 secundum
1346 449 1668 520 mysterium
1694 448 1887 519 accipi,

287 539 436 609 quod
473 553 584 592 non
617 536 794 592 solum
825 552 894 592 ex
930 536 1164 605 Judzeis,
1197 538 1293 594 sed
1331 538 1497 594 etiam
1535 554 1606 596 ex
1639 540 1891 611 gentibus

288 627 551 682 doctores
569 624 829 680 Ecclesia:
858 640 970 680 suae
994 624 1256 681 Dominus
1282 640 1404 682 esse
1430 627 1619 683 voluit.
1656 628 1809 684 Unde
1833 631 1888 685 in

288 714 439 769 libro
460 714 847 780 Numerorum,
886 715 978 772 ubi
1015 714 1110 770 ﬁlii
1144 714 1307 771 Israel
1337 725 1515 773 castra
1546 721 1732 774 metati
1763 729 1891 777 sunt

287 808 441 861 circa
478 805 918 872 tabernaculum,
944 805 1113 862 ludas
1147 807 1218 862 ab
1248 806 1473 864 Oriente
1506 819 1685 865 castra
1717 820 1889 866 meta-

286 913 379 955 tus
399 905 514 962 est,
542 908 600 953 et
628 897 743 952 Dan
770 898 841 952 ab
858 897 1150 968 Aquilone.
1215 898 1273 953 ln
1300 897 1522 955 Oriente
1548 916 1680 971 ergo
1705 901 1888 956 Domi-

287 1006 391 1044 nus
426 989 671 1060 primum
713 1004 781 1045 ex
805 987 1009 1045 Iudaeis
1046 990 1380 1060 primitivam
1411 992 1708 1049 Ecclesium
1755 1010 1884 1050 cou-

289 1081 492 1145 stituit,
539 1089 730 1151 postea
776 1080 847 1135 de
888 1081 1175 1137 vocatione
1215 1083 1479 1153 gentium,
1526 1085 1629 1140 hoc
1661 1096 1765 1149 est,
1818 1102 1887 1141 ex

288 1172 538 1242 paganis,
565 1172 660 1243 qui
684 1172 753 1227 de
775 1187 943 1244 regno
972 1172 1120 1228 illius
1143 1174 1235 1244 qui
1264 1175 1332 1229 ad
1354 1176 1663 1245 aquilonem
1691 1178 1885 1235 solium

288 1275 446 1315 suum
499 1261 842 1316 constituere
888 1260 1108 1333 legitur,
1156 1263 1226 1318 ad
1269 1263 1446 1333 ipsum
1499 1266 1882 1339 confugerunt,

288 1353 479 1421 gratia
529 1366 648 1406 sua:
684 1361 968 1421 exspertes
1012 1367 1137 1409 esse
1184 1353 1376 1420 noluit,
1428 1355 1523 1411 sed
1569 1358 1886 1429 dignitatem

288 1442 720 1497 ecclesiasticam
745 1443 1049 1514 percipere,
1071 1452 1129 1501 et
1149 1444 1219 1501 ad
1239 1447 1488 1517 corporis
1510 1448 1596 1504 sui
1621 1449 1883 1506 unitatem

289 1533 569 1603 pertinere
595 1531 857 1588 decrevit.

857 1667 1085 1727 CAPUT
1136 1669 1321 1727 XXIV.

290 1798 362 1854 De
393 1802 660 1856 erectione
698 1801 1320 1944 tabermgzgére‘tlﬁzria
1345 1804 1559 1862 Domini
1596 1820 1882 1880 apparente

351 1999 530 2071 Igitur
578 2017 761 2056 mense
804 2001 974 2072 primo
1022 2002 1154 2057 anni
1195 2004 1437 2070 secundi,
1485 2006 1540 2059 in
1586 2007 1758 2076 primo
1794 2007 1881 2064 die

289 2094 471 2146 mensis
502 2091 826 2146 collocatum
858 2101 936 2147 est
969 2092 1369 2149 tabernaculum
1386 2135 1403 2161 ,
1448 2096 1711 2168 emitque
1745 2097 1881 2153 illud

293 2178 524 2250 lngus,
553 2187 615 2235 et
649 2180 860 2251 reliqua
891 2179 1089 2253 (Exod.
1127 2183 1240 2255 ιι).
1300 2183 1457 2252 Quod
1488 2194 1669 2242 autem
1703 2189 1883 2258 primo

289 2284 465 2323 mense
505 2269 641 2324 anni
679 2270 928 2335 secundi,
968 2270 1147 2341 primo
1184 2271 1274 2327 die
1307 2275 1510 2330 mensis
1542 2277 1773 2348 erigitur
1801 2287 1883 2334 ta-

288 2360 672 2427 bernaculum,
727 2361 857 2432 quid
908 2362 1207 2434 signiﬁcat,
1261 2366 1366 2422 nisi
1417 2369 1882 2427 constructionem

288 2447 542 2504 Ecclesia:
567 2464 671 2520 per
717 2450 1012 2508 adventum
1038 2454 1280 2511 Christi?
1319 2456 1562 2514 Primum
1608 2475 1740 2531 ergo
1785 2478 1884 2518 an-

288 2551 442 2601 num,
476 2551 641 2591 omne
684 2544 903 2609 tempus
940 2539 1079 2611 legis
1120 2549 1250 2597 ante
1292 2543 1728 2604 incarnationem
1763 2548 1883 2605 Sal-

292 2624 500 2680 vatoris
527 2626 698 2681 nostri
725 2628 937 2699 accipe,
967 2637 1030 2685 ut
1053 2632 1325 2690 secundus
1347 2649 1525 2692 annus
1548 2637 1618 2692 ab
1646 2638 1881 2695 adventu

289 2716 617 2772 mediatoris
635 2717 725 2773 Dei
751 2726 809 2774 et
827 2721 1132 2788 hominum,
1164 2738 1335 2794 usque
1363 2725 1432 2780 ad
1457 2728 1884 2785 consummatio-

288 2817 410 2858 nem
455 2805 646 2860 σεθουιί
686 2806 1039 2881 intelligatur.
1084 2810 1251 2879 Quasi
1292 2827 1425 2886 ergo
1458 2814 1640 2886 primo
1669 2831 1880 2881 mense.

284 2894 453 2964 prima
499 2894 595 2952 die
642 2898 849 2956 mensis
895 2902 1305 2959 tabernaculum
1351 2905 1605 2978 erigitur,
1649 2923 1775 2964 cum
1822 2910 1879 2966 in

284 2985 432 3043 initio
482 2990 681 3060 gratia:
732 3007 833 3063 per
887 2993 1306 3067 Redemptorem
1387 3009 1634 3056 nostrum
1698 3003 1879 3059 omnis

283 3077 536 3138 Ecclesiae
564 3062 795 3140 ornatus
831 3062 1192 3157 construit-ur,
1235 3106 1302 3147 ac
1340 3091 1506 3149 decor
1531 3107 1687 3150 novae
1712 3092 1875 3151 Jeru-
1903 3062 1948 3124 C

283 3169 464 3237 salem,
495 3187 717 3244 sponsae
748 3175 1005 3233 videlicet
1047 3179 1288 3238 caelestis
1324 3183 1469 3254 regis
1503 3185 1597 3255 qui
1636 3186 1704 3241 de
1735 3186 1875 3245 caelo

283 3258 561 3317 descendit
583 3302 603 3330 ,
652 3265 832 3336 qualis
892 3267 964 3324 sit
1010 3268 1261 3327 ﬁdelibus
1307 3273 1592 3330 animabus
1652 3282 1876 3333 tonante

286 3347 607 3423 Evangelio,
647 3355 1074 3415 demonstratur.
1129 3360 1260 3418 Post
1306 3371 1512 3432 autem,
1543 3366 1650 3422 hoc
1696 3375 1785 3422 est
1818 3367 1872 3423 in

288 3444 686 3501 resurrectione
722 3448 972 3504 vivorum
1005 3461 1062 3506 et
1098 3459 1458 3522 mortuorum,
1483 3455 1598 3527 jam
1643 3457 1873 3516 manife-

287 3534 513 3620 stabitur
559 3538 776 3607 specie,
831 3541 926 3612 qui
972 3558 1118 3601 nunc
1161 3544 1295 3602 latet
1346 3546 1403 3601 in
1447 3548 1754 3620 aenigmate.
1806 3551 1875 3608 Et

288 3619 418 3676 siem
454 3624 512 3678 in
538 3626 726 3696 primo
761 3644 907 3687 anno
933 3634 1277 3704 congregatis
1314 3619 1596 3707 impensis,
1629 3636 1871 3707 ejusdem

287 3718 571 3771 structurae
616 3728 957 3791 praeparatus
1007 3733 1255 3797 sumptus
1301 3725 1486 3783 futuro
1537 3731 1691 3800 operi
1745 3731 1875 3787 sub-

1990 448 2059 503 ah
2093 446 2251 502 initio
2280 446 2488 512 mundi,
2522 459 2695 515 usque
2725 445 2796 501 ad
2825 446 3117 503 adventum
3147 448 3361 504 Domini
3396 466 3579 508 sermo

1991 537 2074 593 vel
2111 552 2267 609 opus,
2297 537 2365 592 ad
2394 543 2729 593 structuram
2760 546 2962 593 sancta:
2990 536 3248 595 Ecclesia:
3282 556 3382 610 per
3403 542 3585 613 ipsum

1990 627 2328 684 Salvatorem
2371 625 2705 682 aediﬁcanda:
2744 626 3093 692 conveniens,
3139 642 3237 698 per
3284 629 3580 699 scriptorcs

1990 719 2204 775 Veteris
2228 717 2562 774 Testamenti
2600 717 2897 789 colligitur,
2933 724 2995 772 ut
3031 717 3282 774 doctores
3305 719 3589 793 Evangelii.

1988 819 2233 881 sumptus
2257 811 2493 866 habeant
2527 810 2725 881 prisca:
2753 810 2911 882 legis,
2941 810 3001 867 in
3033 813 3381 868 attcstatione
3408 813 3582 869 Evan-

1987 903 2111 973 gelii
2137 903 2205 959 ad
2230 902 2658 959 conﬁrmandam
2688 902 2850 959 ﬁdem
2875 904 3240 959 credentium.
3287 904 3577 977 Sequitur:

1989 989 2278 1063 Postquam
2313 1001 2502 1047 cuncta
2534 993 2765 1065 perfecta
2793 1002 2935 1059 sunt,
2972 996 3175 1065 operuit
3206 995 3368 1052 nubes
3406 997 3575 1054 taber-

1988 1082 2236 1138 naculum
2276 1082 2580 1149 testimonii,
2615 1093 2663 1138 et
2701 1083 2872 1154 gloria
2902 1084 3119 1140 Domini
3155 1084 3383 1156 implevit
3420 1086 3578 1153 illud,

1986 1188 2081 1227 nec
2104 1183 2309 1244 poterat
2334 1173 2544 1245 Moyses
2575 1175 2780 1246 ingredi
2817 1183 3009 1231 tectum
3031 1176 3267 1246 (aderis,
3290 1177 3423 1234 nube
3448 1197 3579 1251 ope-

1986 1268 2149 1322 riente
2189 1268 2392 1335 omnia,
2431 1277 2481 1324 et
2513 1268 2793 1339 majestate
2817 1269 3030 1323 Domini
3079 1281 3408 1336 coruscantr,
3451 1274 3593 1343 quia.

1985 1369 2174 1414 cuncta
2195 1359 2355 1414 nubes
2373 1370 2669 1430 operuerat.
2691 1358 2751 1414 Si
2765 1359 2975 1431 quando
2999 1360 3160 1415 nubes
3178 1361 3587 1419 tabernaculum

1984 1451 2276 1518 deserebat,
2302 1451 2772 1522 proﬁciscebantur
2788 1452 2889 1521 ﬁlii
2903 1451 3076 1507 Israel
3095 1470 3188 1524 per
3203 1463 3404 1509 turmas
3424 1472 3581 1510 suas.

1986 1539 2044 1596 Si
2072 1543 2327 1612 pendebat
2342 1544 2602 1621 desuper,
2625 1545 2905 1599 manebant
2941 1546 2995 1599 in
3026 1546 3205 1602 eodem
3228 1546 3363 1601 loco.
3398 1546 3587 1604 Nubes

1983 1634 2173 1704 quippe
2202 1634 2419 1690 Domini
2466 1636 2749 1690 incubabat
2793 1653 2887 1707 per
2925 1636 3065 1690 diem
3113 1637 3478 1705 tabernaculo,
3527 1650 3578 1695 ct

1910 1713 1957 1774 B
1984 1722 2119 1791 ignis
2156 1723 2212 1776 in
2252 1733 2421 1791 nocte,
2465 1725 2757 1780 uidentibus
2797 1726 3004 1797 populis
3028 1726 3202 1782 Israel
3237 1745 3332 1799 per
3360 1741 3581 1786 cunctas

1982 1819 2279 1874 mansiones
2313 1836 2459 1875 suas.
2499 1819 2746 1876 Notanda
2785 1830 2871 1876 est
2900 1836 2986 1875 res
3024 1820 3251 1876 multum
3289 1822 3585 1891 mirabilis,

1981 1908 2109 1978 quia
2161 1909 2306 1965 nube
2344 1910 2709 1966 descendente
2742 1919 2799 1966 et
2835 1910 3091 1982 implente
3144 1911 3587 1980 tabernaculum,

1982 2014 2104 2070 qua}
2142 2008 2321 2056 tamen
2349 2000 2522 2072 gloria
2547 2000 2761 2055 Domini
2792 2001 3013 2068 dicitur,
3046 2017 3155 2057 non
3180 2010 3396 2071 poterat
3423 2002 3576 2075 Moy-

1982 2106 2072 2148 ses
2099 2090 2303 2146 intrare
2328 2091 2761 2158 tabernaculum,
2789 2091 2882 2161 qui
2912 2093 2964 2147 in
2991 2101 3175 2148 monte
3200 2090 3331 2147 Sina
3356 2093 3593 2162 quando‘

1981 2183 2157 2255 legem
2180 2182 2434 2255 primitus
2470 2183 2697 2253 accepit,
2732 2183 2957 2238 intravit
3004 2183 3060 2238 in
3097 2183 3298 2239 nubem
3332 2184 3425 2239 ubi
3456 2193 3583 2240 erat

1982 2274 2147 2331 Deus.
2176 2274 2374 2331 Procul
2400 2274 2565 2331 dubio
2602 2289 2732 2344 ergo
2758 2274 2918 2328 aliam
2945 2288 3239 2344 personam
3274 2281 3405 2330 tunc
3438 2272 3574 2345 ﬁgu-

1982 2365 2157 2431 rabat,
2212 2363 2373 2419 aliam
2420 2379 2585 2419 nunc.
2644 2364 2713 2417 Et
2763 2372 2892 2418 tunc
2937 2373 3124 2419 eorum
3167 2363 3261 2433 qui
3303 2363 3588 2433 principes

1983 2457 2141 2523 ﬁunt,
2191 2457 2397 2513 intimae
2431 2454 2650 2512 veritati
2693 2454 2821 2521 Dei,
2859 2471 3002 2510 nunc
3039 2463 3220 2510 autem
3260 2454 3587 2511 Iudaeorum.

1983 2547 2183 2618 quibus
2223 2545 2392 2618 gloria
2418 2545 2631 2601 Domini
2665 2560 2785 2615 qua:
2821 2547 2876 2600 in
2910 2544 3261 2601 tabernaculo
3290 2554 3395 2612 est,
3427 2548 3571 2616 quod

1983 2647 2067 2693 est
2101 2636 2306 2693 Christi
2347 2638 2547 2710 gratia,
2593 2645 2856 2707 tanquam
2908 2638 3081 2693 nubes
3121 2638 3415 2708 opponitur
3463 2654 3573 2693 non

1982 2745 2103 2785 eam
2130 2729 2589 2803 intelligentibus;
2616 2738 2673 2785 et
2702 2730 2824 2786 ideo
2856 2746 2963 2785 non
2993 2730 3200 2785 intrant
3237 2731 3290 2784 in
3322 2731 3579 2786 taberna-

1983 2819 2164 2875 culum
2202 2819 2519 2886 testimonii,
2549 2826 2606 2876 et
2647 2819 2753 2874 hoc
2779 2818 3113 2875 credendum
3153 2829 3242 2876 est
3282 2819 3451 2876 semel
3494 2819 3579 2875 la-

1982 2919 2151 2976 etum,
2180 2925 2304 2967 mox
2333 2917 2394 2966 ut
2418 2912 2774 2968 constitutum
2803 2921 2888 2966 est
2915 2912 3327 2968 tabernaculum
3345 2953 3360 2976 ,
3399 2912 3569 2981 signi-

1983 2999 2255 3056 ﬁcationis
2296 2998 2458 3069 hujus
2494 3015 2658 3055 causa
2691 2999 2776 3055 vel
2812 2998 3049 3069 alicujus
3092 2999 3338 3055 alterius.
3383 2999 3572 3068 Neque

1978 3090 2125 3146 enim
2164 3089 2506 3160 semper-sic
2554 3094 2676 3144 erat
2719 3089 2893 3145 nubes
2932 3102 3096 3159 super
3134 3088 3568 3155 tabernaculum,

1977 3191 2040 3239 ut
2081 3183 2209 3240 illuc
2237 3183 2451 3256 Moyses
2492 3184 2697 3239 intrare
2740 3198 2847 3238 non
2876 3190 3080 3253 posset.
3124 3181 3571 3251 Quandoquidem

1976 3292 2086 3332 non
2114 3276 2519 3341 removebatur,
2554 3276 2660 3331 nisi
2689 3291 2812 3332 cum
2841 3276 2921 3331 eis
2948 3276 3051 3331 hoc
3088 3274 3300 3345 signum
3337 3274 3570 3329 dabatur

1976 3366 2322 3439 disjnngandi
2347 3407 2364 3434 ,
2412 3368 2517 3425 hoc
2562 3376 2649 3424 est
2692 3377 2871 3424 castra
2920 3367 3170 3423 movendi
3220 3380 3287 3422 ex
3333 3381 3399 3421 eo
3450 3365 3572 3421 loco

1975 3458 2070 3514 ubi
2094 3468 2272 3526 erant,
2291 3468 2343 3516 et
2374 3459 2666 3516 accedendi
2687 3475 2797 3531 quo
2821 3459 2992 3515 nubes
3012 3459 3247 3514 ducebat
3271 3472 3369 3528 per
3396 3457 3563 3521 diem,

1977 3551 2194 3610 ﬂamma
2224 3570 2325 3626 per
2352 3565 2589 3611 noctem.
2631 3553 2763 3622 Quae
2792 3554 2898 3608 duo
2927 3552 3168 3608 vicissim
3204 3550 3369 3605 etiam
3408 3564 3571 3619 super

1980 3643 2390 3700 tabernaculum
2428 3645 2721 3701 manebant
2755 3644 2845 3699 ubi
2883 3650 3062 3699 castra
3102 3641 3435 3713 posuissent,
3465 3656 3571 3693 nu-

1980 3734 2080 3790 bes
2108 3750 2207 3806 per
2233 3735 2403 3801 diem,
2437 3734 2653 3789 ﬂamma
2686 3750 2786 3805 per
2822 3741 3062 3789 noctem.

288 3872 3552 3927 mi

876 4017 1450 4135 unum
1525 3966 2276 4144 unum:
2353 4029 2969 4142 unum
3078 4113 3097 4127 .

1030 4247 1322 4309 ABBATIS
1354 4251 1738 4312 FULDENSIS
1773 4256 1863 4311 ET
1901 4256 2419 4315 ARCHIEPISCOPI
2455 4260 2839 4317 MOGUNTINI

699 4376 1893 4588 EXPOSITIONUM
1989 4460 2155 4585 IN
2251 4461 3145 4637 LEVITICUM

1381 4718 1592 4779 LIBRI
1640 4719 1975 4781 SEPTEM.
2024 4721 2268 4800 (ANNO
2310 4718 2476 4803 83’s.)

1734 4866 2105 4890 *-

1647 4971 2063 5045 PROLOG
2084 4973 2205 5046 US

1122 5130 1214 5186 AD
1250 5130 1720 5189 FRECULPIIUM
1761 5130 2151 5189 EPISCOPUM
2202 5134 2713 5191 LEXOV’IENSESI.

1710 5266 2153 5282 ψ

353 5352 580 5410 Domino
606 5358 806 5433 sancto
830 5360 995 5422 atque
1019 5352 1184 5407 beato
1226 5344 1395 5415 Patri,
1436 5352 1773 5421 multumque
1813 5351 1866 5406 in
1894 5351 1948 5412 D
2042 5350 2283 5406 Arduum
2310 5368 2449 5421 opus
2475 5360 2531 5406 et
2559 5352 2700 5407 ultra
2738 5354 2983 5423 proprias
3012 5356 3156 5411 vires
3186 5371 3271 5410 me
3328 5354 3544 5425 aggredi

281 5444 484 5497 Christi
511 5442 772 5500 membris
796 5459 958 5500 causa
990 5459 1129 5499 verm
1158 5444 1375 5514 pietatis
1406 5445 1564 5500 nobis
1601 5459 1865 5500 veneran-

285 5533 354 5586 da
372 5532 675 5604 Freculpbo
707 5534 964 5604 episcOpo
985 5534 1238 5591 [tabanus
1270 5543 1520 5604 peccator
1554 5536 1609 5590 in
1652 5535 1867 5591 Christo

287 5620 537 5679 saiutctu.
812 5654 829 5666 -

1969 5442 2293 5514 jampridem
2309 5440 2540 5510 iussisti,
2581 5450 2639 5496 ut
2665 5434 2903 5512 quinque
2931 5442 3099 5498 libros
3126 5442 3369 5497 Mosaicae
3387 5441 3544 5513 legis,

1974 5548 2110 5602 quos
2133 5530 2344 5585 Hebraei
2389 5531 2597 5584 Torach
2625 5532 2935 5601 appellant,
2976 5547 3133 5585 sensu
3163 5530 3392 5600 spiritali
3442 5533 3539 5587 tibi

1971 5622 2333 5692 pcrurdincm
2375 5636 2731 5691 exponerem;
2765 5623 2831 5677 ad
2868 5621 3009 5691 quod
3056 5622 3109 5675 in
3139 5619 3316 5679 lronte
3357 5626 3543 5696 operis
