3954 6176
403 247 509 300 247

1054 242 1111 295 Β.
1155 241 1410 296 RABANI
1449 240 1670 298 MAUBI
1711 239 2035 296 ARCHIEI‘.
2083 241 2396 298 MOGUNT.
2439 240 2725 297 OPERUM
2767 239 2948 295 PARS
2988 241 3029 295 Ι.

3568 247 3670 305 148

397 360 586 417 statim
614 360 888 428 respondi,
946 359 1135 412 mirari
1167 373 1273 424 me,
1297 374 1466 428 quare
1491 359 1558 413 ad
1604 359 1708 413 tale
1749 359 1986 414 studium
2015 360 2062 419 Α
2091 359 2315 412 verbum
2327 357 2708 427 Deiprofertur
2728 355 2796 410 ad
2821 355 3087 430 homines,
3107 371 3212 410 non
3240 355 3444 424 absque
3465 373 3678 430 mmpe-

398 451 558 506 vilem
594 459 649 504 et
705 450 934 504 inertem
991 449 1377 504 homunculum
1417 449 1670 519 eligeres,
1715 449 1985 518 pnncipue

394 557 521 598 cum
547 557 603 595 ιιι
652 540 884 596 desertis
928 539 1063 594 locis
1108 555 1441 595 conversans
1471 541 1708 594 maxima
1754 554 1986 610 occupa-

395 636 544 690 tione
579 634 849 699 detinear,
895 649 1000 703 qua
1037 634 1242 689 servire
1269 649 1332 688 ac
1365 633 1671 687 necessaria
1701 631 1986 702 providere

395 725 614 780 famulis
649 723 852 778 Christi
880 723 980 777 sub
1009 723 1210 793 Regula
1239 723 1412 777 sancti
1443 723 1717 777 Benedicti
1741 722 1986 792 degenti-

396 816 498 870 bus
539 815 783 886 quotidie
814 815 1138 884 eompellor;
1165 831 1264 869 nec
1305 817 1476 869 otium
1508 814 1736 869 habeam
1760 824 1854 868 aut
1886 813 1988 868 Pa-

399 917 539 962 trum
585 908 729 962 dicta
770 908 1003 978 pleniter
1030 909 1388 978 perscrutari,
1432 915 1525 961 aut
1574 907 1984 961 excusationem

395 999 642 1069 recipere
677 999 921 1064 nolebas,
971 999 1127 1068 parui
1169 1008 1439 1068 praecepto
1485 1015 1552 1052 ne
1603 997 1984 1051 inobedientiaa

394 1105 654 1162 arguerer
687 1090 850 1154 fastu,
893 1098 948 1144 et
973 1089 1248 1145 Geneseos
1287 1089 1487 1144 librum
1534 1099 1698 1159 atque
1738 1089 1982 1142 Exodum

393 1182 692 1237 secundum
743 1197 963 1237 sensum
1013 1180 1279 1250 majorum
1319 1182 1587 1250 exposui,
1641 1181 1860 1234 tandem
1917 1181 1986 1235 ad

391 1271 691 1326 Leviticum
717 1273 1060 1342 perveniens,
1089 1271 1266 1341 reperi
1290 1272 1478 1326 bunca
1505 1269 1799 1326 venerabili
1833 1284 1985 1339 pres-

396 1363 588 1435 bytero
628 1364 1126 1435 Hierosolymorum
1161 1363 1430 1434 Hesychio
1461 1365 1594 1418 satis
1634 1363 1793 1433 plene
1821 1377 1984 1431 expo-

388 1455 575 1520 situm,
608 1455 751 1509 unde
779 1455 1011 1525 cogitavi
1037 1455 1103 1510 ab
1120 1454 1279 1525 hujus
1306 1455 1430 1510 libri
1449 1455 1633 1509 labore
1660 1468 1746 1508 me
1770 1454 1984 1524 penitus

390 1545 670 1600 abstinere
699 1561 762 1600 ac
788 1546 886 1601 tibi
923 1561 1213 1617 suggerere
1237 1553 1505 1616 quatenus
1553 1545 1842 1599 memorati
1883 1559 1983 1599 au-

391 1637 560 1691 ctoris
595 1637 828 1692 lectione
874 1637 967 1692 tibi
1016 1637 1379 1697 satisfaceres.
1407 1637 1512 1692 Sed
1561 1646 1650 1691 tua
1681 1637 1981 1707 diligentia,

2092 449 2328 502 tentibus
2355 447 2629 518 profertur
2659 447 3006 500 indumentis.
3042 445 3175 500 Nam
3203 446 3344 501 sicut
3373 447 3447 501 ibi
3477 453 3678 516 carnis,

2088 538 2161 592 ita
2192 539 2279 594 hic
2327 539 2522 594 litterie
2549 537 2818 593 velamine
2860 537 3096 607 tegitur,
3129 546 3190 591 ut
3241 537 3421 592 littera
3459 540 3679 608 quidem

2087 630 2385 700 aspiciatur
2442 638 2697 698 tanquam
2750 643 2880 683 caro
2926 627 3101 682 latens
3156 642 3285 684 vero
3351 629 3685 686 intrinsecus

2087 721 2347 793 spiritalis
2395 737 2586 776 sensus
2635 729 2894 789 tanquam
2935 719 3190 775 divinitas
3245 720 3532 774 sentiatur.
3603 722 3682 776 Te

2088 825 2269 868 tamen
2301 811 2592 867 dillicultas
2617 811 2726 866 ulla
2771 811 3024 866 lectionis
3069 826 3176 865 non
3225 811 3538 880 deterreat,
3588 814 3682 868 sed

2087 905 2262 975 magis
2295 905 2490 958 divinae
2529 903 2743 973 pietatis
2765 903 2832 957 ad
2863 902 3102 956 studium
3131 911 3394 971 provocet
3425 903 3686 957 recorda-

2087 996 2162 1049 tio
2191 1035 2205 1059 ,
2247 1009 2368 1064 quae
2413 1009 2509 1064 per
2547 993 2835 1063 quemdam
2877 991 3179 1062 sapientem
3224 991 3395 1047 voluit
3443 991 3679 1046 dicere:

2087 1084 2199 1156 Ego
2221 1084 2494 1153 diligentes
2537 1100 2619 1136 me
2647 1081 2886 1152 diligam,
2920 1090 2969 1134 et
3008 1082 3098 1150 qui
3141 1097 3292 1134 mane
3334 1079 3672 1149 vigilaverint

2086 1177 2154 1231 ad
2203 1192 2302 1240 me,
2347 1175 2603 1229 invenient
2642 1190 2722 1227 me
2769 1169 2957 1243 (Prov.
3011 1170 3152 1242 Vill).
3194 1170 3436 1224 Transite
3487 1171 3556 1223 ad
3601 1187 3684 1224 me

2085 1285 2260 1322 omnes
2285 1267 2373 1338 qui
2405 1264 2768 1336 concupiscitis
2801 1280 2880 1316 me
2910 1303 2924 1328 ,
2949 1271 2996 1315 et
3041 1279 3073 1315 a
3097 1261 3519 1332 generationibus
3550 1263 3682 1314 meis

2086 1359 2369 1430 implemini
2391 1357 2581 1431 (Eceli.
2611 1356 2783 1426 xxrv).
2812 1356 2880 1410 Et
2899 1356 2952 1411 in
2991 1353 3286 1424 Evangelio
3317 1353 3432 1422 ipsa
3466 1354 3683 1407 Veritas

2086 1449 2448 1503 humilitatem
2465 1455 2706 1504 nostram
2729 1446 2796 1500 ad
2822 1444 3231 1500 meditationem
3256 1441 3540 1511 sapientia:
3561 1457 3678 1495 sua:

2087 1540 2510 1595 misericorditer
2537 1537 2880 1608 provocando
2929 1536 3043 1589 ait:
3081 1533 3184 1599 Qui
3234 1535 3345 1588 sitit
3390 1534 3564 1588 veniat
3611 1533 3681 1585 ad

2085 1650 2166 1686 me
2194 1641 2239 1686 et
2272 1633 2430 1696 bibat,
2455 1641 2501 1685 et
2525 1631 2588 1684 de
2616 1639 2790 1684 ventre
2818 1628 2932 1698 ejus
2953 1629 3119 1696 ﬂuent
3149 1642 3300 1696 aqua:
3334 1626 3458 1678 viva:
3485 1624 3673 1693 (Joan.

390 1728 493 1783 hoc
519 1743 780 1798 responso
822 1743 928 1784 non
957 1737 1232 1792 contenta,
1263 1728 1613 1799 praecipiebat
1655 1735 1714 1783 ut
1748 1743 1816 1784 ex
1843 1742 1980 1796 praa-
2011 1713 2056 1771 Β
2085 1724 2202 1797 vn).
2240 1723 2425 1779 Venite
2444 1721 2515 1775 ad
2539 1738 2619 1775 me
2642 1737 2820 1774 omnes
2835 1718 2923 1788 qui
2947 1716 3204 1771 laboratis
3226 1726 3274 1770 et
3298 1715 3504 1768 onerati
3525 1714 3677 1778 estis,

385 1817 482 1874 l'ati
511 1820 613 1875 viri
637 1835 818 1891 opere,
851 1836 1060 1876 necnon
1088 1832 1144 1876 et
1163 1837 1229 1876 ex
1261 1821 1486 1875 aliorum
1517 1820 1738 1874 Patrum
1767 1818 1981 1888 scriptis

387 1911 477 1978 qui
503 1911 555 1964 in
580 1912 830 1966 eumdem
857 1912 1055 1967 librum
1089 1929 1195 1968 non
1224 1928 1321 1983 per
1349 1913 1618 1979 ordinem,
1653 1910 1745 1966 sed
1779 1911 1980 1965 viritim

385 2000 650 2068 quasdam
668 2003 970 2058 sententias
987 2013 1378 2072 exposuerunt,
1396 2005 1447 2058 in
1463 2019 1628 2058 unum
1643 2003 1976 2073 colligerem,

385 2099 446 2143 ut
499 2091 550 2144 in
595 2102 845 2162 promptu
902 2094 1132 2148 haberes
1189 2095 1318 2163 quid
1359 2093 1737 2164 unusquisque
1790 2107 1978 2147 eorum

391 2179 516 2234 inde
560 2181 810 2236 senserit.
843 2181 968 2237 Feci
1019 2183 1160 2238 sicut
1190 2184 1460 2238 mandasti
1491 2224 1503 2248 ,
1543 2192 1599 2238 et
1641 2198 1709 2236 ex
1752 2180 1981 2236 confuso

385 2269 779 2325 sententiarum
813 2272 1026 2338 ordine,
1059 2274 1349 2342 quemdam
1379 2273 1626 2328 ordinem
1658 2271 1980 2343 digestionis

383 2361 658 2415 variorum
683 2363 965 2419 doctorum
993 2367 1292 2422 sententias
1308 2366 1626 2421 alternando
1647 2374 1812 2434 atque
1830 2379 1980 2420 com-

387 2450 668 2506 miscendo
700 2455 1002 2522 composui.
1030 2453 1089 2509 Si
1115 2455 1244 2525 quid
1274 2464 1457 2510 autem
1489 2456 1560 2510 ibi
1585 2463 1639 2510 te
1664 2454 1976 2517 oll'enderit,

387 2541 487 2595 tibi
514 2541 740 2612 deputes
765 2559 870 2597 non
904 2545 1054 2610 mihi,
1081 2546 1173 2614 qui
1203 2545 1304 2600 hoc
1337 2545 1520 2600 facere
1555 2561 1641 2600 me
1679 2545 1971 2614 compelle-

386 2632 502 2686 bas.
536 2633 652 2704 Ego
675 2645 857 2690 autem
887 2636 940 2689 in
972 2635 1075 2690 hoc
1108 2652 1211 2691 non
1256 2639 1571 2692 necessitati
1600 2635 1829 2705 alicujus
1851 2652 1981 2690 con-

386 2723 528 2777 sului
561 2764 575 2789 ,
630 2727 723 2780 sed
762 2733 972 2782 tantum
1024 2737 1130 2784 tua:
1181 2729 1397 2784 obedivi
1439 2729 1724 2783 voluntati.
1777 2727 1978 2796 Accipe

387 2831 524 2886 opus
565 2817 708 2888 quod
751 2819 1069 2889 postulasti,
1105 2830 1159 2875 et
1207 2819 1431 2875 Levitici
1489 2820 1611 2874 libri
1659 2819 1976 2888 multiplicia

385 2908 645 2978 mysteria
669 2909 724 2962 in
753 2925 820 2965 eo
855 2911 1080 2982 legendo
1117 2911 1349 2977 revolve,
1376 2909 1530 2979 cujus
1564 2911 1689 2965 libri
1720 2917 1866 2964 tanta
1895 2909 1979 2964 vis

387 3008 490 3065 est,
517 3008 576 3054 ut
601 3001 791 3057 beatus
835 3003 1194 3074 Hieronymus
1233 3005 1288 3058 in
1319 3004 1435 3073 ejus
1481 3002 1638 3057 laude
1664 3000 1792 3056 alibi
1823 3001 1976 3055 dixe-

385 3096 458 3149 rit
477 3059 622 3165 quod
651 3095 861 3166 singula
891 3059 1176 3160 sacrilicia,
1204 3097 1313 3150 imo
1339 3059 1563 3164 singulae
1592 3107 1730 3164 pene
1759 3091 1976 3162 syllaba:
2005 3059 2050 3119 Ο

390 3193 447 3241 et
476 3194 655 3241 vestes
707 3185 891 3241 Aaron
937 3195 993 3241 et
1033 3195 1178 3242 totus
1213 3187 1347 3242 ordo
1403 3185 1678 3241 Leviticus
1735 3183 1978 3238 coelestia

384 3275 507 3344 insp
532 3283 716 3330 rarent
742 3285 1107 3341 sacramenta,
1143 3278 1268 3346 quia
1294 3317 1308 3341 ,
1348 3284 1409 3332 ut
1457 3276 1596 3330 alius
1646 3276 1835 3330 doctor
1855 3275 1930 3328 ait
1962 3293 1973 3326 :

388 3364 544 3420 Sicut
581 3366 634 3419 in
665 3367 976 3423 novissimis
1005 3368 1196 3424 diebus
1222 3367 1459 3423 Verbum
1490 3367 1663 3420 Deiex
1687 3359 1853 3420 Maria
1872 3365 1980 3420 vir-

386 3453 512 3524 gine
534 3469 701 3510 carne
740 3457 995 3512 vestitum
1039 3457 1303 3527 processit
1346 3457 1400 3511 in
1443 3457 1587 3510 lnmc
1616 3455 1894 3518 mundum,
1925 3462 1980 3509 et

388 3542 534 3598 aliud
563 3545 782 3614 quidem
805 3554 926 3602 erat
949 3541 1094 3616 quod
1118 3547 1420 3613 videbatur,
1453 3546 1507 3600 in
1541 3561 1630 3610 eo,
1656 3545 1801 3600 aliud
1834 3544 1978 3614 quod

387 3637 687 3707 tegebatur,
704 3640 885 3695 carnis
899 3655 1131 3709 namque
1159 3647 1410 3710 aspectus
1439 3640 1492 3694 in
1520 3654 1586 3694 eo
1610 3638 1835 3708 parebat
1866 3652 1979 3691 om-

385 3727 566 3793 nibus,
595 3730 782 3798 paucis
809 3747 939 3786 vero
963 3740 1018 3786 et
1040 3732 1232 3787 electis
1253 3732 1482 3787 dabatur
1498 3728 1803 3784 divinitatis
1824 3727 1978 3798 agni-

386 3820 506 3885 tio;
555 3821 630 3876 ita
664 3831 720 3878 et
743 3839 866 3878 cum
893 3839 989 3894 per
1018 3824 1310 3895 prophetas
1353 3823 1438 3878 vel
1465 3838 1563 3893 per
1611 3820 1975 3892 legislatorem

393 3961 2524 3994 ____________________________....______

2080 1825 2128 1870 et
2152 1831 2246 1886 ego
2284 1813 2516 1883 reﬁciam
2554 1828 2664 1865 vos.
2705 1808 2892 1862 Tollite
2938 1808 3132 1878 jugum
3162 1821 3336 1859 meum
3375 1820 3536 1873 super
3561 1820 3677 1868 vos,

2080 1917 2127 1960 et
2154 1905 2340 1959 discite
2367 1921 2399 1957 a
2434 1919 2514 1957 me
2553 1901 2677 1972 quia
2717 1899 2857 1952 mitis
2887 1913 3002 1952 sum
3053 1905 3101 1950 et
3145 1894 3357 1948 humilis
3407 1893 3597 1956 corde,
3629 1901 3677 1945 et

2080 2000 2350 2056 invenietis
2373 1997 2602 2070 requiem
2623 1993 2898 2049 animabus
2916 1991 3098 2046 vestris
3117 2007 3133 2054 ;
3140 1989 3332 2059 jugum
3343 1988 3483 2041 enim
3499 2002 3677 2040 meum

2080 2109 2236 2148 suave
2281 2100 2379 2156 est,
2415 2098 2462 2143 et
2494 2103 2625 2142 onus
2665 2101 2838 2139 meum
2863 2083 2969 2138 leve
3001 2090 3075 2136 est
3109 2079 3326 2152 (Matth.
3358 2078 3458 2147 ιι).
3497 2075 3670 2146 Cujus

2079 2189 2336 2257 pietatem
2365 2191 2474 2237 tam
2505 2182 2557 2235 in
2585 2177 2838 2249 praesenti
2881 2174 3083 2230 sentire
3107 2186 3273 2244 quam
3300 2170 3460 2225 etiam
3488 2168 3543 2222 in
3573 2169 3668 2221 fu-

2080 2290 2204 2335 turo
2222 2277 2458 2349 pleniter
2479 2273 2758 2343 percipere
2780 2269 2893 2337 ipse
2905 2265 3184 2328 concedat,
3202 2261 3294 2332 qui
3318 2277 3418 2316 nos
3431 2259 3498 2312 ad
3511 2273 3611 2312 sua
3621 2275 3676 2312 In

2081 2372 2315 2443 gratiam
2356 2371 2753 2422 eonvocaverat
2779 2359 2938 2415 Jesus
2971 2357 3221 2412 Christus
3271 2353 3534 2408 Dominus
3569 2367 3677 2406 no-

2081 2441 2212 2516 ster.
2247 2459 2320 2514 Dc
2343 2465 2540 2512 cmtero
2553 2467 2770 2526 quoque
2799 2449 3117 2505 charitatem
3147 2454 3315 2509 tuam,
3347 2451 3535 2498 sancte
3559 2441 3679 2496 fra-

2083 2560 2183 2616 ter,
2216 2549 2534 2619 suppliciter
2555 2543 2770 2615 postulo
2797 2550 2856 2596 ut
2877 2555 2976 2611 pro
3004 2552 3167 2608 Opere
3192 2536 3402 2591 tibimet
3425 2548 3677 2604 expenso

2083 2641 2257 2697 sacris
2284 2636 2624 2694 orationibus
2653 2642 3102 2692 meremuneres,
3131 2634 3187 2680 et
3208 2622 3459 2679 omnibus
3485 2632 3676 2676 tecum

2081 2730 2527 2789 conversantibus
2573 2735 2737 2796 atque
2779 2723 3012 2777 lectione
3051 2726 3236 2774 nostra
3284 2713 3564 2769 utentibus
3619 2713 3676 2766 id

2081 2830 2256 2898 ipsum
2284 2824 2463 2879 facere
2503 2816 2832 2891 persuadeas
2857 2855 2872 2880 ,
2899 2820 3168 2885 quatenus
3193 2808 3374 2864 divina
3413 2805 3588 2876 gratia
3618 2805 3674 2857 in

2080 2895 2164 2974 via
2198 2915 2446 2972 veritatis
2496 2926 2584 2966 me
2612 2910 2812 2964 ducere
2840 2947 2854 2970 ,
2907 2913 2962 2958 et
3001 2916 3175 2971 usque
3218 2899 3287 2952 ad
3318 2897 3481 2951 ﬁnem
3515 2895 3566 2947 in
3606 2908 3676 2946 ea

2081 3022 2404 3066 conservare
2419 3005 2692 3074 dignetur.
2720 2999 2990 3067 Dicasque
3010 2991 3252 3064 quotidie
3273 3005 3371 3061 pro
3399 3003 3484 3042 me
3511 3001 3679 3040 oran-

2082 3102 2152 3155 do
2192 3099 2322 3153 illud
2352 3093 2692 3150 Psalmistte:
2728 3089 2958 3159 Spiritus
3011 3095 3133 3139 tuus
3181 3082 3368 3144 bonus,
3418 3077 3674 3140 Domine,

2084 3189 2309 3244 deducat
2335 3182 2595 3256 fantulum
2635 3190 2784 3234 tuum
2818 3179 2874 3231 in
2911 3177 3049 3231 viam
3084 3180 3303 3235 rectam,
3334 3167 3678 3236 viviﬁcesque

2083 3295 2200 3334 eum
2226 3279 2281 3330 in
2308 3275 2552 3347 wquitate
2573 3281 2690 3337 tua,
2713 3279 2760 3324 et
2779 3268 2964 3322 educes
2985 3266 3051 3319 de
3071 3260 3409 3318 tribulatione
3431 3257 3674 3310 animant

2080 3369 2225 3424 illius
2248 3408 2262 3431 ,
2292 3375 2338 3421 et
2364 3346 2418 3420 in
2439 3359 2799 3418 misericordia
2837 3368 2928 3412 tua
2949 3353 3217 3426 disperdes
3239 3350 3479 3404 inimicos
3509 3346 3632 3416 ejus
3652 3358 3674 3396 :

2083 3472 2130 3515 et
2163 3458 2346 3531 perdes
2362 3471 2538 3512 omnes
2561 3451 2652 3523 qui
2674 3449 2926 3505 tribulant
2948 3447 3181 3500 animam
3203 3441 3387 3512 ipsius,
3413 3435 3675 3508 quoniam

2083 3528 2260 3607 ser-vus
2281 3560 2401 3603 tuus
2429 3548 2537 3616 ipse
2558 3552 2634 3598 est
2673 3540 2846 3614 (Psal.
2873 3535 3064 3606 chu).
3092 3535 3240 3589 Bene
3271 3541 3324 3587 te
3369 3528 3552 3584 valere
3572 3541 3674 3580 cu-

2085 3646 2283 3714 pimus,
2311 3639 2442 3695 etin
2473 3635 2677 3692 Christi
2713 3631 2935 3688 servitio
2960 3628 3204 3701 quotidie
3227 3623 3514 3697 prolicere,
3542 3635 3673 3674 san—

2085 3746 2171 3793 cte
2192 3737 2371 3798 Pater,
2404 3742 2697 3785 memorem
2728 3723 2918 3780 nostri.

1825 4083 2226 4146 INCIPIUNT

938 4245 1970 4362 EXPOSITIONES
2057 4246 2200 4360 IN
2291 4235 3128 4356 LEVITICUM.

1883 4450 2200 4468 -ιᾙ

1641 4557 1941 4632 LIBER
1995 4553 2414 4631 PRIMUS.

909 4828 1136 4885 CAPUT
1169 4824 1466 4883 PRIMUM.

883 4919 959 4973 De
997 4919 1180 4972 hostiis
1209 4915 1486 4988 pecudum.

467 5017 618 5090 (Car.
650 5014 715 5086 ι.)
751 5010 964 5068 Vocavit
999 5019 1175 5064 autem
1231 5006 1448 5078 Moysen
1482 5015 1529 5059 et
1579 5005 1783 5057 locutus
1811 5011 1884 5055 est
1920 5002 1971 5055 ei

393 5111 649 5167 Dominus
678 5106 743 5160 de
784 5099 1125 5157 tabernaculo
1171 5098 1451 5154 testimonii
1487 5096 1706 5151 dicens:
1747 5093 1981 5164 Loquere

397 5202 522 5268 filiis
565 5193 737 5253 Israel
768 5202 815 5248 et
852 5193 991 5246 dices
1038 5191 1106 5246 ad
1142 5204 1267 5244 eos:
1299 5187 1468 5243 Homo
1508 5187 1596 5258 qui
1642 5183 1885 5239 obtulerit
1917 5200 1981 5237 ex

398 5295 544 5352 vobis
565 5289 790 5345 hostiam
815 5286 1041 5340 Domino
1063 5283 1127 5339 de
1160 5282 1452 5354 pecoribus,
1483 5281 1538 5334 id
1573 5291 1667 5342 est,
1700 5280 1765 5332 de
1822 5277 1980 5331 bobus

397 5395 448 5440 et
478 5381 680 5446 ovibus,
715 5379 893 5447 offeret
921 5376 1174 5431 victimas.
1205 5373 1312 5444 (Ex
1337 5371 1644 5443 Hesychia.)
1675 5369 1828 5437 Quod
1875 5385 1980 5424 non

401 5473 588 5544 diligat
617 5469 760 5525 Deus
793 5465 1063 5524 sacriﬁcia
1113 5478 1176 5518 ea
1211 5479 1330 5533 quae
1367 5464 1432 5518 de
1458 5461 1743 5517 sacrificiis
1783 5459 1985 5514 Judaeis

399 5563 722 5633 princeperit
750 5561 1088 5617 demonstrat
1113 5553 1285 5609 Isaias
1305 5553 1521 5608 dicens:
1561 5551 1676 5617 Quo
1701 5551 1829 5603 mihi
1854 5549 1986 5603 mul—

385 5652 661 5710 titudinem
688 5652 1017 5709 victimarum
1055 5645 1503 5710 restrarum,dicit
1537 5642 1794 5700 Dominus
1822 5654 1838 5692 :
1863 5638 1973 5710 ple-

1999 4822 2050 4880 D
2077 4837 2174 4874 nus
2203 4836 2330 4901 sum
2349 4861 2362 4884 ,
2410 4818 2716 4873 holocausta
2739 4821 2962 4874 arietum
3010 4830 3058 4874 et
3086 4819 3292 4889 adipem
3319 4818 3593 4888 pinguium
3619 4827 3667 4870 et

2080 4909 2390 4979 sanguinem
2419 4907 2699 4962 vitulorum
2729 4919 2776 4963 et
2801 4927 3060 4980 agnorum
3090 4919 3138 4964 et
3161 4910 3430 4963 hircorum
3472 4906 3620 4960 nolui
3647 4924 3665 4970 ;

2083 5015 2201 5052 cum
2242 4998 2484 5051 veniretis
2527 5006 2648 5052 ante
2675 5009 3006 5070 conspectum
3051 5016 3249 5064 meum,
3294 4999 3409 5070 quis
3432 4997 3672 5069 qumsivit

2083 5092 2194 5145 haec
2232 5091 2297 5144 de
2337 5089 2579 5144 manibus
2611 5093 2792 5146 vestris
2817 5091 2953 5163 (Isa.
2988 5092 3050 5164 ι).
3080 5093 3224 5163 Ergo
3265 5088 3670 5160 quodammodo

2085 5182 2190 5236 hoc
2206 5181 2352 5250 quod
2388 5181 2454 5235 de
2480 5181 2766 5238 sacriﬁciis
2791 5191 3146 5253 praeceperat,
3172 5181 3380 5237 abnuit.
3407 5179 3504 5234 Ilis
3529 5179 3677 5234 simi-

2084 5271 2155 5326 lia
2185 5279 2239 5326 et
2265 5272 2431 5326 Amos
2457 5272 2588 5327 dicit
2611 5289 2622 5325 :
2655 5271 2912 5350 Nunquid
2947 5274 3182 5327 victimas
3210 5281 3258 5326 et
3285 5270 3553 5339 sacriﬁcia
3587 5268 3678 5322 ob-

2087 5361 2281 5416 tulistis
2331 5363 2460 5417 mihi
2514 5364 2570 5417 in
2619 5363 2823 5417 deserto
2871 5363 3224 5434 quadraginta
3264 5361 3448 5431 annis,
3487 5359 3675 5413 domus

2089 5455 2262 5511 Israel
2306 5455 2508 5528 (Amos.
2539 5453 2615 5526 v).
2667 5454 2786 5509 Non
2821 5456 2949 5526 quia
2981 5453 3294 5525 frequenter
3341 5451 3673 5514 obtulerant,

2089 5547 2183 5603 sed
2211 5547 2280 5602 ob
2302 5547 2403 5602 hoc
2428 5546 2573 5616 quod
2609 5546 2772 5600 nimis
2800 5545 2850 5601 ei
2892 5545 3269 5613 displicebant,
3300 5559 3364 5599 ea
3390 5541 3545 5610 quasi
3569 5555 3675 5594 non
3709 5553 3714 5556 '

2086 5640 2269 5696 oblata
2298 5637 2600 5710 reputabat.
2635 5635 2837 5692 Eadem
2869 5644 2923 5691 et
2966 5635 3233 5692 Jeremias
3259 5637 3522 5704 propheta
3558 5633 3675 5687 ait:
