3956 6176
311 263 426 319 249

1269 265 1780 326 ἘΧΡΟΒΙΤΙΟΝΕΞ
1821 270 1887 326 IN
1925 272 2321 331 LEVITICUM.
2359 307 2428 317 -—
2461 277 2591 334 LIB.
2629 279 2673 334 ι.

3487 289 3594 345 250

315 381 448 436 Hec
486 380 613 435 dicit
641 379 903 436 Dominus
941 383 1263 438 exercituum
1304 383 1444 439 Deus
1489 386 1698 440 Israel:
1725 385 1898 441 Holo-
1929 392 1975 450 A
2007 399 2096 444 tur
2120 392 2298 458 angeli
2325 393 2379 446 in
2407 394 2545 448 ccelo
2575 410 2739 464 super
2768 412 2875 451 uno
2902 407 3188 468 peccatore
3213 405 3588 472 paenitentiam

306 481 644 526 caustomata
672 483 846 525 vestra
874 472 1053 527 addite
1078 475 1302 530 victimis
1338 477 1542 541 vestris,
1574 486 1622 530 et
1648 478 1902 532 comedtte

307 578 521 626 carnes,
547 563 676 632 quia
708 579 814 615 non
835 580 952 616 sum
973 564 1178 619 locutus
1198 567 1434 636 patribus
1476 569 1679 632 vestris,
1724 579 1770 621 et
1796 584 1900 622 non

305 654 534 722 praecepi
561 655 636 706 eis
661 653 715 706 in
739 654 826 706 die
847 671 952 724 qua
980 657 1140 709 eduxi
1179 673 1269 711 vos
1305 658 1368 710 de
1389 667 1530 713 terra
1557 658 1795 729 Egypti,
1835 660 1901 712 de

303 742 463 796 verbo
513 742 1028 797 holocaustomatum
1080 755 1129 798 et
1155 747 1485 800 victimarum
1533 747 1751 818 (larem.
1778 747 1897 818 vn).

303 830 437 896 Sed,
475 833 714 902 inquies,
746 835 863 888 haec
887 834 954 889 de
976 835 1174 904 quibus
1205 837 1498 906 loquimur,
1530 839 1646 908 ipse
1675 840 1901 892 manda-

303 924 382 977 vit
401 923 494 993 qui
521 932 576 980 et
604 932 789 995 negat.
815 925 882 978 Et
909 940 1008 978 cur
1032 935 1194 996 negat
1219 943 1339 996 qua:
1363 928 1731 982 mandaverat.
1757 927 1900 982 Cur?

302 1013 429 1082 quia
455 1013 822 1068 intentionem
841 1014 1050 1069 datoris
1074 1015 1233 1085 hiqui
1256 1025 1900 1088 acceperunttransgrcs-

301 1106 344 1158 si
369 1113 521 1158 sunt.
571 1104 708 1160 Cum
749 1105 898 1159 enim
948 1115 1093 1161 esset
1120 1108 1335 1163 subtilis
1375 1118 1429 1163 et
1460 1109 1617 1164 valde
1653 1111 1900 1166 sublimis

301 1195 406 1259 lex,
441 1203 500 1250 et
529 1211 655 1250 cum
680 1206 904 1266 propter
927 1212 1024 1252 eos
1049 1199 1318 1254 absconsa
1348 1211 1492 1255 esset
1527 1202 1581 1255 in
1609 1201 1899 1270 superﬁcie

300 1287 520 1352 litterae,
561 1296 834 1357 quatenus
857 1299 1262 1359 perscrutantes
1287 1307 1406 1346 eam
1436 1293 1729 1358 discerent,
1772 1309 1896 1347 cum

300 1378 452 1447 prius
475 1394 610 1434 suos
631 1379 1020 1435 emendassent
1034 1397 1245 1437 sensus.
1271 1383 1412 1453 Ergo
1433 1391 1489 1438 et
1504 1400 1646 1438 nunc
1667 1384 1897 1439 aliorum

298 1467 726 1536 intelligibilium
761 1468 1124 1536 quorumdam
1170 1476 1225 1524 et
1248 1470 1648 1525 rationabilium
1683 1472 1894 1526 sacriﬁ-

295 1558 506 1611 ciorum
536 1557 834 1629 imaginem
861 1559 1170 1633 describere
1213 1561 1472 1616 Dominus
1495 1561 1713 1633 Moysen
1757 1578 1897 1632 prae-

296 1649 478 1718 cepit:
518 1657 577 1703 et
620 1631 972 1718 apertissime
1022 1651 1139 1706 haec
1174 1667 1294 1721 qua:
1347 1653 1548 1708 dicitur
1584 1631 1892 1720 revocatio,

2001 489 2211 548 agente.
2245 480 2418 535 Homo
2445 498 2574 552 ergo
2607 484 2710 538 iste
2735 486 2828 554 qui
2867 489 3103 556 perierat
3133 501 3187 545 et
3222 494 3474 550 inventus
3498 506 3584 551 est

2001 569 2252 637 quoniam
2276 571 2409 625 nihil
2437 573 2626 627 habuit
2655 577 2888 644 propria:
2929 578 3244 635 substantiae
3293 587 3594 651 qumloﬂ'en

2001 668 2104 723 ret,
2133 670 2326 716 cuncta
2356 679 2590 733 namque
2619 666 3034 736 dilapidaverat,
3067 671 3255 726 vivens
3289 675 3585 738 luxuriose.

2001 751 2208 806 invenit
2252 754 2416 808 istum
2458 756 2709 821 vitulum,
2739 759 2956 832 caelitus
2985 761 3202 830 quidem
3233 764 3453 818 missum
3489 769 3584 822 sed

2001 858 2067 898 ex
2103 848 2539 915 patriarcharum
2562 851 2772 915 ordine,
2806 861 2860 906 et
2889 855 3150 908 connexis
3195 871 3261 909 ex
3311 856 3586 912 Abraham

2001 937 2408 1006 generationum
2455 942 2892 995 successionibus
2916 943 3255 1008 venientem,
3297 954 3352 999 et
3381 945 3587 1001 idcirco

2001 1044 2109 1082 non
2136 1031 2269 1083 dixit
2296 1030 2535 1096 vitulum,
2569 1041 2624 1085 et
2653 1033 2822 1097 siluit,
2854 1043 2911 1088 ut
2950 1037 3198 1090 videatur
3219 1037 3419 1093 vitulus
3469 1040 3592 1109 qui-

1999 1135 2212 1188 cunque
2240 1122 2658 1186 mandatus,sed
2681 1123 2982 1178 vitulumea;
3008 1126 3188 1190 bobus,
3209 1127 3258 1180 id
3282 1137 3385 1193 est,
3413 1144 3478 1182 ex
3498 1144 3592 1197 pa-

1999 1209 2362 1263 triarcharum
2381 1213 2732 1280 generatione
2748 1215 3074 1279 venientem,
3094 1216 3183 1270 hic
3203 1227 3285 1271 est
3315 1219 3590 1273 masculus

1998 1301 2118 1355 sine
2147 1302 2377 1356 macula.
2409 1303 2679 1358 Masculus
2708 1321 2835 1360 vere
2882 1316 2984 1372 est,
3017 1309 3107 1377 qui
3141 1319 3418 1376 peccatum
3446 1315 3588 1381 quod

1997 1397 2082 1443 est
2121 1389 2367 1446 femineae
2395 1391 2704 1464 fragilitatis
2729 1397 2961 1467 ignorat.
3009 1398 3170 1454 Solus
3199 1415 3329 1469 ergo
3361 1403 3449 1456 ille
3477 1419 3590 1456 ma—

1998 1479 2364 1544 sculus,solus
2389 1483 2506 1536 sine
2536 1485 2745 1539 macula
2761 1486 2973 1555 est,qui
2993 1497 3272 1556 peccatum
3301 1504 3405 1542 non
3438 1489 3584 1554 fecit,

1997 1587 2098 1625 nec
2124 1572 2276 1626 dolus
2325 1575 2576 1630 iuventus
2601 1585 2685 1630 est
2723 1578 2777 1630 in
2805 1594 2902 1632 ore
2930 1578 3065 1646 ejus.
3101 1580 3165 1633 Et
3195 1582 3287 1648 qui
3329 1591 3586 1652 acceptus

1997 1670 2184 1714 contra
2236 1663 2520 1717 Dominum
2577 1664 2804 1720 oﬂ'ertur
2864 1668 2931 1722 ad
2966 1669 3167 1723 ostium
3225 1670 3582 1726 tabernaculi.

295 1742 767 1811 dispensationem
815 1743 1108 1813 quamdam
1158 1745 1452 1800 verborum
1485 1746 1569 1801 vel
1614 1761 1795 1801 rerum
1826 1747 1892 1802 ad
1922 1741 1968 1799 B
1996 1749 2076 1805 Ad
2121 1753 2319 1806 ostium
2373 1753 2702 1810 tabernaculi
2753 1772 2860 1812 non
2899 1767 2984 1813 est
3030 1759 3171 1814 intra
3205 1761 3448 1826 ostium,
3491 1761 3588 1816 sed

293 1833 576 1902 superiora
621 1833 1028 1902 respicientium
1072 1835 1268 1890 innuit.
1327 1835 1435 1891 Sed
1485 1837 1630 1891 unde
1668 1839 1736 1892 ad
1763 1853 1892 1892 eum

297 1923 557 1977 Dominus
583 1922 850 1992 loquitur,
869 1924 935 1978 de
959 1924 1308 1981 tabernaculo
1331 1926 1538 1981 scilicet
1566 1927 1892 1982 testimonii:

295 2013 527 2082 primum
551 2015 779 2083 quidem
812 2015 880 2070 de
904 2015 1042 2070 caelo
1062 2057 1076 2082 ,
1105 2017 1228 2085 quia
1259 2017 1314 2072 in
1338 2019 1464 2093 ipso.
1479 2019 1727 2072 habitare
1751 2018 1896 2074 Deus

297 2102 623 2158 alﬁrmatur.
668 2105 877 2159 Deinde
903 2106 1308 2161 tabernaculum
1336 2108 1630 2162 testimonii
1659 2123 1896 2177 praesen-

297 2206 397 2250 tem
419 2197 760 2266 scripturam
789 2196 1160 2268 intelligimus,
1181 2199 1436 2268 quoniam
1465 2201 1620 2268 quasi
1644 2200 1894 2254 taberna-

297 2287 466 2341 culum
491 2288 774 2357 quoddam
797 2298 938 2354 erat,
963 2305 1086 2344 cum
1113 2303 1176 2343 ea
1213 2305 1334 2361 quae
1358 2290 1676 2345 dicebantur
1707 2291 1896 2362 imagi-

294 2393 388 2432 nes
432 2380 554 2433 sive
612 2379 797 2449 ﬁgune
847 2381 1190 2448 sequentium
1243 2381 1628 2453 mysteriorum
1673 2389 1890 2446 essent,

294 2477 513 2538 propter
558 2469 706 2537 quod
753 2470 1168 2524 tabernaculum
1231 2471 1527 2526 testimonii
1585 2471 1889 2526 dicebatur.

300 2557 507 2613 Horum
545 2567 729 2614 autem
760 2575 1077 2615 sermonum
1118 2562 1530 2616 tabernaculum
1570 2561 1888 2626 testimonii,

301 2649 611 2704 futurarum
640 2666 818 2705 rerum
849 2661 934 2706 est
977 2653 1390 2708 indubitabilem
1427 2653 1508 2707 eis
1559 2651 1722 2707 ﬁdem
1755 2667 1892 2722 pra:-

296 2751 476 2796 stans.
513 2739 652 2808 Quid
679 2753 854 2795 autem
878 2741 1029 2807 dicit,
1058 2749 1152 2796 aut
1171 2746 1238 2797 ad
1268 2758 1404 2812 quos
1419 2742 1584 2811 jussit
1604 2745 1626 2796 ?
1648 2743 1730 2797 Ad
1752 2744 1892 2798 ﬁlios

295 2831 554 2884 videlth
596 2829 756 2885 Israel
787 2832 855 2886 de
891 2832 1091 2902 quibus
1116 2849 1238 2887 eum
1282 2834 1374 2902 qui
1400 2834 1706 2888 voluntaria
1749 2835 1890 2888 dona

293 2919 583 2985 offerebat,
623 2920 690 2975 de
716 2921 890 2976 bobus
931 2922 1015 2976 vel
1055 2923 1122 2978 de
1149 2923 1341 2978 ovibus
1369 2922 1567 2979 oﬁ‘erre
1611 2924 1887 2994 praecepit.

296 3012 368 3066 Ex
395 3021 635 3080 utroque
674 3013 901 3067 animali
928 3013 1013 3068 vel
1036 3012 1286 3081 jumento
1327 3015 1562 3070 similem
1594 3015 1888 3087 designans

1998 1851 2152 1905 extra
2215 1846 2435 1900 ostium.
2498 1848 2667 1902 Extra
2731 1851 2928 1905 ostium
2976 1853 3176 1906 etenim
3244 1853 3347 1906 fuit
3402 1853 3583 1918 Jcsus,

1996 1936 2086 2004 qui
2119 1937 2170 1988 in
2193 1953 2288 1991 sua
2319 1941 2537 2008 propria
2566 1942 2715 1996 venit
2749 1953 2802 1997 et
2843 1945 2925 1998 sui
2959 1959 3082 1998 eum
3109 1961 3216 2000 non
3240 1954 3579 2014 receperunt.

1994 2027 2112 2082 Non
2175 2040 2260 2085 est
2315 2046 2444 2101 ergo
2499 2034 2776 2103 ingressus
2847 2036 3253 2090 tabernaculum
3318 2038 3447 2091 illud
3512 2039 3580 2092 ad

1994 2121 2138 2188 quod
2183 2132 2409 2177 venerat
2437 2164 2451 2188 ,
2511 2125 2606 2179 sed
2633 2125 2701 2179 ad
2736 2127 2935 2180 ostium
2972 2127 3088 2194 ejus
3127 2129 3342 2182 oblatus
3371 2137 3452 2183 est
3481 2129 3578 2183 ho—

1995 2210 2295 2266 locanstum
2324 2253 2338 2278 ,
2379 2215 2471 2284 qui
2510 2223 2662 2270 extra
2713 2225 2890 2271 castra
2943 2234 3136 2288 passus
3183 2227 3268 2272 est
3301 2237 3313 2271 :
3343 2235 3467 2272 nam
3521 2227 3578 2273 et

1995 2299 2069 2354 illi
2105 2303 2232 2355 mali
2263 2303 2438 2358 coloni
2468 2307 2776 2360 venientem
2819 2306 2988 2360 ﬁlium
3018 2308 3424 2376 patrisfamilias
3475 2308 3582 2376 eje-

1993 2402 2189 2447 cerunt
2215 2394 2362 2449 foras
2384 2404 2539 2450 extra
2555 2397 2766 2452 vineam
2787 2405 2841 2451 et
2851 2400 3187 2453 occiderunt.
3218 2398 3328 2452 Hoc
3345 2406 3427 2453 est
3449 2414 3580 2468 ergo

1995 2485 2138 2554 quod
2164 2485 2390 2540 ollertur
2417 2487 2485 2540 ad
2507 2488 2709 2541 ostium
2729 2488 3086 2552 tabernaculi,
3116 2496 3369 2556 acceptus
3391 2497 3580 2542 contra

1996 2577 2305 2630 Dominum.
2326 2577 2391 2630 Et
2416 2578 2547 2646 quid
2572 2586 2680 2631 tam
2714 2587 2992 2647 acceptum
3019 2593 3178 2647 quam
3204 2579 3382 2632 hostia
3423 2577 3579 2632 Chri-

1993 2666 2063 2720 sti
2091 2667 2184 2736 qui
2208 2667 2446 2736 seipsum
2471 2668 2664 2722 obtulit
2679 2668 2789 2723 Deo
2811 2688 2824 2721 :
2844 2669 2912 2721 Et
2940 2663 3062 2723 tunc
3091 2669 3352 2738 imponent
3369 2685 3581 2722 manum

1991 2772 2166 2822 suam,
2193 2757 2385 2826 inquit,
2409 2775 2568 2829 super
2597 2768 2752 2828 caput
2783 2761 2991 2822 hostire,
3020 2768 3068 2811 et
3103 2757 3417 2827 iugulabunt
3446 2758 3581 2811 vitu-

1993 2846 2102 2900 lum
2134 2857 2316 2901 contra
2345 2849 2654 2914 Dominum,
2681 2859 2731 2903 et
2755 2851 2971 2919 offerent
3000 2849 3100 2917 ﬁlii
3129 2849 3307 2902 Aaron
3337 2849 3582 2902 sacerdo—

1995 2944 2069 2989 tes
2095 2938 2404 3006 sanguinem
2433 2979 2446 3001 ,
2477 2949 2523 2991 et
2551 2940 2820 3007 effundent
2860 2939 3169 3008 sanguinem
3214 2940 3282 2991 ad
3311 2939 3480 2992 altare
3521 2941 3577 2992 in

1995 3025 2215 3079 circuitu
2229 3027 2370 3097 quod
2383 3038 2458 3082 est
2477 3029 2547 3081 ad
2570 3029 2761 3082 ostium
2792 3028 3431 3082 tabernaculitestimonii.
3466 3030 3568 3083 Po-

295 3104 593 3170 hominelm
607 3104 703 3175 qui
718 3105 852 3159 nihil
867 3107 1155 3170 acuminis,
1170 3121 1348 3176 neque
1359 3107 1427 3160 ad
1442 3106 1696 3162 Virtutem
1711 3122 1888 3177 neque
1917 3092 1961 3154 Ο
1995 3125 2100 3172 test
2126 3092 2343 3188 quidem
2373 3121 2545 3174 videri
2571 3121 2640 3175 ob
2655 3121 2758 3176 hoc
2773 3122 2974 3176 dictum
3001 3121 3141 3190 quod
3157 3122 3222 3174 de
3236 3120 3360 3175 ﬁliis
3388 3121 3569 3174 Aaron

293 3195 356 3247 ad
387 3195 658 3249 malitiam
705 3195 888 3261 habet,
917 3197 1012 3251 sed
1040 3197 1276 3251 trahitur
1304 3198 1373 3253 ab
1399 3197 1524 3254 alio.
1562 3198 1722 3253 Tales
1763 3206 1890 3254 sunt

295 3284 460 3340 boves
488 3295 547 3341 et
567 3301 722 3341 oves.
753 3286 928 3342 Nimis
948 3287 1100 3342 enim
1133 3290 1201 3342 ad
1233 3304 1451 3344 manum
1478 3299 1605 3346 sunt
1631 3298 1885 3346 consueta

295 3377 575 3443 animalia,
607 3385 664 3432 et
701 3392 796 3434 eos
839 3379 932 3449 qui
963 3393 1025 3433 ea
1053 3380 1276 3435 trahunt
1301 3381 1460 3437 facile
1502 3384 1807 3451 sequentia,
1834 3391 1890 3437 et

297 3480 581 3540 propterea
609 3486 717 3526 non
753 3473 996 3527 omnium
1043 3473 1158 3528 haec
1182 3489 1409 3529 munera
1454 3475 1551 3529 sed
1576 3473 1888 3529 Iudaeorum

297 3561 637 3618 solummodo
669 3576 791 3616 esse
817 3571 1064 3632 possunt.
1095 3561 1176 3617 Illi
1218 3565 1364 3618 enim
1395 3565 1560 3620 etiam
1598 3564 1645 3618 si
1671 3564 1890 3620 virtutis

297 3652 496 3720 aliquid
546 3667 661 3706 non
710 3661 1006 3722 operantur
1049 3653 1250 3708 sullicit
1295 3655 1374 3710 eis
1434 3655 1619 3724 inique
1664 3655 1889 3708 minime

298 3745 526 3813 operari.
572 3744 777 3799 Verum
801 3745 928 3815 quia
966 3745 1359 3816 intelligibilem
1389 3745 1681 3816 quemdam
1721 3743 1890 3799 Israel

299 3837 608 3904 didicimus,
636 3853 870 3909 eumque
890 3837 1284 3909 intelligibilem
1305 3837 1778 3893 circumcisionem
1799 3849 1891 3889 ve-

301 3938 599 3994 nerantem,
626 3930 1084 4000 quemadmodum
1115 3929 1314 3983 Paulus
1335 3929 1448 3982 ait:
1477 3927 1601 3983 Non
1631 3928 1770 3981 enim
1797 3927 1889 3996 qui

298 4024 352 4077 in
379 4026 660 4094 manifesto
689 4027 933 4092 Judazus,
963 4045 1055 4082 nec
1101 4045 1164 4082 ea
1195 4043 1314 4098 qua?
1342 4025 1520 4097 palam
1549 4027 1605 4079 in
1634 4040 1790 4079 carne
1813 4031 1890 4077 est

299 4116 646 4182 circumcisio,
674 4117 765 4172 sed
809 4119 898 4188 qui
925 4119 980 4172 in
1007 4118 1231 4183 occulto,
1266 4130 1314 4172 et
1352 4116 1681 4172 circumcisio
1713 4113 1888 4168 cordis

299 4208 351 4259 in
369 4209 583 4278 spiritu,
625 4225 730 4264 non
755 4208 952 4275 littera,
983 4210 1136 4280 cujus
1172 4209 1294 4264 laus
1325 4227 1430 4264 non
1457 4225 1522 4263 ea:
1565 4207 1886 4270 hominibus,

301 4298 385 4350 sed
411 4314 478 4351 ea;
525 4297 636 4351 Deo
670 4307 745 4352 est
780 4298 956 4372 (Rom.
986 4299 1071 4370 ιι),
1102 4300 1152 4354 ei
1200 4299 1516 4370 spiritaliter
1571 4297 1886 4367 prmdictam

301 4386 429 4456 legis
449 4388 784 4442 sanctionem
808 4395 1124 4458 coaptemus
1148 4405 1160 4440 :
1187 4386 1378 4452 Homo,
1411 4387 1608 4456 inquit,
1631 4387 1720 4456 qui
1735 4384 1888 4438 obtu—

301 4476 414 4530 (erit
435 4491 501 4531 ex
529 4479 674 4533 vobis
712 4478 938 4533 hostiam
968 4479 1033 4532 de
1061 4478 1356 4549 pecoribus,
1401 4478 1458 4531 id
1486 4487 1580 4539 est,
1613 4477 1678 4530 de
1722 4475 1883 4528 bobus

299 4570 534 4622 uocibus
557 4569 786 4639 offerens
812 4570 1052 4623 victimas
1075 4583 1094 4622 :
1120 4570 1167 4622 si
1197 4568 1564 4623 holocaustum
1586 4568 1702 4637 ejus
1719 4566 1879 4634 fuerit

300 4659 491 4712 oblatio
521 4677 587 4712 ac
614 4651 682 4713 de
717 4670 976 4740 armeltto,
1005 4658 1301 4713 masculum
1329 4657 1726 4713 immaculatum
1751 4657 1882 4724 olfe-

301 4760 372 4802 ret
399 4750 470 4802 ad
495 4750 688 4802 ostium
704 4749 1028 4827 tabernaculi
1049 4749 1334 4804 testimonii
1355 4749 1424 4802 ad
1445 4747 1765 4818 placandum
1782 4746 1885 4800 sibi

300 4841 602 4904 Dominum,
630 4850 738 4896 etc.
770 4841 880 4911 (Ea:
910 4839 1181 4912 Origene.)
1221 4839 1335 4896 Hoc
1356 4841 1412 4894 in
1440 4839 1560 4895 loco
1609 4838 1884 4892 hominem

299 4946 456 5002 quem
492 4933 786 5003 appellavit
826 4941 882 4987 et
926 4933 1160 5002 primum
1198 4932 1253 4985 in
1298 4930 1550 4986 omnibus
1592 4929 1772 4999 posuit
1817 4927 1886 4982 ad

301 5021 635 5077 offerendum
699 5037 898 5076 munus
949 5021 1078 5084 Deo,
1131 5019 1541 5089 intelligendum
1578 5031 1698 5072 esse
1726 5030 1885 5071 omne

304 5111 593 5167 humanum
631 5112 871 5167 arbitror
897 5127 1066 5180 genus
1091 5151 1106 5174 ,
1140 5119 1194 5166 et
1227 5111 1401 5179 ipsum
1449 5108 1557 5163 dici
1604 5109 1880 5162 hominem

303 5203 392 5271 qui
430 5203 802 5258 holocaustum
833 5201 1028 5256 offerat
1059 5201 1284 5255 vitulum
1316 5214 1382 5253 ex
1413 5197 1584 5253 bobus
1613 5198 1730 5251 sine
1769 5211 1880 5249 ma-

305 5293 444 5348 cula.
469 5294 576 5351 Iste
600 5304 788 5350 autem
816 5294 1019 5348 vitulus
1046 5293 1164 5348 sine
1194 5290 1404 5346 macula
1437 5290 1558 5344 vide
1591 5289 1636 5343 si
1661 5302 1767 5356 non
1794 5287 1880 5342 ille

305 5386 577 5456 saginatus
599 5393 684 5440 est
725 5383 929 5438 vitulus
955 5424 969 5448 ,
997 5399 1158 5452 quem
1188 5390 1344 5451 pater
1374 5396 1473 5449 pro
1519 5393 1772 5448 regresso
1815 5393 1880 5433 ac

305 5478 549 5533 restituto
574 5478 681 5533 sibi
719 5477 810 5530 illo
839 5476 931 5546 qui
976 5475 1212 5544 perierat
1243 5475 1356 5528 ﬁlio
1384 5514 1397 5538 ,
1432 5473 1633 5542 quique
1666 5487 1883 5528 omnem

305 5565 416 5634 ejus
426 5569 794 5623 substantiam
811 5565 1218 5636 dilapidaverat,
1230 5563 1521 5635 jugulavit,
1537 5570 1590 5617 et
1606 5562 1733 5617 fecit
1747 5575 1882 5615 con-

307 5659 500 5716 vivium
536 5675 797 5732 magnum
838 5668 894 5714 et
924 5658 1162 5713 laetitiam
1198 5656 1406 5724 habuit,
1439 5657 1514 5710 ita
1546 5662 1604 5710 ut
1633 5653 1880 5709 laetaren-

1991 3219 2147 3265 erant
2175 3211 2331 3266 Anna
2357 3220 2412 3268 et
2439 3213 2671 3282 Caiphas
2696 3253 2711 3277 ,
2741 3221 2794 3267 et
2821 3215 3006 3268 caeteri
3037 3229 3226 3268 omnes
3250 3212 3342 3281 qui
3389 3213 3570 3266 consi-

1990 3302 2122 3356 lium
2151 3312 2374 3372 agentcs
2402 3304 2685 3358 adversum
2717 3301 2902 3357 Jesum
2933 3303 3422 3372 pronuntiaverunt
3448 3316 3574 3356 cum

1990 3407 2145 3447 reum
2191 3394 2402 3459 mortis,
2452 3401 2507 3447 et
2563 3390 2861 3445 elfuderunt
2898 3393 3216 3461 sanguinem
3271 3392 3388 3461 ejus
3430 3392 3576 3446 circa

1989 3486 2176 3540 basem
2205 3484 2394 3538 altaris
2429 3483 2762 3538 tabernaculi
2798 3482 3117 3537 testimonii.
3148 3482 3224 3535 lbi
3254 3482 3454 3534 etenim
3484 3480 3568 3535 ef-

1989 3573 2233 3629 funditur
2258 3574 2478 3643 sanguis
2502 3573 2591 3626 ubi
2609 3581 2727 3627 erat
2747 3581 2800 3626 et
2823 3572 2995 3626 altare
3015 3582 3069 3626 et
3095 3573 3240 3626 basis
3263 3572 3400 3640 ejus,
3430 3571 3572 3624 sicut

1990 3675 2043 3720 et
2061 3667 2176 3735 ipse
2191 3649 2450 3718 Dominus
2461 3664 2595 3717 dixit
2614 3681 2626 3716 :
2647 3663 2783 3727 Quia
2807 3679 2907 3715 non
2929 3663 3065 3731 capit
3082 3663 3251 3731 perire
3261 3662 3566 3730 prophetam

1989 3766 2137 3810 extra
2181 3754 2518 3809 Hierusalem
2552 3753 2704 3824 (Luc.
2746 3751 2888 3823 xm).
2913 3752 3100 3805 Posuit
3121 3767 3248 3820 ergo
3267 3759 3317 3804 et
3351 3767 3572 3804 manum

1989 3862 2143 3902 suam
2167 3861 2329 3915 super
2352 3853 2513 3914 caput
2531 3843 2706 3910 vituli,
2739 3844 2838 3896 hoc
2863 3850 2948 3896 est
2972 3851 3194 3910 peccata
3223 3841 3438 3910 generis
3465 3842 3567 3894 hu-

1989 3938 2136 3992 mani
2188 3936 2449 4006 imposuit
2499 3950 2662 4004 super
2705 3941 2869 4002 caput
2924 3949 3120 3988 suum:
3157 3933 3270 4002 ipse
3299 3941 3382 3987 est
3425 3934 3570 3986 enim

1989 4035 2154 4099 caput
2206 4027 2452 4096 corporis
2503 4025 2759 4079 Ecclesia:
2795 4039 2924 4078 sum.
2960 4022 3067 4078 Sed
3097 4031 3153 4077 et
3193 4024 3295 4077 hoc
3341 4022 3573 4075 fortasse

1989 4138 2096 4176 non
2119 4120 2236 4174 sine
2259 4133 2421 4172 causa
2449 4116 2541 4179 ﬁt,
2570 4116 2696 4185 quia
2743 4129 2868 4169 cum
2893 4113 3145 4182 superius
3187 4112 3443 4166 dixisset:
3478 4125 3572 4177 ap-

1988 4209 2214 4280 plicabit
2244 4222 2367 4262 eum
2411 4206 2480 4259 ad
2521 4204 2720 4258 ostium
2762 4201 3094 4255 tabernaculi
3146 4198 3456 4256 testimonii,
3514 4196 3567 4248 in

1987 4297 2380 4370 posterioribus
2404 4295 2598 4363 repetit
2627 4301 2683 4346 et
2709 4293 2904 4345 iterum
2935 4290 3082 4351 dicit,
3112 4288 3181 4341 ad
3211 4287 3400 4346 altare,
3425 4285 3568 4352 quod

1990 4399 2072 4445 est
2127 4389 2194 4443 ad
2244 4387 2440 4442 ostium
2496 4381 2829 4438 tabernaculi
2887 4377 3212 4439 testimonii;
3247 4376 3399 4444 quasi
3453 4392 3560 4429 non

1991 4478 2236 4534 eumdem
2280 4476 2455 4530 locum
2483 4489 2640 4528 suum
2665 4471 2853 4527 eadem
2885 4468 3197 4524 narratione
3231 4465 3397 4522 semel
3429 4465 3569 4519 desi-

1990 4584 2186 4640 gnasse
2213 4566 2502 4629 sufﬁceret,
2537 4564 2640 4618 nisi
2670 4562 2795 4632 quia
2822 4561 2961 4615 forte
2987 4559 3093 4614 hoc
3123 4557 3346 4627 intelligi
3375 4556 3566 4621 voluit,

1991 4660 2133 4729 quod
2180 4657 2404 4728 sanguis
2434 4655 2562 4709 Jesu
2593 4670 2698 4709 non
2747 4652 2921 4708 solum
2949 4652 3002 4704 in
3033 4649 3331 4704 Jerusalem
3365 4647 3568 4702 effusus

1989 4758 2075 4806 est
2101 4749 2190 4804 ubi
2235 4755 2354 4804 erat
2388 4747 2560 4801 altare
2586 4757 2639 4800 et
2668 4744 2814 4797 basis
2863 4742 2994 4812 ejus,
3055 4749 3111 4796 et
3161 4739 3566 4794 tabernaculum

1987 4838 2280 4896 testimonii
2311 4878 2326 4903 ,
2353 4837 2448 4892 sed
2477 4844 2531 4891 et
2553 4836 2697 4904 quod
2728 4847 3020 4902 supernum
3050 4831 3180 4884 illud
3227 4831 3397 4883 altare
3423 4829 3566 4897 quod

1985 4939 2070 4987 est
2097 4931 2151 4984 in
2181 4928 2332 4985 caelis
2355 4966 2370 4993 ,
2403 4927 2493 4981 ubi
2540 4925 2778 4980 Ecclesia
2811 4922 3212 4992 primitivorum
3263 4927 3371 4984 est,
3424 4919 3566 4972 idem

1986 5023 2101 5093 ipse
2146 5021 2366 5092 sanguis
2416 5018 2749 5087 asperserit,
2803 5017 2945 5071 sicut
2985 5021 3039 5067 et
3087 5011 3348 5082 apostolis
3398 5009 3558 5063 dicit:

1986 5114 2124 5180 Quia
2152 5112 2443 5183 paciﬁcavit
2481 5126 2572 5180 per
2597 5108 2905 5178 sanguinem
2933 5105 3105 5159 crucis
3150 5120 3261 5158 sua?
3295 5103 3402 5156 sive
3444 5115 3560 5171 qua:

1977 5204 2032 5256 in
2054 5212 2193 5256 terra
2216 5211 2336 5256 sunt
2357 5202 2464 5254 sive
2488 5216 2604 5270 qua:
2627 5200 2680 5252 in
2701 5197 2839 5252 caelis
2861 5194 3057 5268 (Colos.
3091 5194 3151 5266 ι).
3188 5194 3246 5248 Si
3274 5195 3356 5246 vis
3383 5200 3561 5244 autem

1978 5294 2117 5348 scire
2142 5293 2283 5362 quod
2319 5291 2516 5361 duplex
2558 5289 2734 5344 hostia
2775 5289 2826 5341 in
2856 5303 2920 5341 ea
2947 5284 3045 5339 fuit
3081 5284 3406 5338 conveniens
3446 5287 3556 5330 ter-

1979 5383 2242 5438 restribus
2269 5389 2328 5437 et
2347 5390 2470 5451 apta
2495 5379 2826 5443 cwlestibus,
2858 5375 3147 5446 Apostolus
3189 5374 3255 5426 ad
3308 5370 3558 5422 llebrreos

1978 5475 2223 5528 scribens
2252 5474 2398 5537 dicit,
2456 5489 2552 5542 per
2581 5471 2826 5525 velamen
2862 5511 2876 5535 ,
2907 5470 2956 5522 id
2985 5476 3069 5521 est
3091 5508 3104 5530 ,
3135 5476 3352 5520 carnem
3385 5474 3557 5521 suam,

1980 5572 2033 5616 et
2066 5563 2260 5618 iterum
2296 5603 2310 5626 ,
2357 5561 2586 5614 interius
2613 5560 2855 5613 velamen
2917 5558 3308 5622 interpretatur
3351 5548 3552 5602 caelum

1981 5652 2121 5722 (ιιιοά
2185 5650 2547 5721 penetraverit
2575 5647 2767 5715 Jcsus,
2809 5657 2867 5703 et
2905 5644 3128 5701 assistat
3188 5656 3330 5696 nunc
3385 5638 3536 5694 vultu
