3956 6176
443 269 543 327 251

1112 264 1172 319 Β.
1214 259 1471 318 RABANI
1504 258 1735 317 MAURI'
1765 254 2087 316 ARCHIEP.
2124 256 2442 317 MOGUNT.
2470 256 2763 316 OPERUM
2801 254 2983 314 PARS
3022 257 3062 311 l.

3607 260 3717 316 252

446 385 542 442 Dei
564 396 664 455 pro
710 380 905 438 nobis:
937 378 1182 447 Semper,
1217 374 1414 445 inquit,
1457 374 1645 429 vivens
1673 375 1739 429 ad
1767 374 2025 444 interpel-
2050 374 2180 437 Ain
2210 374 2357 444 ligno
2381 383 2492 438 est,
2542 372 2876 444 dispensatio
2911 372 3094 427 carnis
3131 370 3283 426 ﬁnita
3319 377 3404 427 est
3444 391 3456 424 :
3512 372 3718 430 Resur-

444 476 663 532 landum
685 487 784 544 pro
812 472 916 526 his.
946 469 1003 525 Si
1049 482 1179 539 ergo
1200 467 1305 522 duo
1328 465 1701 536 intelliguntur
1728 465 2020 531 velamina,

443 582 564 638 quas
587 566 735 620 velut
754 562 991 634 pontifex
1020 561 1294 629 ingressus
1316 566 1400 613 est
1423 554 1601 622 Jesus,
1630 564 2025 625 consequenter

442 665 499 711 et
527 653 855 710 sacriﬁcium
892 650 1086 719 duplex
1133 645 1542 718 intelligendum
1591 653 1694 710 est,
1736 660 1834 716 per
1877 643 2023 715 quod

441 756 499 802 et
558 742 842 802 terrestria
902 740 1192 796 salvaverit
1244 749 1300 794 et
1361 737 1625 794 caelestia.
1677 736 1922 807 Denique
1967 746 2025 792 et

441 854 505 894 ea
533 853 655 908 qua:
680 842 1001 904 sequuntur,
1031 832 1150 902 plus
1176 831 1383 887 cmlesti
1412 829 1681 887 sacriﬁcio
1723 846 1885 900 quam
1911 838 2023 885 ter-

441 943 574 983 reno
624 927 875 981 videntur
934 922 1166 992 aptanda
1220 940 1232 975 :
1276 920 1629 990 Detractaque
1656 919 1791 989 pelle
1837 920 2021 975 hostire

440 1028 588 1073 artus
628 1018 684 1071 in
735 1016 906 1085 frusta
948 1012 1250 1078 concident,
1304 1019 1354 1065 et
1409 1010 1691 1080 subjicient
1747 1011 1803 1063 in
1857 1009 2021 1065 altari

440 1108 611 1178 ignem
638 1115 782 1159 strue
808 1103 1069 1174 lignorum
1095 1112 1217 1156 ante
1244 1101 1548 1173 composita,
1580 1110 1629 1155 et
1649 1100 1880 1155 membra
1902 1116 2021 1172 quia

441 1214 577 1253 cirsa
605 1205 727 1250 sunt
750 1194 974 1265 desuper
1000 1192 1326 1258 ordinantes,
1350 1201 1506 1263 caput
1543 1190 1779 1246 videlicet
1807 1198 1857 1246 et
1891 1207 2022 1245 cun-

441 1295 525 1340 cta
552 1304 669 1358 quae
695 1287 967 1341 adficerent
989 1286 1193 1356 jecori,
1242 1285 1503 1339 intestinis
1548 1293 1598 1339 et
1639 1283 1858 1353 pedibus
1899 1282 2020 1339 lotis

439 1397 601 1450 aqua.
633 1377 974 1449 Adolebitque
1015 1395 1078 1432 ea
1107 1376 1353 1432 sacerdos
1395 1392 1555 1447 super
1593 1374 1762 1429 altare
1791 1376 1847 1430 in
1874 1374 2024 1429 holo-

437 1480 678 1525 caustum
702 1480 750 1524 et
778 1486 989 1525 suavem
1018 1469 1230 1524 odorem
1265 1468 1516 1523 Domino.
1553 1466 1838 1534 Quomodo
1864 1465 2023 1522 decoo

441 1563 617 1618 rietur
645 1578 775 1617 caro
802 1563 966 1618 Verbi
996 1562 1091 1616 Dei
1121 1560 1268 1631 quod
1297 1561 1390 1616 hic
1430 1558 1634 1615 vitulus
1667 1559 2019 1625 nominatur,

436 1664 495 1710 et
537 1656 809 1726 quomodo
854 1654 1201 1712 membratim
1243 1652 1519 1708 dividatur
1564 1666 1596 1706 a
1646 1650 2025 1707 sacerdotibus

2122 479 2255 535 gens
2280 465 2427 520 enim
2480 479 2512 519 a
2546 464 2777 519 mortuis
2819 462 3065 519 ascendit
3102 463 3170 517 ad
3208 462 3406 518 ctelum
3443 466 3588 534 quod
3612 466 3721 523 iter

2122 558 2241 627 ejus
2269 563 2462 611 natura
2495 557 2634 626 ignis
2672 556 2928 618 ostendit,
2982 554 3125 610 unde
3153 563 3211 610 et
3247 553 3542 625 Apostolus
3568 557 3722 614 diee-

2125 651 2218 705 bat
2245 669 2259 705 :
2295 649 2437 716 Quia
2463 658 2511 704 et
2538 650 2584 702 si
2614 648 2945 718 cognorimus
2978 646 3243 701 Christum
3270 648 3561 703 secundum
3595 666 3719 705 caro

2122 759 2257 808 nem,
2290 740 2382 796 sed
2409 756 2547 795 nunc
2563 740 2681 811 jam
2712 755 2816 794 non
2843 740 3078 792 novimus
3133 737 3220 809 (II
3257 737 3382 794 Cor.
3414 738 3493 809 v).
3554 740 3719 797 Holo-

2119 839 2369 887 caustum
2423 845 2658 900 namque
2712 830 2895 884 carnis
2939 829 3056 899 ejus
3108 845 3208 900 per
3266 829 3472 902 lignum
3531 833 3718 888 crucis

2119 922 2393 987 oblatum,
2424 932 2638 976 terrena
2666 919 2980 976 cmlestibus
3016 928 3075 976 et
3104 919 3304 976 divinis
3333 922 3575 976 humana
3620 939 3714 979 so-

2119 1013 2304 1069 ciavit.
2331 1012 2589 1067 Intestina
2617 1026 2750 1065 sane
2781 1026 2904 1066 cum
2946 1011 3172 1080 pedibus
3206 1025 3346 1080 aqua
3377 1010 3507 1067 dilui
3541 1012 3707 1081 jubet

2119 1119 2301 1160 sermo
2330 1103 2617 1175 praecepti,
2639 1112 3043 1159 sacramentum
3073 1102 3331 1173 baptismi
3361 1103 3463 1158 sub
3497 1103 3715 1176 ﬁgurali

2119 1194 2505 1268 prmdicatione
2530 1194 2880 1249 denuntians.
2909 1193 3048 1248 Nam
3074 1193 3334 1249 intestina
3361 1194 3522 1249 diluit
3550 1236 3564 1261 ,
3613 1198 3716 1266 qui

2120 1287 2508 1343 conscientiam
2547 1295 2776 1358 purgat;
2809 1295 2865 1341 et
2890 1287 3063 1357 pedes
3090 1286 3280 1351 abluit,
3311 1288 3404 1357 qui
3454 1303 3717 1344 consum-

2121 1378 2419 1435 mationem
2447 1378 2675 1449 suscipit
2702 1378 3066 1444 sacramenti,
3090 1386 3146 1432 et
3166 1379 3269 1434 scit
3287 1379 3415 1448 quia
3435 1380 3528 1449 qui
3557 1396 3719 1434 mun-

2124 1472 2226 1527 dus
2266 1478 2350 1526 est
2386 1484 2494 1525 non
2541 1468 2763 1539 indiget,
2803 1468 2907 1523 nisi
2960 1475 3020 1521 ut
3061 1469 3227 1538 pedes
3266 1468 3437 1533 lavet,
3482 1476 3541 1523 et
3585 1470 3717 1538 quia

2124 1571 2333 1633 partem
2361 1564 2485 1635 quis
2515 1564 2715 1618 habere
2741 1578 2849 1618 non
2878 1571 3061 1634 potest
3089 1578 3214 1618 cum
3242 1562 3396 1629 Jesu,
3429 1563 3534 1617 nisi
3565 1565 3717 1619 lave-

2129 1653 2201 1707 rit
2227 1653 2391 1724 pedes
2416 1651 2534 1721 ejus
2561 1651 2744 1725 (Ioan.
2778 1652 2921 1725 χιιι).
2973 1652 3175 1707 Verum
3212 1653 3257 1709 si
3290 1656 3406 1708 haec
3433 1653 3601 1708 etiam
3646 1656 3718 1710 ad

434 1762 614 1816 opera:
643 1747 874 1817 pretium
899 1755 983 1801 est
1009 1745 1315 1801 advertere.
1345 1744 1454 1799 Eos
1480 1750 1611 1813 puto
1637 1743 1783 1812 quod
1809 1741 1901 1796 ille
1931 1756 2021 1795 sa-
2048 1734 2096 1793 Β
2124 1744 2385 1799 moralem
2411 1743 2590 1800 locum
2620 1744 2883 1800 inclinare
2915 1743 3069 1807 velis,
3100 1743 3270 1799 habes
3308 1753 3364 1798 et
3391 1753 3449 1798 tu
3476 1744 3711 1801 vitulum

435 1838 627 1893 cerdo:
654 1837 893 1894 detrahit
919 1838 1129 1892 corium
1151 1836 1305 1890 vituli
1335 1835 1498 1890 oblati
1528 1835 1585 1890 in
1619 1832 2017 1901 holocaustum,

432 1938 492 1984 et
520 1928 776 1984 detrahat
810 1928 1004 1998 pellem
1045 1944 1149 1997 qua
1182 1927 1426 1982 membra
1460 1927 1579 1996 ejus
1616 1933 2016 1997 conteguntur,

437 2021 530 2090 qui
561 2021 627 2074 de
656 2020 824 2075 verbo
853 2019 949 2074 Dei
983 2019 1254 2073 abstrahit
1283 2017 1526 2072 velamen
1575 2016 1791 2081 litteraz,
1837 2025 1892 2071 et
1932 2017 2016 2071 in—

440 2117 589 2167 terna
619 2109 756 2178 ejus,
804 2123 926 2179 quae
956 2117 1085 2163 sunt
1111 2108 1374 2177 spiritalis
1405 2107 1797 2177 intelligentiae,
1846 2122 2018 2162 mem-

436 2200 534 2254 bra
564 2200 823 2265 denudat,
853 2207 909 2254 et
928 2200 1044 2255 haec
1066 2198 1334 2262 membra,
1358 2198 1507 2252 verbi
1531 2197 1819 2252 interiores
1839 2196 2019 2252 scien-

437 2295 546 2359 tiaz,
579 2310 685 2349 non
717 2295 771 2349 in
798 2295 990 2349 humili
1019 2293 1203 2363 aliquo
1231 2292 1350 2347 loco
1396 2292 1568 2363 ponit,
1601 2292 1696 2347 sed
1726 2292 1779 2346 in
1812 2291 1924 2347 alto
1962 2299 2019 2346 et

434 2394 646 2450 sancto,
693 2385 745 2439 id
787 2394 873 2440 est
902 2399 1064 2453 super
1103 2384 1276 2438 altare
1312 2382 1576 2447 collocat,
1614 2397 1740 2437 cum
1788 2398 1897 2436 non
1934 2382 2018 2436 in-

435 2476 613 2546 dignis
658 2476 968 2530 hominibus
1012 2482 1068 2528 et
1117 2472 1376 2527 humilem
1422 2472 1591 2525 vitam
1633 2487 1696 2525 ac
1742 2479 2016 2525 terrenam

435 2563 758 2619 ducentibus
785 2564 975 2634 pandit
998 2562 1178 2618 divina
1219 2561 1474 2632 mysteria
1495 2601 1509 2626 ,
1548 2560 1643 2615 sed
1676 2561 1780 2615 illis
1804 2561 1897 2629 qui
1934 2560 2015 2613 al-

435 2668 554 2713 tare
588 2659 685 2712 Dei
715 2667 864 2723 sunt,
896 2658 951 2711 in
977 2657 1176 2727 quibus
1198 2669 1413 2724 semper
1436 2654 1591 2709 ardet
1617 2654 1832 2709 divinus
1853 2654 2013 2723 ignis,

433 2756 488 2801 et
521 2761 738 2817 semper
779 2746 1119 2801 consumitur
1156 2759 1304 2799 caro.
1343 2742 1520 2814 Super
1559 2743 1660 2797 hos
1685 2757 1818 2813 ergo
1846 2742 2012 2808 tales,

434 2837 783 2892 membratim
812 2837 1018 2891 divisus
1068 2836 1171 2891 iste
1200 2833 1497 2889 holocausti
1548 2831 1751 2886 vitulus
1776 2831 2014 2887 colloca-

433 2935 543 2981 tur.
578 2927 778 2981 Dividit
801 2940 1036 2995 namque
1067 2924 1412 2979 membratim
1434 2922 1683 2986 vitulum,
1715 2922 1806 2993 qui
1838 2920 2020 2991 expla-

434 3032 569 3071 nare
592 3031 694 3088 per
719 3017 964 3071 ordinem
993 3023 1192 3085 potest,
1224 3023 1281 3068 ct
1313 3014 1640 3084 competenti
1668 3012 2015 3067 distinctione

431 3083 703 3162 disserere
732 3106 824 3176 qui
873 3107 944 3161 sit
984 3083 1262 3175 profectus
1288 3083 1493 3159 Christi
1539 3102 1810 3157 ﬁmbriam
1841 3102 2015 3157 conti-
2044 3083 2089 3145 (δ

432 3200 603 3269 gisse;
637 3198 729 3269 qui
753 3213 884 3252 vero
909 3200 1074 3264 pedes
1098 3196 1216 3264 ejus
1246 3196 1443 3250 lavisse
1470 3194 1748 3265 lacrymis,
1775 3200 1831 3248 ct
1851 3193 2017 3263 capil-

372 3356 383 3363 κ
433 3286 502 3341 lis
542 3288 736 3357 capitis
761 3287 843 3341 sui
877 3286 1202 3351 extersisse;
1247 3294 1451 3354 quanto
1496 3294 1678 3339 autem
1726 3286 1792 3340 iis
1836 3285 2016 3355 potius

430 3386 599 3447 caput
644 3377 762 3448 ejus
811 3376 1032 3430 unxisse
1073 3376 1262 3440 misto,
1313 3376 1407 3430 sed
1445 3384 1499 3430 rt
1541 3378 1596 3430 in
1638 3384 1860 3446 pectore
1897 3375 2016 3445 ejus

432 3468 770 3535 recubuisse,
817 3470 945 3538 quid
989 3470 1190 3524 habeat
1237 3469 1567 3524 eminentius.
1621 3468 1826 3524 llorum
1882 3485 2014 3542 ergo

428 3559 768 3631 singulorum
810 3574 1003 3614 causas
1050 3560 1337 3623 disserere,
1388 3568 1443 3615 et
1468 3560 1571 3614 alia
1613 3560 1832 3630 quidem
1872 3561 2014 3617 inci-

431 3651 734 3720 pientibus;
785 3649 887 3705 alia
919 3666 1046 3705 vero
1077 3651 1162 3705 his
1189 3651 1280 3721 qui
1321 3649 1438 3719 jam
1475 3651 1770 3722 proﬁciunt
1805 3652 1859 3706 in
1909 3652 2016 3709 ﬁde

427 3743 663 3809 Christi;
696 3744 802 3798 alia
842 3752 1021 3799 autem
1046 3743 1152 3800 illis
1178 3745 1270 3814 qui
1288 3742 1399 3813 jam
1428 3745 1655 3814 perfecti
1688 3755 1817 3801 sunt
1845 3734 2019 3802 scicn-

431 3835 544 3888 tia:
574 3842 629 3889 et
671 3834 941 3889 charitale
988 3834 1106 3905 ejus
1147 3842 1355 3904 aptare,
1389 3836 1496 3890 hoc
1541 3843 1627 3890 est
1668 3837 2016 3891 membratim

430 3924 660 3978 vitulum
701 3924 970 3989 divisisse,
1002 3932 1057 3978 et
1082 3925 1173 3994 qui
1226 3925 1378 3978 novit
1414 3925 1703 3980 ostendere
1731 3941 1852 3995 quae
1892 3926 2015 3982 fue-

432 4016 543 4070 rint
589 4015 727 4087 legis
769 4014 1061 4084 principia,
1103 4015 1196 4084 qui
1248 4015 1415 4069 etiam
1470 4015 1523 4068 in
1570 4014 1851 4085 prophetis
1893 4031 2018 4085 pro-

432 4106 628 4172 fectus,
657 4105 984 4169 accesserit;
1013 4119 1135 4175 quae
1163 4119 1295 4160 vero
1324 4105 1377 4159 in
1403 4104 1712 4176 Evangeliis
1738 4104 2018 4176 plenitudo

431 4198 781 4271 perfectionis
831 4197 1112 4262 habeatur,
1164 4197 1248 4252 vel
1295 4198 1386 4270 qui
1432 4198 1627 4254 docere
1665 4206 1862 4269 potest,
1909 4214 2018 4269 quo

428 4293 581 4348 verbi
614 4293 755 4348 lacte
803 4290 980 4347 alendi
1021 4291 1128 4347 sint
1173 4291 1385 4362 parvuli
1425 4292 1480 4346 in
1527 4290 1765 4357 Christo,
1808 4299 1865 4348 et
1903 4308 2013 4363 quo

429 4384 581 4437 verbi
610 4382 756 4438 olere
783 4381 1057 4439 refovendi
1104 4383 1217 4438 sint
1253 4383 1344 4453 qui
1393 4383 1742 4438 inﬁrmantur
1787 4384 1841 4438 in
1876 4383 2009 4451 ﬁde;

2118 1848 2281 1905 quem
2314 1831 2513 1888 oﬁ'erre
2555 1832 2775 1898 debeas,
2828 1832 3029 1887 vitulus
3057 1839 3143 1887 est
3188 1840 3247 1887 et
3291 1833 3513 1903 quidem
3557 1835 3718 1889 valde

2119 1927 2385 1996 superbus
2425 1939 2558 1980 caro
2605 1932 2731 1990 tua;
2794 1939 2960 1993 quam
3002 1923 3049 1978 si
3089 1923 3175 1978 vis
3232 1938 3434 1978 munus
3480 1922 3719 1982 Domino

2116 2018 2336 2084 offerre,
2359 2025 2421 2071 ut
2445 2031 2566 2071 eam
2589 2023 2797 2071 castam
2823 2013 3185 2085 pudicamque
3213 2014 3513 2079 custodias,
3536 2014 3719 2070 adduc

2116 2125 2237 2166 eam
2268 2110 2334 2166 ad
2375 2109 2573 2165 ostium
2615 2106 2994 2172 tabernaculi,
3032 2107 3087 2161 id
3128 2114 3214 2162 est
3253 2106 3346 2161 ubi
3403 2107 3715 2163 divinorum

2116 2204 2380 2259 librorum
2414 2202 2694 2272 suscipere
2720 2200 2892 2269 possit
2924 2199 3207 2265 auditum;
3250 2198 3611 2254 masculinum
3640 2199 3720 2255 sit

2119 2308 2319 2349 munus
2349 2300 2525 2356 tuum,
2558 2290 2817 2346 feminam
2844 2289 3077 2353 nesciat,
3106 2289 3602 2359 concupiscentiam
3628 2304 3719 2344 re-

2116 2392 2295 2454 spuat,
2324 2382 2667 2453 fragilitatem
2686 2378 2938 2451 refugiat,
2967 2378 3101 2433 nihil
3131 2378 3449 2433 dissolutum
3472 2379 3719 2447 requirat

2116 2484 2209 2529 aut
2234 2473 2416 2529 molle.
2439 2473 2660 2542 lmpone
2680 2472 2848 2527 etiam
2878 2486 3100 2526 manum
3131 2479 3277 2525 tuam
3299 2486 3464 2541 super
3477 2472 3715 2526 hostiam

2118 2572 2288 2631 tuam,
2337 2572 2398 2618 ut
2423 2564 2497 2619 sit
2531 2572 2752 2633 accepta
2784 2564 3035 2628 Domino,
3066 2574 3114 2617 et
3129 2562 3322 2633 jugulo
3352 2562 3502 2616 illam
3531 2572 3717 2618 contra

2116 2653 2427 2719 Dominum,
2456 2656 2562 2710 hoc
2589 2663 2695 2719 est,
2726 2655 2943 2729 impone
2968 2654 3018 2709 ei
3047 2653 3395 2709 continentia:
3420 2653 3634 2708 frenum
3660 2665 3720 2710 et

2116 2758 2340 2798 manum
2388 2743 2688 2814 disciplinae
2728 2734 2797 2799 n‘e
2833 2744 3051 2799 auferas
3080 2745 3148 2798 ab
3177 2760 3263 2808 ea,
3292 2744 3434 2799 sicut
3456 2745 3720 2814 imposuit

2116 2849 2338 2889 manum
2367 2850 2522 2889 suam
2552 2836 2706 2890 carni
2745 2851 2886 2899 sum,
2931 2835 3022 2889 ille
3062 2834 3155 2905 qui
3187 2833 3400 2888 dicebat
3442 2852 3457 2888 :
3501 2833 3720 2890 Maecro

2116 2940 2315 2995 corpus
2330 2941 2534 2993 meum,
2559 2935 2616 2981 et
2638 2927 2885 2981 servituti
2917 2925 3171 2996 subjicio,
3186 2941 3258 2981 ne
3282 2924 3420 2981 forte
3446 2941 3568 2982 cum
3591 2927 3722 2983 aliis

2117 3020 2504 3087 prmdicavero,
2542 3021 2658 3092 ipse
2695 3022 2959 3090 reprobus
3009 3020 3235 3076 eliiciar.
3277 3020 3343 3075 Et
3365 3021 3555 3092 jugulo
3594 3039 3718 3076 eam

2118 3120 2302 3164 contra
2324 3110 2630 3178 Domigum,
2657 3111 2996 3167 mortiﬁcans
3018 3113 3136 3167 sine
3164 3112 3330 3168 dubio
3356 3114 3596 3168 membra
3622 3121 3723 3171 tua

2117 3216 2241 3270 qua:
2273 3210 2401 3256 sunt
2430 3218 2594 3272 super
2621 3212 2844 3257 terram.
2892 3202 3086 3259 Sedet
3111 3202 3205 3258 ﬁlii
3232 3202 3418 3258 Aaron
3460 3204 3723 3260 sacerdo-

2117 3300 2203 3346 tes
2231 3291 2462 3347 oﬁ‘erant
2486 3294 2805 3365 sanguinem
2833 3292 2951 3362 ejus
2978 3313 2990 3348 :
3027 3292 3300 3349 Sacerdos
3342 3294 3396 3348 in
3435 3301 3506 3359 te,
3538 3303 3590 3349 et
3615 3294 3719 3349 ﬁlii

2115 3382 2255 3452 ejus,
2289 3399 2443 3439 meus
2468 3400 2588 3453 quae
2615 3385 2669 3439 in
2701 3393 2753 3439 te
2781 3393 2866 3440 est
2892 3392 2949 3439 et
2981 3398 3172 3439 sensus
3201 3382 3340 3452 ejus,
3382 3384 3476 3453 qui
3516 3372 3720 3439 merito

2118 3475 2377 3530 sacerdos
2414 3475 2500 3529 vel
2536 3475 2631 3530 ﬁlii
2685 3476 2984 3531 sacerdotis
3023 3475 3380 3544 appellantur,
3425 3474 3524 3529 soli
3564 3476 3720 3530 enim

2117 3571 2245 3621 sunt
2270 3565 2359 3633 qui
2393 3562 2697 3635 intelligunt
2729 3554 2918 3629 Deum,
2949 3572 3005 3619 et
3050 3579 3282 3635 capaces
3324 3565 3437 3618 sint
3463 3563 3716 3619 scientiae

2119 3655 2235 3711 Dei.
2285 3654 2412 3710 Vult
2452 3671 2583 3726 ergo
2612 3670 2793 3711 sermo
2820 3655 3039 3710 divinus
3086 3663 3146 3708 ut
3190 3654 3497 3709 rationabili
3536 3668 3711 3710 sensu

2119 3762 2340 3803 carnem
2376 3759 2523 3803 tuam
2555 3748 2610 3802 in
2656 3748 2916 3803 castitate
2945 3745 3142 3802 oﬁ‘eras
3170 3746 3283 3802 Deo
3330 3763 3347 3802 :
3399 3746 3715 3802 Secundum

2118 3840 2262 3911 quod
2309 3839 2600 3911 Apostolus
2651 3840 2824 3895 dicit:
2894 3838 3146 3893 Hostiam
3212 3838 3400 3904 vivam,
3445 3848 3714 3906 sanctam,

2116 3931 2404 4000 placentem
2434 3930 2562 3997 Deo,
2606 3929 2923 3984 rationabile
2950 3928 3254 4001 obsequium
3281 3936 3507 3983 vestrum
3530 3927 3714 4000 (Rom.

2118 4021 2241 4092 xu).
2274 4020 2342 4074 Et
2373 4021 2475 4075 hoc
2499 4028 2586 4075 est
2612 4035 2710 4091 per
2735 4019 3130 4077 sacerdotalem
3158 4018 3245 4074 vel
3287 4018 3431 4074 ﬁlios
3456 4018 3715 4076 sacerdo-

2119 4110 2191 4166 tis
2217 4109 2413 4166 oﬁ‘erre
2441 4111 2759 4181 sanguinem
2791 4111 2859 4166 ad
2890 4110 3063 4166 altare
3086 4150 3101 4174 ,
3129 4125 3255 4166 cum
3284 4119 3342 4165 et
3381 4124 3613 4179 corpore
3654 4120 3717 4165 et

2118 4201 2314 4270 spiritu
2349 4200 2473 4270 quis
2517 4207 2700 4256 castus
2743 4197 2996 4256 eﬁicltur.
3040 4197 3179 4254 Sunt
3206 4199 3351 4254 enim
3378 4208 3434 4254 et
3471 4198 3563 4252 alii
3608 4201 3711 4269 qui

2117 4289 2354 4347 oﬁ‘erunt
2396 4291 2617 4362 quidem
2673 4290 3051 4346 holocaustum
3106 4304 3329 4346 carnem
3377 4305 3564 4354 suam,
3613 4291 3717 4345 sed

2120 4397 2228 4437 non
2255 4396 2355 4453 per
2388 4381 2749 4438 ministerium
2777 4381 3080 4437 sacerdotis
3127 4398 3140 4433 :
3174 4379 3294 4434 Non
3332 4380 3478 4434 enim
3525 4379 3741 4463 scient-3

329 4461 336 4469 ’
430 4474 553 4543 quis
603 4474 768 4528 etiam
821 4476 896 4528 sit
935 4476 1091 4530 cibus
1122 4449 1326 4530 solidus
1372 4483 1427 4530 et
1457 4474 1634 4541 fortis,
1675 4491 1783 4545 quo
1813 4449 2013 4546 impia?
2042 4449 2092 4509 Ῑ)
2119 4482 2203 4529 ter
2230 4449 2331 4529 nec
2357 4475 2654 4532 secundum
2686 4473 2863 4544 legem
2890 4488 3015 4544 qua:
3047 4473 3102 4527 in
3134 4486 3232 4527 ore
3285 4470 3585 4527 sacerdotis
3620 4479 3712 4527 est

433 4566 626 4636 gucndi
655 4575 779 4621 sunt
808 4566 1020 4622 athlctm
1050 4567 1253 4623 Christi
1286 4588 1300 4621 :
1336 4570 1427 4639 qui
1459 4570 1576 4625 hac
1606 4570 1816 4641 singula
1864 4572 2019 4627 novit

433 4656 664 4725 Spiritali
712 4657 921 4713 ratione
968 4658 1229 4725 dividere,
1277 4669 1454 4730 potest
1482 4659 1789 4729 huiusmodi
1821 4662 2015 4718 doctor

434 4745 523 4800 ille
565 4745 816 4802 sacerdos
861 4747 1030 4803 videri
1064 4750 1155 4819 qui
1202 4750 1429 4819 imponit
1464 4766 1627 4819 super
1653 4750 1827 4806 altare
1861 4753 2015 4809 holo-

432 4844 678 4891 (austum
711 4852 811 4908 per
851 4840 1097 4894 membra
1125 4840 1376 4895 divisum.
1410 4838 1575 4894 Addit
1601 4848 1657 4895 et
1682 4840 1824 4912 ligna
1857 4842 2015 4898 altari

432 4943 541 4998 quo
591 4929 730 4999 ignis
755 4927 1024 4983 animetur
1051 4938 1108 4985 et
1154 4931 1343 4985 ardeat
1375 4931 1422 4986 is
1459 4932 1553 5001 qui
1604 4947 1712 4987 non
1751 4932 1924 4987 solum
1952 4935 2020 4991 de

431 5021 805 5091 corporalibus
831 5021 1124 5078 virtutibus
1148 5023 1372 5090 Christi,
1414 5024 1508 5079 sed
1537 5024 1701 5079 etiam
1731 5026 1798 5081 de
1825 5025 2021 5083 divini-

434 5122 545 5168 tate
578 5111 695 5181 ejus
721 5127 901 5168 sermo
929 5114 1228 5181 miscetur;
1261 5105 1550 5171 desursum
1576 5116 1720 5170 enim
1769 5124 1855 5171 est
1879 5116 2019 5171 divi-

432 5206 577 5261 nitas
623 5203 824 5259 Christi
861 5219 969 5273 quo
997 5205 1138 5276 ignis
1179 5205 1280 5260 iste
1328 5205 1567 5261 festinat.
1617 5206 2018 5263 Convenienter

431 5311 564 5369 ergo
601 5294 782 5351 omnia
824 5294 937 5349 lucc
965 5310 1086 5366 qua:
1118 5297 1173 5350 in
1202 5312 1429 5367 corpore
1457 5313 1487 5350 a
1529 5296 1815 5353 Salvatore
1858 5305 2009 5369 gesta

435 5397 565 5445 sunt
598 5387 836 5445 caelestis
866 5386 1007 5459 ignis
1038 5389 1355 5459 assumpsit,
1384 5397 1440 5444 et
1466 5389 1533 5444 ad
1568 5390 1869 5446 divinitatis
1895 5389 2013 5459 ejus

435 5492 689 5538 naturam
741 5492 934 5537 cuncta
990 5481 1243 5535 restituit.
1297 5481 1478 5551 Lignis
1526 5490 1706 5537 tamen
1759 5482 2015 5538 adhibitis

435 5571 577 5640 ignis
623 5575 726 5629 iste
765 5571 1143 5636 succenditur,
1190 5586 1361 5642 usque
1404 5573 1471 5628 ad
1513 5573 1716 5645 lignum
1768 5574 1911 5629 enim
1959 5574 2013 5628 in

439 5677 604 5718 carnc
649 5667 828 5734 passio
880 5665 980 5722 fuit
1031 5664 1266 5734 Christi;
1330 5666 1419 5723 ubi
1486 5673 1665 5723 autem
1717 5682 2015 5738 suspensus

2116 4563 2372 4630 offerunt,
2427 4565 2524 4621 sed
2582 4571 2710 4621 sunt
2753 4565 2973 4635 quidem
3018 4564 3156 4619 casti
3212 4577 3442 4634 corpore
3464 4604 3480 4627 ,
3521 4563 3712 4619 animo

2117 4664 2299 4711 autem
2332 4657 2683 4712 inveniuntur
2714 4656 2928 4714 incesti.
2958 4655 3068 4711 Aut
3095 4656 3240 4739 enim
3284 4654 3466 4726 gloria
3511 4655 3712 4710 huma-

2116 4764 2201 4804 nae
2228 4750 2670 4818 concupiscentia
2712 4748 3077 4814 maculantur,
3110 4756 3207 4802 aut
3239 4747 3538 4816 cupiditate
3566 4763 3708 4802 ava-

2117 4842 2256 4900 ritiae
2303 4841 2633 4913 polluuntur,
2669 4848 2762 4896 aut
2793 4840 2993 4896 invidia
3039 4855 3106 4895 ac
3149 4840 3336 4894 livoris
3383 4836 3711 4895 infelicitate

2122 4933 2484 4998 sordescunt,
2531 4931 2616 4985 vel
2672 4930 2900 4987 furentis
2943 4931 3053 4988 odii
3109 4939 3168 4985 et
3217 4931 3315 4986 irae
3364 4929 3716 4987 immanitate

2122 5031 2408 5079 vexantur.
2442 5022 2759 5092 Quicunque
2783 5036 2917 5092 ergo
2953 5021 3091 5078 tales
3118 5030 3268 5085 sunt,
3299 5021 3427 5077 licet
3468 5035 3714 5090 corpore

2119 5115 2258 5171 casti
2301 5116 2429 5179 sint,
2463 5122 2646 5168 tamen
2674 5129 2783 5170 non
2823 5113 3060 5169 offerunt
3101 5112 3416 5168 holocausta
3465 5126 3562 5166 sua
3606 5127 3714 5181 per

2116 5223 2311 5263 manus
2336 5214 2393 5262 et
2421 5207 2782 5262 ministerium
2808 5206 3111 5263 sacerdotis
3140 5224 3153 5259 :
3193 5220 3301 5260 non
3346 5212 3434 5259 est
3456 5204 3607 5259 enim
3644 5204 3710 5260 in

2117 5300 2197 5354 eis
2224 5298 2528 5365 consilium,
2563 5306 2618 5352 et
2646 5298 2931 5369 prudentia
2969 5312 3092 5366 quae
3115 5295 3423 5352 sacerdotio
3458 5293 3712 5365 fungitur

2117 5390 2256 5460 apud
2298 5388 2490 5455 Deum,
2531 5390 2626 5444 sed
2670 5396 2797 5444 sunt
2842 5403 2910 5442 ex
2960 5386 3068 5442 illis
3111 5386 3355 5457 quinque
3396 5381 3712 5455 virginibus

2117 5482 2296 5539 stultis
2324 5497 2445 5553 quae
2474 5481 2712 5551 virgines
2750 5480 2970 5549 quidem
3016 5477 3258 5544 fuerunt,
3307 5486 3363 5532 et
3387 5475 3709 5532 castitatem

2116 5574 2361 5645 corporis
2387 5579 2761 5635 servaverunt,
2787 5570 2966 5625 oleum
2992 5577 3174 5625 autem
3200 5567 3485 5624 charitatis
3520 5574 3575 5621 et
3600 5579 3716 5635 pa-

2119 5666 2199 5722 cis
2223 5672 2280 5722 et
2302 5664 2632 5735 reliquarum
2660 5662 2918 5718 virtutum
2948 5661 3006 5717 in
3027 5659 3369 5732 lampadibus
3406 5657 3522 5715 suis
3562 5670 3712 5714 ων.
