3956 6176
286 277 396 334 ςεδ

1185 231 1188 234 ”
1260 276 1760 335 EXPOSITIONES
1797 277 1866 333 IN
1905 275 2301 332 LEVITICUM.
2341 308 2414 319 —-
2449 278 2576 334 LIB.
2617 280 2662 336 I.

3445 289 3556 345 25%

286 393 420 450 dere
462 391 803 453 nescierunt,
833 400 888 446 et
915 390 1116 446 idcirco
1145 393 1375 448 exclusae
1421 401 1547 449 sunt
1571 409 1601 446 a
1633 392 1870 446 thalamo
1898 394 1947 454 Α
1973 398 2234 458 quantum
2283 391 2351 446 ad
2397 393 2740 462 superﬁciem
2786 393 2983 449 litteris
3021 398 3274 455 eumdem
3299 400 3356 456 in
3389 404 3560 460 utris-

291 483 474 551 sponsi
506 481 726 553 (Matth.
760 486 911 554 xxv).
943 482 1206 549 Quoniam
1242 483 1354 538 sola
1381 485 1563 540 carnis
1593 485 1876 540 continen-
1976 495 2082 549 que
2149 481 2328 536 locum
2392 481 2671 552 legislator
2716 483 3072 552 signiﬁcavit;
3124 487 3560 548 holocaustoma-

291 577 362 628 tia
389 575 456 628 ad
483 573 656 628 altare
685 573 902 627 Domini
922 589 1024 628 non
1049 582 1226 644 potest
1245 576 1551 644 pervenire,
1576 577 1622 631 si
1649 575 1874 644 reliquis

293 664 579 718 virtutibus
623 670 682 717 et
729 663 1160 718 sacerdotalibus
1208 666 1526 721 ministeriis
1569 669 1870 721 deseratur.

291 752 443 817 Quod
467 754 517 806 si
539 754 606 805 de
637 751 912 821 pecoribus
938 753 1132 806 oblatio
1160 764 1257 819 est,
1283 755 1348 808 de
1375 756 1552 810 ovibus
1575 757 1680 810 sive
1702 757 1769 811 de
1784 775 1873 811 ca-

291 845 392 898 aris
419 843 815 908 holocaustum,
851 843 1156 898 anniculam
1194 854 1244 898 et
1279 846 1472 916 absque
1498 846 1706 901 macula
1745 848 1872 916 offe-

289 944 381 998 ret,
431 933 832 1003 immolabitque
861 933 932 986 ad
977 933 1120 987 latus
1161 933 1348 988 altaris
1373 936 1514 1005 quod
1547 937 1757 1006 respicit
1800 936 1870 989 ad

285 1025 580 1093 aquilonem
608 1039 789 1077 coram
821 1023 1063 1090 Domino,
1091 1026 1400 1095 sanguinem
1438 1043 1556 1080 vero
1575 1027 1720 1081 illius
1743 1028 1869 1098 fun-

285 1115 399 1166 dent
426 1129 590 1183 super
617 1109 786 1166 altare
818 1112 918 1181 lilii
952 1113 1134 1168 Aaron
1171 1131 1264 1185 per
1289 1116 1584 1177 circuitum,
1611 1116 1870 1170 divident-

282 1220 377 1274 que
399 1202 640 1255 membra
672 1211 723 1256 et
758 1211 917 1273 caput
940 1212 989 1258 et
1011 1206 1187 1258 omnia
1221 1222 1338 1276 qua?
1363 1206 1632 1261 adhaerent
1671 1207 1866 1276 jecori,

278 1304 326 1348 et
345 1295 618 1364 imponent
647 1311 805 1364 super
829 1294 970 1365 ligna
997 1296 1183 1366 quibus
1223 1297 1580 1367 subjiciendus
1604 1307 1680 1352 est
1708 1299 1863 1368 ignis.

280 1386 542 1439 Intestina
573 1402 694 1440 vero
728 1395 780 1440 et
800 1386 954 1456 pedes
974 1386 1226 1442 lauabunt
1253 1405 1392 1455 aqua
1428 1397 1477 1442 et
1516 1387 1692 1442 oblata
1725 1390 1866 1442 omni

273 1475 506 1530 adalebit
534 1476 785 1530 sacerdos
824 1493 983 1547 super
1007 1477 1176 1532 altare
1195 1479 1251 1532 in
1279 1477 1646 1533 holocaustum
1670 1489 1718 1532 et
1743 1480 1868 1533 odo-

276 1581 381 1619 rem
401 1565 782 1619 suavissimum
813 1564 1059 1619 Domino.

339 1653 452 1722 (Ea:
477 1652 790 1724 Hesychia.)
813 1655 1014 1710 Eadem
1045 1672 1190 1712 nunc
1219 1657 1382 1712 etiam
1409 1659 1540 1714 dicit
1563 1675 1685 1729 qua:
1706 1675 1866 1730 supe-

1976 582 2090 627 tum
2136 573 2282 627 enim
2332 573 2504 627 altare
2573 581 2698 628 ante
2748 575 3160 631 tabernaculum
3205 582 3559 639 constitutum

1973 679 2041 718 ex
2068 662 2238 718 latere
2267 671 2389 718 erat
2409 663 2616 732 januaz,
2648 673 2709 718 ut
2751 681 2859 720 non
2905 675 3218 720 sanctorum
3249 669 3561 726 ministran-

1973 751 2118 805 tibus
2145 753 2523 807 obstrueretur
2552 752 2825 815 introitus,
2861 756 3001 810 sicut
3031 757 3083 810 in
3121 757 3307 812 Exodo
3350 759 3417 814 de
3463 775 3558 816 eo-

1971 841 2094 894 dem
2123 841 2351 896 dicitur:
2379 841 2446 895 Et
2468 844 2716 912 imposuit
2744 844 2914 899 velum
2939 848 3117 910 ianua:
3139 847 3464 902 tabernaculi
3482 860 3560 905 te-

1969 929 2222 996 stimonii,
2277 939 2328 985 et
2386 947 2538 986 aram
2595 933 3124 990 holocaustomatum
3178 940 3358 1006 posuit
3410 940 3556 994 circa

1967 1020 2168 1074 ostium
2199 1021 2532 1076 tabernaculi
2565 1023 2880 1078 testimonii.
2923 1029 3269 1096 Qumcunque
3313 1043 3444 1098 ergo
3488 1028 3557 1083 ad

1969 1112 2298 1168 sacrificium
2325 1113 2719 1180 oﬁ'erebantur,
2768 1131 2836 1170 ex
2877 1115 3046 1171 latere
3076 1119 3266 1173 altaris
3305 1121 3374 1174 ab
3403 1124 3559 1190 aqui-

1967 1205 2089 1258 lone
2121 1205 2360 1270 stabant,
2407 1213 2462 1260 et
2490 1206 2571 1260 sic
2611 1222 2795 1261 coram
2837 1207 3071 1262 Domino
3111 1209 3441 1263 sacriﬁcium
3469 1227 3559 1266 ce-

1966 1296 2298 1360 lebrabatur,
2325 1297 2378 1350 id
2407 1306 2512 1362 est,
2559 1298 2613 1351 in
2648 1306 2942 1366 conspectu
2976 1305 3325 1361 sanctorum;
3359 1298 3554 1353 faciem

1965 1385 2113 1441 enim
2143 1385 2353 1440 Domini
2383 1387 2618 1456 appellat
2642 1387 2842 1442 Sancta
2875 1396 3214 1452 sanctorum,
3237 1389 3363 1457 quia
3395 1390 3450 1443 in
3476 1390 3557 1458 ip-

1965 1479 2041 1532 sis
2070 1476 2164 1532 Dei
2195 1477 2404 1531 habitat
2432 1477 2624 1546 gloria.
2662 1477 2944 1532 Unde'nee
2975 1477 3293 1547 frequenter
3335 1480 3390 1533 in
3424 1480 3555 1548 ipsis

1966 1565 2169 1620 intrare
2200 1566 2563 1631 sacerdotem,
2597 1567 2703 1620 nisi
2732 1565 2899 1621 semel
2929 1567 2983 1620 in
3017 1582 3162 1621 anno
3183 1566 3428 1635 jubebat.
3460 1567 3554 1620 Al-

1963 1664 2082 1711 tare
2114 1656 2416 1711 holocausti
2446 1655 2697 1712 Christus
2737 1658 3083 1727 intelligitur,
3128 1659 3181 1712 in
3213 1657 3366 1727 cujus
3400 1673 3552 1713 com-

273 1745 385 1799 rius
428 1745 904 1811 commemoravit,
953 1747 1081 1802 licet
1120 1749 1309 1818 paucis
1361 1749 1678 1805 immutatis.
1728 1750 1861 1805 Illud
1889 1736 1933 1794 Β
1961 1749 2351 1803 memoratione
2399 1749 2661 1818 quidquid
2709 1749 2822 1804 Deo
2871 1749 3203 1806 offerendum
3242 1759 3327 1806 est
3370 1751 3553 1806 oﬂ'erri

271 1844 452 1889 autem
495 1834 806 1905 intelligere
847 1845 1061 1906 oportet
1099 1852 1224 1892 eum
1257 1838 1349 1907 qui
1391 1840 1666 1895 subtiliter
1693 1841 1860 1896 verba

272 1923 400 1994 legis
440 1924 759 1994 investigat,
788 1926 967 1996 quoad
1009 1942 1117 1982 non
1147 1928 1319 1983 solum
1349 1929 1416 1984 de
1459 1931 1650 1994 bobus,
1683 1931 1777 1986 sed
1807 1939 1863 1986 et

274 2016 335 2071 de
354 2016 551 2071 ovibus
576 2018 841 2087 prmeepit
863 2017 1167 2074 Israelitam
1198 2021 1513 2076 holocausta
1551 2021 1770 2077 oﬁ'erre.
1800 2022 1859 2077 In

271 2105 419 2162 bovis
443 2107 596 2161 enim
623 2108 844 2163 nomine
884 2118 1137 2179 operator
1159 2111 1294 2182 legis
1317 2113 1604 2182 accipitur,
1629 2113 1858 2183 simplex

272 2206 322 2252 et
353 2198 476 2253 sine
520 2198 753 2262 malitia,
788 2199 878 2254 ovi
926 2209 1293 2270 comparatur,
1335 2202 1549 2258 dicente
1575 2202 1808 2258 Jeremia
1841 2220 1854 2257 :

269 2285 380 2357 Ego
409 2287 574 2358 quasi
600 2303 770 2358 agnus
799 2298 1101 2344 mansuetus
1126 2291 1217 2361 qui
1235 2301 1476 2360 portatur
1499 2293 1571 2344 ad
1599 2291 1857 2345 victimam

269 2390 314 2432 et
346 2396 452 2432 non
487 2381 710 2449 cognovi
736 2379 956 2451 (Jerem.
983 2381 1081 2454 si).
1115 2383 1290 2453 Capra
1311 2383 1584 2452 signiﬁcat
1608 2391 1860 2453 peccato-

270 2481 401 2522 rem.
431 2466 591 2524 Sicut
610 2484 741 2540 ergo
763 2469 893 2524 licet
921 2486 1030 2525 non
1053 2471 1226 2527 solum
1258 2471 1326 2528 de
1353 2472 1563 2536 ovibus,
1597 2473 1692 2527 sed
1715 2481 1770 2528 et
1791 2474 1858 2529 de

271 2560 452 2628 capris
485 2559 693 2626 oﬁ‘erri,
719 2569 776 2615 et
801 2561 1004 2617 oblatio
1025 2562 1092 2617 de
1115 2563 1404 2631 pecoribus
1437 2563 1656 2627 dicitur,
1705 2563 1785 2619 sic
1802 2572 1857 2618 et

273 2664 400 2705 eum
431 2650 520 2720 qui
543 2666 607 2704 ex
627 2652 986 2721 peccatoribus
1013 2662 1112 2719 est,
1135 2653 1380 2722 possibile
1419 2663 1495 2708 est
1529 2653 1858 2725 simplicitati

270 2757 492 2811 operam
524 2741 670 2797 dare.

334 2828 593 2886 Secunda
644 2833 824 2888 hostia
875 2833 943 2889 de
965 2833 1156 2890 ovibus
1201 2850 1373 2905 agnus
1404 2834 1641 2900 oblatus,
1673 2832 1728 2890 id
1771 2841 1858 2891 est

265 2922 515 2978 Christus
572 2933 796 2994 propter
855 2925 1221 2982 innocentiam
1275 2926 1560 2997 ﬁguratur.
1616 2925 1727 2980 rHic
1772 2932 1857 2981 est

264 3029 434 3084 agnus
459 3015 556 3084 qui
587 3016 732 3085 apud
753 3014 948 3072 Isaiam
973 3017 1028 3070 in
1055 3016 1383 3072 sacriﬁcium
1415 3018 1722 3085 adducitur,
1747 3026 1803 3075 et
1821 3034 1852 3074 a

264 3105 471 3164 Joanne
501 3108 762 3164 omnibus
782 3109 1183 3164 demonstratur
1207 3127 1220 3163 :
1246 3109 1383 3164 Ecce
1403 3126 1572 3180 agnus
1597 3109 1714 3176 Dei,
1735 3127 1850 3165 ecce

264 3197 350 3265 qui
372 3197 515 3252 tollit
535 3207 756 3268 peccata
780 3199 980 3254 mundi.
1005 3199 1148 3255 Bene
1169 3215 1300 3271 ergo
1318 3201 1372 3255 in
1394 3201 1663 3257 sacriﬁcio
1681 3217 1853 3273 agnus

265 3287 510 3355 oﬂ‘ertur,
563 3295 627 3342 ut
672 3289 997 3345 innocentia:
1035 3297 1092 3346 et
1125 3291 1394 3361 passionis
1441 3291 1644 3348 Christi
1678 3293 1850 3364 ﬁgura

268 3379 756 3435 demonstraretur.
791 3380 936 3436 Bene
961 3388 1017 3436 et
1045 3382 1253 3448 haedus,
1281 3383 1408 3454 quia
1433 3399 1530 3454 per
1555 3383 1672 3453 ejus
1706 3401 1853 3440 mor-

269 3478 368 3522 tz-m
395 3480 598 3525 auctor
627 3471 840 3539 peccati
865 3471 1114 3527 diabolus
1138 3474 1452 3544 agnoscitur
1471 3473 1776 3545 jugulatus,
1797 3483 1852 3531 et

270 3566 417 3632 quasi
467 3580 631 3620 ovem
673 3563 896 3630 factum,
926 3566 1397 3622 conversationem
1425 3582 1578 3622 suam
1606 3567 1660 3621 in
1699 3568 1851 3623 holo-

269 3665 513 3711 caustum
565 3653 766 3711 oﬁerre
797 3657 926 3712 Deo.
952 3656 1105 3724 Quod
1141 3657 1288 3726 enim
1334 3656 1471 3710 nihil
1515 3656 1740 3726 impedit
1782 3657 1851 3711 ad

269 3748 674 3819 adipiscendam
697 3748 1141 3818 justiﬁcationem
1166 3755 1511 3818 peccatorem
1540 3749 1850 3819 quempiam

271 3837 453 3903 fuisse,
489 3839 743 3908 quamvis
774 3839 880 3894 hoc
904 3837 1072 3894 Judaei
1115 3855 1222 3894 non
1262 3845 1536 3908 putarent,
1568 3838 1692 3893 audi
1723 3855 1851 3908 qua-

269 3926 335 3981 lia
379 3944 478 3997 per
517 3927 824 3984 Ezechielis
852 3929 1190 3999 prophetiam
1219 3929 1389 3995 dixit;
1435 3944 1557 3984 cum
1603 3928 1749 3983 enim
1792 3929 1848 3983 in

270 4020 450 4074 multis
481 4020 736 4076 invectus
781 4019 972 4075 fuissm
995 4029 1185 4076 contra
1212 4019 1472 4088 injustum
1502 4028 1556 4076 et
1584 4019 1846 4088 dixisset,

270 4122 429 4166 morte
455 4111 738 4178 moriatur,
787 4113 1004 4182 sanguis
1030 4113 1146 4182 ejus
1184 4128 1344 4182 super
1384 4112 1554 4182 ipsum
1582 4113 1701 4176 erit,
1733 4113 1849 4167 haec

268 4203 426 4256 etiam
476 4201 718 4256 subdidit
766 4219 778 4256 :
819 4200 972 4267 Quod
998 4203 1044 4257 si
1072 4204 1307 4272 genuerit
1345 4201 1518 4271 ﬁlium
1547 4203 1639 4274 qui
1665 4202 1846 4256 videns

271 4293 438 4345 omnia
465 4301 682 4363 peccata
710 4292 876 4362 patris
928 4309 1045 4362 qua:
1100 4292 1252 4361 facit,
1303 4309 1407 4347 non
1441 4292 1624 4361 fecerit
1668 4290 1847 4346 simile

1959 1846 2190 1907 oportet.
2242 1839 2437 1894 Ovium
2487 1847 2670 1893 autem
2721 1839 3050 1894 sacrilicium
3096 1841 3418 1910 simplicitas
3467 1851 3554 1894 est

1960 1928 2315 1994 studentium,
2366 1945 2473 1983 non
2513 1930 2761 1985 absolute
2797 1932 2982 1986 ovium
3013 1932 3218 1988 oblatio
3248 1940 3310 1988 ut
3352 1933 3513 1987 boum
3536 1969 3553 1996 ,

1961 2018 2016 2072 in
2047 2020 2310 2074 directum
2340 2019 2485 2074 illius
2515 2021 2871 2092 intelligibilis
2910 2023 3122 2088 altaris,
3161 2023 3256 2080 sed
3282 2040 3350 2079 ex
3377 2025 3552 2079 latere

1961 2106 2188 2162 oﬁ‘ertur
2217 2126 2229 2162 :
2261 2108 2315 2161 in
2343 2108 2611 2164 directum
2648 2119 2732 2164 est
2761 2112 2905 2166 enim
2939 2114 3032 2183 qui
3079 2115 3335 2168 mandata
3380 2114 3548 2183 perﬁ-

1963 2200 2061 2264 cit,
2094 2214 2163 2255 ex
2195 2200 2364 2256 latere
2407 2209 2589 2255 autem
2633 2202 2726 2270 qui
2759 2217 2791 2257 a
2835 2203 2995 2258 malis
3042 2205 3297 2260 abstinet.
3331 2204 3549 2271 Quare?

1961 2291 2098 2358 Quia
2123 2281 2266 2346 sicut
2314 2292 2371 2346 iu
2413 2291 2616 2357 aulam,
2648 2294 2800 2347 verbi
2849 2295 3046 2364 gratia,
3096 2295 3323 2365 regiam,
3353 2296 3549 2351 melius

1957 2390 2041 2435 est
2067 2381 2289 2451 quidem
2328 2397 2430 2452 per
2453 2384 2653 2438 ostium
2684 2393 2892 2438 rectum
2941 2385 3174 2455 ingredi,
3202 2400 3326 2439 cum
3362 2393 3548 2438 autem

1956 2472 2062 2527 hoc
2086 2487 2195 2526 non
2223 2482 2310 2526 est
2350 2471 2529 2537 facile,
2571 2473 2773 2528 bonum
2801 2475 2874 2528 sit
2907 2475 3072 2529 etiam
3113 2489 3214 2542 per
3241 2474 3372 2528 illud
3402 2472 3547 2543 quod

1956 2568 2040 2616 est
2067 2576 2133 2616 ex
2163 2561 2334 2616 latere
2359 2563 2607 2628 introire,
2637 2564 2717 2618 sic
2742 2565 2936 2618 melius
2957 2572 3042 2619 est
3071 2565 3182 2618 Deo
3207 2565 3424 2634 quidem
3449 2579 3548 2634 per

1958 2651 2342 2706 mandatorum
2371 2651 2552 2708 offerri
2575 2652 2988 2722 perfectionem,
3021 2656 3222 2709 bonum
3251 2663 3335 2709 est
3363 2663 3546 2708 tamen

1955 2749 2012 2796 et
2041 2742 2087 2796 si
2117 2757 2213 2811 per
2241 2742 2506 2797 malorum
2537 2758 2596 2798 se
2621 2745 2744 2814 quis
2779 2743 2977 2799 oﬁerat
3000 2745 3408 2810 abstinentiam,
3436 2745 3547 2800 Deo

1955 2834 2153 2903 quippe
2196 2834 2358 2888 modo
2399 2834 2638 2903 quolibet
2663 2834 2860 2889 oll‘erre
2903 2835 3107 2889 bonum
3142 2844 3247 2890 est.
3276 2835 3360 2891 Ad
3403 2835 3548 2890 latus

1955 2932 2138 2978 autem
2212 2923 2399 2977 altaris
2480 2924 2547 2977 ad
2625 2924 2932 2992 aquilonem
3016 2925 3326 2979 necessario
3389 2925 3543 2979 addi-

1957 3017 2055 3072 dit.
2101 3015 2372 3072 Nebulosa
2400 3016 2545 3070 enim
2582 3031 2718 3086 pene
2747 3031 2964 3086 semper
2992 3017 3108 3070 haec
3136 3031 3262 3085 pars
3289 3024 3374 3072 est
3399 3030 3414 3069 :
3445 3016 3546 3070 ob-

1958 3108 2198 3162 tinentur
2221 3105 2490 3176 siquidem
2517 3105 2734 3172 nebula,
2762 3107 2814 3160 id
2835 3114 2918 3161 est
2941 3106 3265 3176 ignorantia,
3290 3105 3346 3160 hi
3363 3106 3456 3174 qui
3476 3120 3546 3160 ex

1956 3206 2070 3255 toto
2093 3211 2153 3253 se
2196 3197 2520 3252 innocentia:
2550 3198 2800 3264 tradunt;
2851 3207 3141 3269 propterea
3185 3207 3242 3253 et
3284 3198 3540 3253 holocau-

1954 3299 2098 3346 stum
2153 3289 2369 3353 dicitur,
2404 3288 2568 3342 etiam
2623 3290 2743 3345 sine
2783 3291 3101 3359 operatione
3145 3289 3394 3358 justitiae.
3438 3287 3544 3344 Per

1953 3379 2273 3450 sanguinem
2320 3393 2452 3448 ergo
2481 3378 2719 3432 animam
2769 3380 2858 3434 hic
2905 3379 3136 3450 intelligi
3183 3380 3538 3434 dubitandum

1953 3489 2061 3528 non
2093 3481 2200 3539 est,
2229 3489 2352 3527 cum
2389 3473 2504 3542 ipse
2528 3471 2805 3542 legislator
2829 3473 2990 3542 paulo
3018 3480 3134 3542 post
3167 3473 3314 3526 dicat
3348 3491 3360 3525 :
3393 3471 3532 3526 San-

1953 3563 2169 3633 guinem
2199 3578 2306 3616 non
2335 3562 2632 3618 comedetis
2659 3562 2714 3615 in
2743 3562 2956 3616 cunctis
2980 3561 3410 3616 habitationibus
3438 3576 3534 3615 vc-

1951 3654 2104 3718 stris,
2153 3654 2278 3721 quia
2323 3653 2502 3706 anima
2531 3653 2711 3707 carnis
2751 3653 2806 3705 in
2851 3653 3112 3722 sanguine
3159 3661 3264 3707 est.
3311 3652 3540 3721 Oportet

1949 3760 2080 3816 ergo
2109 3759 2208 3798 nos
2259 3759 2368 3798 non
2397 3757 2622 3812 parcere
2668 3743 2866 3796 animae
2912 3751 3144 3805 nostrae,
3197 3743 3292 3797 sed
3332 3757 3534 3812 ponere

1950 3851 2071 3891 eam
2093 3849 2193 3904 pro
2219 3832 2456 3888 Christo.
2484 3830 2590 3888 Per
2615 3840 2799 3901 caput,
2827 3847 2984 3887 mens
3011 3831 3349 3903 intelligitur.
3381 3833 3437 3886 In
3455 3831 3538 3900 je-

1948 3943 2076 3985 core
2104 3924 2434 3982 desiderium
2473 3923 2820 3994 exprimitur,
2849 3923 3106 3977 intestina
3135 3923 3367 3978 latentes
3389 3925 3536 3995 cogi-

1950 4017 2185 4072 tationes
2205 4013 2534 4085 signiﬁcant,
2557 4014 2722 4084 pedes
2749 4020 2929 4067 autem
2958 4013 3222 4068 actiones.
3258 4012 3385 4068 Vult
3402 4028 3534 4083 ergo

1950 4124 2051 4163 nos
2084 4107 2247 4162 simul
2289 4121 2416 4162 cum
2467 4105 2773 4160 actionibus
2819 4114 2875 4160 et
2925 4105 3284 4176 cogitationes
3323 4104 3530 4158 diluere

1949 4214 2110 4269 aqua,
2143 4199 2258 4253 sive
2301 4197 2583 4265 baptismi,
2614 4198 2730 4253 sive
2769 4195 2949 4261 ﬁetus,
2980 4197 3124 4266 quod
3149 4207 3205 4251 et
3230 4198 3296 4251 de
3325 4197 3532 4264 cogita-

1951 4288 2190 4343 tionibus
2245 4288 2300 4340 in
2325 4285 2529 4354 judicio
2557 4285 2769 4340 Domini
2804 4287 2880 4339 rei
2914 4294 3191 4351 tenemur;
3247 4299 3436 4338 verum
3472 4294 3531 4339 et

271 4383 356 4444 eis,
383 4387 546 4451 super
575 4392 776 4436 montes
812 4399 917 4437 non
947 4382 1248 4448 comederit,
1296 4392 1343 4436 et
1368 4380 1545 4435 oculos
1582 4397 1705 4434 suos
1743 4397 1844 4434 non
1877 4409 1925 4466 D
1952 4375 2243 4432 divisiones
2266 4383 2324 4430 et
2355 4383 2517 4445 caput
2542 4382 2597 4428 et
2614 4373 2773 4443 jecur
2803 4389 2966 4442 super
2992 4374 3137 4444 ligna
3163 4373 3353 4442 quibus
3385 4373 3535 4444 ignis

269 4470 505 4525 levaret-it
550 4473 621 4526 ad
654 4473 797 4528 idola
818 4473 1006 4527 domus
1034 4472 1227 4538 Israel,
1267 4483 1315 4526 et
1359 4488 1576 4526 uxorem
1619 4471 1846 4542 proximi

269 4565 346 4617 sui
373 4580 480 4619 non
505 4564 797 4631 violaverit,
837 4575 893 4620 et
921 4565 1026 4620 alia
1070 4566 1156 4621 his
1195 4565 1410 4627 similia,
1457 4565 1514 4618 in
1559 4564 1756 4632 quibus
1789 4563 1849 4618 ﬁ-

272 4668 388 4706 nem
414 4653 561 4707 hunc
585 4653 791 4708 addidit
815 4671 830 4707 :
859 4654 943 4707 hic
973 4670 1076 4707 non
1102 4655 1353 4707 morietur
1375 4653 1429 4707 in
1451 4651 1726 4722 iniquitate
1747 4669 1846 4720 pa—

271 4746 360 4798 tris
384 4747 488 4808 sui,
536 4745 629 4799 sed
655 4747 760 4800 vita
799 4746 944 4809 vivet,
973 4755 1021 4799 et
1051 4745 1252 4810 dicitis,
1283 4761 1446 4816 quare
1483 4759 1586 4796 non
1621 4744 1849 4812 portavit

271 4835 408 4902 ﬁlius
429 4837 757 4907 iniquitatem
787 4836 954 4906 patris
975 4836 1058 4890 sui
1086 4835 1304 4906 (Ezech.
1335 4834 1512 4905 xvm).
1543 4833 1635 4888 Sic
1676 4831 1845 4888 Judtei

273 4943 489 4984 necesse
511 4943 635 4984 esse
665 4929 834 4982 ﬁlium
861 4929 1017 4998 quasi
1049 4928 1393 4982 haereditario
1427 4928 1552 4997 jure
1580 4927 1636 4981 in
1678 4924 1849 4995 patris

273 5030 493 5087 peccato
533 5021 829 5076 succedere
865 5019 1288 5075 arbitrabantur.
1341 5018 1447 5072 Sed
1497 5017 1847 5086 quamobrem

273 5127 398 5167 oves
426 5123 478 5166 et
531 5127 728 5183 capras
771 5111 840 5164 ad
884 5111 1028 5166 latus
1075 5111 1268 5164 altaris
1317 5109 1460 5179 quod
1514 5108 1735 5179 respicit
1779 5108 1849 5162 ad

273 5203 575 5272 aquilonem
604 5217 790 5257 coram
819 5201 1047 5256 Domino
1083 5201 1330 5271 praecipit
1358 5201 1552 5263 occidi,
1581 5215 1704 5254 cum
1740 5214 1846 5253 non

274 5293 347 5346 ita
379 5294 444 5348 de
473 5293 646 5348 bobus
664 5293 1032 5362 praecepisset,
1057 5292 1151 5346 sed
1180 5305 1365 5345 coram
1393 5289 1617 5344 Domino
1641 5289 1850 5343 sanxis-

275 5393 355 5437 set
380 5384 677 5438 immolari?
703 5381 964 5436 Videntur
987 5382 1131 5435 enim
1155 5379 1322 5434 verba
1352 5380 1467 5449 ipsa
1491 5379 1848 5434 contrarieta-

276 5479 379 5528 tem
402 5475 693 5544 quamdam
721 5472 921 5526 habere
947 5480 1109 5542 atque
1136 5470 1494 5525 diﬁ'erentiam
1522 5487 1535 5524 :
1570 5471 1693 5539 quia
1724 5486 1846 5524 cum

277 5563 345 5618 sit
367 5565 698 5621 sacriﬁcium
729 5564 1229 5628 holocaustomatis,
1270 5573 1502 5633 utraque
1545 5561 1847 5616 diﬁ‘erentia

277 5650 544 5711 distribuit
594 5655 740 5711 loca.
795 5651 912 5709 Non
968 5662 1055 5709 .est
1113 5667 1245 5724 ergo
1295 5651 1650 5722 ignorantium
1701 5651 1844 5720 quod

1948 4465 2226 4534 subjectus
2251 4473 2334 4520 est
2359 4466 2414 4520 in
2440 4465 2613 4519 altare
2637 4464 2914 4534 imponere
2933 4462 3250 4518 oﬁ‘erentem
3271 4462 3446 4531 jubet,
3472 4473 3540 4518 ut

1947 4574 2164 4614 omnem
2207 4568 2452 4616 nostrum
2494 4560 2772 4614 hominem
2815 4557 3115 4628 Scripturis
3159 4556 3542 4628 spiritualibus

1949 4667 2069 4723 qua:
2097 4651 2164 4707 de
2210 4651 2534 4722 intelligibili
2591 4651 2764 4705 altare
2811 4651 3057 4719 corporis
3106 4649 3319 4703 Domini
3370 4648 3545 4703 dictae-

1949 4752 2076 4799 sunt
2104 4734 2434 4813 ccaptemus,
2485 4743 2780 4798 secundum
2822 4739 2940 4808 ejus
2979 4742 3224 4796 viventes
3264 4753 3361 4794 seu
3399 4752 3544 4790 conm

1949 4843 2228 4891 versantes
2262 4835 2620 4891 imitationem
2657 4849 2673 4889 :
2705 4834 3045 4906 Adolebitque
3073 4851 3134 4888 ea
3169 4832 3415 4888 sacerdos
3439 4849 3549 4885 su--

1947 4943 2039 4996 per
2063 4925 2231 4980 altare
2256 4927 2310 4980 in
2336 4927 2700 4981 holocaustum
2721 4935 2768 4980 et
2797 4941 3006 4980 suavem
3037 4926 3249 4980 odorem
3275 4925 3523 4978 Domino.

1951 5019 2058 5092 (Ex
2099 5018 2407 5091 Hesychia.)
2455 5019 2597 5090 Ergo
2641 5019 2859 5087 quando
2909 5018 3236 5072 sacriﬁcium
3283 5024 3527 5070 nostrum

1949 5110 2322 5164 holocaustum
2352 5109 2430 5173 ﬁt,
2461 5116 2586 5163 tunc
2614 5109 2844 5163 Domino
2871 5108 3007 5162 odor
3051 5105 3334 5162 suavitatis
3379 5103 3546 5158 inve-

1949 5201 2118 5265 nitur,
2159 5209 2215 5256 et
2256 5201 2472 5271 quando
2517 5199 2699 5254 omnia
2750 5214 2916 5268 super
2965 5196 3304 5267 intelligibile
3353 5193 3530 5246 altare

1947 5291 2326 5355 obtulerimus,
2355 5291 2662 5345 imitatores
2689 5289 2897 5345 Christi
2932 5291 3228 5345 secundum
3255 5281 3530 5357 possibili-

1950 5387 2115 5433 tatem
2146 5378 2409 5434 eﬁicimur
2438 5380 2504 5433 ad
2533 5380 2706 5450 ipsius
2738 5379 3123 5442 imitationem,
3158 5385 3400 5432 nostram
3443 5371 3541 5425 vir

1948 5479 2058 5523 tam
2084 5485 2178 5524 seu
2219 5471 2681 5524 conversationem
2711 5479 3049 5539 coaptantes,
3081 5469 3182 5521 hoc
3216 5465 3358 5519 enim
3403 5476 3541 5516 esse

1949 5562 2119 5616 altare
2166 5563 2415 5631 superius
2454 5562 2810 5616 ostendimus.
2868 5561 2966 5615 Sin
3001 5567 3174 5610 autem
3226 5555 3290 5606 de
3338 5552 3540 5607 avibus-

1945 5650 2233 5706 Itolocausti
2261 5650 2453 5706 oblatio
2479 5650 2638 5721 fuerit
2663 5649 2910 5715 Domino,
2931 5645 2993 5701 de
3017 5643 3312 5698 turturibus
3334 5654 3380 5702 et
3402 5641 3530 5714 pub
