3954 6176
365 280 467 337 255

1035 272 1096 327 Β.
1140 271 1394 329 RABANI
1432 271 1654 330 MAURI
1688 264 2008 325 ARCHIEP.
2052 263 2364 322 MOGUNT.
2406 261 2692 321 OPERUM
2734 264 2916 319 PARS
2954 263 2996 318 I.

3530 258 3631 315 256

362 393 429 448 lis
455 388 733 453 columbw,
770 385 952 457 oleret
977 400 1045 438 ea
1067 384 1315 437 sacerdos
1339 381 1409 434 ad
1454 381 1644 446 altare,
1675 389 1723 434 et
1752 385 1944 432 retorto
1974 381 2021 436 Α
2047 376 2212 429 etiam
2242 391 2384 431 nunc
2411 390 2520 430 non
2547 382 2607 429 ut
2631 375 2913 429 occidatur
2936 374 3075 439 avis,
3113 372 3208 429 sed
3245 384 3306 427 ut
3346 375 3641 445 abrumpa-

364 481 432 535 ad
463 478 655 535 collum
685 476 856 548 capite
879 492 942 529 ac
970 483 1147 544 rupto,
1174 471 1405 526 vulneris
1430 471 1546 525 loco
1571 471 1850 524 decurrere
1872 467 1950 537 fa-

365 570 462 624 ciet
511 566 821 637 sanguinem
868 580 1027 635 super
1070 561 1391 633 crepidinem
1431 559 1640 622 altaris,
1670 555 1951 613 vesiculam

367 674 488 713 vero
514 656 742 727 gutturis
767 664 814 708 et
835 653 1042 725 plumas
1067 652 1306 723 projiciet
1327 667 1486 720 prope
1497 647 1668 703 altare
1688 648 1757 701 ad
1787 647 1955 700 orien-

367 748 528 801 talem
564 745 780 817 plagam
818 745 873 798 in
914 745 1029 798 loco
1059 745 1116 797 in
1159 758 1264 813 quo
1293 744 1492 795 cineres
1519 738 1723 808 e/j'undi
1763 735 1954 799 solent,

369 837 762 907 confringetque
790 833 1011 888 ascellas
1049 833 1185 902 ejus,
1217 840 1266 885 et
1296 846 1402 884 non
1445 828 1641 883 secabit
1681 844 1774 880 nec
1818 825 1957 894 [erro

369 927 562 981 dividet
588 942 674 991 ea,
702 934 751 979 et
778 923 1004 977 adolebit
1029 937 1188 991 super
1216 918 1387 973 altare
1411 916 1569 988 lignis
1606 916 1725 986 igne
1768 930 1960 985 suppo-

371 1021 508 1080 sitis,
537 1015 902 1070 holocaustum
924 1022 1022 1077 est,
1048 1020 1097 1066 et
1127 1009 1321 1064 oblatio
1340 1007 1638 1063 suavissimi
1668 1005 1845 1059 odoris
1859 1004 1963 1058 Do-

373 1109 536 1161 mino.
570 1106 679 1177 (Ea:
691 1101 1000 1174 Hesychia.)
1033 1102 1277 1157 Tertium
1302 1098 1634 1155 sacriﬁcium
1663 1098 1868 1151 dicitur
1885 1094 1965 1150 of-

2051 476 2139 521 tur
2166 467 2249 521 vel
2296 465 2640 537 refrangatur
2690 464 3058 537 [refrigatur],
3114 464 3394 532 legislator
3437 464 3636 535 jussit,

2050 560 2341 615 ostendens
2368 559 2640 630 quomodo
2664 573 2762 628 per
2788 564 2975 627 partes
3001 569 3058 611 et
3093 556 3302 614 leniter
3323 572 3515 611 verum
3549 572 3637 613 ca-

2054 660 2170 720 put,
2196 650 2249 703 id
2280 657 2367 704 est
2392 659 2650 707 mentem.
2678 646 2884 703 dividat
2914 662 2945 701 a
2983 647 3145 716 pelle,
3174 647 3228 701 id
3251 655 3356 711 est,
3383 664 3414 701 a
3450 663 3639 713 carne,

2056 743 2197 796 unde
2220 756 2322 796 nec
2346 739 2575 795 eﬂ'undit
2618 740 2958 807 sanguinem,
2987 738 3083 793 sed
3124 738 3417 793 decurrere
3462 738 3643 803 faciet,

2057 830 2164 896 vel,
2204 830 2501 885 secundum
2538 827 2917 897 Septuaginta,
2972 827 3181 882 esculat
3229 827 3537 899 [excolat];
3590 840 3647 884 ut

2058 936 2158 990 per
2185 929 2368 989 partes
2393 927 2449 974 et
2476 919 2714 989 perfecte
2737 918 3001 989 despiciat
3027 917 3377 989 praesentium
3412 920 3649 974 medim--

2063 1012 2266 1066 tionem
2294 1009 2378 1063 vel
2403 1010 2591 1074 vitam,
2620 1015 2681 1063 ut
2707 1016 2834 1078 pote
2876 1009 2969 1077 qui
3008 1015 3179 1062 totam
3217 1022 3373 1062 suam
3410 1008 3654 1063 animam

2062 1103 2319 1160 obtulerit
2341 1103 2452 1158 Deo
2477 1121 2490 1156 :
2519 1103 2623 1156 hoc
2653 1101 2800 1156 enim
2838 1100 3133 1171 signiﬁcat,
3159 1106 3215 1153 et
3243 1099 3468 1168 sanguis
3493 1114 3655 1154 escu—

374 1194 518 1250 fe:-re
546 1204 836 1259 turturem,
859 1200 917 1247 et
944 1191 1250 1247 columbam
1276 1198 1547 1245 turturem
1568 1201 1786 1243 carnem
1809 1185 1967 1240 Chri-

2080 1205 2207 1250 atus
2236 1194 2558 1267 [excolatus]
2587 1195 2732 1249 circa
2763 1194 2938 1247 basim
2964 1192 3174 1257 altaris,
3205 1192 3349 1261 quod
3371 1200 3455 1246 est
3487 1190 3657 1246 Chri-

376 1289 448 1343 sti
478 1303 599 1344 esse
627 1286 980 1342 manifestum
1010 1295 1116 1351 est.
1143 1284 1436 1340 Salomone
1464 1282 1683 1337 dicente
1711 1298 1725 1333 ε
1758 1277 1968 1349 δρεάο-
2067 1296 2200 1353 stus,
2238 1288 2441 1343 Christi
2475 1297 2656 1342 autem
2710 1287 2858 1342 basis
2908 1293 2992 1341 est
3043 1284 3412 1355 Evangelium,
3452 1284 3507 1338 in
3550 1298 3662 1353 quo

375 1396 449 1434 sa:
477 1395 623 1449 gente
645 1389 752 1433 tua:
780 1380 917 1432 sicut
945 1385 1122 1430 turtur
1148 1375 1326 1448 (Cant.
1355 1373 1418 1445 ι).
1451 1372 1772 1428 Columbam
1802 1369 1969 1438 Spiri-
2068 1379 2306 1433 maxime
2341 1386 2597 1446 oportere
2632 1393 2732 1432 nos
2766 1385 3091 1447 [ii-testantem
3138 1375 3305 1428 vitam
3338 1375 3660 1442 despicere,

380 1480 466 1525 tus
492 1470 668 1525 sancti
699 1470 930 1539 ﬁguram
957 1468 1162 1523 habere
1188 1465 1425 1520 Joannes
1454 1463 1697 1533 Baptista
1730 1460 1971 1516 declarat
2069 1477 2131 1523 ut
2157 1476 2280 1537 pote
2307 1475 2476 1521 totam
2503 1469 2742 1522 animam
2777 1477 3022 1521 nnslram
3049 1467 3162 1520 Deo
3202 1464 3496 1520 anei-emes
3523 1464 3666 1518 didi-

379 1560 606 1615 dicens:
639 1559 813 1630 Super
850 1576 1004 1630 quem
1049 1557 1240 1612 videris
1288 1556 1547 1626 Spiritum
1577 1552 1970 1608 descendentem
2072 1559 2265 1613 cimus.
2305 1556 2609 1613 Vesiculam
2646 1566 2830 1611 autem
2868 1557 3107 1627 gutturis
3145 1563 3200 1609 et
3226 1554 3440 1625 plumas
3466 1553 3671 1623 prr-jiei

380 1651 515 1703 sicut
541 1648 859 1713 columbam,
886 1648 970 1702 hic
995 1656 1070 1702 est
1093 1648 1182 1717 qui
1214 1647 1446 1716 baptizat
1475 1644 1655 1717 (Joan.
1684 1642 1745 1712 ι).
1768 1642 1847 1696 Ac
1875 1656 1973 1712 per

382 1745 489 1799 hoc
516 1751 781 1797 turturem
819 1750 874 1796 et
920 1742 1248 1805 columbam,
1303 1740 1355 1793 id
1380 1747 1465 1793 est
1491 1735 1701 1791 Christi
1746 1747 1966 1788 carnem
1997 1719 2043 1779 Β

384 1836 596 1906 spiritui
643 1835 905 1890 sociatam
938 1849 1035 1903 per
1074 1833 1395 1903 mysterium
1440 1829 1709 1899 passionis
1754 1825 1966 1882 sacriﬁ-

386 1926 531 1979 cium
582 1925 692 1979 Deo
738 1925 792 1978 in
824 1924 1047 1979 odorem
1088 1921 1393 1984 suavitatis,
1426 1920 1502 1972 ita
1553 1919 1656 1972 tria
1700 1916 1969 1972 sacriﬁcia

384 2012 579 2068 oﬁ‘eret
615 2013 795 2076 homo,
831 2013 886 2067 id
914 2019 1018 2076 est,
1051 2010 1299 2065 Christus
1345 2007 1523 2063 Jesus.
1567 2006 1741 2061 Aliter
1777 2025 1790 2060 :
1826 2005 1973 2059 Prte-

386 2103 544 2158 dictte
569 2104 835 2173 siquidem
861 2101 1121 2157 oblationi
1174 2097 1476 2154 differentia
1510 2096 1811 2151 volatilium
1862 2109 1972 2149 nou

388 2203 473 2250 est
512 2202 920 2255 counumerata,
966 2199 1026 2245 ut
1074 2189 1325 2245 videlicet
1358 2187 1654 2258 perfectior
1701 2195 1759 2240 et
1803 2183 1976 2253 major

389 2286 793 2354 multorumque
819 2282 1224 2355 transgrediens
1251 2279 1687 2351 possibilitatem.
1728 2272 1974 2332 Volatilia

391 2376 537 2432 enim
572 2375 820 2430 homines
851 2382 978 2429 sunt
1005 2371 1446 2442 contemplationi
1495 2377 1772 2431 vacantes,
1804 2376 1977 2422 terre-

391 2470 478 2525 nis
504 2470 726 2524 omuino
765 2483 826 2523 se
861 2483 971 2521 non
1001 2468 1293 2521 miscentes
1339 2464 1593 2533 negotiis,
1642 2462 1787 2532 quod
1830 2468 1884 2514 et
1929 2460 1977 2514 si

392 2557 534 2616 forte
558 2558 858 2619 necessitas
879 2556 1146 2626 exegerit,
1177 2571 1303 2609 mox
1328 2555 1579 2609 revolant
1608 2552 1676 2606 ad
1700 2550 1974 2613 sublimia,

394 2651 488 2706 illo
513 2651 791 2722 Evangelii
816 2650 1043 2722 juvante
1074 2648 1389 2702 testimonio
1433 2660 1540 2715 quo
1566 2643 1828 2699 Dominus
1857 2641 1935 2695 ait
1960 2658 1974 2694 :

395 2739 739 2795 Considerate
783 2738 1023 2793 volatilia
1052 2737 1186 2802 caeli,
1213 2737 1338 2807 quia
1369 2752 1475 2788 non
1517 2735 1775 2788 seminant
1818 2748 1979 2802 neque

392 2839 612 2891 metunt,
646 2839 694 2883 et
720 2828 886 2883 Pater
911 2838 1074 2882 vester
1104 2828 1324 2881 omlestis
1345 2826 1512 2897 pascit
1544 2824 1636 2879 illa
1657 2824 1873 2896 (Matth.
1898 2822 1975 2894 v).

396 2921 853 2991 Coutemplationi
882 2935 1013 2990 ergo
1056 2935 1280 2983 vacans,
1313 2926 1369 2973 et
1398 2919 1451 2973 in
1485 2919 1823 2988 superiorum
1851 2930 1981 2971 con-

395 3013 724 3068 sideratione
747 3011 1022 3083 perfectus
1054 3013 1216 3067 homo
1244 3012 1371 3081 (hoc
1399 3010 1544 3065 enim
1573 3023 1693 3080 quae
1722 3009 1978 3079 praedicta

397 3113 525 3161 sunt
557 3105 903 3173 docuerunt),
927 3105 972 3159 si
1003 3105 1473 3158 conversationem
1495 3103 1609 3156 sive
1634 3102 1799 3155 vitam
1825 3116 1980 3155 suam
2007 3071 2052 3133 δ

398 3193 729 3250 oblationem
781 3193 992 3258 oﬂ‘eret,
1042 3195 1108 3248 de
1139 3193 1442 3248 turturibus
1484 3199 1578 3244 aut
1605 3190 1673 3244 de
1717 3190 1982 3245 columbis

398 3287 592 3342 offerat
620 3301 815 3340 munus
848 3301 1029 3348 suum,
1063 3286 1116 3338 id
1156 3294 1259 3349 est,
1309 3285 1364 3338 in
1395 3283 1622 3339 scientia
1647 3290 1704 3337 et
1729 3297 1982 3337 mansue-

401 3375 586 3430 tudine
610 3375 842 3444 spiritali
869 3394 881 3428 :
915 3376 1030 3430 haec
1056 3375 1198 3429 enim
1230 3390 1367 3444 opus
1394 3375 1574 3437 habet,
1605 3382 1665 3428 ut
1692 3388 1798 3427 non
1827 3388 1985 3429 exce-

401 3466 496 3519 dat
540 3465 675 3535 legis
702 3466 1067 3521 consideratio
1097 3467 1150 3520 in
1186 3468 1342 3520 vanis
1370 3476 1657 3535 occupata,
1706 3474 1885 3520 turtur
1906 3468 1983 3521 si-

402 3555 620 3623 quidem
649 3556 774 3624 quia
806 3556 1171 3625 cognitionem
1202 3557 1384 3621 habet,
1412 3557 1485 3611 ita
1512 3565 1570 3611 ut
1599 3556 1717 3625 ejus
1735 3558 1984 3627 exemplo

400 3644 708 3702 Judazorum
736 3648 1166 3718 exprobraretur
1193 3648 1442 3718 pupulas,
1465 3647 1731 3703 Jeremias
1751 3649 1981 3719 probat;

402 3739 479 3792 ait
506 3740 651 3793 enim
686 3758 699 3792 :
734 3739 931 3793 Turtur
959 3750 1007 3794 et
1050 3741 1280 3794 hirundo
1309 3750 1357 3793 et
1383 3742 1585 3794 ciconia
1621 3742 1984 3796 custodierunt

403 3836 604 3899 tempus
631 3830 882 3885 adventus
909 3828 1009 3894 sui,
1025 3831 1248 3901 populus
1268 3841 1441 3885 autem
1464 3847 1609 3885 meus
1624 3847 1728 3885 non
1748 3833 1986 3901 cognovit

397 3918 660 3987 judicium
722 3920 932 3975 Domini
997 3919 1223 3991 (Jerem.
1278 3921 1430 3990 vm).
1494 3920 1754 3975 Columba
1807 3929 1986 3975 autem

407 4008 606 4064 munda
640 4018 695 4064 et
728 4011 954 4080 simplex
994 4012 1479 4080 annuntiatrixque
1515 4013 1822 4081 prtesentiae
1863 4027 1986 4067 san-

406 4104 480 4158 cti
516 4102 754 4174 Spiritus
777 4114 880 4166 est,
908 4106 1044 4160 tales
1068 4114 1283 4175 oportet
1306 4120 1427 4161 esse
1453 4119 1548 4159 eos
1568 4105 1660 4175 qui
1685 4106 1831 4159 circa
1858 4121 1989 4160 con-

406 4193 743 4263 templandas
790 4194 1103 4264 Scripturas
1144 4197 1345 4251 habent
1369 4195 1642 4261 studium;
1677 4195 1819 4249 unde
1859 4195 1992 4249 Eze-

411 4283 566 4338 chias
598 4285 711 4340 ait:
745 4285 1047 4341 Meditahor
1070 4295 1130 4341 ut
1165 4286 1433 4342 columba.
1471 4286 1622 4342 Hanc
1661 4285 1990 4341 oblationem

2067 1647 2230 1716 jussit
2255 1663 2323 1703 ex
2355 1655 2588 1718 utroque
2621 1648 2832 1702 scilicet
2871 1646 3147 1701 inﬂatione
3176 1654 3340 1715 atque
3365 1644 3675 1714 superﬂuu-

2072 1757 2192 1797 rum
2233 1742 2582 1812 inquisitione
2624 1755 2749 1795 eum
2791 1755 2982 1795 carere
3026 1738 3391 1808 mundarique
3435 1737 3663 1801 volens;

2067 1832 2303 1886 maxime
2324 1831 2469 1885 enim
2498 1831 2584 1884 bis
2612 1830 2960 1900 passionibus
2983 1829 3041 1883 hi
3066 1828 3158 1899 qui
3188 1828 3427 1897 uberiori
3458 1827 3671 1898 pollent

2070 1924 2299 1980 scientia
2351 1923 2734 1986 succumbunt,
2790 1929 3087 1976 attestante
3124 1919 3296 1974 Paulo
3348 1920 3442 1988 qui
3490 1919 3667 1974 dicit:

2073 2014 2306 2071 Scientia
2334 2014 2506 2083 inﬂat,
2536 2028 2643 2066 non
2667 2025 2799 2082 ergo
2827 2010 3093 2081 permittit
3117 2007 3319 2073 inﬂari,
3347 2016 3402 2063 ct
3428 2008 3553 2063 ideo
3575 2024 3675 2061 au-

2073 2105 2201 2161 ferri
2238 2104 2494 2175 precepit
2524 2103 2783 2167 vesicam,
2814 2101 2908 2156 sed
2938 2115 3040 2155 nec
3072 2099 3281 2169 majora
3313 2098 3473 2152 nobis
3514 2112 3674 2167 qua»

2075 2210 2197 2251 rere
2231 2195 2314 2249 vel
2359 2194 2573 2248 altiora.
2603 2193 2814 2248 Altiora
2845 2201 2916 2257 te,
2952 2191 3225 2261 inquiens,
3260 2205 3330 2244 ne
3359 2190 3673 2258 quzesieris,

2074 2293 2129 2340 et
2164 2285 2479 2340 sublimiora
2518 2292 2569 2338 Ie
2595 2300 2664 2339 ne
2705 2291 2979 2339 scrutatus
3035 2281 3235 2345 fueris,
3280 2281 3426 2335 unde
3463 2288 3521 2333 et
3552 2280 3679 2350 plu-

2077 2393 2195 2431 mas
2221 2378 2289 2431 ab
2321 2377 2495 2431 hostia
2528 2375 2816 2447 separavit,
2848 2382 2903 2429 et
2926 2372 3116 2445 projici
3150 2380 3375 2442 propter
3397 2371 3577 2425 altare
3609 2371 3680 2425 ad

2076 2466 2288 2537 plagam
2320 2467 2662 2532 orientalem,
2704 2467 2757 2519 in
2796 2465 2917 2520 loco
2963 2465 3016 2518 in
3067 2479 3174 2533 quo
3203 2464 3419 2517 cinrres
3465 2460 3679 2515 effundi

2078 2558 2272 2613 solent.
2298 2556 2379 2611 Ad
2419 2558 2685 2612 orientem
2717 2556 2959 2627 quidem,
2994 2555 3122 2624 quia
3167 2553 3453 2622 inquisitio
3498 2551 3682 2605 subli-

2079 2649 2245 2703 mium
2282 2662 2465 2705 rerum
2491 2648 2707 2702 videtur
2744 2661 2902 2711 esse;
2932 2653 3087 2700 extra
3113 2644 3286 2698 altare
3314 2652 3520 2707 autem,
3543 2643 3681 2712 quia

2081 2756 2189 2795 non
2226 2740 2590 2794 necessariam
2621 2739 2713 2793 sed
2737 2736 3066 2806 superﬂuam
3087 2742 3250 2804 atque
3274 2735 3492 2788 noxiam
3522 2748 3684 2788 scru-

2085 2831 2347 2886 tationem
2394 2829 2667 2900 possidet;
2716 2830 2768 2883 in
2795 2829 2974 2884 locum
3017 2835 3198 2881 autem
3226 2824 3380 2894 jubet
3402 2826 3680 2890 cinerum,

2081 2930 2303 2993 propter
2335 2930 2608 2986 naturam,
2654 2921 2722 2975 de
2749 2936 2857 2991 qua
2882 2921 3161 2978 Abraham
3207 2918 3341 2973 dicit
3375 2937 3386 2971 :
3432 2916 3546 2988 Ego
3585 2935 3682 2970 au-

2084 3022 2184 3067 tem
2225 3029 2340 3066 sum
2373 3011 2543 3083 pulvis
2570 3021 2618 3065 et
2643 3011 2774 3065 cinis
2797 3008 2951 3082 (Gen.
2984 3009 3164 3079 xvm).
3200 3008 3345 3079 Ergo
3365 3022 3463 3076 per
3500 3006 3685 3059 locum

2083 3101 2327 3155 cinerum
2377 3100 2694 3169 praedictam
2723 3098 3058 3152 inﬂationem
3085 3097 3358 3167 redarguit
3379 3094 3685 3165 legislator,

2084 3199 2145 3244 ut
2167 3198 2289 3259 pote
2319 3204 2440 3259 quae
2464 3188 2625 3259 digna
2652 3190 2725 3243 sit
2752 3190 2957 3244 cinere.
2989 3187 3142 3254 Quod
3168 3196 3348 3241 autem
3387 3186 3573 3240 cinere
3601 3186 3686 3239 di-

2084 3295 2245 3349 gnum
2288 3288 2393 3344 est,
2436 3279 2694 3334 deorsum
2747 3281 2801 3334 in
2853 3287 2999 3333 terra
3048 3287 3253 3343 manet,
3291 3286 3347 3333 et
3394 3279 3448 3331 in
3479 3277 3688 3331 oculum

2085 3370 2379 3426 ascendere
2428 3386 2536 3425 non
2583 3380 2783 3441 potest.
2821 3372 3026 3427 Deinde
3074 3372 3149 3426 ait
3200 3390 3214 3426 :
3265 3368 3688 3440 Confringetque

2085 3461 2307 3516 ascellas
2357 3462 2473 3533 ejus
2510 3472 2560 3516 et
2590 3480 2693 3517 non
2729 3463 2925 3517 secabit
2988 3479 3081 3517 nec
3130 3463 3271 3532 ferro
3311 3461 3537 3526 dividet,
3587 3476 3688 3515 ne-

2085 3555 2321 3609 cessarie
2368 3555 2690 3624 praecipiens
2741 3562 3033 3624 utrumque
3084 3553 3453 3624 confringere,
3514 3552 3688 3621 siqui-
3748 3542 3755 3553 ί

2087 3649 2231 3714 dem,
2270 3648 2396 3718 quia
2433 3657 2650 3717 oportet
2708 3649 2955 3703 membra
3003 3657 3290 3703 conterere
3331 3655 3497 3715 atque
3546 3644 3688 3697 ami-

2088 3757 2215 3813 gere
2245 3757 2370 3796 eum
2397 3742 2490 3811 qui
2528 3741 2638 3796 Deo
2665 3741 2997 3797 sacriﬁcium
3043 3742 3161 3796 ﬁeri
3202 3739 3350 3809 cupit
3392 3758 3403 3792 :
3447 3737 3571 3792 Non
3602 3756 3685 3793 se-

2087 3831 2225 3885 cabit
2252 3840 2432 3887 autem
2465 3849 2557 3886 nec
2584 3832 2725 3901 ferro
2753 3831 2967 3897 dividet,
3020 3845 3123 3887 nec
3157 3831 3323 3885 faciet
3358 3844 3512 3883 avem
3536 3830 3682 3883 sicut

2088 3922 2280 3976 bovem
2334 3930 2431 3977 aut
2485 3938 2641 3977 ovem
2698 3937 2797 3992 per
2844 3923 3163 3979 divisiones.
3218 3921 3682 3991 Contemplationi

2088 4013 2518 4068 eniminhaerens
2538 4014 2724 4077 homo,
2752 4013 2995 4083 nihilque
3019 4014 3226 4068 habens
3255 4021 3558 4085 terrenum,
3585 4011 3685 4066 sed

2089 4105 2180 4172 qui
2210 4112 2356 4158 totus
2374 4103 2697 4171 jamdudum
2726 4105 2968 4160 caelestis
2995 4113 3104 4170 est,
3144 4105 3442 4159 adversans
3485 4103 3685 4157 animm

2091 4209 2199 4248 non
2242 4194 2407 4250 habet
2443 4210 2661 4266 corpus.
2704 4196 2977 4268 [ntegrum
3001 4197 3203 4267 quippe
3229 4195 3348 4265 ejus
3388 4212 3589 4266 corpus
3629 4206 3684 4250 et

2092 4284 2296 4347 anima,
2324 4283 2418 4338 sed
2440 4292 2497 4340 et
2520 4287 2738 4355 spiritus
2772 4288 3069 4342 secundum
3097 4289 3241 4358 quod
3272 4288 3410 4342 dixit
3455 4286 3679 4351 Paulus,

409 4389 549 4430 unus
595 4378 854 4433 sacerdos
886 4376 1107 4444 omn-et,
1159 4395 1266 4434 non
1313 4380 1503 4444 multi;
1535 4393 1641 4433 non
1673 4387 1757 4433 est
1789 4380 1989 4450 quippe
2018 4412 2068 4471 Β
2092 4376 2204 4429 εἷπε
2221 4374 2433 4445 querela
2474 4376 2530 4429 in
2571 4377 2796 4431 adventu
2836 4378 3053 4433 Domini
3092 4380 3390 4434 custoditur
3420 4378 3470 4450 (1
3496 4377 3677 4433 Thess.

409 4467 832 4536 contemplativa
857 4470 968 4523 vita
995 4469 1373 4538 plurimorum,
1402 4471 1457 4525 id
1480 4478 1587 4536 est,
1618 4479 1677 4525 ut
1697 4486 1762 4525 ex
1792 4479 1906 4527 tota
1928 4487 1986 4526 se

409 4562 589 4610 mente
608 4556 837 4612 offerant
864 4558 991 4623 Deo,
1039 4559 1280 4629 nihilque
1315 4562 1614 4615 humanum
1643 4560 1868 4616 ulterius
1895 4576 1989 4616 co-

410 4646 605 4716 gitent,
647 4649 742 4704 sed
782 4652 1038 4706 continue
1074 4651 1510 4721 contemplentur
1532 4652 1800 4716 coelestia,
1832 4660 1890 4706 et
1920 4667 1984 4705 ea

408 4753 526 4807 quia
551 4754 762 4792 sursum
789 4749 909 4793 sunt
938 4742 1166 4810 sapiant,
1194 4740 1283 4793 ubi
1320 4740 1561 4794 Christus
1590 4750 1686 4806 est,
1729 4740 1872 4795 sicut
1910 4742 1988 4796 ait

408 4826 700 4895 Apostolus
736 4830 792 4882 in
819 4830 1035 4883 dextera
1069 4829 1163 4883 Dei
1193 4831 1376 4885 sedens
1406 4830 1631 4901 (Coloss.
1666 4831 1774 4902 ut),
1800 4832 1988 4888 videli-

412 4926 500 4971 cet
539 4917 740 4984 Patris,
791 4920 933 4973 unde
976 4919 1068 4973 alii
1113 4920 1182 4973 ad
1230 4919 1637 4976 tabernaculum
1692 4921 1985 4978 testimonii

410 5007 736 5063 oblationem
771 5009 1024 5064 offerunt.
1061 5009 1185 5065 Haec
1209 5020 1389 5065 autem
1425 5012 1492 5067 ad
1527 5011 1700 5068 altare
1739 5010 1987 5080 offertur,

410 5099 565 5169 cujus
603 5103 713 5156 vim
757 5104 810 5157 in
849 5104 1280 5173 praecedentibus
1310 5106 1566 5171 didicisti,
1617 5108 1670 5162 id
1700 5115 1817 5173 est,
1862 5110 1990 5178 quia

410 5189 752 5248 Dominicum
783 5194 1048 5264 signiﬁcet
1074 5211 1293 5265 corpus,
1326 5197 1421 5251 sed
1445 5197 1725 5253 videamus
1755 5214 1876 5270 quae
1905 5201 1992 5255 his

409 5281 808 5351 aubjiciantur:
856 5285 925 5337 Et
964 5296 1157 5340 retorto
1203 5286 1272 5338 ad
1315 5285 1507 5339 collum
1540 5287 1709 5357 capite
1745 5304 1808 5341 ac
1836 5298 1989 5359 rupto

410 5375 641 5431 vulneris
655 5377 790 5442 loco,
815 5379 1142 5448 abrumpens
1170 5379 1419 5433 videlicet
1439 5394 1467 5431 a
1482 5379 1639 5448 pelle,
1663 5395 1783 5449 qua:
1805 5396 1990 5450 super-

411 5466 545 5524 latet
593 5468 942 5542 [superjacet]
987 5472 1146 5536 collo,
1184 5486 1288 5525 non
1320 5471 1466 5524 illam
1514 5485 1775 5540 separans
1814 5487 1844 5525 a
1869 5489 1990 5527 cor-

411 5573 564 5628 pore,
593 5570 652 5615 ut
679 5577 779 5617 nec
805 5563 1097 5633 dissiparet
1123 5562 1275 5623 illud,
1300 5576 1400 5615 nec
1421 5577 1485 5616 ea
1511 5577 1695 5616 rursus
1721 5563 1989 5633 astringa-

415 5656 518 5715 tur,
543 5651 689 5720 quod
712 5651 1052 5723 signiﬁcatur
1075 5652 1307 5720 abrupto
1335 5649 1575 5706 vulneris
1599 5650 1717 5706 loco
1744 5667 1757 5718 ;
1788 5660 1842 5707 et
1865 5651 1987 5707 ideo

2093 4464 2200 4535 ιιι),
2227 4472 2284 4519 et
2306 4472 2593 4536 propterea
2619 4467 2889 4536 superﬂua
2914 4469 2966 4522 in
2994 4471 3074 4525 eis
3098 4470 3468 4525 membrorum
3486 4470 3681 4525 divisio

2093 4564 2198 4610 est.
2232 4557 2503 4628 integrum
2532 4559 2678 4612 enim
2704 4573 2869 4629 super
2892 4560 3233 4634 intelligibile
3266 4560 3471 4624 altare,
3503 4570 3559 4614 et
3597 4577 3682 4614 sua

2093 4664 2193 4718 per
2220 4649 2363 4719 ligna
2406 4650 2603 4720 quibus
2652 4651 2939 4720 subjicitur
2983 4653 3158 4722 ignis,
3208 4652 3453 4707 oﬂ‘ertur.
3495 4652 3682 4723 Neque

2094 4742 2237 4795 enim
2262 4741 2420 4797 aliter
2440 4741 2770 4797 sacriﬁcium
2794 4745 3126 4814 acceptabile
3147 4745 3398 4809 efﬁcitur,
3426 4744 3531 4798 nisi
3576 4760 3684 4798 me.

2094 4832 2354 4888 dilatione
2400 4834 2699 4903 spiritualis
2730 4834 2885 4906 legis,
2937 4846 2990 4891 et
3028 4845 3155 4891 tunc
3204 4837 3580 4892 holocaustum
3626 4848 3681 4890 et

2084 4922 2285 4978 oblatio
2342 4925 2650 4978 suavissimi
2709 4925 2893 4980 odoris
2957 4926 3187 4981 Domino
3237 4927 3531 4997 reperitur,
3586 4927 3677 4995 qui

2086 5028 2302 5083 semper
2325 5014 2585 5068 odoratur
2609 5016 2938 5070 sacriﬁcium
2965 5024 3235 5081 nostrum,
3261 5026 3316 5071 et
3340 5016 3681 5083 uniuscujus-

2086 5122 2192 5175 que
2236 5115 2483 5161 nostrum
2509 5109 2677 5161 vitam
2710 5109 2826 5164 sive
2856 5111 3327 5165 conversationem
3380 5111 3677 5165 secundum

2087 5196 2258 5267 legem
2285 5212 2406 5265 qua:
2431 5196 2499 5250 ab
2519 5211 2585 5252 eo
2610 5197 2717 5252 lata
2745 5205 2827 5253 est
2854 5197 3135 5253 offeratur.

2721 5289 2951 5345 CAPUT
2979 5288 3043 5344 ll.

2579 5379 2657 5434 De
2685 5379 2947 5435 oblatione
2983 5380 3179 5434 avium.

2161 5468 2309 5540 (CAP.
2341 5469 2427 5541 ιι.)
2459 5469 2649 5523 Anima
2679 5485 2798 5523 cum
2824 5468 3066 5523 obtulerit
3094 5469 3406 5523 oblationem
3428 5468 3677 5537 sacriﬁcii

2093 5563 2316 5617 Domino
2332 5544 2366 5628 ,’
2381 5561 2553 5616 simila
2577 5562 2676 5615 erit
2701 5561 2814 5630 ejus
2846 5561 3040 5616 oblatio
3071 5562 3354 5633 fundetque
3382 5578 3539 5632 super
3564 5575 3675 5614 eam

2088 5653 2283 5719 oleum,
2307 5661 2354 5706 et
2376 5659 2530 5723 ponet
2558 5651 2696 5717 thus,
2731 5666 2793 5704 ac
2820 5649 3016 5721 deferet
3044 5651 3113 5708 ad
3138 5650 3279 5721 ﬁlios
3302 5651 3480 5707 Aaron
3512 5663 3688 5707 sacer-
