3956 6176
289 306 395 363 351

1248 303 1747 364 EXPOSIT-IONES
1782 304 1853 361 IN
1890 303 2286 366 LEVITICUM.
2328 338 2397 349 —-
2434 308 2563 365 LIB.
2601 307 2647 365 l'.

3443 316 3552 377 358

291 422 446 485 dotis,
477 434 700 492 quorum
738 434 876 474 unus
915 417 1056 474 tollet
1083 419 1338 492 pugillum
1363 420 1570 492 plenum
1602 419 1789 474 sitnilae
1827 426 1877 471 et
1902 419 1952 480 Α
1978 427 2271 487 operatur;
2300 420 2418 475 haec
2442 421 2639 489 quippe
2666 419 2901 476 maxime
2942 422 3136 479 animae
3167 424 3447 495 passiones
3466 442 3565 483 εει,

292 511 392 567 olei
419 528 484 565 ac
519 520 685 563 totum
717 511 863 576 thus,
894 522 942 565 et
973 521 1125 580 ponet
1168 512 1468 566 memoriale
1495 529 1651 582 super
1683 513 1869 574 altare,

290 607 344 659 in
364 604 586 659 odorem
616 604 986 657 suavissimum
1041 603 1286 657 Domino.
1332 603 1485 670 Quod
1530 614 1706 658 autem
1754 604 1877 657 reli-

292 712 450 766 quum
486 695 647 763 fuerit
672 694 738 748 de
771 694 1058 763 sacriﬁcio,
1085 695 1183 748 erit
1206 693 1385 747 Aaron
1409 704 1456 747 et
1481 694 1713 763 ﬁliorum
1737 693 1873 762 ejus,

296 784 548 840 Sanctum
571 794 877 837 sanctorum
898 783 962 835 de
975 782 1322 836 oblationibus
1347 782 1577 836 Domini.
1611 783 1873 849 Quartum

295 887 505 939 autem,
540 875 724 929 anima
753 874 988 928 ollerens
1012 874 1339 928 sacriﬁcium
1383 874 1451 928 de
1481 874 1655 929 simila
1693 874 1879 928 Eccle-

294 967 382 1021 siae
422 963 712 1020 catholicae
761 964 987 1034 ﬁguram
1034 964 1364 1032 pronuntiat,
1413 978 1534 1032 qum
1579 977 1642 1016 ex
1681 978 1879 1018 conve-

292 1055 566 1109 nientibus
595 1053 858 1108 membris
900 1053 1055 1122 quasi
1105 1052 1280 1106 simila
1309 1067 1376 1106 ex
1418 1051 1604 1106 multis
1648 1052 1878 1107 creden-

291 1144 421 1199 tium
474 1143 666 1213 granis
695 1142 921 1196 collecta
951 1148 1060 1204 est,
1096 1148 1150 1193 et
1175 1139 1336 1210 Legis
1381 1147 1437 1193 et
1462 1139 1875 1208 Evangeliorum

289 1235 428 1289 mola
454 1235 605 1288 inter
630 1234 868 1288 litteram
892 1242 945 1287 et
973 1232 1220 1302 spiritum
1259 1239 1528 1299 separata,
1553 1246 1653 1300 per
1681 1247 1876 1299 aquam

287 1328 452 1381 etiam
484 1326 836 1395 baptismatis
882 1324 1137 1388 adunata,
1176 1324 1485 1378 chrismatis
1528 1323 1649 1378 oleo
1679 1338 1876 1391 perun-

287 1426 395 1478 cta.
428 1415 610 1469 sancti
643 1414 881 1484 Spiritus
919 1413 1044 1481 igne
1101 1413 1352 1477 solidata,
1395 1427 1492 1480 per
1520 1411 1879 1483 humilitatem

287 1506 550 1575 Spiritus,
603 1505 714 1560 Deo
757 1505 932 1559 hostia
971 1504 1189 1574 placens
1216 1502 1427 1557 effecta.
1476 1502 1612 1569 Quia
1641 1490 1878 1556 animam

290 1604 464 1650 totum
507 1595 785 1649 hominem
838 1594 1090 1664 appellat,
1149 1593 1495 1647 manifestum
1542 1600 1625 1648 est
1665 1608 1732 1648 ex
1776 1593 1878 1647 hoc

290 1687 431 1756 quod
461 1687 563 1750 ait,
603 1686 778 1739 simila
810 1688 908 1740 erit
938 1686 1051 1755 ejus
1080 1684 1293 1740 oblatio.
1339 1685 1534 1739 Anima
1555 1691 1736 1740 autem
1759 1685 1873 1754 ipsa

289 1792 385 1845 per
414 1792 477 1831 se
502 1776 778 1846 quomodo
808 1775 1047 1830 deterret
1072 1775 1421 1841 oblationem,
1459 1791 1620 1846 quam
1656 1791 1878 1833 necesse

291 1871 493 1924 habeat
533 1869 855 1938 deprecans,
886 1876 942 1920 et
970 1867 1036 1920 ad
1062 1867 1163 1921 hoc
1185 1866 1369 1936 utique
1396 1868 1758 1923 necessarium
1782 1869 1878 1922 ha-

290 1960 444 2013 beret
465 1956 834 2010 ministerium
863 1956 1126 2025 corporis,
1156 1955 1289 2010 nihil
1325 1956 1578 2012 novitatis
1608 1957 1696 2011 hic
1722 1955 1879 2011 atl‘ert

294 2062 488 2101 sermo.
520 2045 659 2099 Nam
688 2054 744 2099 et
764 2044 888 2097 alibi
917 2045 1153 2097 animam
1181 2059 1321 2113 smpe
1351 2044 1561 2115 Moyses
1587 2054 1756 2101 totum
1782 2046 1880 2100 ho-

296 2138 490 2191 minem
529 2135 846 2206 appellavit,
880 2134 1043 2197 veluti
1083 2149 1206 2189 cum
1234 2150 1419 2190 eorum
1443 2138 1532 2204 qui
1561 2137 1615 2190 in
1646 2135 1879 2207 Egypto

295 2228 691 2282 descenderunt
718 2240 1001 2278 numerum
1029 2225 1276 2292 digerens
1298 2225 1409 2278 ait:
1447 2223 1661 2280 Cunctis
1689 2227 1880 2280 animce

293 2336 406 2388 qute
428 2322 683 2389 ingressa:
710 2327 832 2370 sunt
865 2333 983 2370 cum
1006 2316 1169 2371 Jacob
1191 2318 1246 2370 in
1272 2300 1581 2387 ﬁgyptum,
1609 2327 1658 2371 et
1687 2319 1879 2388 egressi

295 2422 410 2465 sunt
439 2412 506 2465 de
551 2410 841 2479 femoribus
880 2408 1047 2473 illius,
1096 2409 1288 2479 absque
1332 2408 1584 2463 uxoribus
1623 2409 1875 2477 ﬁliorum,

294 2503 622 2574 septuaginta
650 2501 759 2553 duo
788 2499 985 2570 (Exod.
1009 2498 1130 2571 xu).
1178 2498 1284 2554 Sed
1306 2508 1358 2554 et
1384 2499 1557 2554 Lucas
1581 2515 1704 2554 cum
1729 2500 1880 2554 Pauli

299 2595 572 2665 navigium
609 2593 840 2647 Romam
875 2590 1052 2645 euntis
1080 2590 1427 2655 describeret,
1477 2590 1592 2644 ait:
1648 2590 1880 2645 Eramus

301 2698 479 2742 autem
500 2696 687 2739 omnes”
711 2685 904 2738 anima:
930 2684 984 2738 in
1010 2683 1130 2738 navi
1149 2682 1386 2737 ducenta:
1432 2684 1761 2752 septuaginta
1788 2700 1880 2738 sea:

295 2780 443 2851 (Αει.
479 2778 666 2850 xxvii).

360 2870 687 2924 Intuendum
733 2876 819 2922 est
842 2875 1022 2922 autem
1064 2881 1134 2921 ne
1163 2864 1388 2921 forsitan
1412 2863 1649 2918 animam
1677 2862 1731 2917 in
1776 2863 1882 2917 hoc

291 2961 406 3016 loco
434 2961 696 3032 gentilem
720 2960 945 3015 dixisset
973 2959 1280 3021 hominem;
1308 2957 1434 3026 quia
1463 2956 1608 3010 enim
1633 2957 1883 3024 superius

292 3053 415 3107 ﬁliis
440 3052 610 3107 Israel
635 3068 698 3105 ea
724 3068 843 3122 qua:
869 3052 1062 3106 suntin
1089 3051 1350 3120 sanguine
1370 3047 1632 3104 sacriﬁcia
1656 3049 1874 3104 dicens:

292 3140 549 3210 Loquere,
592 3141 692 3205 ait,
732 3140 857 3208 ﬁliis
882 3140 1089 3194 Israel:
1135 3139 1305 3192 IIomo
1328 3141 1416 3209 qui
1440 3138 1679 3193 obtulerit
1700 3155 1765 3193 ex
1784 3157 1875 3194 vo-

294 3235 365 3288 bis
403 3234 638 3287 sttiam
683 3232 906 3285 Domino
930 3233 992 3285 de
1018 3232 1308 3301 pecoribus,
1336 3230 1391 3283 id
1417 3240 1517 3293 est,
1548 3231 1611 3283 de
1641 3230 1800 3284 bobus
1827 3241 1874 3284 et

293 3325 486 3386 oribus,
513 3325 700 3392 offeret
730 3322 964 3374 victimas
991 3321 1176 3392 (Leuit.
1204 3323 1279 3391 i);
1314 3322 1401 3375 hic
1431 3320 1582 3385 illud,
1614 3322 1757 3390 quod
1784 3336 1878 3375 ex-

294 3422 371 3467 tra
398 3414 726 3484 sanguinem
770 3394 1249 3478 est,'sacriﬁcium
1304 3411 1495 3473 similae
1532 3412 1874 3481 prmcipiens,

298 3506 603 3562 necessarie
637 3520 745 3559 non
771 3504 928 3570 dixit,
954 3503 1109 3558 homo
1137 3520 1203 3557 ea:
1230 3503 1384 3565 vobis,
1414 3502 1527 3565 sed,
1560 3505 1739 3557 animo
1759 3520 1878 3558 cum

298 3599 537 3652 obtulerit
583 3595 921 3660 oblationem,
972 3596 1229 3661 animam,
1277 3594 1532 3665 gentilem
1568 3596 1873 3662 nominans,

298 3691 420 3761 quia
452 3689 724 3745 animales
743 3698 897 3744 erant
923 3688 1088 3758 prius,
1126 3696 1180 3742 et
1205 3688 1297 3756 qui
1330 3703 1437 3743 non
1469 3688 1772 3758 potuissent
1798 3689 1879 3741 in-

302 3782 539 3852 telligere
574 3797 640 3837 ea
668 3796 788 3851 quae
816 3788 943 3835 sunt
978 3780 1220 3850 spiritus,
1255 3786 1626 3834 verumtamen
1655 3786 1881 3834 vocatur

301 3872 367 3924 ad
400 3871 752 3936 oblationem,
791 3870 1081 3924 miserante
1127 3884 1250 3924 eum
1280 3867 1430 3937 justo
1456 3869 1567 3924 Deo
1589 3878 1752 3938 atque
1782 3886 1882 3939 per

303 3962 810 4018 condescensionem
846 3960 1088 4040 salvante
1116 3978 1128 4014 :
1170 3977 1293 4017 cum
1320 3975 1421 4031 pro
1450 3963 1689 4031 peccatis
1713 3963 1880 4018 sacri-

305 4050 421 4107 ﬁcia
445 4052 687 4122 disponit
709 4066 833 4106 eum
855 4052 945 4121 qui
972 4066 1073 4105 nec
1096 4065 1252 4105 ovem
1282 4052 1466 4117 habet,
1506 4066 1607 4107 nec
1635 4067 1876 4122 capram,

304 4149 543 4197 turtures
588 4140 677 4195 vel
725 4140 900 4211 pullos
941 4140 1309 4195 columbarum
1343 4140 1541 4196 oll'erre
1583 4144 1877 4213 praecepit;

301 4232 392 4300 qui
430 4239 614 4285 autem
661 4245 763 4286 nec
806 4231 911 4284 hoc
949 4230 1137 4294 habet,
1165 4229 1396 4285 similam
1426 4246 1551 4285 eum
1602 4232 1777 4287 sancit
1800 4231 1883 4287 ot-

302 4322 462 4378 ierre.
511 4321 633 4377 Non
661 4322 805 4377 enim
847 4319 961 4390 jam
1010 4334 1078 4376 ex
1107 4323 1382 4392 operibus,
1432 4331 1642 4392 utpote
1679 4338 1883 4393 panper

1973 516 2087 573 nat,
2121 510 2236 564 haec
2278 510 2443 564 etiam
2484 510 2897 579 intelligibilium
2945 512 3222 568 oculorum
3251 525 3406 570 curat
3432 517 3554 572 vul-

1975 611 2126 661 nera,
2152 598 2436 653 absolvens
2464 600 2531 653 ab
2556 599 2877 667 ignorantia,
2921 609 3080 670 atque
3109 616 3174 656 ex
3194 617 3258 656 ea
3286 618 3406 672 quae
3425 618 3557 661 vere

1975 694 2059 739 est
2078 688 2365 754 aegritudo,
2386 689 2437 742 id
2468 697 2551 742 est
2576 705 2649 742 ex
2668 701 2915 757 peccato,
2942 691 3211 762 lacrymas
3235 697 3569 753 accedentes,

1975 777 2166 830 salvat.
2219 779 2344 833 Post
2395 779 2512 833 haec
2562 779 2764 848 pugillo
2807 780 2996 835 mttere
3034 779 3189 848 jubet
3212 783 3472 848 similam,
3500 784 3556 842 id

1975 875 2077 933 est,
2125 867 2229 922 ﬁde
2285 870 2566 924 scientiam
2619 872 2710 924 Dei
2749 873 3220 940 comprehendere,
3268 890 3367 943 per
3386 875 3573 945 pugil-.

1976 958 2086 1012 lum
2116 960 2258 1014 enim
2296 960 2384 1015 hic
2408 960 2568 1016 ﬁdem
2595 963 2880 1032 signiﬁcat,
2908 975 3200 1036 aperteque
3218 970 3454 1023 ostendit
3494 970 3560 1023 il-

1976 1048 2080 1103 lam
2106 1064 2228 1105 esse
2249 1051 2530 1104 scientiam
2572 1052 2686 1106 sive
2710 1055 3069 1123 cognitionem
3096 1057 3189 1110 Dei
3220 1058 3448 1112 Domino
3470 1074 3579 1115 ac—.

1977 1147 2207 1208 coptam,
2237 1156 2398 1208 quam
2433 1140 2565 1196 ﬁdes
2583 1145 3034 1213 comprehendere
3061 1154 3257 1215 potest,
3289 1158 3343 1201 et
3372 1163 3566 1218 queui-

1976 1229 2260 1284 admodum
2288 1232 2377 1301 qui
2407 1232 2606 1302 pugillo
2635 1234 2751 1302 plus
2775 1235 2885 1288 vult
2910 1238 3389 1306 comprehendere,
3419 1241 3557 1296 nihil

1975 1318 2211 1387 proﬁcit,
2239 1330 2406 1376 totum
2439 1326 2636 1394 quippe
2659 1327 2898 1399 decurrit
2933 1337 2989 1383 et
3015 1331 3177 1394 cadit,
3205 1341 3367 1401 atque
3391 1335 3557 1389 inuti-

1976 1408 2101 1463 liter
2130 1410 2359 1478 laborat,
2406 1415 2486 1469 sic
2532 1432 2783 1472 mensura
2832 1419 2929 1475 Dei
2975 1421 3216 1477 scientia:
3262 1424 3396 1479 ﬁdes
3431 1435 3555 1481 est:

1977 1498 2198 1553 Credere
2235 1504 2373 1555 enim
2401 1516 2620 1575 oportet,
2670 1508 2748 1564 sic
2785 1509 2981 1566 Paulus
3010 1512 3108 1578 ait,
3135 1514 3226 1582 qui
3249 1516 3448 1568 accedit
3485 1516 3556 1569 ad

1976 1590 2145 1645 Deum
2187 1593 2371 1662 (Hebr.
2404 1597 2504 1667 χι).
2561 1599 2628 1652 Et
2670 1608 2732 1653 ut
2773 1601 3017 1658 dicamus
3064 1604 3343 1659 breviter:
3392 1606 3579 1660 Omne.

1975 1683 2113 1751 quod
2138 1701 2242 1739 non
2286 1697 2360 1740 est
2385 1704 2449 1741 ea;
2481 1690 2605 1758 ﬁde,
2652 1702 2921 1761 peccatum
2970 1706 3064 1760 est,
3098 1697 3239 1751 sicut
3290 1697 3457 1752 isdem
3490 1698 3558 1752 ad

1910 1764 1951 1821 B
1980 1770 2252 1828 Romanos
2277 1776 2512 1845 scripsit,
2563 1780 2781 1837 intende
2812 1793 2991 1838 autem
3028 1787 3153 1854 quia
3180 1801 3302 1840 cum
3331 1788 3450 1843 oleo
3471 1786 3562 1855 ju-

1977 1861 2066 1915 bet
2095 1862 2326 1918 similam
2384 1868 2597 1937 accipi,
2644 1871 2983 1939 apertissime
3027 1874 3421 1946 cleemosynam
3458 1891 3561 1931 nos

1977 1947 2159 2005 facere
2186 1953 2406 2009 volens:
2441 1958 2592 2022 Date,
2628 1960 2806 2029 inquit
2831 1962 3106 2029 Dominus,
3137 1964 3558 2035 eleemosynam,

1977 2052 2033 2096 et
2058 2058 2186 2098 ecce
2205 2047 2384 2100 omnia
2409 2051 2607 2103 munda
2629 2064 2789 2105 erunt
2817 2053 2988 2108 vobis.
3017 2053 3177 2109 Jubet
3197 2064 3376 2110 autem
3400 2070 3559 2109 omne

1980 2133 2103 2188 thus
2133 2134 2185 2189 in
2227 2137 2429 2207 pugillo
2470 2141 2647 2206 sumi;
2697 2158 2878 2209 omne,
2927 2146 3138 2213 quare?
3168 2146 3295 2214 quia
3347 2159 3562 2214 semper

1977 2234 2193 2294 oportet
2214 2242 2405 2295 orare,
2443 2230 2559 2286 sine
2586 2234 2986 2290 intermissione
3014 2237 3218 2305 gratias
3242 2252 3420 2307 agere,
3451 2238 3561 2292 sic-

1978 2322 2039 2368 ut
2063 2315 2261 2373 Paulus
2288 2318 2382 2373 ait.
2419 2319 2524 2376 Sed
2561 2324 2683 2392 quis
2709 2332 2793 2379 est
2823 2326 2914 2394 qui
2960 2326 3015 2380 in
3052 2327 3255 2396 pugillo
3287 2327 3446 2392 tollit,
3475 2343 3580 2382 se—.

1978 2406 2212 2461 cundum
2245 2407 2596 2482 Septuaginta
2641 2429 2748 2469 non
2779 2415 2929 2480 dicit,
2960 2424 3020 2470 ut
3058 2415 3300 2470 absolute
3325 2416 3561 2471 olieren-

1980 2505 2087 2550 tem
2117 2498 2466 2569 signiﬁcaret.
2501 2501 2807 2558 Secundum
2844 2504 3161 2560 Hebraicam
3208 2515 3388 2561 autem
3417 2507 3561 2561 veri-

1980 2595 2143 2643 tatem
2165 2629 2179 2654 ,
2221 2591 2496 2658 sacerdos,
2533 2593 2585 2647 id
2613 2602 2719 2659 est,
2749 2610 2890 2649 unus
2933 2595 3163 2650 ﬁliorum
3197 2595 3399 2661 Aaron,
3425 2596 3566 2651 tollit

1976 2681 2236 2752 pugillum
2282 2684 2503 2752 plenum
2551 2685 2742 2741 similae
2789 2695 2844 2741 et
2889 2687 2993 2741 olei
3020 2696 3074 2741 et
3105 2695 3274 2745 totum
3307 2688 3455 2753 thus,
3496 2702 3563 2744 ac

1977 2779 2137 2837 ponet
2171 2773 2482 2827 memoriale
2531 2789 2695 2845 super
2741 2776 2938 2842 altare,
2970 2777 3024 2831 in
3052 2778 3273 2832 odorem
3304 2780 3565 2835 suavissi-

1980 2874 2125 2912 mum
2148 2861 2394 2914 Domino.
2431 2863 2562 2918 Esse
2594 2873 2771 2918 autem
2802 2867 2945 2920 hunc
2991 2867 3333 2923 sacerdotem
3376 2868 3560 2924 Jesum

1979 2948 2235 3015 didicisti,
2283 2951 2434 3018 cujus
2478 2951 2653 3008 cilicio
2686 2970 2786 3008 nos
2811 2955 2984 3010 hostia
3014 2965 3168 3025 grata
3196 2959 3399 3014 erimus
3428 2960 3561 3025 Deo,

1979 3039 2072 3107 qui
2097 3056 2195 3095 nos
2222 3042 2469 3110 perducit
2493 3043 2560 3097 ad
2580 3045 3085 3114 contemplationem
3111 3047 3225 3102 Dei.
3261 3047 3369 3118 (Ex
3392 3047 3563 3118 Hesy-

1979 3129 2140 3201 chia.)
2171 3130 2286 3199 Ipse
2307 3130 2450 3185 enim
2478 3132 2730 3187 sacriﬁcii
2758 3136 3068 3191 memoriale
3109 3137 3160 3190 in
3192 3138 3399 3193 ccelesti
3424 3139 3560 3195 olfe-

1977 3228 2062 3272 ret
2085 3219 2264 3275 altari.
2313 3220 2623 3276 Memoriale
2645 3230 2825 3279 autem
2850 3224 3173 3294 cognitionis
3202 3228 3296 3281 Dei
3324 3228 3563 3297 perfecta

1976 3310 2203 3365 scientia
2232 3323 2336 3378 est,
2369 3312 2522 3380 cujus
2551 3328 2769 3383 semper
2796 3330 3065 3371 memores
3093 3319 3317 3382 erimus,
3347 3323 3563 3388 quando

1977 3401 2095 3470 ejus
2135 3418 2367 3474 capaces
2413 3405 2698 3471 fuerimus,
2752 3423 2872 3477 qua:
2922 3424 3197 3479 nunquam
3244 3410 3562 3476 destruitur,

1977 3494 2237 3562 quae'eam
2267 3512 2386 3565 quae
2412 3512 2555 3551 nunc
2576 3506 2677 3563 est,
2716 3513 2826 3553 non
2852 3507 2908 3553 ut
2948 3500 3274 3554 contrariam
3307 3502 3563 3567 destruit,

1976 3582 2069 3636 sed
2100 3594 2308 3653 partem
2335 3600 2455 3639 eam
2486 3586 2764 3640 minimam
2805 3603 2925 3642 esse
2955 3604 3054 3657 per
3084 3604 3236 3642 suam
3276 3590 3568 3659 plenitudi-

1976 3688 2100 3727 nem
2127 3683 2416 3739 monstrat,
2432 3678 2728 3731 secundum
2756 3678 2898 3745 quod
2918 3677 3122 3731 dictum
3150 3686 3234 3732 est
3262 3696 3276 3731 :
3308 3679 3393 3732 Ea:
3414 3690 3566 3748 parte

1976 3764 2418 3833 cognoscimus,et
2443 3781 2509 3818 ex
2531 3776 2678 3836 parte
2702 3769 3070 3838 prophetamus
3093 3784 3112 3832 ;
3140 3784 3258 3821 cum
3284 3778 3455 3823 autem
3481 3786 3565 3825 ve-

1977 3855 2113 3909 nerit
2140 3855 2279 3926 quod
2326 3855 2611 3927 perfectum
2638 3866 2713 3911 est
2732 3897 2746 3922 ,
2778 3857 3119 3910 evacuabitur
3145 3858 3286 3928 quod
3323 3875 3388 3912 ea:
3412 3869 3563 3929 parte

1976 3956 2051 4002 est
2073 3946 2124 4020 (Ι
2156 3944 2278 4000 Cor.
2313 3947 2453 4017 xui).
2486 3948 2553 4001 Et
2579 3948 2848 4017 quomodo
2875 3947 3242 4011 evacuabitur,
3281 3948 3427 4005 clare
3448 3965 3565 4004 ma-

1977 4039 2200 4095 nifestat
2247 4041 2520 4096 subdens:
2586 4039 2831 4094 Videmus
2884 4057 3021 4094 nunc
3061 4058 3153 4111 per
3197 4041 3462 4112 speculum
3503 4043 3589 4096 in.

1978 4132 2270 4201 wnigmate,
2300 4141 2421 4185 tunc
2448 4141 2618 4185 autem
2644 4131 2778 4200 facie
2796 4131 2866 4184 ad
2886 4131 3093 4199 faciem.
3126 4130 3283 4186 Nunc
3309 4148 3561 4202 cognosco

1977 4235 2043 4274 ea:
2068 4230 2234 4289 parte,
2274 4229 2395 4272 tunc
2424 4235 2754 4287 cognoscam,
2783 4219 2921 4271 sicut
2946 4229 2994 4271 et
3020 4221 3254 4287 cognitus
3278 4235 3415 4272 sum.
3447 4219 3562 4274 Hoc
3660 4214 3667 4219 ’

1979 4311 2304 4383 sacriﬁcium
2334 4310 2556 4363 odorem
2585 4307 2965 4361 suavissimum
2997 4308 3303 4362 necessarie
3331 4308 3563 4366 Domino

304 4415 616 4477 virtutibus,
672 4412 767 4468 sed
815 4411 925 4467 sola
953 4410 1046 4466 Dei
1076 4411 1382 4479 cognitione
1429 4411 1687 4466 salvatur.
1733 4411 1880 4469 Licet

1986 4399 2592 4471 legislatomppellavit.
2639 4397 2786 4453 Odor
2816 4398 2963 4453 enim
2994 4400 3048 4453 in
3075 4401 3185 4455 Deo
3208 4408 3293 4455 est
3328 4403 3563 4473 cognitio

307 4511 483 4559 autem
524 4502 621 4557 Dei
652 4500 889 4571 cognitio
919 4499 1106 4554 salutis
1141 4499 1377 4569 gentium
1423 4499 1745 4568 principium
1791 4501 1879 4563 sit,

306 4592 691 4664 superfundere
724 4599 901 4645 tamen
947 4590 1134 4645 similae
1162 4588 1340 4643 oleum
1368 4596 1422 4642 et
1468 4588 1593 4642 thus
1621 4603 1882 4658 superpo-

306 4700 431 4738 nere
467 4698 609 4753 opus
658 4682 941 4746 habemus,
992 4690 1052 4734 ut
1099 4680 1327 4750 gratiam
1379 4678 1474 4733 Dei
1525 4678 1883 4750 eleemosynis

307 4776 644 4844 orationique
672 4773 1140 4828 commisceamus.
1189 4771 1314 4826 Hac
1355 4771 1499 4825 enim
1543 4780 1770 4840 possunt
1817 4772 1913 4829 de,

307 4867 440 4921 coelo
464 4867 563 4921 Dei
587 4864 915 4920 sententiam
948 4862 1277 4936 [scientiam]
1307 4861 1612 4932 proﬂigare.
1664 4862 1760 4917 liis
1787 4878 1885 4918 au-

309 4964 413 5010 tem
464 4956 620 5011 testis
665 4962 750 5009 est
777 4954 1076 5018 Cornelius,
1127 4955 1195 5008 ad
1228 4968 1390 5024 quem
1432 4953 1767 5009 descendens
1819 4954 1889 5010 de

311 5048 443 5103 celo
459 5048 685 5118 angelus
710 5047 877 5102 dixit:
907 5044 1139 5112 Corneli,
1167 5048 1429 5101 orationes
1462 5056 1568 5102 tua:
1592 5056 1640 5100 et
1669 5044 1888 5101 eleemo-

312 5156 451 5209 synte
481 5138 825 5193 ascenderunt
872 5138 940 5191 ad
984 5137 1149 5192 Deum
1194 5135 1332 5210 (Act.
1364 5137 1441 5210 ιε).
1492 5136 1770 5204 Quomodo
1791 5153 1889 5191 au-

316 5236 419 5282 tem
468 5230 523 5284 in
557 5230 716 5284 thure
742 5227 1040 5296 accipiatur
1084 5227 1281 5290 oratio,
1318 5242 1565 5296 quaerens
1614 5227 1732 5298 ejus
1776 5226 1886 5280 vim

313 5329 766 5390 perscrutansque
787 5316 1110 5389 cognoscis;
1151 5318 1229 5372 uti
1258 5318 1454 5388 quippe
1483 5334 1549 5374 eo
1577 5325 1767 5374 contra
1799 5317 1885 5371 in-

317 5411 542 5467 teriores
560 5410 846 5482 passiones
869 5408 1063 5464 medici
1106 5407 1302 5475 solent,
1328 5408 1715 5478 oculorumque
1740 5407 1890 5479 aegri-

321 5503 528 5559 tudines
552 5518 791 5568 curare;
839 5508 896 5556 et
935 5500 982 5556 si
1028 5501 1151 5570 quis
1178 5500 1489 5562 incendens,
1539 5498 1746 5554 fumum
1774 5496 1891 5567 ejus

320 5594 592 5663 suscipiat,
620 5589 902 5661 restringit
927 5590 1246 5645 accedentes
1273 5587 1446 5644 oculis
1484 5601 1552 5642 ex
1578 5587 1891 5642 inﬁrmitate

324 5689 605 5762 laciyuias.
634 5686 752 5743 Hoc
797 5686 990 5743 eodem
1016 5685 1178 5740 modo
1205 5682 1383 5738 oratio
1411 5695 1625 5752 quoque
1654 5680 1889 5765 plurima
1916 5730 1919 5733 .

1988 4490 2102 4546 sive
2139 4489 2362 4543 scientia
2390 4489 2506 4557 ejus
2524 4528 2538 4551 ,
2567 4495 2622 4542 et
2645 4503 2714 4542 ne
2740 4487 2844 4543 hoc
2870 4488 3082 4544 dubites
3107 4490 3271 4545 habet
3304 4493 3407 4546 hoc
3428 4508 3565 4561 quo-

1989 4593 2091 4648 que
2111 4578 2335 4632 Paulum
2363 4578 2767 4633 veracissimum
2794 4586 3019 4633 testem:
3043 4579 3152 4634 Deo
3172 4582 3338 4646 enim,
3362 4582 3565 4653 inquit,

1988 4671 2220 4740 gratias,
2257 4670 2350 4739 qui
2378 4684 2591 4739 semper
2619 4668 2913 4739 triumphat
2958 4686 3059 4725 nos
3088 4671 3141 4725 in
3168 4670 3384 4728 Christo
3410 4673 3562 4743 Jesu,

1988 4770 2043 4815 et
2082 4762 2301 4816 odorem
2347 4760 2549 4814 notitia:
2577 4776 2687 4815 suae
2736 4761 3044 4816 manifestat
3089 4779 3186 4832 per
3212 4780 3311 4820 nos
3337 4766 3390 4820 in
3419 4770 3564 4824 omni

1988 4851 2125 4908 loco.
2165 4853 2302 4906 Ecce
2328 4851 2545 4906 interim
2572 4852 2872 4921 cognovisti
2904 4854 3123 4908 odorem
3148 4857 3356 4920 notitia,
3391 4860 3485 4911 sed
3511 4867 3567 4912 et

1989 4941 2185 4996 bonum
2213 4942 2432 4996 odorem
2469 4941 2523 4995 in
2554 4940 3007 5010 subsequentibus
3029 4943 3175 5007 audi,
3209 4944 3335 5014 quia
3364 4944 3567 5001 Christi

1990 5035 2153 5087 bonus
2181 5032 2312 5086 odor
2332 5048 2513 5086 sumus
2542 5032 2597 5086 in
2624 5031 2705 5086 his
2726 5033 2817 5102 qui
2844 5033 2976 5086 salvi
3000 5034 3167 5101 ﬁunt,
3212 5046 3260 5089 et
3286 5037 3339 5089 in
3364 5037 3446 5090 his
3477 5039 3566 5106 qui

1986 5134 2202 5194 pereunt
2249 5122 2335 5195 (II
2372 5123 2494 5177 Cor.
2518 5122 2610 5199 οιι).
2668 5122 2873 5178 Deinde
2903 5124 3035 5178 dicit
3062 5124 3379 5195 legislator:
3413 5125 3567 5190 Quod

1986 5225 2160 5269 autem
2189 5214 2442 5285 reliquum
2464 5214 2621 5284 fuerit
2650 5213 2715 5268 de
2739 5215 3020 5282 sacriﬁcio,
3043 5217 3140 5269 erit
3164 5217 3342 5269 Aaron
3367 5226 3413 5267 et
3434 5214 3569 5282 ﬁlio-

1987 5326 2105 5364 rum
2125 5309 2261 5378 ejus,
2287 5307 2540 5364 Sanctum
2561 5318 2861 5361 sanctorum
2884 5306 2947 5360 de
2968 5306 3316 5360 oblationibus
3331 5304 3565 5359 Domini.

1988 5383 2265 5471 Reliquum
2287 5398 2366 5453 ait
2390 5399 2458 5453 de
2494 5397 2587 5452 illa
2609 5397 2849 5466 perfecta
2892 5404 2948 5451 et
2982 5397 3037 5450 in
3065 5395 3217 5450 costis
3251 5393 3567 5449 abscondita

1986 5502 2149 5563 atque
2164 5492 2396 5563 reposita
2425 5492 2479 5546 in
2504 5490 2723 5546 Christo
2741 5490 2968 5545 scientia
2990 5487 3110 5541 sive
3127 5484 3316 5538 notitia
3336 5500 3350 5535 :
3367 5481 3436 5536 In
3454 5484 3570 5554 ipso

1985 5586 2125 5640 enim
2138 5594 2259 5638 sunt
2280 5583 2512 5638 thesauri
2527 5583 2797 5654 sapientite
2812 5591 2861 5635 et
2875 5578 3106 5634 scientiis
3120 5573 3410 5633 absconditi
3425 5574 3565 5645 (σοι.

1986 5678 2080 5751 ιι);
2109 5675 2365 5732 Sanctum
2397 5681 2708 5731 sanctorum
2730 5680 2813 5727 est
2841 5670 2908 5724 de
2935 5663 3297 5723 oblationibus
3316 5665 3566 5736 Domini;
