3954 6176
397 277 498 340 εἶθ

1043 281 1106 339 Β.
1152 281 1409 342 RABANI
1445 285 1667 343 MAURI
1701 287 2020 344 ARCHIEP.
2064 289 2370 346 MOGUNT.
2413 291 2698 349 OPERUM
2735 294 2915 352 PARS
2950 296 2990 352 l.
3050 294 3073 319 ‘

3547 306 3652 362 269

385 396 596 468 partilis
607 404 693 453 est
705 396 850 452 enim
863 389 1087 453 scientia
1109 414 1230 469 qua:
1243 400 1451 470 reliqua
1471 409 1780 467 est,omnes
1793 409 1970 456 tamen
2000 412 2047 472 Α
2076 418 2198 458 nem
2227 406 2368 475 apud
2397 406 2735 462 Ezechielem
2763 410 3025 467 Dominus
3043 413 3356 485 signiﬁcans
3377 419 3489 474 ait:
3521 433 3568 476 et
3596 435 3654 478 tu

382 489 517 543 alias
543 503 804 558 superans
822 497 886 542 ret
902 489 1207 558 perducens
1237 492 1306 546 ad
1337 491 1744 560 perfectionem.
1784 494 1966 548 Aaron

380 595 514 652 ergo
546 588 600 635 et
651 580 883 634 ﬁliorum
931 580 1048 650 ejus
1093 582 1218 646 erit,
1269 581 1450 637 Aaron
1479 592 1658 638 autem
1709 599 1837 640 arca
1883 584 1969 639 vel

382 681 669 728 montanus
700 672 1108 741 interpretatur,
1159 673 1212 728 id
1239 681 1324 729 est
1351 674 1462 729 alta
1493 676 1559 731 de
1607 677 1718 731 Deo
1762 677 1966 732 intelli-

381 779 536 834 gens.
567 764 694 834 quia
725 772 779 817 et
816 778 963 829 arca,
1003 773 1064 818 ut
1093 772 1219 834 pote
1261 765 1470 821 habens
1497 767 1551 820 in
1582 782 1641 822 se
1669 767 1840 839 legem
1870 769 1966 824 Dei

380 864 430 909 et
467 855 702 924 eloquia,
730 853 923 909 oﬁ‘erre
948 852 1265 923 praedictum
1295 857 1622 912 sacriﬁcium
1653 865 1850 928 potest.

450 946 581 1001 Cum
617 957 790 1001 autem
821 946 1068 1000 obtuleris
1092 946 1414 1016 sacriﬁcium
1437 960 1641 1002 coctum
1677 950 1733 1004 in
1761 950 1966 1004 clibano

377 1043 443 1096 de
469 1037 666 1103 simila,
695 1055 855 1108 panes
898 1037 1093 1092 scilicet
1131 1037 1324 1108 absque
1371 1038 1624 1106 fermento
1663 1057 1964 1110 conspersos

378 1131 490 1182 oleo
520 1138 568 1182 et
598 1128 812 1198 lagano,
853 1145 1040 1198 azyma
1067 1130 1180 1186 aleo
1211 1131 1325 1185 lita.
1368 1129 1478 1202 (Ea:
1509 1129 1814 1202 Hesychia.)
1866 1131 1966 1187 Sa-

376 1221 640 1276 criﬁcium
671 1222 801 1290 ergo
830 1229 1067 1287 coetum,
1121 1221 1326 1278 Christi
1372 1221 1606 1291 appellat
1631 1222 1965 1277 incarnatio-

375 1326 518 1365 nem.
556 1309 641 1364 Ad
669 1311 774 1366 hoc
803 1312 946 1364 enim
983 1311 1296 1368 incarnatus
1321 1319 1426 1377 est,
1475 1321 1537 1366 ut
1567 1311 1962 1380 immolaretur,

374 1408 594 1469 propter
638 1401 783 1467 quod
828 1400 972 1454 enim
1020 1400 1226 1470 Agnum
1278 1401 1378 1455 Dei
1434 1403 1526 1473 qui
1572 1402 1708 1456 tollit
1751 1414 1962 1473 peccata

373 1490 578 1554 mundi,
607 1490 841 1544 Joannes
862 1490 1105 1560 Baptista
1145 1492 1435 1561 appellavit
1463 1493 1642 1564 (Joan.
1681 1493 1741 1565 1).
1798 1493 1964 1550 Recte

373 1596 504 1651 ergo
525 1580 854 1635 sacriﬁcium
888 1582 941 1635 in
969 1582 1074 1636 hoc
1100 1582 1217 1638 loco
1237 1591 1296 1638 ut
1337 1584 1682 1639 denuntiaret
1703 1583 1961 1638 nativita-

374 1681 483 1726 tem
513 1670 646 1740 ejus,
693 1671 892 1727 dicitur
939 1683 1142 1729 coctum
1173 1677 1229 1728 in
1271 1675 1498 1741 clibano,
1545 1675 1642 1729 Dei
1685 1675 1961 1745 genitricis

2071 510 2218 548 sume
2245 495 2339 549 tibi
2365 498 2684 567 sartaginem
2713 499 2970 568 ferream,
3023 513 3070 557 et
3104 521 3262 574 pones
3291 524 3407 562 eam
3445 527 3654 567 murum

2069 584 2296 654 ferreum
2345 587 2484 641 inter
2533 599 2583 642 te
2623 599 2672 643 et
2702 592 2961 646 civitatem
3007 593 3222 664 (Ezeclt.
3262 599 3368 668 tv),
3422 599 3658 657 ferream

2069 675 2286 743 quidem
2318 689 2437 731 eam
2469 689 2695 749 propter
2743 683 3058 751 prmdictam
3111 687 3401 757 appellavit
3436 690 3659 748 fortitu-

2068 767 2268 822 dinem.
2324 768 2473 822 Inter
2508 780 2558 825 te
2584 782 2765 829 autem
2803 784 2852 828 et
2886 777 3144 832 civitatem
3171 780 3265 846 ait,
3316 781 3368 836 id
3396 792 3482 838 est
3524 783 3657 841 Hie-

2069 858 2321 925 rusalem,
2373 861 2517 929 quod
2554 863 2789 918 maxime
2814 865 2915 935 ipsi
2966 867 3021 922 in
3053 883 3214 925 cruce
3244 871 3458 927 Domini
3485 874 3658 931 offen-

2066 947 2280 1016 dentes,
2310 961 2365 1006 et
2404 952 2565 1007 illatis
2605 955 2970 1025 passionibus,
3007 958 3076 1013 ab
3101 959 3220 1029 ejus
3253 975 3380 1018 sunt
3427 966 3656 1021 scicntia

2068 1041 2328 1109 separati.
2371 1041 2686 1112 Mysterium
2725 1060 2855 1118 ergo
2879 1051 3212 1118 passionum
3258 1053 3312 1108 in
3359 1055 3480 1112 oleo
3527 1072 3659 1112 con-

2067 1129 2366 1199 spergitur,
2417 1133 2541 1201 quia
2597 1135 2861 1193 miserans
2905 1155 3003 1195 nos
3050 1157 3150 1212 pro
3191 1146 3346 1201 nobis
3395 1149 3660 1204 sustinuit

2066 1228 2315 1274 mortem.
2368 1221 2520 1288 Quod
2541 1230 2596 1277 et
2629 1226 2746 1280 sine
2794 1227 3060 1286 fermento
3103 1249 3242 1300 esse,
3288 1237 3341 1290 id
3370 1246 3455 1292 est
3499 1256 3660 1293 mun-

2066 1310 2193 1364 dum
2243 1311 2313 1365 ab
2347 1315 2602 1370 exteriori
2655 1318 2770 1372 vult
2820 1335 2941 1375 esse
2981 1323 3248 1391 doctrina,
3299 1327 3376 1381 ait
3425 1338 3653 1384 autem:

2066 1401 2274 1456 Divides
2310 1420 2373 1458 ea
2401 1407 2722 1472 minutatim,
2771 1418 2832 1465 ut
2878 1411 2934 1466 in
2957 1416 3211 1482 passione
3239 1415 3356 1485 ejus
3401 1435 3523 1490 qua:
3559 1437 3658 1490 per

2063 1501 2248 1560 partes
2299 1507 2683 1564 processerunt
2730 1515 3035 1557 sermonem
3085 1505 3428 1575 dividamus,
3484 1514 3657 1567 veluti

2064 1584 2256 1656 alapis,
2291 1586 2556 1656 colaphis,
2615 1591 2808 1660 sputis,
2864 1595 3276 1668 conﬁxioneque
3323 1600 3532 1658 lateris.
3591 1604 3656 1657 Et

2063 1672 2252 1741 fundes
2291 1692 2452 1744 supra
2498 1694 2613 1731 eam
2665 1680 2836 1735 oleum
2859 1699 2890 1755 ;_
2940 1686 3033 1739 sed
3079 1689 3533 1755 quemadmodum
3566 1694 3657 1749 ille

371 1765 619 1818 videlicet
657 1773 849 1818 utero:
884 1765 975 1818 illa
1001 1767 1147 1820 enim
1179 1766 1422 1822 clibanus
1447 1768 1755 1823 necessarie
1792 1767 1967 1822 nomi—
1993 1761 2040 1820 B
2069 1764 2494 1821 misericordiam
2531 1768 2584 1822 in
2618 1770 2773 1826 nobis
2816 1773 3052 1841 habens,
3106 1793 3205 1847 pro
3251 1781 3407 1836 nobis
3453 1794 3659 1838 semet-

374 1865 554 1909 natur.
577 1855 711 1922 Quia
730 1865 784 1911 et
806 1871 975 1925 panes
1004 1859 1291 1928 ignemque
1320 1860 1551 1928 desuper
1576 1859 1822 1914 clibanus
1843 1874 1963 1914 sus-

375 1946 528 2013 cipit,
581 1946 720 2000 sicut
772 1955 827 2000 et
883 1947 980 2002 Dei
1018 1949 1251 2018 genitrix
1301 1949 1534 2019 desuper
1578 1950 1703 2004 vita:
1743 1965 1955 2019 panem,

374 2035 544 2088 Deum
570 2036 821 2091 videlicet
847 2039 1080 2093 Verbum
1111 2039 1166 2092 in
1209 2054 1306 2093 suo
1336 2047 1492 2096 utero
1521 2041 1808 2112 ignemque
1838 2057 1960 2096 sus-

371 2124 514 2192 cepit
545 2126 844 2193 pnesentizc
895 2126 1128 2197 Spiritus
1166 2128 1375 2182 sancti:
1423 2129 1654 2200 Spiritus
1680 2131 1840 2194 enim,
1882 2129 1961 2183 in-

370 2218 507 2285 quit,
549 2229 761 2272 sanctus
810 2221 1132 2289 superveniet
1161 2220 1216 2276 in
1257 2231 1337 2288 te,
1393 2232 1442 2277 et
1488 2223 1653 2276 rirtus
1702 2221 1959 2275 Altissimi

374 2307 700 2360 obumbrabit
733 2308 826 2362 tibi
857 2309 1008 2380 (Luc.
1046 2310 1109 2382 1).
1160 2309 1217 2366 Si
1257 2327 1386 2383 ergo
1414 2328 1612 2367 munus
1646 2310 1842 2367 offeres
1872 2311 1958 2365 in-

368 2399 701 2453 carnationis
738 2400 1008 2469 Uuigeniti
1051 2417 1169 2472 quae
1212 2404 1268 2457 in
1317 2413 1506 2460 ventre
1534 2404 1773 2475 Virginis
1815 2404 1956 2458 facta

367 2499 472 2553 est,
502 2505 610 2543 non
638 2491 795 2544 aliter
822 2503 1103 2561 acceptum
1126 2501 1210 2547 est
1247 2494 1376 2558 Deo,
1426 2495 1531 2548 nisi
1555 2503 1768 2550 coetum
1794 2495 1859 2549 de
1884 2495 1958 2550 si-

367 2579 519 2644 mila,
562 2579 741 2644 idest,
783 2595 850 2634 ex
893 2581 986 2634 Dei
1028 2582 1250 2636 scientia
1279 2583 1364 2639 vel
1407 2585 1599 2639 notitia
1635 2585 1768 2652 ﬁat;
1816 2585 1957 2640 unde

365 2671 510 2726 enim
535 2687 640 2726 non
664 2672 879 2726 aliunde
907 2673 974 2727 de
995 2673 1097 2727 hac
1133 2689 1190 2728 re
1216 2674 1567 2742 locutionem,
1599 2677 1707 2731 nisi
1737 2676 1805 2731 ab
1827 2691 1957 2745 ape-

365 2762 519 2817 stolis
555 2772 609 2816 et
632 2778 661 2816 a
693 2763 969 2832 prophetis
997 2766 1344 2833 sumpsimus.
1377 2765 1552 2820 Verba
1587 2782 1716 2837 ergo
1739 2775 1954 2836 aposto-

365 2849 537 2904 lorum
591 2867 759 2922 panes
814 2852 1038 2922 accipe,
1097 2855 1488 2924 prophetarum
1527 2866 1660 2910 vero
1717 2856 1947 2927 lagana;

362 2951 625 3012 quantum
658 2943 800 2996 enim
847 2958 1016 3013 panes
1043 2958 1073 2998 a
1115 2943 1321 3016 laganis
1347 2947 1412 3001 ad
1456 2947 1799 3002 nutriendum
1825 2955 1954 3003 sunt

359 3033 614 3102 aptiores,
649 3040 860 3087 tantum
909 3035 1070 3089 verba
1113 3035 1478 3105 apostolorum
1511 3036 1692 3092 verbis
1718 3037 1945 3106 prophe-

2062 1855 2236 1924 ipsum
2272 1859 2490 1913 tradidit
2518 1862 2777 1928 passioni,
2809 1865 2888 1919 sic
2921 1874 3136 1936 Oportet
3183 1879 3236 1924 et
3263 1887 3362 1925 nos
3387 1873 3658 1941 proximis

2060 1946 2649 2017 misereri,passionem
2679 1952 3018 2009 Dominicam
3041 1958 3109 2012 ad
3130 1957 3290 2027 hujus
3317 1962 3654 2031 accipientes

2057 2035 2277 2104 pietatis
2305 2038 2632 2108 exemplum.

2680 2130 2908 2190 CAPUT
2945 2137 3030 2191 Ill.

2275 2216 2355 2272 De
2384 2220 2646 2289 sacriﬁcio
2672 2223 2860 2279 simin
2897 2243 3016 2280 cum
3050 2228 3162 2283 oleo
3184 2239 3233 2284 et
3255 2232 3425 2286 thure.

2130 2306 2308 2382 ante.)
2354 2309 2450 2364 Sin
2505 2323 2679 2367 autem
2702 2315 2766 2368 de
2793 2317 3048 2372 craticula
3098 2319 3260 2389 fuerit
3302 2325 3651 2395 sacriﬁcium,

2057 2417 2202 2471 teque
2233 2403 2409 2456 simila
2443 2403 2555 2457 oleo
2584 2419 2970 2478 conspergetur,
3021 2429 3179 2481 quam
3203 2416 3388 2484 offeres
3420 2418 3654 2475 Domino

2056 2490 2268 2545 tradens
2308 2492 2546 2548 manibus
2577 2496 2895 2563 sacerdotis,
2939 2501 3029 2570 qui
3067 2518 3185 2556 cum
3229 2503 3473 2560 obtulerit
3505 2525 3651 2575 eam,

2055 2581 2198 2635 tollet
2226 2585 2528 2640 memoriale
2557 2587 2622 2640 de
2645 2589 2928 2658 sacriﬁcio,
2967 2602 3017 2646 et
3043 2595 3271 2650 adolebit
3292 2614 3448 2667 super
3475 2599 3655 2656 altare

2053 2671 2110 2724 in
2146 2671 2358 2727 odorem
2402 2677 2677 2732 suavitatis
2720 2679 2965 2736 Domino.
3025 2682 3293 2757 Quidquid
3322 2699 3497 2743 autem
3525 2692 3654 2746 reli-
3689 2691 3700 2701 ”

2052 2775 2211 2829 quum
2241 2771 2334 2826 est,
2363 2763 2459 2816 erit
2482 2763 2660 2820 Aaron
2681 2777 2730 2820 et
2749 2767 2981 2837 ﬁliarum
3001 2773 3138 2842 ejus,
3157 2775 3408 2829 Sanctum
3440 2791 3655 2835 sancto-

2055 2866 2168 2905 rum
2191 2852 2255 2906 de
2280 2854 2630 2912 oblationibus
2646 2858 2878 2916 Domini.
2899 2863 3106 2920 Similia
3122 2868 3399 2938 disputare
3414 2883 3470 2928 et
3483 2875 3549 2928 de
3565 2891 3653 2930 re-

2053 2948 2388 3000 surrectione
2401 2947 2790 3020 disceptantem
2817 2955 2950 3022 vult,
2968 2957 3122 3026 cujus
3148 2965 3463 3032 mysterium
3480 2968 3652 3021 crati-

2053 3033 2228 3087 culam
2244 3050 2350 3090 non
2375 3037 2574 3093 frustra
2589 3042 2906 3112 appellavit;
2933 3047 3026 3102 sed
3039 3063 3138 3117 per
3157 3052 3471 3108 craticulam
3495 3071 3651 3110 mor-

365 3130 558 3177 tarum.
592 3122 817 3191 Utrique
844 3134 1025 3178 autem
1055 3127 1252 3195 azymi,
1297 3127 1421 3195 quia
1456 3141 1521 3181 ex
1553 3128 1655 3180 alia
1696 3105 1941 3182 doctrina
1969 3105 2012 3164 (ἶ
2050 3131 2158 3178 tem
2185 3125 2529 3196 signiﬁcavit.
2585 3131 2736 3187 Sicut
2773 3143 2953 3190 autem
3004 3138 3058 3192 in
3089 3143 3362 3212 sartagine
3391 3143 3645 3200 Domini-

360 3211 684 3267 fermeutum
715 3229 819 3266 non
853 3213 1081 3278 habent,
1117 3215 1267 3268 verbi
1311 3217 1504 3284 gratia,
1547 3217 1826 3286 sapientia:
1851 3233 1949 3272 sa:-

359 3301 582 3364 cularis,
610 3303 750 3367 quod
775 3301 1044 3357 haereticis
1065 3304 1318 3358 convenit
1344 3306 1591 3362 accidere
1614 3323 1629 3364 :
1663 3307 1717 3360 hi
1747 3307 1947 3378 quippe

361 3409 481 3447 cum
508 3393 778 3446 exteriora
827 3393 1170 3450 interioribus
1213 3404 1543 3474 conjungere
1575 3403 1840 3464 nituntur,
1891 3409 1947 3455 et

359 3489 474 3542 lucc
495 3489 665 3558 magis
689 3489 794 3545 illis
831 3492 1098 3563 subjicere
1123 3501 1178 3549 et
1216 3493 1542 3551 fermentare
1565 3511 1685 3566 quae
1711 3497 1945 3552 ferme)-

363 3581 462 3633 tari
498 3580 804 3636 nullatenus
821 3593 1066 3652 possunt,
1099 3585 1166 3639 ab
1191 3587 1396 3658 azymis
1426 3589 1767 3643 sermonibus
1793 3593 1940 3642 exci-

358 3669 571 3724 derunt.
604 3668 714 3726 Sed
741 3686 868 3727 ecce
896 3675 1256 3744 apostolorum
1291 3692 1458 3746 panes
1487 3680 1540 3733 in
1569 3679 1712 3744 oleo,
1739 3687 1792 3733 et
1818 3695 1942 3749 pro-

357 3759 642 3828 phetarum
681 3759 868 3831 lagana
899 3763 951 3817 in
989 3765 1106 3819 oleo
1128 3766 1282 3820 ﬁunt.
1333 3767 1688 3824 Concorditer
1711 3771 1854 3823 enim
1887 3777 1942 3824 et

356 3850 424 3902 ab
455 3849 558 3904 illis
585 3859 641 3905 et
667 3851 732 3906 ab
777 3853 896 3906 istis
922 3855 1183 3925 scriptum
1220 3866 1324 3923 est,
1367 3859 1493 3927 quia
1532 3875 1633 3913 nos
1677 3860 1940 3915 miserans

358 3937 604 3992 Christus
633 3941 872 4006 advenit,
903 3944 996 3996 sed
1021 3947 1246 4012 apostoli
1276 3947 1510 4016 planius,
1540 3947 1666 4016 quia
1710 3948 1799 4002 isti
1831 3947 1938 4017 jam

354 4027 678 4096 completum
715 4044 834 4084 esse
863 4031 1006 4098 quod
1037 4033 1111 4085 illi
1144 4045 1503 4091 narraverunt
1529 4036 1790 4092 futurum.

426 4117 488 4172 Si
524 4116 719 4170 oblatio
734 4127 826 4171 tua
849 4119 1006 4188 fuerit
1035 4122 1099 4175 de
1117 4125 1407 4193 sartagine,
1435 4125 1622 4181 simin
1647 4144 1938 4199 conspersa:

348 4206 463 4260 oleo
509 4215 559 4259 et
602 4208 794 4278 absque
833 4207 1104 4278 fermento,
1145 4213 1344 4268 divides
1390 4232 1505 4270 eam
1542 4218 1859 4285 minutatim,
1887 4228 1935 4275 et

351 4295 538 4362 fundes
570 4313 724 4365 super
751 4313 866 4350 eam
894 4296 1084 4351 oleum.

427 4384 767 4442 Sacriﬁcium
796 4390 861 4442 de
887 4391 1157 4460 sartagine
1179 4393 1932 4468 dispensationempassionis

351 4475 584 4541 appellat
623 4477 913 4546 Unigeuili,
952 4453 1167 4535 crucem
1192 4453 1483 4541 assimilari
1525 4453 1782 4559 sarta‘gini
1806 4453 2010 4558 pro-D

350 4568 533 4628 pterea
547 4561 815 4630 judicans,
846 4568 972 4634 quia
999 4578 1217 4640 sartago
1247 4572 1298 4624 iu
1324 4581 1534 4628 tantum
1559 4585 1642 4629 est
1667 4576 1843 4642 fortis,
1871 4589 1932 4631 ut

352 4653 688 4718 superposita
716 4655 847 4723 igni,
884 4657 996 4726 ipsa
1028 4660 1242 4727 quidem
1272 4678 1378 4716 non
1420 4675 1792 4731 consumatur,
1831 4683 1931 4721 nec

351 4738 586 4810 aliquam
613 4749 1012 4814 corruptionem
1048 4751 1330 4816 sustineat,
1363 4761 1455 4806 aut
1475 4755 1927 4822 imminutionem,

350 4831 717 4897 superpositos
760 4843 940 4889 autem
970 4839 1120 4892 cibos
1151 4856 1273 4894 mox
1303 4850 1363 4894 ut
1411 4844 1586 4911 ignem
1631 4829 1926 4917 thigerint,

352 4916 435 4972 vel
481 4918 525 4970 si
558 4918 806 4976 duriores
861 4922 1091 4992 fuerint,
1132 4943 1238 4983 non
1266 4929 1424 5002 longo
1459 4916 1750 4989 intervallo,
1775 4947 1930 5006 aptos

350 5007 472 5060 usui
506 5009 723 5063 reddit:
776 5013 854 5066 sic
875 5023 929 5067 et
949 5013 1148 5071 Christi
1186 5033 1339 5086 crux,
1380 5019 1537 5077 fortis
1555 5025 1770 5092 quidem
1809 5035 1927 5081 tan-

352 5106 464 5151 tum
491 5095 589 5150 fuit
638 5107 695 5152 ut
739 5116 953 5156 omnem
988 5116 1291 5162 creaturam
1321 5112 1610 5182 subjiceret
1643 5115 1922 5182 cruciﬁxo,

348 5201 570 5242 carnem
591 5197 770 5243 autem
801 5192 931 5261 ejus,
967 5211 1085 5264 qua:
1107 5200 1173 5251 ad
1199 5202 1582 5257 comedendum
1605 5206 1785 5275 inepta
1806 5217 1924 5262 erat

349 5288 474 5332 aute
505 5280 809 5348 passionem
853 5284 996 5353 (quis
1031 5289 1173 5341 enim
1212 5291 1497 5348 comedere
1533 5297 1779 5364 capiebat
1801 5315 1923 5354 car-

349 5383 470 5421 nem
491 5370 584 5424 Dei
606 5370 671 5440 ?),
703 5380 880 5440 aptam
904 5373 1024 5428 cibo
1044 5386 1165 5445 post
1191 5381 1495 5446 passionem
1521 5383 1669 5440 fecit.
1701 5386 1758 5442 Si
1778 5391 1921 5444 enim

349 5472 453 5510 non
478 5458 668 5516 luisset
694 5462 1007 5529 cruciﬁxus,
1046 5468 1373 5525 sacriﬁcium
1416 5477 1662 5544 corporis
1681 5476 1798 5546 ejus
1822 5481 1923 5534 mi-

2255 5545 2268 5559 ,
2578 5545 2631 5550 η
2659 5545 2737 5552 η-
2774 5545 3029 5569 Ἵππη...

348 5545 490 5600 nime
517 5551 954 5608 comederemus:
979 5557 1308 5614 comedimus
1334 5572 1514 5617 autem
1552 5583 1695 5622 nunc
1740 5571 1919 5625 cibum
2017 5578 2249 5631 scrutari
2295 5585 2586 5653 prmcepit;
2623 5588 2720 5640 hoc
2748 5589 2926 5646 Aaron
2957 5599 3054 5651 erit

346 5646 618 5694 sumentes
644 5641 760 5709 ejus
806 5647 1119 5701 memoriam
1166 5651 1448 5718 passionis.
1507 5653 1657 5713 lianc
1690 5663 1916 5733 sartagi-

2047 3227 2166 3267 cam
2201 3231 2417 3271 crucem
2446 3234 2609 3290 supra
2639 3225 2966 3294 accepimus,
3016 3228 3087 3282 ita
3123 3231 3177 3283 in
3206 3232 3463 3288 craticula
3493 3252 3648 3291 mor-

2048 3311 2176 3368 tem,
2213 3308 2306 3361 sed
2335 3317 2388 3363 et
2417 3313 2751 3380 sepulturam
2778 3319 3126 3388 accipiamus.
3163 3323 3293 3390 Quae
3323 3327 3467 3381 enim
3495 3329 3650 3388 inter

2044 3397 2358 3453 craticulam
2393 3410 2449 3456 et
2481 3406 2808 3476 sartaginem
2847 3409 3149 3468 differentia
3178 3415 3270 3481 sit,
3316 3418 3448 3472 nulli
3481 3423 3644 3490 peni-

2047 3493 2132 3538 tus
2158 3487 2396 3555 ignotum
2443 3503 2547 3558 est,
2601 3498 2744 3564 quod
2791 3509 3008 3570 sartago
3054 3518 3218 3573 super
3264 3507 3438 3576 ignem
3482 3487 3640 3568 nunc

2041 3579 2488 3642 exardesceuiem
2535 3594 2591 3640 et
2638 3603 2993 3658 succensum,
3045 3598 3305 3652 craticula
3355 3610 3534 3657 autem
3577 3606 3637 3659 in

2041 3672 2369 3732 carbonibus
2383 3680 2700 3738 ardentibus
2713 3694 2765 3738 et
2789 3681 2916 3742 olim
2945 3687 3186 3745 accensis
3203 3690 3438 3763 ponitur.
3469 3691 3562 3745 Sic
3578 3702 3639 3746 et

2039 3779 2187 3821 mors
2215 3765 2425 3823 Domini
2459 3785 2564 3825 non
2596 3770 2698 3827 fuit
2742 3775 2954 3832 initium
2985 3781 3199 3851 aliquod
3224 3783 3636 3854 passionis,seal

2039 3858 2355 3926 passionum
2372 3854 2491 3932 qua:
2516 3865 2724 3933 pridem
2743 3871 2794 3922 in
2818 3885 2882 3924 eo
2898 3883 3135 3940 operata:
3157 3885 3301 3939 sunt,
3319 3876 3420 3931 fuit
3444 3880 3628 3934 subsi-

2039 3950 2258 4006 stentia.
2285 3953 2352 4006 Et
2373 3955 2534 4024 hujus
2552 3974 2681 4029 ergo
2703 3978 2899 4018 munus
2923 3980 2989 4019 ex
3021 3967 3214 4032 simila,
3247 3970 3299 4024 id
3322 3981 3403 4026 est
3432 3988 3498 4026 ex
3530 3975 3625 4029 Dei

2036 4041 2344 4111 cognitione
2374 4046 2487 4101 sive
2515 4049 2755 4104 scientiae
2783 4068 2902 4122 qum
2933 4056 2999 4111 de
3027 4067 3201 4113 morte
3233 4059 3509 4117 Dominica
3542 4076 3626 4119 est

2036 4131 2322 4199 perﬁcitur
2348 4152 2361 4188 :
2384 4147 2598 4205 oportet
2619 4143 2761 4195 enim
2785 4142 3060 4201 Christum
3086 4158 3142 4205 et
3166 4151 3219 4204 in
3248 4163 3420 4208 morte
3452 4155 3622 4210 Demn

2035 4219 2162 4286 dici,
2192 4230 2248 4277 et
2271 4223 2623 4284 nihilominus
2653 4231 3012 4291 immortalem
3053 4241 3347 4309 praedicare
3376 4259 3498 4298 eum
3528 4249 3621 4316 qui

2034 4323 2257 4384 propter
2303 4319 2587 4378 mortalem
2618 4336 2836 4379 carnem
2870 4337 3115 4385 mortuus
3149 4341 3250 4395 est,
3301 4335 3353 4388 in
3381 4335 3500 4390 oleo
3541 4346 3613 4391 ta-

2036 4416 2157 4457 men
2177 4404 2337 4459 .vivus
2364 4406 2496 4474 ﬁet;
2534 4421 2749 4478 oportet
2779 4415 2976 4490 quippe
3021 4419 3088 4472 de
3133 4421 3412 4478 Dominica
3443 4437 3620 4481 morte

2033 4501 2088 4546 et
2113 4497 2507 4554 resurrectione
2548 4501 2910 4571 disputantem
2933 4547 2947 4570 ,
2993 4509 3379 4568 misericordia:
3401 4531 3618 4587 quoque

2031 4581 2126 4636 Dei
2155 4585 2350 4640 addere
2384 4589 2784 4646 ratiocinationi
2812 4594 2989 4650 oleum
3007 4637 3020 4661 ,
3054 4600 3317 4656 miserans
3346 4604 3615 4673 siquidem

2031 4685 2201 4740 genus
2228 4677 2546 4746 humanum,
2595 4691 2650 4737 et
2699 4695 2927 4741 mortem
2957 4691 3230 4758 sustinuit,
3282 4704 3337 4749 et
3369 4711 3614 4753 resurre-

2029 4761 2263 4818 ctionem
2287 4781 2318 4820 a
2355 4772 2596 4826 mortuis'
2622 4775 2974 4844 dispensavit.
3037 4781 3227 4838 Tradat
3277 4787 3332 4840 in
3371 4793 3613 4846 manibus

2029 4855 2335 4922 sacerdotis,
2377 4859 2476 4929 ipsi
2521 4863 2769 4921 videlicet
2792 4867 3009 4927 Christo
3032 4911 3048 4938 ,
3089 4876 3178 4942 qui
3212 4887 3491 4949 postquam
3521 4901 3615 4955 ap-

2032 4945 2410 5016 propinquavit
2451 4951 2607 5007 altari
2634 4957 2724 5025 qui
2755 4957 2808 5011 in
2846 4961 2998 5016 coalis
3025 4973 3128 5029 est,
3161 4945 3611 5041 appropinquavit

2031 5042 2210 5088 autem
2253 5052 2415 5093 carne
2448 5057 2543 5110 per
2575 5049 2964 5104 ascensionem.
3011 5052 3294 5125 Nunquam
3335 5063 3478 5115 enim
3524 5080 3611 5118 sc-

2028 5132 2252 5190 paratur
2279 5141 2308 5179 a
2338 5128 2654 5187 divinitate:
2690 5135 2852 5191 Tollet
2881 5145 3183 5200 memoriale
3228 5149 3292 5202 de
3317 5153 3606 5221 sacriﬁcio,

2029 5210 2414 5270 abundantiam
2441 5221 2680 5279 scientiae
2723 5227 2836 5282 sive
2874 5234 3218 5303 cognitionis,
3270 5241 3411 5295 sicut
3441 5259 3604 5313 supra

2021 5301 2136 5370 jam
2164 5303 2463 5364 docuimus.
2516 5312 2670 5378 Quod
2697 5335 2853 5389 super
2878 5321 3046 5378 altare
3085 5301 3327 5391 adolebit.
3378 5301 3524 5402 apud
3546 5353 3604 5391 se

2023 5395 2332 5452 custodiens
2357 5398 2484 5455 illud
2531 5402 2584 5458 in
2614 5409 2867 5464 saeculum
2895 5410 3155 5472 futurum.
3213 5395 3480 5493 Quidquid
3506 5445 3603 5480 au-

2021 5492 2124 5537 tem
2148 5485 2404 5559 reliquum
2427 5502 2524 5557 est,
2578 5494 2631 5550 id
2654 5507 2738 5552 est
2772 5513 3029 5569 quantum
3058 5509 3198 5564 scire
3238 5485 3340 5567 Vnus
3365 5485 3429 5568 ὀι
3473 5530 3601 5584 per-

3082 5610 3132 5653 et
3177 5601 3407 5670 ﬁliorum
3437 5609 3554 5677 ejus
3579 5627 3598 5673 ;

2020 5666 2075 5722 id
2094 5680 2180 5725 est
2209 5681 2263 5726 et
2289 5674 2374 5729 his
2399 5677 2488 5746 qui
2511 5679 2758 5735 sublimia
2785 5693 2839 5737 et
2869 5686 2934 5740 de
2964 5687 3072 5745 Deo
3104 5666 3344 5764 cogitare
3370 5705 3423 5752 ct
3457 5666 3588 5753 '5an
