3956 6176
280 345 381 404 961

1208 329 1706 388 EXPOSITIONES
1746 328 1813 384 ΙΝ
1857 326 2258 387 LEVITICUM.
2299 353 2370 394 -τ-
2408 326 2541 382 LIB.
2580 327 2621 381 Ι.

3452 328 3560 385 262

287 461 385 514 tirc
413 461 645 527 possunt
675 448 917 512 tradidit,
951 460 1085 517 quos
1114 443 1250 499 filios
1285 445 1461 498 Aaron
1487 457 1606 498 esse
1628 440 1876 512 praedixi-
1903 448 1951 507 Α
1978 442 2026 496 ei
2049 453 2261 512 peccata
2301 441 2491 506 multa,
2527 439 2774 512 quoniam
2804 439 2987 494 dilexit
3013 439 3234 495 multum
3264 440 3414 514 (Luc.
3443 442 3565 512 vn).

284 565 402 604 ntus
425 565 440 612 ;
474 545 729 601 Sanctum
745 539 1121 596 sanctorumde
1147 537 1494 592 oblationibus
1511 537 1744 602 Domini,
1768 552 1880 590 ma-

283 641 363 713 gis
389 638 625 706 idipsum
656 633 990 688 confirmans
1017 630 1119 684 hoc
1146 627 1425 698 lcgislator
1457 628 1672 697 scripsit
1701 643 1716 690 ;
1764 643 1883 680 san-

283 745 366 790 cta
395 731 598 803 quippe
623 734 707 782 est
750 723 928 780 omnis
956 722 1095 776 bona
1120 721 1370 787 scientia,
1411 721 1505 774 sed
1534 718 1733 773 Sancta
1761 733 1885 772 san-

285 834 522 885 ctorum,
552 833 676 889 qua:
714 817 782 870 de
808 815 903 869 Dei
931 812 1158 868 scientia
1187 812 1328 866 sicut
1357 819 1570 880 Oportet
1603 811 1881 878 disputare

284 923 479 987 potest.
517 913 651 966 Item
681 923 897 979 quoque
919 906 1203 960 moraliter
1229 920 1326 958 nos
1356 903 1583 958 vitulum
1608 902 1885 957 offerimus

283 1005 415 1070 Deo,
442 1019 570 1057 cum
598 1001 780 1055 carnis
803 998 1112 1068 superbiam
1155 995 1423 1048 vincimus
1447 1010 1461 1060 ;
1498 1008 1694 1062 agnum
1713 1033 1728 1056 ,
1761 1007 1882 1045 cum

283 1093 695 1153 irrationabiles
726 1098 904 1144 motus
953 1086 1315 1156 corrigimus;
1371 1083 1607 1147 hzedum,
1653 1097 1775 1136 cum
1811 1079 1886 1133 la—

282 1187 512 1243 sciviam
543 1195 905 1252 superamus;
958 1177 1283 1239 columbam,
1319 1190 1440 1229 cum
1485 1171 1884 1241 simplicitatem

283 1279 486 1334 mentis
529 1274 887 1336 custodimus,
923 1276 1218 1333 turturem,
1251 1267 1377 1321 dum
1427 1264 1734 1318 castitatem
1767 1277 1884 1316 ser-

283 1383 478 1422 vamus
505 1384 518 1418 :
555 1366 659 1418 hoc
688 1362 834 1416 enim
877 1373 1046 1428 genus
1075 1356 1258 1409 avium
1297 1353 1498 1408 dicitur
1525 1368 1688 1405 unum
1720 1359 1775 1404 et
1798 1366 1889 1404 ea-

284 1468 429 1513 stum
455 1469 680 1511 servare
705 1449 1034 1520 conjugium.
1085 1444 1330 1499 Similam
1377 1451 1431 1496 et
1474 1454 1640 1510 panes
1666 1451 1888 1508 azymos

283 1549 593 1610 offerimus,
641 1559 764 1599 cum
800 1542 916 1595 sine
944 1536 1149 1591 malitia
1181 1543 1235 1588 et
1271 1533 1511 1602 nequitia
1543 1531 1685 1584 hanc
1718 1529 1884 1582 vitam

287 1647 613 1710 praesentem
646 1634 879 1704 agimus.
934 1626 1138 1691 Oil'ert,
1180 1624 1330 1678 verbi
1383 1622 1580 1693 gratia,
1628 1619 1884 1684 similam,

287 1731 376 1800 qui
408 1731 464 1782 in
497 1724 859 1797 agricultura,
894 1728 986 1774 aut
1025 1716 1352 1786 navigando,
1395 1721 1486 1766 aut
1535 1711 1588 1765 in
1616 1710 1886 1779 aliquibus

1983 532 2049 585 Et
2077 531 2352 600 apostolus
2378 530 2546 586 dicit:
2580 529 2841 596 Quoniam
2867 531 3097 584 cbaritas
3136 533 3359 601 cooperit
3392 532 3574 586 multi-

1982 625 2215 677 tudinem
2238 635 2568 694 peccatorum
2586 621 2636 694 (I
2659 619 2804 676 Petr.
2822 622 2916 693 tv).
2946 623 3040 676 Est
3059 624 3298 677 adhucet
3319 626 3572 694 septima,

1985 713 2112 768 licet
2149 716 2284 769 dura
2331 725 2386 770 et
2414 715 2705 780 laboriosa,
2758 731 2855 785 per
2902 714 3278 782 paenitentiam
3329 714 3576 768 remissio

1983 812 2351 872 peccatorum,
2381 820 2502 859 cum
2533 805 2676 858 lavat
2703 813 2956 873 peccator
2985 804 3038 856 in
3067 802 3322 874 lacrymis
3347 811 3576 857 stratum

1985 913 2165 964 suum,
2204 908 2251 952 et
2298 897 2433 967 fiunt
2481 899 2529 950 ei
2576 896 2822 966 lacryma:
2868 913 2977 949 suae
3027 897 3178 966 panis
3206 896 3290 948 die
3319 911 3382 948 ac
3431 904 3579 948 nocte

1987 987 2159 1058 (Psal.
2186 989 2320 1061 xn'),
2354 990 2479 1044 dum
2515 1005 2621 1042 non
2647 989 2916 1042 erubescit
2945 988 3213 1042 sacerdoti
3246 987 3456 1042 Domini
3498 988 3578 1040 in-

1987 1077 2172 1132 dicare
2197 1088 2498 1148 peccatum,
2535 1086 2589 1131 et
2625 1094 2868 1146 quazrere
2899 1078 3244 1141 medicinam,
3280 1080 3577 1131 secundum

1986 1184 2109 1222 eum
2137 1171 2227 1238 qui
2260 1169 2374 1222 ait:
2425 1169 2574 1233 Dixi,
2623 1171 2970 1238 pronuntiabo
3004 1169 3279 1223 adversum
3322 1187 3401 1222 me
3437 1171 3580 1238 inju-

1987 1260 2185 1313 stitiam
2229 1276 2397 1313 meam
2419 1300 2434 1322 ,
2483 1269 2530 1312 et
2569 1269 2623 1312 tu
2656 1260 2873 1312 remisiti
2899 1249 3215 1330 impietatem
3241 1244 3436 1313 'cordis
3479 1261 3583 1314 mei

1991 1351 2165 1422 (Psal.
2198 1350 2372 1422 xxxi).
2416 1350 2471 1403 In
2503 1366 2611 1419 quo
2643 1351 2896 1420 impletur
2930 1360 2984 1406 et
3022 1351 3150 1404 illud
3179 1352 3320 1420 quod
3348 1349 3582 1406 Iacobus

1990 1440 2268 1509 apostolus
2296 1440 2426 1494 dicit
2452 1458 2464 1492 :
2495 1439 2556 1495 Si
2580 1441 2695 1510 quis
2714 1451 2888 1494 autem
2912 1441 3236 1509 inﬁrmatur,
3273 1451 3412 1495 vocet
3440 1458 3585 1510 pres-

1992 1529 2197 1599 byteros
2239 1529 2519 1595 Ecclesia},
2563 1540 2610 1583 et
2641 1532 2909 1601 imponant
2957 1533 3006 1584 ei
3061 1547 3285 1594 manus,
3337 1542 3584 1602 ungentes

1990 1636 2109 1672 eum
2145 1619 2257 1674 oleo
2287 1621 2342 1673 in
2372 1621 2579 1674 nomine
2619 1621 2872 1674 Domini:
2909 1631 2954 1674 et
2994 1622 3162 1675 oratio
3192 1621 3318 1689 ﬁdei
3362 1622 3584 1676 salvabit

1993 1709 2286 1778 inﬁrmum,
2326 1718 2374 1763 et
2402 1711 2448 1763 si
2479 1710 2534 1763 in
2554 1711 2779 1779 peccatis
2802 1710 2983 1778 fuerit,
3009 1711 3338 1763 remittemur
3370 1711 3416 1764 ei
3441 1709 3582 1780 (Jac.

289 1819 600 1876 communis
626 1815 756 1869 vitae
787 1812 1000 1875 usibus,
1054 1809 1287 1878 positam
1319 1804 1478 1860 olli-rt
1521 1800 1892 1858 conversatio-
1924 1803 1969 1860 B
1998 1802 2073 1872 v).
2101 1802 2168 1855 Et
2199 1811 2251 1855 tu
2283 1817 2411 1872 ergo
2439 1818 2560 1855 cum
2593 1802 2745 1856 venis
2777 1802 2844 1855 ad
2873 1801 3102 1871 gratiam
3140 1800 3416 1871 baptismi,
3448 1801 3588 1855 γίω.

291 1927 428 1974 nem,
472 1908 595 1963 oleo
646 1913 830 1959 tamen
875 1913 1241 1970 conspersum,
1293 1895 1435 1966 quod
1481 1893 1659 1948 omnis
1706 1891 1886 1946 anima

293 2011 409 2072 eget
444 2000 570 2056 oleo
593 1997 791 2052 divina:
818 1991 1229 2053 misericordia),
1258 2004 1359 2042 nec
1379 1994 1697 2058 praesentem
1721 1983 1889 2037 vitam

294 2096 519 2149 evadere
575 2089 845 2161 quispiam
875 2094 1070 2156 potest,
1104 2082 1208 2136 nisi
1237 2081 1286 2136 ei
1308 2079 1484 2134 oleum
1513 2076 1753 2132 ccelestis
1785 2073 1888 2128 mi-

293 2182 584 2239 serationis
632 2177 888 2233 adfuerit.
943 2174 1054 2228 Nec
1105 2187 1213 2227 non
1267 2181 1321 2224 et
1375 2166 1503 2223 illud
1533 2163 1889 2221 intimandum

291 2279 430 2348 quod
467 2275 649 2348 juxta
670 2268 1057 2327 mortalitatem
1085 2280 1183 2335 per
1230 2262 1501 2317 clibanum
1531 2256 1890 2312 tentationum

293 2347 501 2440 pondus
524 2347 890 2436 exprimitur:
912 2375 1010 2430 per
1031 2355 1362 2426 sartaginem
1392 2348 1700 2406 constantia
1727 2347 1894 2402 animi

291 2471 341 2515 et
372 2463 542 2515 robur
590 2456 830 2519 mentis;
884 2467 982 2522 per
1028 2446 1372 2510 craticulam,
1422 2440 1702 2512 multiplex
1725 2440 1896 2509 impu-

295 2552 478 2622 gnatio
508 2565 615 2603 non
650 2547 944 2614 incongrue
974 2538 1332 2611 significatur.
1368 2534 1476 2606 (Ex
1491 2530 1760 2603 Origene.)
1788 2529 1895 2583 Sed

301 2621 535 2695 fortasse
561 2639 681 2709 quis
709 2636 844 2690 dicit
873 2635 939 2688 de
968 2628 1308 2685 auditoribus
1358 2623 1616 2680 Ecclesia:
1650 2639 1664 2676 :
1706 2621 1897 2675 Melius

301 2732 446 2787 forte
497 2732 752 2802 agebatur
803 2740 930 2781 cum
962 2722 1202 2793 antiquis
1242 2735 1405 2790 quam
1453 2717 1760 2780 nobiscum,
1807 2715 1897 2769 ubi

296 2824 500 2879 oblatis
547 2823 762 2876 diverso
819 2819 925 2873 ritu
969 2813 1274 2878 sacrificiis,
1333 2808 1687 2882 peccantibus
1741 2807 1898 2860 venia

296 2917 686 2988 prazstabatur,
735 2912 876 2984 apud
914 2924 1011 2964 nos
1062 2922 1168 2962 uno
1210 2902 1585 2959 tantummodo
1631 2909 1716 2954 est
1740 2898 1899 2952 venia

297 3019 671 3080 peccatorum,
719 3021 839 3076 qua:
868 3020 966 3075 per
996 3002 1198 3056 lavacri
1245 2998 1479 3072 gratiam
1509 2997 1564 3050 in
1609 2995 1778 3050 initiis
1807 2993 1902 3048 da-

303 3111 407 3167 tur,
437 3101 588 3155 nulla
618 3107 744 3169 post
772 3099 885 3150 lucc
928 3093 1134 3165 peccati
1185 3087 1562 3145 misericordia
1608 3101 1707 3140 nec
1740 3085 1896 3140 venia

1993 1892 2102 1946 lum
2127 1891 2393 1955 obtulisti,
2425 1893 2551 1960 quia
2581 1891 2635 1945 in
2664 1900 2836 1946 morte
2870 1891 3071 1945 Christi
3104 1891 3433 1960 baptizaris;
3465 1906 3586 1945 cum

1993 1995 2123 2036 vero
2154 1982 2220 2034 ad
2245 1982 2566 2051 martyrium
2609 1980 2846 2044 duceris,
2883 1981 3095 2034 hircum
3145 1979 3407 2043 obtulisti,
3461 1981 3587 2050 quia

1998 2082 2276 2128 auctorem
2327 2073 2536 2143 peccati
2587 2072 2858 2128 diabolum
2905 2070 3184 2140 jugulasti.
3235 2073 3369 2126 Cum
3405 2084 3587 2127 autem

1994 2166 2396 2237 clecmosynam
2445 2166 2658 2229 feceris,
2715 2175 2768 2221 et
2817 2183 2945 2236 erga
2977 2166 3308 2236 indigentem
3335 2165 3587 2219 affectum

1995 2259 2384 2314 misericordia:
2411 2258 2640 2314 sollicita
2685 2259 2885 2328 pic-tate
2911 2257 3252 2327 dependet-is,
3294 2256 3467 2309 altare
3495 2271 3586 2310 sa-

1995 2364 2150 2404 crum
2196 2349 2365 2403 hmdis
2411 2349 2699 2418 pinguibus
2737 2347 3015 2401 onerasti:
3081 2362 3204 2400 nam
3248 2347 3290 2400 si
3320 2361 3384 2400 ex
3424 2346 3590 2400 corde

1997 2438 2273 2494 remiseris
2299 2448 2580 2508 peccatum
2609 2437 2764 2492 fratri
2799 2447 2906 2496 tuo,
2953 2446 3008 2490 et
3038 2437 3328 2491 iracundia:
3378 2447 3590 2490 tumore

1998 2533 2276 2602 deposito,
2309 2532 2495 2585 mitem
2542 2532 2686 2584 intra
2721 2539 2772 2584 te
2798 2537 2853 2583 et
2902 2528 3204 2597 simplicem
3245 2528 3592 2598 recollegeris

1999 2623 2268 2687 animam,
2301 2622 2612 2676 immolasse
2641 2629 2692 2675 te
2722 2621 2968 2686 arietem,
3001 2619 3083 2673 vel
3112 2635 3310 2691 agnum
3348 2620 3400 2672 in
3431 2619 3595 2673 sacri-

2001 2715 2182 2770 ﬁcium
2211 2715 2468 2770 obtulisse
2500 2713 2728 2768 confide.
2780 2711 2952 2766 Porro
2980 2721 3162 2766 autem
3216 2711 3260 2765 si
3295 2711 3494 2765 divinis
3522 2711 3592 2764 le-

2000 2804 2272 2858 ctionibus
2302 2804 2601 2857 instructus
2643 2802 2952 2856 meditando
2981 2801 3120 2854 sicut
3158 2801 3429 2866 columba,
3460 2801 3593 2854 etin

2000 2894 2118 2966 lege
2155 2894 2365 2948 Domini
2411 2893 2682 2963 vigilando
2730 2892 2815 2945 die
2862 2907 2923 2945 ac
2957 2900 3116 2945 nocte
3161 2892 3229 2944 ab
3273 2907 3460 2945 errore
3496 2907 3595 2944 suo

2003 2985 2338 3040 converteris
2367 2991 2706 3054 peccatorem
2739 2989 2793 3035 et
2831 2997 2858 3034 a
2892 2981 2978 3033 via
3008 2979 3264 3049 nequitia:
3294 2981 3360 3032 ad
3394 2980 3596 3049 simpli-

2002 3075 2222 3130 citatem
2251 3091 2374 3128 cum
2401 3073 2663 3128 columba:
2692 3071 3055 3132 revocaveris,
3088 3078 3252 3140 atque
3273 3071 3597 3124 mihmrendo

302 3159 404 3247 una.
429 3159 771 3247 ωηεεάίιυιι,
807 3159 974 3242 οεοέι
1005 3184 1222 3255 quidem
1273 3177 1628 3236 districtionis
1653 3192 1775 3231 esse
1821 3175 1896 3230 di-
1922 3159 1966 3220 C
1999 3166 2222 3228 sanctis,
2255 3163 2448 3220 feceris
2475 3179 2598 3217 eum
2633 3163 2947 3217 societatem
2979 3162 3206 3215 turturis
3238 3161 3464 3225 imitari,
3497 3177 3596 3230 par

304 3282 543 3352 sciplinaa
564 3279 934 3336 Christianum
961 3290 1060 3346 pro
1095 3289 1202 3343 quo
1227 3271 1476 3326 Christus
1501 3278 1749 3324 mortuus
1772 3274 1891 3333 est;

305 3391 398 3446 pro
430 3373 539 3428 illis
568 3387 724 3436 oves,
767 3368 929 3433 hirci,
955 3367 1120 3421 boves
1155 3361 1542 3434 jugulabantur
1564 3369 1618 3415 et
1639 3374 1786 3425 aves,
1824 3358 1898 3412 si-

307 3467 428 3522 mila
481 3465 983 3535 couspergebatur;
1035 3474 1135 3530 pro
1186 3467 1235 3512 te
1263 3457 1358 3510 Dei
1409 3455 1580 3509 Filius
1620 3452 1900 3524 jugulatus

310 3569 420 3626 est,
461 3569 519 3616 et
571 3561 771 3613 iterum
825 3565 878 3610 te
915 3567 1143 3625 peccare
1186 3550 1458 3605 delectat!
1505 3548 1574 3602 Et
1620 3558 1800 3602 tamen
1831 3561 1901 3601 ne

313 3653 403 3708 tibi
432 3653 549 3708 bzec
579 3666 687 3706 non
717 3658 828 3702 tam
880 3646 1095 3715 erigant
1124 3643 1336 3696 animos
1363 3655 1462 3710 pro
1497 3639 1698 3693 virtute
1737 3652 1900 3707 quam

313 3759 408 3813 pro
433 3742 816 3814 desperatione
863 3737 1137 3806 dejiciant,
1188 3733 1388 3788 audisti
1436 3739 1641 3802 quanta
1688 3730 1800 3784 sint
1847 3729 1901 3782 in

319 3837 432 3908 lege
453 3834 724 3891 sacriﬁcia
751 3847 850 3902 pro
876 3828 1138 3902 peccatis,
1172 3825 1298 3880 audi
1342 3839 1485 3878 nunc
1512 3831 1728 3892 quantae
1774 3831 1902 3877 sunt

318 3931 664 3985 remissiones
690 3934 1036 3998 peccatorum
1064 3923 1117 3976 in
1165 3915 1492 3988 Evangeliis.
1527 3915 1593 3968 Et
1620 3921 1705 3969 est
1731 3913 1905 3984 prima

318 4036 419 4090 qua
461 4019 803 4089 baptizamur
855 4015 908 4069 in
958 4012 1333 4068 remissionem
1390 4015 1758 4078 peccatorum.
1813 4003 1910 4060 Se-

319 4107 488 4165 cunda
537 4107 788 4163 remissio
836 4103 1004 4158 estin
1048 4101 1302 4171 passione
1349 4105 1670 4168 martyrum.
1725 4093 1909 4150 Tertia

318 4211 418 4265 est,
464 4213 587 4268 qua:
628 4212 728 4268 per
760 4195 1134 4264 eleemosynas
1163 4191 1342 4245 datur.
1385 4187 1526 4242 Dicit
1558 4186 1702 4240 enim
1728 4183 1912 4238 Salva.

323 4302 444 4347 tor:
517 4289 887 4343 Verumtamen
915 4286 1033 4339 date
1059 4300 1176 4355 qua:
1215 4281 1436 4345 habetis,
1488 4288 1535 4334 et
1585 4294 1700 4332 ecce
1734 4276 1912 4330 omnia

322 4387 515 4439 munda
543 4391 665 4438 sunt
701 4381 841 4436 vobis
872 4378 1025 4451 (Luc.
1064 4377 1166 4446 χι).
1215 4374 1420 4441 Quarta
1449 4371 1605 4427 nobis
1633 4369 1694 4424 fit
1726 4368 1914 4424 remis—

323 4479 400 4534 sio
426 4485 775 4548 peccatorum
801 4488 898 4544 per
925 4473 1031 4527 hoc
1053 4469 1195 4540 quod
1221 4475 1276 4523 et
1301 4481 1401 4520 nos
1435 4463 1762 4520 remittimus
1789 4475 1915 4529 pec—

324 4581 442 4625 cata
471 4567 734 4623 fratribus
762 4563 985 4620 nostris.
1029 4560 1123 4615 Sic
1165 4559 1310 4614 enim
1341 4557 1472 4610 dicit
1502 4554 1616 4624 ipse
1657 4550 1916 4625 Dominus

324 4671 377 4715 et
419 4659 713 4714 Salvator:
770 4654 911 4720 Quia
934 4653 980 4707 si
1010 4648 1308 4706 remiseritis
1351 4643 1605 4716 fratribus
1629 4641 1810 4696 vestris
1857 4655 1921 4694 ea:

325 4750 478 4806 corde
505 4756 720 4818 peccata
747 4745 979 4814 ipsorum
1001 4781 1017 4808 ,
1059 4749 1108 4794 et
1135 4739 1274 4794 vobis
1313 4735 1536 4790 remittet
1565 4731 1728 4786 Pater
1759 4740 1923 4785 vester

324 4851 537 4914 peccata
567 4849 756 4894 vestra.
802 4835 955 4902 Quod
987 4834 1036 4888 si
1056 4849 1163 4886 non
1213 4827 1516 4884 remiseritis
1541 4824 1794 4894 fratribus
1839 4839 1922 4876 ve-

328 4912 447 4988 stris
475 4947 542 4985 ea:
569 4927 748 4994 corde,
773 4943 864 4981 nec
889 4925 1031 4980 vobis
1060 4922 1285 4978 remittet
1315 4917 1481 4972 Pater
1509 4924 1674 4971 vester
1697 4912 1912 4986 (Matth.

332 5022 424 5093 vt).
472 5021 540 5075 Et
583 5018 726 5074 sicut
751 5016 805 5070 in
825 5014 1074 5070 oratione
1104 5025 1204 5066 nos
1231 5010 1412 5064 dicere
1440 5006 1625 5061 docuit
1650 5022 1663 5059 :
1717 5003 1920 5056 remitte

334 5113 474 5169 nobis
498 5110 672 5164 debita
704 5116 912 5171 nostra,
941 5106 1076 5158 sicut
1112 5110 1162 5156 et
1200 5117 1293 5155 nos
1331 5097 1644 5153 remittimus
1673 5094 1921 5147 debitori-

331 5204 427 5258 bus
462 5201 678 5257 nostris.
724 5197 924 5263 Quinta
960 5199 1305 5264 peccatorum
1355 5186 1606 5242 remissio
1649 5193 1754 5248 est,
1797 5197 1921 5236 cum

335 5292 659 5350 converterit
695 5289 817 5357 quis
847 5292 1190 5356 peccatorem
1220 5280 1289 5334 ab
1317 5294 1507 5334 errore
1539 5277 1638 5329 via:
1667 5289 1815 5337 suat;
1850 5273 1922 5326 ita

335 5387 473 5443 enim
507 5385 639 5438 dicit
674 5379 955 5447 Scriptura
1001 5375 1221 5429 divina:
1256 5369 1392 5436 Quia
1437 5367 1529 5436 qui
1569 5363 1814 5447 converti
1845 5361 1925 5416 fe-

338 5471 468 5526 cerit
492 5446 837 5538 peccatorem
863 5463 932 5515 ab
957 5472 1146 5514 errore
1178 5455 1280 5508 viai
1312 5467 1442 5516 suae,
1485 5449 1658 5503 salvat
1682 5446 1921 5500 animam

340 5561 450 5632 eius
473 5575 504 5614 a
539 5564 738 5617 morte,
770 5560 825 5608 et
850 5549 1094 5620 cooperit
1122 5542 1517 5600 multitudinem
1548 5547 1918 5608 peccatorum.

343 5627 499 5718 Sexta
525 5663 744 5721 quoque
772 5645 833 5699 fit
872 5641 1121 5698 remissio
1162 5652 1258 5708 per
1284 5632 1672 5690 abundantiam
1696 5627 1929 5684 Charita-

345 5747 427 5810 tis.
454 5749 597 5805 sicut
630 5754 687 5802 et
713 5749 831 5816 ipse
881 5740 1052 5795 dicit:
1092 5736 1255 5791 Amen
1297 5731 1415 5787 dico
1445 5728 1562 5792 tibi,
1595 5725 1930 5780 remittuntur

1999 3265 2268 3310 turturum
2297 3263 2390 3308 aut
2431 3256 2566 3308 duos
2595 3253 2772 3323 pullos
2819 3252 3196 3306 columbarum
3237 3252 3466 3305 Domino
3493 3251 3590 3306 ob-

2002 3347 2189 3403 tulisti.
2241 3345 2395 3414 Quod
2423 3346 2466 3400 si
2500 3345 2605 3408 illa,
2643 3361 2762 3415 qua:
2786 3359 2880 3414 spe
2903 3353 2957 3398 et
2979 3343 3084 3398 fide
3115 3342 3290 3412 major
3336 3350 3442 3408 est,
3475 3343 3600 3397 cha-

2003 3438 2135 3492 ritas
2166 3435 2522 3491 abundaverit
2567 3436 2621 3489 in
2650 3435 2811 3489 corde
2838 3444 2930 3488 tuo
2952 3475 2965 3499 ,
2998 3434 3069 3487 ita
3098 3441 3156 3487 ut
3193 3433 3386 3503 diligas
3413 3433 3601 3502 proxi-

2002 3545 2150 3585 mum
2208 3538 2358 3583 tuum
2409 3544 2516 3581 non
2567 3526 2738 3580 solum
2801 3526 2943 3580 sicut
2998 3525 3226 3595 teipsum
3258 3566 3272 3590 ,
3320 3527 3413 3580 sed
3459 3525 3602 3579 sicut

2003 3620 2242 3677 ostendit
2271 3619 2358 3674 ille
2394 3618 2486 3687 qui
2530 3617 2784 3672 dicebat:
2835 3615 3096 3686 Majorem
3145 3615 3243 3668 hac
3288 3615 3602 3669 cbaritatem

2003 3725 2154 3761 nemo
2201 3706 2376 3770 habet,
2412 3721 2571 3775 quam
2621 3713 2676 3756 ut
2704 3704 2936 3758 animant
2964 3719 3114 3756 suam
3163 3713 3322 3772 ponat
3363 3704 3478 3771 quis
3506 3719 3603 3770 pro

2004 3798 2188 3852 amicis
2217 3799 2328 3852 suis
2359 3795 2543 3867 (Joan.
2570 3793 2661 3864 xv)
2682 3835 2696 3859 ,
2744 3809 2913 3863 panes
2944 3792 3250 3847 similaceos
3281 3791 3335 3843 in
3373 3791 3607 3844 charita.

2006 3891 2077 3945 tis
2107 3891 2226 3946 oleo
2251 3889 2529 3954 subactos,
2581 3888 2698 3942 sine
2727 3887 2835 3942 ullo
2864 3885 3129 3940 fermento
3158 3884 3379 3938 malitia:
3425 3892 3482 3938 et
3506 3900 3603 3938 ne-

2007 3983 2193 4052 quitia:
2220 3982 2272 4035 in
2303 3980 2510 4051 azymis
2539 3977 2874 4034 sinceritatis
2899 3984 2955 4032 et
2980 3974 3226 4030 veritatis
3257 3983 3308 4028 te
3337 3974 3602 4030 obtulisse

2008 4088 2292 4145 cognosce.
2333 4071 2429 4126 Sin
2453 4079 2632 4125 autem
2678 4070 2730 4124 in
2756 4067 3116 4124 amaritudine
3146 4064 3302 4119 ﬂetus
3331 4065 3406 4119 tui
3438 4063 3606 4119 fueris

2009 4166 2184 4231 luctu,
2239 4165 2495 4235 lacrymis
2526 4173 2580 4216 et
2613 4160 3001 4216 lamentatione
3030 4156 3328 4219 confectus,
3380 4169 3602 4208 carnem

2012 4263 2161 4309 tuam
2193 4253 2589 4317 maceraveris,
2621 4261 2677 4305 et
2718 4248 2940 4318 jejuniis
2971 4261 3036 4300 ac
3062 4245 3230 4298 multa
3265 4243 3602 4296 abstinentia

2013 4345 2222 4399 aridam
2273 4342 2492 4405 feceris,
2528 4349 2583 4394 et
2612 4338 2855 4393 dixeris:
2915 4335 3053 4400 Quia
3091 4334 3225 4387 sicut
3271 4333 3326 4386 in
3378 4332 3602 4401 frixorio

2017 4436 2258 4505 confrixa
2273 4442 2393 4488 sunt
2425 4449 2542 4486 ossa
2565 4447 2678 4484 mea
2708 4425 2880 4499 (Psat.
2900 4430 2996 4496 Cl),
3024 4433 3152 4478 tunc
3181 4421 3509 4478 sacrificium
3533 4422 3607 4476 si-

1943 4526 1995 4584 D
2021 4528 2202 4582 milam
2242 4541 2272 4580 a
2302 4523 2577 4594 sartagine
2606 4519 2690 4574 vel
2718 4535 2748 4572 a
2779 4516 3039 4573 craticula
3079 4514 3342 4570 obtuleris
3368 4532 3380 4567 :
3411 4513 3477 4567 Et
3503 4514 3606 4569 hoc

2015 4619 2177 4674 modo
2224 4613 2483 4670 inveniris
2531 4619 2586 4666 tu
2641 4609 2820 4663 verius
2870 4615 2925 4661 et
2967 4604 3265 4677 perfectius
3309 4603 3607 4659 secundum

2019 4709 2366 4780 Evangelium
2394 4705 2591 4760 offerre
2619 4699 2908 4764 sacriﬁcia,
2960 4713 3080 4768 qua:
3108 4696 3404 4752 secundum
3433 4694 3607 4764 legem

2013 4803 2127 4874 jam
2156 4801 2353 4856 oll‘erre
2380 4813 2486 4852 non
2513 4803 2692 4867 potest
2710 4791 2896 4847 Israel.

2633 4902 2862 4960 CAPUT
2898 4901 2986 4957 IV.

2094 5003 2246 5070 Quod
2278 5001 2447 5057 omnis
2479 4996 2896 5118 oblatiodalbsque
2925 4993 3180 5062 fermento
3206 4999 3254 5043 et
3284 5005 3400 5042 cum
3429 4985 3538 5040 sale

2697 5083 2723 5118 τε
2759 5074 2805 5117 et
2837 5080 2967 5118 esse.

2697 5074 2805 5118 ebet
2837 5080 2967 5118 esse.

2096 5161 2273 5236 (1810.)
2311 5159 2494 5215 Omnis
2521 5155 2716 5210 oblatio
2744 5169 2862 5224 qua:
2892 5152 3113 5221 o/fertur
3140 5148 3384 5209 Domino,
3414 5145 3608 5210 absque

2027 5234 2279 5328 fermento
2306 5252 2393 5320 ﬁet
2411 5291 2426 5316 ,
2453 5266 2544 5302 nec
2572 5247 2857 5317 quidquam
2883 5242 3124 5312 {ermenti
3154 5257 3215 5292 ac
3239 5238 3407 5292 mellis
3430 5234 3611 5286 adole-

2031 5348 2170 5400 bitur
2196 5346 2251 5398 in
2280 5340 2599 5408 sacriﬁcium
2625 5335 2871 5389 Domino.
2901 5330 3175 5384 Primitias
3200 5336 3399 5380 tantum
3429 5335 3610 5374 eorum

2030 5437 2256 5509 offeretis
2279 5445 2326 5489 et
2350 5446 2602 5495 munera;
2625 5443 2778 5498 super
2803 5424 2972 5478 altare
2997 5437 3114 5475 vero
3139 5435 3240 5472 non
3274 5421 3531 5482 ponentur
3555 5410 3611 5465 in

2029 5501 2244 5587 odorem
2274 5525 2569 5583 suavitatis.
2603 5520 2723 5593 (Ex.
2753 5516 3032 5586 IIesychio.
3057 5511 3074 5581 )
3103 5507 3242 5561 Nihil
3275 5501 3614 5558 communio-

2033 5628 2117 5682 nis
2155 5623 2269 5678 vult
2305 5621 2507 5675 habcre
2535 5612 2850 5668 doctrinam’
2870 5606 2963 5660 Dei
2994 5617 3119 5656 cum
3147 5594 3403 5651 exteriori
3434 5592 3614 5648 scien-

2033 5719 2151 5782 tia;
2184 5711 2325 5784 quod
2361 5709 2505 5763 enim
2545 5703 2866 5758 fermentum
2905 5693 3135 5747 alienam
3175 5687 3480 5744 doctrinam
3517 5697 3614 5754 ap.-
