3954 6176
393 282 500 341 263

1035 272 1099 328 Β.
1141 269 1395 327 RABANI
1431 269 1651 341 MAURI
1687 232 2356 326 ARCHIEP..MOGUNT.
2394 264 2676 323 OPERUM
2715 264 2895 322 PARS
2930 267 2971 322 Ι.

3547 275 3643 332 264

390 394 588 467 pellat,
621 395 808 462 aperte
835 399 952 457 Ipse
975 384 1235 440 Dominus
1263 383 1447 438 docuit
1473 381 1659 437 dicens
1690 380 1968 452 discipulis
1994 391 2048 450 Α
2071 393 2274 432 summo
2297 375 2543 467 angulari
2570 375 2744 467 lapide
2769 375 2977 467 Christo
2999 376 3127 467 Iesu
3155 376 3372 451 (Ephes.
3397 379 3483 453 ιι).
3509 383 3642 449 Quia

393 485 546 539 suis:
587 478 851 534 Attendite
886 493 917 529 a
952 475 1203 544 fermento
1240 470 1635 553 Pharisaeorum
1669 480 1716 524 et
1757 468 1970 524 Saddu-

401 589 631 630 eteorum
662 568 871 642 (Marc.
899 564 1051 639 Vill).
1082 565 1183 620 Mel
1211 577 1341 618 vero
1366 577 1697 633 paganorum
1726 561 1968 616 doctrina

404 662 628 730 intelligi
656 701 671 726 ,
705 668 926 731 propter
961 655 1283 710 suavitatem
1322 654 1611 710 verborum
1645 660 1700 707 et
1734 651 1971 707 dulcedi-

395 769 521 809 nem
553 750 789 818 eloquii,
822 746 1074 801 Salomon
1105 744 1157 798 in
1188 743 1497 798 Proverbiis
1524 743 1710 807 docet,
1743 742 1965 796 dicens:

398 841 525 896 Non
560 839 803 908 respicias
841 836 910 888 ad
948 833 1216 888 mulierem
1251 834 1568 887 meretricem
1590 871 1605 897 ,
1644 831 1794 901 favus
1831 830 1967 884 enim

390 928 654 983 distillans
683 925 824 978 labia
849 923 1155 987 meretricis,
1177 931 1222 975 et
1252 921 1467 974 nitidius
1490 920 1602 973 oleo
1625 929 1806 989 guttur
1829 919 1964 986 ejus,

393 1020 673 1074 novissima
699 1023 870 1069 autem
893 1013 1039 1067 illius
1061 1028 1245 1065 amara
1266 1011 1417 1082 quasi
1439 1008 1755 1063 absinthium
1780 1006 1962 1079 (Prov.

395 1126 429 1163 v
450 1110 492 1179 ).
525 1106 827 1162 Novissima
863 1112 1043 1157 autem
1081 1101 1245 1171 qum?
1280 1100 1507 1166 Quando
1541 1097 1792 1153 videlicet
1823 1099 1968 1151 inter

389 1216 574 1256 veram
607 1198 927 1268 sapientiam
973 1203 1028 1250 et
1072 1194 1253 1248 ﬁctam
1289 1192 1535 1261 falsoque
1580 1198 1824 1245 utentem
1871 1203 1968 1242 no—

391 1294 534 1349 mine
581 1292 891 1346 discernere
939 1287 1215 1357 cmperis;
1261 1301 1387 1339 nam
1434 1285 1563 1339 licet
1608 1283 1864 1338 Ecclesia:
1908 1282 1964 1335 in

390 1381 627 1436 Cantieis
675 1379 1011 1435 canticorum
1059 1376 1245 1430 dicat:
1297 1373 1403 1427 Mel
1444 1383 1493 1428 et
1533 1372 1615 1426 lac
1651 1373 1745 1427 sub
1784 1372 1965 1442 lingua

387 1483 479 1526 tua
516 1470 711 1542 (Cant.
741 1468 819 1539 tv)
838 1508 852 1533 ,
892 1484 996 1521 non
1027 1465 1351 1533 contradicit
1376 1462 1753 1537 prmsentibus,
1787 1462 1881 1516 sed
1911 1469 1966 1515 et

385 1562 539 1616 valde
565 1559 866 1622 consentit,
899 1571 1075 1625 neque
1107 1556 1158 1609 in
1190 1555 1369 1625 lingua
1405 1561 1495 1606 tua
1535 1552 1701 1616 dixit,
1738 1550 1832 1604 sed
1868 1548 1963 1603 sub

392 1650 605 1719 lingua,
637 1657 699 1702 ut
728 1647 1040 1702 ostenderet
1067 1645 1209 1714 quod
1241 1656 1572 1713 paganorum
1612 1640 1874 1709 sapientia
1908 1647 1964 1694 et

2070 475 2250 519 autem
2290 480 2398 520 non
2437 464 2757 534 simpliciter
2790 465 2872 518 sal
2906 466 3040 520 dixit
3061 505 3077 533 ,
3107 467 3201 522 sed
3231 467 3361 525 illud
3392 470 3645 544 intelligi-

2069 553 2178 607 bile
2212 551 2485 623 legislator
2523 552 2699 606 innuit
2728 567 2742 606 :
2775 551 2899 607 Non
2935 554 3177 623 auferes,
3208 556 3412 627 inquit,
3443 559 3527 612 sal
3554 561 3645 630 fae-

2068 646 2208 699 deris
2243 644 2343 699 Dei
2376 645 2474 698 tui.
2511 645 2665 711 Quod
2701 644 2745 699 si
2781 644 2957 700 ftedus
2988 647 3102 702 sive
3139 655 3527 706 testamentum
3558 668 3617 707 ra

2057 736 2268 790 'tionale
2296 744 2414 803 est,
2444 737 2631 806 utique
2661 743 2717 790 et
2745 735 2826 791 sal
2860 737 3126 792 rationale
3159 749 3263 794 est.
3300 740 3444 813 Ergo
3478 752 3617 798 testa

2067 828 2236 881 tuenti
2262 827 2582 897 evangelici,
2615 834 2672 882 et
2724 826 2851 882 salis
2881 829 3161 897 apostolici
3191 845 3648 899 praecommonere

2065 934 2164 974 nos
2193 918 2308 972 vult
2334 918 2631 990 legislator.
2663 917 2770 990 (Ea:
2795 917 3101 991 Hesychia.)
3124 920 3256 975 Item
3283 924 3426 991 quod
3455 924 3560 979 mel
3593 926 3646 979 in

2065 1008 2158 1062 Dei
2190 1006 2455 1063 sacriﬁcio
2485 1022 2593 1061 non
2623 1005 2875 1073 oﬂertur,
2907 1007 3111 1061 indicat
3139 1010 3281 1079 apud
3311 1012 3481 1066 Deum
3511 1014 3648 1068 nihil

2064 1100 2439 1169 voluptuosum
2460 1139 2475 1165 ,
2508 1099 2642 1155 nihil
2678 1115 2841 1154 suave
2869 1099 3030 1170 hujus
3062 1102 3248 1156 mundi
3285 1102 3532 1172 placere,
3564 1105 3649 1158 ni-

2065 1187 2248 1258 hilque
2281 1187 2425 1260 quod
2452 1204 2557 1243 non
2590 1189 2788 1244 habeat
2815 1190 3086 1244 mordacis
3115 1191 3321 1261 aliquid
3349 1195 3598 1249 veritatis
3627 1212 3641 1248 :

2064 1279 2206 1334 unde
2239 1287 2297 1334 et
2327 1279 2530 1350 pascha
2577 1295 2698 1333 cum
2747 1280 3200 1335 amaritudinibus
3246 1283 3641 1338 manducatur:

2065 1368 2106 1422 Ε
2137 1369 2411 1423 contrario
2439 1369 2727 1424 admisceri
2756 1368 2811 1423 in
2841 1371 3094 1425 omnibus
3124 1372 3405 1427 sacriﬁciis
3438 1373 3516 1427 sal
3547 1373 3644 1442 ju-

2062 1456 2242 1522 betur,
2264 1456 2471 1511 scilicet
2491 1465 2546 1509 ut
2571 1458 2751 1511 omnia
2776 1472 2894 1526 quae
2913 1460 2982 1513 ad
3002 1458 3204 1514 Christi
3229 1461 3490 1516 honorem
3510 1460 3646 1517 υσθ-

2063 1546 2234 1601 rimus
2271 1545 2349 1602 sal
2387 1547 2614 1602 rationis
2647 1564 2711 1603 ac
2741 1549 3083 1605 discretionis
3109 1566 3323 1623 semper
3350 1554 3639 1623 accipiant.

2066 1632 2220 1700 Quod
2254 1649 2385 1690 vero
2419 1636 2473 1689 in
2506 1636 2833 1692 sacriﬁcium
2868 1638 3048 1693 oleum
3086 1639 3434 1706 oﬁ‘erebatur,
3476 1636 3665 1716 signi?

384 1735 692 1790 Iudaeorum
722 1736 902 1789 littera
930 1734 1126 1804 lingua:
1156 1732 1444 1795 Ecclesiaz,
1478 1730 1529 1784 id
1559 1737 1642 1784 est
1668 1729 1956 1792 doctrinae,
1988 1724 2035 1782 B
2063 1724 2191 1796 ﬁcal-
2227 1732 2287 1779 ιιι
2322 1725 2581 1795 quidquid
2617 1727 2685 1782 ad
2719 1728 2923 1782 cultum
2961 1728 3162 1784 Christi
3201 1740 3257 1785 et
3295 1732 3644 1789 devotionem

390 1824 634 1894 subjecta
670 1832 795 1878 est:
832 1839 962 1894 ergo
998 1824 1190 1877 horum
1226 1838 1333 1876 non
1378 1822 1491 1874 vult
1537 1822 1799 1890 integram
1846 1818 1958 1875 Deo

380 1916 688 1969 doctrinam
732 1913 960 1980 offerri;
1016 1914 1141 1968 inde
1189 1913 1358 1967 dicit:
1404 1911 1520 1966 Non
1555 1912 1859 1967 adolebitur
1901 1911 1956 1965 in

386 2003 711 2057 sacriﬁcium
743 2003 884 2072 quod
914 2010 996 2056 est
1025 2001 1079 2054 in
1111 2001 1483 2055 holocaustum
1503 2040 1517 2066 ,
1544 1999 1804 2071 primitias
1841 2009 1956 2054 tan-

354 2080 365 2091 ’
392 2102 503 2143 tum
544 2108 722 2145 eorum
756 2092 1006 2161 offeretis.
1042 2091 1303 2161 Prmccpit
1338 2091 1483 2145 enim
1517 2106 1583 2145 ex
1615 2098 1771 2160 parte
1814 2090 1956 2146 illius

380 2181 659 2249 sapientia:
685 2182 957 2252 primitias
981 2181 1163 2236 ollerri
1182 2222 1197 2246 ,
1225 2196 1331 2235 non
1358 2190 1537 2236 autem
1564 2182 1721 2252 plene
1748 2196 1813 2236 ea
1840 2182 1950 2247 uti;

384 2271 479 2324 sed
517 2271 965 2340 quemadmodum
1001 2286 1123 2326 cum
1168 2271 1367 2326 Paulus
1413 2272 1555 2342 apud
1596 2269 1955 2329 Athenienses

380 2361 818 2428 concionaretur,
869 2363 1098 2417 dicens:
1137 2361 1284 2417 Sicut
1328 2364 1543 2434 quidam
1590 2374 1755 2418 vester
1802 2375 1954 2435 poeta

378 2450 547 2516 dixit,
579 2450 737 2519 hujus
769 2462 815 2504 et
852 2468 1015 2520 genus
1049 2468 1231 2505 sumus
1269 2451 1423 2522 (Act.
1452 2469 1564 2508 xvu
1585 2452 1605 2524 )
1627 2493 1641 2518 ,
1678 2454 1771 2523 qui
1806 2453 1956 2508 inve-

379 2540 537 2594 niens
568 2540 792 2594 verbum
828 2541 1069 2596 exterius
1106 2542 1172 2596 ad
1208 2542 1546 2598 occasionem
1582 2543 1681 2599 Dei
1717 2545 1954 2600 scientiae

375 2636 557 2697 aptum
575 2668 589 2692 ,
622 2644 728 2682 non
756 2629 973 2699 quidem
1002 2631 1204 2699 respuit
1233 2645 1333 2686 nec
1372 2640 1551 2687 tamen
1581 2633 1815 2700 addidit,
1853 2651 1951 2690 ne-

374 2733 478 2786 que
506 2719 651 2772 enint
696 2718 822 2773 inde
869 2718 1008 2773 ultra
1052 2721 1360 2775 testimonia
1387 2721 1781 2793 multiplicavit.
1810 2723 1957 2803 Qua:

374 2810 478 2864 re?
512 2810 666 2876 Quod
693 2810 891 2882 placuit
922 2811 1032 2866 Deo
1060 2830 1153 2884 per
1201 2813 1482 2868 stultitiam
1526 2814 1948 2885 prtedicationis,

376 2901 516 2955 sicut
556 2901 671 2972 ipse
704 2901 904 2957 Paulus
935 2904 1041 2970 ait,
1069 2904 1239 2959 salvos
1268 2907 1439 2975 facere
1467 2906 1754 2962 credentes.
1789 2906 1861 2965 Ut
1888 2906 1951 2962 ﬁ-

376 2993 471 3048 des
507 3002 690 3049 nostra
727 3010 835 3049 non
871 2995 942 3049 sit
975 2996 1028 3049 in
1068 2996 1331 3067 sapientia
1381 2998 1696 3065 hominum,
1745 2999 1841 3055 sed
1889 2999 1947 3055 in
1978 3038 1981 3039 ν

372 3084 573 3138 virtute
602 3083 730 3149 Dei,
760 3094 979 3154 propter
1004 3063 1146 3155 quod
1172 3089 1249 3141 ait
1274 3087 1571 3158 legislator,
1600 3063 1758 3160 super
1779 3089 1948 3144 altare
1974 3063 2019 3124 C

374 3189 492 3226 vero
521 3190 622 3226 non
644 3184 901 3243 ponentur
923 3176 976 3230 in
998 3175 1206 3231 odorem
1224 3178 1518 3241 suavitatis,
1543 3186 1599 3232 et
1617 3194 1741 3233 cum
1763 3178 1953 3235 liceret

376 3260 481 3314 dici
526 3277 633 3315 non
678 3271 970 3330 ponuntur,
1022 3281 1125 3317 non
1159 3276 1419 3332 ponentur
1451 3265 1623 3332 dixit,
1659 3269 1951 3324 ostendens

375 3352 520 3419 quod
549 3359 604 3404 et
632 3351 676 3405 si
704 3366 802 3406 nos
838 3355 1227 3409 tentaverimus
1261 3354 1328 3409 de
1363 3356 1727 3412 exterioribus
1757 3357 1953 3414 divini-

378 3440 507 3494 tatis
534 3441 761 3510 adipisci
789 3443 1035 3498 notitiam
1056 3484 1071 3509 ,
1097 3445 1166 3498 ad
1193 3445 1364 3500 altare
1389 3446 1486 3501 Dei
1516 3448 1619 3503 hoc
1646 3446 1752 3503 tale
1777 3448 1950 3503 sacri-

375 3530 555 3585 ﬁcium
592 3546 699 3586 non
738 3534 1013 3601 ascendit,
1045 3550 1147 3589 nec
1183 3535 1319 3590 odor
1355 3535 1416 3591 ﬁt
1450 3539 1735 3594 suavitatis
1768 3540 1950 3596 Domi-

372 3635 477 3683 no,
511 3620 606 3673 sed
642 3620 988 3676 inferioribus
1023 3624 1312 3693 deputatur
1349 3625 1455 3681 tale
1489 3626 1821 3683 sacriﬁcium
1844 3670 1858 3695 ,
1892 3639 1950 3686 et

372 3713 432 3760 ut
458 3715 583 3775 pote
607 3709 751 3777 quod
778 3709 846 3764 de
875 3718 1019 3765 terra
1053 3712 1217 3767 habet
1254 3715 1663 3770 subsistentiam
1685 3757 1700 3782 ,
1735 3718 1803 3773 ad
1841 3726 1946 3773 ter-

375 3810 489 3849 ram
523 3798 862 3865 deprimitur.
907 3800 1173 3872 Quidquid
1218 3803 1469 3859 obtuleris
1506 3806 1791 3874 sacrificii,
1838 3808 1949 3863 sale

372 3886 583 3939 condies
611 3903 629 3940 :
668 3904 759 3942 nec
806 3890 1015 3958 auferes
1049 3892 1131 3945 sal
1161 3893 1370 3961 foederis
1396 3893 1611 3949 Domini
1644 3896 1744 3949 Dei
1779 3898 1856 3951 tui
1883 3898 1949 3953 de

368 3975 637 4043 sacriﬁcio
664 3986 775 4043 tuo,
804 3979 858 4031 in
889 3981 1030 4033 omni
1056 3980 1316 4036 oblatione
1343 3968 1527 4052 offeres
1551 3984 1651 4039 sal.
1684 3985 1835 4053 Quod
1865 3989 1946 4043 sal

369 4079 472 4135 pro
503 4067 799 4135 apostolica
837 4070 1100 4138 sapientia
1133 4072 1307 4138 dixit,
1337 4074 1493 4144 plane
1526 4076 1630 4132 hoc
1658 4079 1814 4135 nobis
1844 4081 1948 4136 Do-

370 4158 550 4212 minus
579 4160 847 4225 ostendit,
881 4160 1067 4216 dicens
1095 4165 1352 4234 apostolis
1381 4185 1394 4221 :
1438 4166 1539 4222 Vos
1573 4170 1696 4223 estis
1729 4171 1811 4225 sal
1844 4181 1948 4227 ter-

373 4262 483 4300 rte:
512 4249 557 4301 si
584 4262 756 4304 autem
788 4249 870 4305 sal
895 4254 1160 4307 evanuerit
1189 4256 1258 4308 ad
1294 4258 1514 4313 nihilum
1546 4261 1731 4316 ualebit
1767 4265 1908 4319 ultra
1927 4257 1970 4333 ,’

372 4336 476 4389 nisi
516 4347 569 4389 ut
608 4339 849 4393 mittatur
881 4341 1060 4411 foras,
1098 4352 1145 4397 et
1180 4346 1513 4403 conculcetur
1549 4351 1613 4405 ab
1649 4353 1945 4411 hominibus

368 4424 584 4495 (Matth.
614 4430 685 4499 v).
710 4429 1004 4500 Propterea
1033 4446 1211 4490 autem
1241 4439 1320 4492 sal
1350 4443 1696 4510 apostolicam
1727 4449 1943 4518 sapien-

369 4514 500 4568 tiam
531 4520 852 4587 appellavit,
886 4523 1013 4591 quia
1045 4525 1185 4579 sicut
1213 4530 1391 4584 omnis
1419 4533 1572 4588 cibus
1600 4536 1667 4589 ad
1698 4514 1939 4594 nul—rien-

368 4604 496 4657 dum
533 4618 689 4674 aptus
726 4611 1039 4666 omnimodo
1074 4615 1186 4668 sale
1224 4620 1495 4685 conditur,
1545 4623 1619 4676 ita
1662 4634 1717 4679 et
1762 4629 1940 4683 omnis

369 4706 551 4748 sermo
612 4697 761 4752 utilis
810 4700 876 4754 ad
917 4700 1213 4768 juvandum
1264 4708 1571 4776 apostolicae
1627 4716 1938 4774 omnimodo

369 4784 737 4838 necessarium
788 4786 954 4843 habet
1004 4791 1283 4859 sapientice
1328 4798 1765 4868 condimentum,
1812 4819 1941 4872 pro-

368 4879 556 4941 ptcrea
585 4888 691 4927 non
722 4890 842 4931 esse
870 4878 1049 4933 minus
1073 4880 1153 4935 sal
1183 4896 1214 4935 a
1244 4885 1526 4941 sacriﬁciis
1545 4927 1560 4952 ,
1587 4890 1681 4944 sed
1708 4892 1763 4945 in
1792 4896 1939 4951 omni

368 4976 592 5016 munere
614 4967 873 5034 praecepit
902 4969 978 5022 sal
1010 4970 1195 5023 oﬁ‘erri
1227 4990 1241 5025 :
1275 4982 1328 5026 ut
1358 4977 1712 5050 quodcunque
1737 4983 1938 5040 docue-

373 5050 482 5112 ris,
521 5054 878 5125 quodcunque
912 5060 1248 5125 correxeris,
1285 5063 1337 5116 in
1375 5079 1695 5139 quacunque
1736 5073 1940 5132 virtute

364 5147 719 5195 conversatus
748 5141 939 5212 fueris,
968 5149 1320 5216 apostolicam
1348 5155 1744 5215 azmulationem
1777 5173 1941 5234 atque

363 5225 719 5284 imitationem
748 5234 1021 5302 opereris,
1050 5252 1364 5311 memorque
1391 5242 1465 5298 sis
1491 5244 1642 5302 Pauli
1671 5225 1899 5309 dicentis
1923 5272 1939 5310 :

364 5314 666 5416 imitatores
689 5323 785 5374 mei
807 5332 985 5391 estote,
1008 5328 1142 5380 sicut
1165 5340 1212 5382 et
1236 5347 1327 5401 ego
1351 5332 1548 5388 Christi
1573 5335 1792 5411 (Philip.
1820 5359 1878 5399 ιιι
1894 5345 1933 5416 ).

366 5404 433 5458 Et
460 5424 675 5466 rursus:
705 5412 829 5468 lam
855 5431 958 5470 non
980 5419 1101 5472 estis
1127 5420 1351 5492 hospites
1374 5435 1421 5479 et
1444 5404 1674 5494 advenas,
1696 5404 1787 5487 sed
1812 5404 1934 5492 estis

368 5496 500 5550 cives
528 5513 859 5573 sanctorum,
891 5516 939 5560 et
968 5508 1238 5564 domestici
1267 5512 1363 5568 Dei
1392 5521 1796 5589 supertcdiﬁcati
1841 5545 1933 5580 su-

362 5600 457 5653 per
482 5588 876 5656 fundamentum
908 5586 1261 5670 apostolorum
1299 5615 1348 5659 et
1383 5586 1748 5678 prophetarum
1768 5656 1783 5682 ,
1825 5619 1937 5687 ipso

1972 4400 2023 4458 D

2063 1824 2376 1870 sanctorum
2406 1817 2787 1888 impendimus,
2821 1828 2992 1874 totum
3021 1835 3142 1875 cum
3170 1821 3442 1877 hilaritate
3470 1822 3644 1878 {acia-

2057 1919 2217 1959 mus:
2250 1904 2433 1973 Nihil,
2473 1916 2535 1962 ut
2575 1908 2654 1962 ait
2697 1906 3016 1978 Apostolus,
3044 1926 3108 1964 ea:
3148 1911 3402 1978 tristitia,
3434 1922 3527 1966 aut
3569 1928 3642 1966 ea:

2057 1996 2394 2063 necessitate,
2437 1995 2660 2052 hilarem
2699 2014 2838 2052 enim
2884 1999 3121 2054 datorem
3160 2000 3331 2072 diligit
3377 2000 3517 2056 Deus
3560 1997 3638 2073 (ι

2060 2077 2183 2159 Cor.
2214 2097 2267 2136 ιι
2291 2084 2333 2151 ).

2664 2174 2891 2233 CAPUT
2932 2176 2997 2232 Υ.

2335 2263 2414 2319 De
2441 2264 2701 2321 oblatione
2728 2269 3084 2339 primitiarum
3113 2271 3338 2343 frugum.

2126 2354 2305 2427 (Ιηιυ.)
2344 2354 2407 2411 Si
2432 2367 2606 2411 autem
2645 2357 2892 2413 obtuleris
2923 2376 3113 2415 munus
3137 2363 3491 2433 primitiarum
3518 2362 3640 2431 fru—

2052 2463 2176 2517 gum
2214 2455 2427 2501 tuarum
2451 2447 2698 2515 Domino,
2727 2450 2791 2503 de
2816 2451 2970 2521 spicis
2997 2452 3169 2507 adhuc
3205 2452 3641 2517 virentibus,tor-

2054 2552 2135 2591 res
2161 2554 2251 2592 eas
2277 2539 2420 2609 igni,
2450 2549 2498 2592 et
2524 2540 2819 2612 confringes
2845 2542 2900 2596 in
2926 2559 3121 2598 morem
3141 2532 3312 2615 farris
3329 2585 3345 2613 ,
3374 2556 3421 2599 et
3449 2547 3524 2600 sic
3551 2547 3643 2617 of-

2052 2626 2187 2696 feres
2222 2629 2485 2697 primitias
2511 2639 2629 2683 tuas
2658 2629 2903 2695 Domino,
2935 2632 3159 2702 fundens
3193 2650 3352 2705 supra
3379 2634 3551 2690 oleum
3582 2647 3638 2690 et

2052 2716 2174 2771 thus
2205 2718 2496 2788 imponens,
2526 2720 2650 2791 quia
2681 2720 2873 2775 oblatio
2902 2722 3112 2777 Domini
3138 2733 3246 2790 est,
3275 2728 3339 2778 de
3365 2742 3469 2796 qua
3494 2726 3638 2780 ado-

2051 2807 2173 2863 lebit
2198 2810 2445 2865 sacerdos
2471 2810 2526 2865 in
2552 2813 2800 2866 memoria
2829 2814 3082 2880 muneris,
3108 2824 3307 2887 partem
3333 2816 3497 2886 farris
3524 2816 3640 2886 fra-

2049 2900 2122 2954 cti
2150 2909 2199 2954 et
2227 2898 2328 2954 olei
2357 2918 2420 2955 ac
2450 2910 2615 2956 totum
2643 2900 2797 2962 thus..
2819 2901 2936 2975 (Ex
2958 2903 3178 2960 Hesiod.
3206 2905 3366 2978 [sic])
3395 2906 3513 2962 Non
3543 2922 3640 2963 so-
3666 2942 3675 2947 ι

2048 2986 2130 3044 los
2163 2990 2423 3060 praecepit
2446 2990 2540 3045 Dei
2569 2988 2817 3046 notitiam
2848 2992 2962 3048 sive
2995 2995 3275 3050 scientiam
3304 3011 3399 3052 eos
3434 2996 3639 3052 oll‘erre

2054 3081 2145 3151 qui
2186 3080 2242 3134 in
2287 3082 2477 3135 eadem
2521 3083 2757 3137 scientia
2784 3084 3025 3139 ‘muitum
3069 3095 3280 3157 tempus
3316 3104 3641 3158 permanse-

2053 3179 2202 3236 runt,
2249 3172 2345 3225 sed
2384 3178 2440 3226 et
2462 3171 2779 3229 inchoantes
2809 3173 2987 3242 illam,
3024 3175 3199 3245 qualis
3240 3176 3342 3232 fuit
3384 3179 3635 3247 Paulus;

2053 3277 2178 3318 mox
2211 3264 2355 3317 enim
2392 3271 2452 3318 ut
2484 3273 2711 3320 vocatus
2744 3273 2827 3321 est
2861 3268 3207 3337 praedicavit,
3238 3279 3458 3341 propter
3486 3274 3639 3341 quod

2054 3359 2133 3414 sic
2162 3374 2282 3430 qua:
2309 3374 2454 3414 nunc
2480 3360 2733 3415 dicuntur
2762 3361 3142 3432 intelligamus.
3176 3361 3489 3421 Primitivus
3516 3365 3635 3422 Deo

2052 3454 2138 3502 est
2175 3446 2222 3503 is
2259 3448 2352 3518 qui
2386 3450 2600 3504 noviter
2630 3451 2796 3521 coepit
2828 3453 3087 3520 credere,
3124 3462 3179 3508 et
3214 3455 3306 3524 qui
3340 3456 3392 3511 ei
3422 3457 3631 3514 nullum

2050 3537 2260 3608 pridem
2297 3539 2494 3594 divina:
2527 3540 2767 3595 scientia:
2801 3542 2995 3597 obtulit
3027 3542 3283 3600 fructum.
3318 3544 3375 3600 Si
3410 3561 3542 3618 ergo
3576 3548 3634 3603 ei

2050 3628 2378 3683 sacriﬁcium
2416 3629 2568 3685 verbi
2600 3628 2698 3685 Dei
2731 3630 3022 3700 oﬁ‘eritnus,
3067 3635 3347 3691 scientiam
3380 3637 3498 3707 ejus
3534 3655 3633 3694 no-

2049 3717 2192 3772 viter
2247 3718 2597 3788 inchoantes,
2652 3729 2709 3776 et
2759 3723 2988 3778 virentia
3034 3727 3255 3796 quidem
3302 3736 3364 3783 ut
3413 3731 3635 3786 noviter

2049 3810 2179 3878 quid
2213 3810 2483 3867 discentes
2513 3820 2570 3867 et
2600 3814 2811 3869 noviter
2845 3818 3205 3890 pereipientes
3237 3821 3627 3891 obtulerimus,

2050 3902 2307 3969 quoniam
2343 3904 2572 3959 necdum
2604 3905 2875 3962 subtiliter
2926 3909 3043 3981 ejus
3088 3910 3333 3982 proferre
3367 3917 3627 3987 mysteria

2048 3990 2355 4059 capiamus,
2394 4002 2453 4046 ut
2480 3992 2710 4048 farinam
2736 3994 3027 4054 oﬁ‘eratnus
3054 4008 3147 4054 aut
3173 4002 3404 4057 similam
3432 4019 3627 4061 neces-

2048 4081 2253 4136 sarium
2289 4089 2403 4149 est,
2444 4095 2504 4138 ut
2539 4085 2771 4141 virentia
2807 4099 2863 4145 et
2896 4092 3100 4147 torrida
3129 4102 3289 4164 atque
3320 4096 3620 4166 confracta,

2047 4168 2164 4236 vel,
2197 4170 2337 4225 sicut
2357 4170 2713 4243 Septuaginta
2737 4176 2955 4244 dicunt,
2989 4188 3045 4232 ut
3077 4183 3301 4236 recentia
3324 4184 3481 4254 fricta
3515 4202 3627 4239 ma-

2047 4272 2168 4316 tura
2207 4263 2380 4332 fracta
2409 4264 2720 4323 oﬁ‘eramus.
2753 4268 3214 4337 Quemadmodum
3247 4278 3395 4331 enim
3427 4278 3623 4335 hume-

2048 4362 2167 4409 ctos
2199 4353 2410 4410 fructus
2438 4397 2452 4422 ,
2498 4366 2555 4413 et
2590 4359 2684 4429 qui
2715 4362 2944 4416 necdum
2976 4376 3202 4433 possunt
3231 4367 3357 4422 moli
3395 4376 3455 4423 ut
3488 4369 3628 4425 ﬁant

2048 4442 2227 4499 farina
2278 4454 2372 4500 aut
2417 4447 2629 4516 simila,
2667 4452 2883 4520 quando
2927 4454 3255 4512 voluerimus
3299 4466 3455 4529 aptos
3503 4462 3625 4516 esui

2048 4534 2305 4601 reddere,
2356 4536 2480 4605 igne
2525 4554 2619 4594 eos
2666 4540 3098 4612 conlringentes,
3128 4547 3311 4617 paleas
3347 4564 3535 4605 eorum
3564 4553 3623 4607 in

2045 4634 2113 4674 eo
2138 4622 2279 4691 quod
2305 4638 2401 4679 eos
2428 4623 2676 4697 frigimus
2700 4645 3031 4701 separamus,
3060 4635 3140 4690 sic
3164 4637 3469 4709 quicunque
3494 4654 3625 4695 neo-

2047 4713 2174 4768 dum
2211 4717 2495 4773 scientiam
2531 4721 2759 4777 solidam
2794 4724 3088 4794 habemus,
3119 4744 3221 4784 nec
3248 4731 3498 4786 subtilem
3524 4748 3622 4788 ex-

2047 4805 2357 4877 celsamque
2389 4811 2712 4884 theologiam
2735 4855 2750 4880 ,
2781 4819 3013 4873 necdum
3048 4822 3196 4876 enim
3233 4824 3380 4879 illam
3414 4825 3622 4880 discer-

2047 4909 2177 4951 nere
2204 4898 2380 4954 idonei
2412 4916 2598 4957 sumus
2618 4943 2635 4969 ,
2667 4906 3028 4975 spiritualium
3060 4910 3462 4982 Scripturarum
3495 4931 3621 4986 per-

2043 4983 2240 5041 fectam
2270 4990 2554 5045 scientiam
2583 5009 2689 5048 non
2718 4997 2981 5054 habentes
3006 5017 3019 5053 :
3049 5016 3185 5071 opus
3209 5004 3469 5060 habemus
3496 4983 3616 5062 eam

2043 5074 2101 5128 in
2131 5076 2253 5147 igne
2283 5080 2509 5148 spiritus
2547 5081 2777 5153 frigere,
2819 5088 2873 5142 id
2908 5097 3024 5156 est,
3067 5091 3211 5148 illius
3244 5096 3614 5169 operationem

2044 5172 2100 5220 et
2150 5169 2709 5228 subministrationem
2744 5179 2901 5233 nobis
2933 5183 3300 5250 commodari,
3337 5195 3400 5240 ut
3433 5189 3505 5243 ab
3547 5204 3612 5244 ea

2045 5256 2237 5314 littera:
2264 5261 2448 5330 paleas
2476 5279 2820 5335 separemus,
2852 5285 2918 5339 ex
2956 5271 3047 5327 illo
3078 5275 3225 5328 enim
3259 5276 3611 5335 sufﬁcientem

2043 5357 2206 5417 atque
2234 5351 2575 5408 celerritnam
2604 5357 2698 5411 Dei
2728 5360 3010 5416 scientiam
3038 5367 3454 5432 possidebimus.
3479 5370 3612 5427 Pro-

2039 5448 2159 5509 pter
2184 5444 2327 5511 quod
2355 5460 2472 5499 eam
2504 5447 2856 5520 intelligibilis
2887 5457 3136 5512 sacerdos
3165 5461 3422 5530 suscipit,
3451 5476 3610 5532 opor-

2043 5539 2119 5585 tet
2159 5541 2339 5589 autem
2383 5552 2483 5592 nos
2520 5541 2908 5610 superfundere
2940 5546 3147 5613 oleum,
3177 5558 3235 5605 et
3267 5553 3607 5623 superimpo-

2045 5637 2175 5677 nere
2210 5624 2368 5693 thus;
2408 5642 2506 5697 per
2543 5630 2938 5703 eleemosynam
2980 5639 3178 5709 quippe
3214 5648 3270 5697 et
3305 5642 3607 5698 orationem
