3954 6176
210 404 311 460 265

1132 390 1633 449 EXPOSITIONES
1670 389 1739 444 IN
1780 382 2173 443 LEVITICUM.
2218 412 2287 424 —
2320 381 2450 438 LIB.
2490 382 2534 437 l.

3368 378 3473 433 9.(ὶῦ

212 518 436 577 scientia
467 515 647 571 divina
678 513 731 566 in
762 510 920 566 nobis
948 508 1247 580 perﬁcitur.
1279 510 1356 564 De
1386 507 1670 563 sacerdote
1701 519 1790 560 au-
1820 512 1867 569 Α
1893 503 2081 556 obrem
2110 514 2305 554 manus
2334 502 2610 568 imponere
2642 509 2803 566 super
2832 502 2995 566 caput
3026 494 3256 551 victima:
3284 497 3481 565 przeci-

214 624 316 667 tem
348 625 414 664 ac
447 609 515 664 de
545 604 847 661 memoriali
882 618 1047 673 super
1085 602 1259 656 altare
1287 601 1464 672 posito
1490 615 1657 670 supra
1677 596 1793 667 jam

214 702 484 763 diximus,
514 712 615 751 nec
653 708 880 750 necesse
917 701 1003 748 est
1043 692 1173 746 illud
1218 691 1427 747 iterari.
1460 688 1631 762 (Car.
1666 688 1792 758 ιιι.)

217 792 368 860 Quod
409 791 455 845 si
482 789 655 843 hostia
698 786 1041 857 paci/iceram
1066 782 1225 853 fuerit
1257 782 1371 852 ejus
1400 780 1594 835 oblatio
1613 820 1629 845 ,
1655 789 1704 833 et
1732 778 1796 832 de

217 885 375 939 bobus
398 880 619 935 voluerit
646 879 836 947 oﬂ'erre
856 917 871 941 ,
904 892 1104 929 marem
1131 875 1237 927 sive
1262 873 1511 943 feminam
1543 871 1798 925 immacu-

216 977 325 1029 lata
411 973 589 1042 offeret
614 985 793 1023 coram
822 967 1070 1022 Dontino.
1099 962 1369 1034 Ponetque
1395 979 1610 1017 manum
1640 976 1799 1030 super

218 1075 373 1136 caput
411 1063 632 1118 victimae
662 1076 809 1125 sum,
840 1075 960 1130 qute
994 1056 1351 1111 immolabitur
1380 1055 1437 1107 in
1468 1052 1686 1107 introitu
1719 1062 1800 1104 ta-

218 1153 519 1219 bernaculi,
551 1150 871 1223 {audentque
910 1147 1009 1218 filii
1044 1147 1223 1200 Aaron
1259 1144 1552 1199 sacerdotes
1585 1143 1801 1212 sangui-

218 1263 336 1300 nem
373 1261 467 1316 per
500 1242 776 1297 circuitum
815 1238 983 1293 altare
1006 1279 1020 1303 ,
1060 1247 1106 1290 et
1148 1236 1364 1305 offerent
1399 1231 1464 1286 de
1499 1232 1669 1286 hostia
1701 1247 1799 1300 pa-

218 1337 492 1406 ciﬁcorum
539 1333 595 1387 in
638 1331 951 1386 oblationem
993 1327 1240 1390 Domino,
1278 1325 1483 1395 adipem
1518 1323 1606 1393 qui
1636 1322 1801 1389 operit

220 1426 398 1483 vitalia
417 1466 432 1490 ,
462 1434 509 1480 et
535 1422 788 1495 quidquid
819 1417 1154 1490 pinguedinis
1185 1416 1499 1469 intrinsecus
1525 1422 1601 1467 est
1625 1432 1645 1469 :
1671 1414 1801 1467 duos

221 1536 369 1573 renes
409 1533 528 1571 cum
563 1515 718 1585 adipe
753 1528 855 1584 quo
893 1518 1139 1587 teguntur
1179 1507 1309 1572 ilia,
1338 1516 1385 1560 et
1413 1506 1689 1559 reticulum
1720 1503 1805 1573 je-

219 1612 359 1665 coris
396 1625 518 1663 cum
550 1603 849 1661 ranunculis
874 1620 891 1657 :
917 1601 1300 1670 adolebuntque
1350 1615 1412 1653 ea
1445 1614 1601 1668 super
1633 1596 1803 1650 altare

222 1703 275 1754 in
311 1697 700 1761 holocaustum,
731 1692 888 1764 lignis
916 1693 1035 1762 igne
1058 1690 1349 1760 supposito,
1390 1688 1448 1741 in
1488 1685 1803 1740 oblationem

219 1787 521 1844 suavissimi
550 1785 727 1839 odoris
755 1782 1002 1837 Domino.
1043 1780 1163 1853 (Ea:
1187 1776 1505 1848 Hesychia.)
1535 1776 1801 1843 Quoniam

1900 593 2143 663 piuntur,
2176 600 2232 646 et
2260 590 2541 645 immolare
2585 588 2640 642 in
2685 587 2909 642 introitu
2950 586 3311 649 tabernaculi,
3344 603 3474 643 san-

1899 683 2226 755 guinemque
2256 680 2481 736 fundere
2521 680 2574 733 in
2607 678 2839 734 circuitu
2869 677 3076 743 altaris,
3108 677 3162 731 in
3197 677 3482 735 sacriﬁciis

1900 774 2425 829 holocaustomatum
2450 769 2780 826 sufﬁcienter
2803 769 3180 825 discussimus.
3208 768 3361 837 Quod
3385 787 3482 825 au-

1903 873 2012 919 tem
2043 864 2154 918 Deo
2183 862 2381 917 offerre
2409 861 2477 916 de
2506 875 2605 916 suo
2632 859 2900 916 sacriﬁcio
2928 874 3150 915 necesse
3178 860 3412 915 habeant
3435 861 3481 916 si

1901 957 2101 1012 salvari
2145 957 2363 1021 volunt,
2402 957 2506 1010 hoc
2546 956 2716 1025 quzeri
2758 963 2814 1010 et
2850 956 3183 1011 considerari
3223 972 3478 1011 necessa-

1903 1052 2043 1105 rium
2087 1058 2189 1105 est.
2231 1048 2478 1105 Offcrunt
2520 1050 2665 1104 enim
2715 1050 2782 1103 de
2811 1050 2984 1104 hostia
3029 1050 3381 1120 paciﬁcorum
3428 1052 3482 1106 in

1901 1143 2234 1199 oblationem
2282 1143 2531 1208 Domini,
2580 1142 2793 1211 adipem
2835 1144 2928 1213 qui
2978 1144 3155 1214 cperit
3200 1144 3381 1199 vitalia
3430 1155 3488 1201 et

1902 1234 2164 1305 quidquid
2194 1233 2537 1305 pinguedinis
2564 1234 2892 1291 intrinsecus
2920 1243 3005 1291 est
3026 1276 3041 1301 ,
3068 1235 3186 1301 vel,
3216 1237 3357 1292 sicut
3388 1237 3493 1293 Se-

1902 1325 2217 1396 ptuaginta,
2245 1325 2460 1393 adipem
2504 1325 2597 1395 qui
2640 1325 2818 1394 operit
2860 1334 3139 1389 ventrem,
3172 1335 3228 1381 et
3268 1343 3483 1383 omnem

1905 1417 2119 1487 adipem
2152 1415 2246 1486 qui
2275 1415 2329 1469 in
2359 1424 2549 1470 ventre
2576 1424 2691 1481 est,
2735 1430 2835 1485 per
2874 1424 3117 1472 ventrem
3151 1433 3247 1473 cor
3281 1419 3490 1490 signifi-

1904 1522 2053 1561 cans.
2093 1506 2218 1561 Ideo
2261 1514 2443 1560 autem
2489 1506 2730 1562 secundo
2773 1505 2894 1578 ejus
2930 1507 2985 1561 in
3027 1508 3341 1577 supradicta
3368 1510 3483 1564 edi-

1905 1598 2054 1653 tione
2084 1584 2405 1653 memoriam
2436 1596 2597 1666 fecit,
2636 1600 2764 1669 quia
2798 1599 2933 1654 duas
2975 1599 3178 1655 habent
3213 1603 3487 1671 operatio-

1906 1705 2004 1744 nes
2024 1730 2038 1754 ,
2076 1689 2219 1744 sicut
2245 1689 2432 1745 dicunt
2461 1689 2678 1744 medici.
2713 1689 2928 1745 Etenim
2958 1706 3055 1759 per
3083 1706 3248 1745 unam
3279 1702 3487 1762 partem

1907 1779 2078 1833 trahit
2097 1778 2375 1844 alimenta,
2391 1779 2536 1848 quod
2552 1787 2799 1835 ventrem
2816 1779 3152 1848 superiorem
3169 1797 3184 1845 ;
3205 1797 3304 1851 per
3321 1781 3488 1837 aliam

221 1877 666 1935 conversationes
704 1874 847 1928 Deus
887 1871 1198 1926 hominibus
1237 1868 1550 1923 differentes
1589 1882 1688 1938 per
1729 1867 1806 1922 le—
1833 1862 1880 1920 B
1907 1872 2256 1942 purgationes
2281 1872 2575 1937 discernit,
2604 1874 2749 1941 quod
2771 1883 3017 1928 ventrem
3049 1874 3362 1931 inferiorem
3388 1892 3487 1932 vo-

224 1987 344 2042 gem
374 1971 596 2035 sanxit;
627 1976 683 2022 et
711 1968 765 2022 in
794 1967 1014 2022 modum
1041 1963 1418 2021 scandalorum
1452 1962 1801 2037 [scalarum]

225 2064 455 2116 virtutes
478 2057 750 2114 ordinavit
774 2074 789 2123 ;
811 2065 879 2111 ut
907 2055 1012 2111 alio
1042 2054 1261 2124 quidem
1287 2053 1475 2108 liceret
1502 2067 1691 2108 omnes
1720 2067 1796 2107 as-

228 2153 418 2223 sequi,
450 2151 555 2205 alio
580 2160 759 2204 autem
787 2148 1049 2218 quasdam
1068 2188 1083 2212 ,
1116 2155 1177 2201 ut
1206 2161 1420 2201 sursum
1450 2154 1629 2200 tamen
1659 2147 1807 2215 quis-

227 2257 331 2312 que
374 2240 749 2296 sublevaretur
788 2253 817 2291 a
859 2245 1034 2301 terra,
1070 2239 1172 2290 hoc
1199 2235 1397 2305 quippe
1424 2245 1479 2290 et
1505 2233 1807 2290 differentia

229 2335 624 2392 sacrificiorum
652 2331 1007 2404 signiﬁcabat.
1042 2329 1174 2385 Nam
1206 2330 1295 2385 hic
1320 2330 1537 2399 quidem
1563 2329 1627 2383 de
1654 2326 1808 2382 nobis

229 2426 602 2481 holocaustum
634 2421 822 2477 offeret
843 2462 858 2487 ,
897 2430 1066 2475 totum
1097 2419 1448 2490 semetipsum
1474 2418 1586 2472 Deo
1613 2415 1810 2472 offerre

232 2516 443 2579 volens,
470 2514 609 2568 sicut
628 2520 683 2568 et
706 2512 902 2566 Paulus
926 2512 1172 2566 dicebat:
1201 2509 1408 2565 Christo
1433 2510 1669 2580 confixus
1693 2523 1809 2562 sunt

230 2608 378 2660 cruci
407 2604 571 2678 (Gal.
600 2603 703 2668 ιι).
746 2603 917 2670 Alter,
951 2602 1279 2657 sacriﬁcium
1308 2601 1658 2672 pacificorum
1696 2599 1812 2655 sive

233 2697 497 2760 salutare,
529 2695 621 2765 qui
646 2693 916 2749 desiderat
943 2692 1204 2757 salutem,
1237 2699 1291 2745 et
1317 2706 1423 2745 non
1448 2698 1628 2760 potest
1650 2689 1813 2744 nimis

235 2788 544 2843 sublimiter
572 2783 884 2840 conversari
913 2801 928 2849 ;
961 2798 1086 2837 nam
1113 2791 1169 2837 et
1198 2782 1241 2835 si
1273 2796 1381 2835 non
1413 2781 1557 2835 valet
1583 2779 1813 2850 virgini-

236 2889 405 2936 tatem
435 2879 703 2949 quispiam
740 2878 1033 2947 consequi,
1067 2877 1120 2930 in
1160 2884 1313 2931 casto
1353 2882 1532 2929 autem
1564 2873 1814 2945 coniugio

243 2977 617 3034 :onversetur,
648 2969 790 3023 viam
820 2966 1105 3039 [veniam]
1134 2966 1365 3037 percipit
1393 2982 1423 3020 a
1451 2966 1681 3020 Domino
1721 2964 1813 3034 qui

236 3064 376 3118 dixit
406 3082 420 3118 :
460 3061 577 3116 Non
593 3081 772 3118 omnes
787 3066 999 3127 capiunt
1017 3065 1246 3130 verbum,
1267 3070 1482 3136 quando
1501 3067 1569 3122 de
1592 3068 1812 3139 virgini-

234 3163 353 3209 tate
371 3154 634 3221 apostolis
652 3156 955 3223 exponebat
979 3151 1219 3222 (Matt/n,
1252 3154 1365 3224 XIX)
1390 3169 1404 3217 ;
1426 3156 1519 3209 sed
1539 3164 1712 3210 tamen
1732 3157 1814 3211 in-

1907 1971 2036 2018 eant
2060 1978 2075 2028 ;
2107 1977 2267 2018 renes
2292 1978 2423 2018 vero
2452 1978 2561 2032 quo
2592 1963 2839 2017 vitalium
2868 1965 3138 2019 seminum
3166 1976 3295 2022 sunt
3323 1968 3488 2023 mini-

1912 2052 2081 2107 steria
2112 2069 2124 2105 :
2157 2052 2360 2106 habent
2389 2059 2570 2106 autem
2601 2052 3040 2109 communionem
3070 2070 3196 2109 cum
3225 2067 3411 2112 ventre
3437 2068 3495 2114 et

1908 2143 2246 2210 femoribus;
2280 2152 2443 2213 atque
2470 2141 2634 2211 hujus
2664 2143 2742 2198 rei
2772 2143 2978 2214 gratia,
3011 2145 3224 2214 adipem
3254 2148 3492 2216 primum

1912 2234 2007 2304 qui
2053 2249 2217 2305 supra
2259 2244 2507 2289 ventrem
2548 2241 2666 2298 est,
2697 2242 2754 2288 et
2795 2232 2931 2289 duos
2970 2250 3156 2302 renes,
3205 2246 3262 2292 et
3304 2254 3494 2295 rursus

1912 2325 2127 2395 adipem
2157 2326 2247 2396 qui
2291 2340 2455 2396 super
2481 2338 2575 2380 eos
2612 2334 2729 2391 est,
2774 2325 2828 2380 id
2869 2336 2954 2380 est
2980 2366 2994 2391 ,
3034 2343 3199 2397 super
3239 2327 3445 2384 femora
3469 2371 3485 2396 ,

1911 2425 1972 2471 ut
1999 2425 2124 2487 pote
2150 2433 2271 2486 qua:
2299 2417 2477 2472 vicina
2506 2424 2632 2471 sunt
2659 2416 2907 2480 renibus,
2932 2417 3089 2488 jubet
3115 2417 3295 2474 offerri
3315 2459 3330 2486 ,
3362 2422 3494 2490 quia

1912 2509 2054 2563 inter
2090 2509 2325 2564 medium
2362 2507 2587 2564 femoris
2614 2517 2670 2563 et
2701 2509 2909 2564 ventris
2939 2525 3097 2567 renes
3130 2511 3221 2565 siti
3251 2520 3396 2566 sunt.
3429 2512 3487 2567 lu

1905 2597 2092 2668 iecore
2129 2609 2311 2654 autem
2336 2641 2351 2665 ,
2384 2600 2437 2655 id
2468 2608 2554 2655 est
2580 2600 2635 2654 in
2665 2599 2894 2669 hepate,
2926 2600 3340 2658 delectationem
3380 2604 3498 2659 sive

1914 2691 2408 2761 concupiscentiam
2432 2692 2785 2750 constitutam
2811 2708 2932 2748 esse
2955 2692 3092 2748 dixit
3120 2709 3135 2748 :
3161 2695 3302 2750 unde
3327 2695 3493 2762 idem,

1915 2784 2208 2838 secundum
2240 2782 2613 2854 Septuaginta,
2640 2784 2852 2854 liepatis
2870 2786 3089 2855 pinnam
3123 2803 3247 2843 cum
3274 2788 3497 2844 renibus

1916 2872 2119 2929 auferri
2157 2874 2362 2928 dictum
2404 2882 2521 2939 est,
2553 2882 2612 2928 ut
2639 2882 2764 2943 pote
2794 2875 2990 2944 hepate
3028 2876 3081 2930 in
3127 2876 3350 2932 renibus
3384 2878 3494 2933 vim

1916 2968 2248 3039 operationis
2287 2985 2398 3025 sua:
2438 2968 2801 3024 ministrante.
2828 2968 2935 3025 Sed
2972 2970 3100 3041 quid
3131 2969 3230 3041 per
3258 2972 3375 3028 hmo
3417 2972 3492 3027 si-

1917 3060 2183 3132 gniﬁcat?
2224 3059 2308 3114 vel
2348 3059 2477 3128 quid
2517 3059 2694 3115 sancit
2725 3059 2789 3115 iis
2818 3059 2909 3130 qui
2952 3060 3151 3115 salvari
3182 3060 3490 3118 volentibus

1920 3154 2087 3207 etiam
2126 3151 2351 3206 nuncin
2380 3150 2657 3220 parabolis
2697 3166 2760 3206 os
2797 3152 3053 3222 aperuit?
3090 3151 3244 3220 Quod
3273 3163 3493 3224 oportet

237 3253 322 3298 ter
335 3258 435 3299 eos
457 3242 553 3313 qui
570 3243 1171 3299 salvanturuecessarie
1188 3242 1492 3310 ordinatur,
1512 3244 1612 3298 hoc
1637 3244 1807 3312 ipsum
1847 3215 1891 3277 (ἶ
1924 3242 2193 3306 hostiam,
2236 3241 2291 3296 id
2333 3250 2418 3297 est
2457 3241 2729 3311 primitias
2760 3250 2815 3296 et
2845 3242 3314 3299 holocaustomata
3334 3285 3348 3310 ,
3382 3246 3497 3300 Deo

242 3345 427 3391 tamen
458 3347 512 3391 et
537 3334 604 3389 de
654 3342 964 3396 contemptu
995 3349 1200 3396 rerum,
1239 3344 1293 3387 et
1326 3335 1392 3388 de
1418 3335 1626 3400 justitia
1658 3345 1712 3390 et
1743 3336 1810 3392 de

239 3421 364 3473 cibo
392 3433 517 3472 cum
546 3420 844 3488 gratiarum
876 3417 1088 3472 actione
1114 3433 1128 3483 ;
1158 3418 1302 3487 quod
1345 3432 1572 3487 magnus
1605 3425 1688 3473 est
1725 3418 1817 3487 qui

241 3526 437 3579 magna
459 3550 473 3570 ,
505 3517 559 3562 et
589 3523 808 3578 parvus,
840 3524 945 3562 non
977 3516 1156 3563 tamen
1185 3508 1470 3572 minimus,
1505 3508 1596 3578 qui
1627 3507 1817 3563 saltem

242 3600 537 3654 mediocria
569 3600 826 3668 consequi
854 3607 1052 3669 potest.
1088 3598 1160 3654 Ut
1182 3600 1505 3669 probaretur
1530 3615 1660 3671 ergo
1690 3600 1816 3669 quia

238 3696 363 3751 dua:
390 3694 863 3750 conversationem
896 3694 1105 3763 species
1134 3703 1261 3748 sunt
1286 3693 1351 3747 ad
1369 3691 1817 3761 justiﬁcationem

241 3785 522 3840 hominum
543 3824 558 3849 ,
589 3784 725 3838 duas
756 3782 1145 3838 sacriﬁciorum
1176 3796 1601 3851 spontaneorum
1632 3781 1821 3835 deﬁni-

246 3877 422 3931 tiones
446 3876 648 3945 posuit.
681 3874 773 3929 Ait
801 3872 943 3930 enim
988 3875 1044 3929 in
1089 3874 1229 3929 libro
1268 3873 1444 3928 Exodi
1477 3891 1489 3924 :
1535 3872 1714 3926 Altare
1756 3873 1821 3927 de

244 3977 389 4021 terra
418 3967 624 4036 facietis
653 3967 815 4031 mihi,
848 3976 896 4020 et
925 3964 1261 4020 immolabitis
1302 3981 1458 4035 super
1488 3963 1822 4019 holocausto-

241 4065 391 4109 mata
420 4066 468 4109 et
496 4055 718 4127 paciﬁca
747 4064 938 4121 vestra,
967 4071 1083 4109 oves
1113 4063 1308 4109 vestras
1338 4065 1385 4109 et
1416 4056 1568 4109 boves
1594 4055 1648 4109 in
1678 4054 1821 4108 omni

243 4146 362 4202 loco
391 4148 447 4201 in
473 4163 575 4218 quo
606 4147 935 4201 nominatum
964 4146 1125 4216 fuerit
1154 4162 1340 4200 nomen
1370 4161 1542 4200 meum
1567 4160 1585 4198 :
1616 4146 1820 4200 veniam

244 4239 317 4291 ad
346 4247 395 4291 te
423 4248 472 4291 et
503 4237 798 4291 benedicam
829 4238 922 4291 tibi
950 4236 1162 4308 (Exod.
1194 4254 1265 4291 xx
1284 4278 1298 4303 ,
1327 4236 1489 4308 xxv).
1522 4237 1589 4291 Et
1618 4252 1822 4308 praece-

243 4327 326 4397 pit
354 4327 572 4395 quidem
604 4326 954 4397 paciﬁeorum
985 4327 1360 4383 holocaustum
1381 4368 1396 4394 ,
1427 4327 1693 4383 subinfert
1716 4315 1820 4382 au-

247 4426 358 4471 tem
388 4417 612 4486 paciﬁca
630 4457 646 4482 ,
676 4418 825 4472 velut
850 4417 1071 4473 secundi
1099 4417 1307 4472 ordinis
1333 4425 1386 4471 et
1415 4417 1653 4472 virtutis.
1688 4416 1822 4482 Qui-

245 4522 462 4577 cunque
492 4522 622 4579 ergo
651 4508 822 4563 solum
854 4508 957 4563 sibi
985 4509 1089 4564 hoc
1116 4516 1272 4579 putat
1301 4507 1548 4564 sufﬁcere
1577 4509 1623 4564 si
1651 4508 1822 4562 salve-

245 4603 358 4659 tur,
392 4596 660 4665 siquidem
689 4598 754 4651 de
782 4596 953 4652 bobus
981 4597 1190 4653 offeret.
1234 4598 1369 4652 Esse
1408 4608 1588 4652 autem
1628 4597 1821 4652 bovem

246 4685 487 4739 diximus
514 4700 611 4740 eos
637 4687 730 4755 qui
759 4687 903 4741 circa
934 4688 1140 4758 agenda
1168 4702 1230 4742 ea
1262 4702 1382 4757 quae
1410 4686 1545 4757 legis
1575 4696 1701 4743 sunt
1730 4703 1823 4742 va-

247 4784 409 4840 cant,
442 4776 558 4831 sive
586 4776 887 4831 masculum
927 4778 1041 4832 sive
1082 4777 1368 4832 feminam.
1415 4777 1822 4833 lmmaculatum

248 4872 430 4918 tamen
459 4880 656 4920 munus
683 4864 878 4920 offerat
898 4907 913 4931 ,
945 4875 1001 4921 et
1041 4868 1257 4936 quidem
1298 4881 1419 4922 eum
1446 4868 1539 4939 qui
1564 4867 1822 4923 holocau-

246 4960 391 5006 stum
418 4952 611 5008 offeret
637 4969 744 5009 non
781 4956 1037 5025 praecepit
1075 4955 1257 5010 offerri
1296 4956 1551 5011 feminam
1573 4998 1589 5022 ,
1620 4972 1824 5026 nequa-

245 5060 413 5113 quam
440 5043 697 5100 feminam
722 5048 943 5115 privans
969 5048 1037 5101 ab
1063 5047 1368 5118 hujusmodi
1394 5049 1821 5116 conversatione,

243 5136 343 5190 sed
372 5136 664 5191 ostendens
704 5138 845 5206 quod
870 5138 1104 5208 perfecta
1129 5154 1317 5209 sapere
1345 5142 1560 5210 proprie
1585 5142 1824 5195 virorum

244 5234 354 5281 est.
386 5225 542 5292 Quod
570 5235 622 5281 et
653 5228 696 5281 si
729 5227 923 5283 mulier
952 5228 1067 5282 haec
1095 5228 1305 5297 sapiat,
1337 5230 1419 5283 vir
1448 5230 1583 5295 haec,
1617 5237 1677 5284 ut
1702 5237 1827 5300 pote

244 5316 442 5382 fortis,
486 5318 868 5388 appellabitur,
916 5320 984 5375 de
1025 5336 1132 5390 qua
1172 5321 1426 5377 Salomon
1473 5323 1652 5377 dixit:
1705 5322 1828 5377 Mu-

243 5410 431 5463 lierem
470 5413 657 5480 fortem
698 5413 815 5481 quis
854 5413 1073 5467 inveniet
1114 5412 1317 5482 (Prov.
1349 5414 1553 5487 xxxx),
1605 5416 1828 5471 demon-

242 5511 430 5555 strans
469 5501 612 5570 quod
658 5502 918 5557 fortitudo
938 5543 953 5568 ,
998 5504 1051 5559 id
1083 5513 1167 5559 est
1195 5504 1490 5575 perfectio,
1523 5505 1738 5562 difficile
1768 5508 1823 5562 in

243 5589 569 5645 mulieribus
590 5591 881 5646 invenitur.
910 5591 1266 5649 Paciﬁeorum
1294 5604 1473 5649 autem
1501 5595 1827 5651 sacriﬁcium

241 5677 490 5732 virorum
520 5688 574 5734 et
600 5679 887 5734 mulierum
916 5690 1000 5735 est
1025 5698 1040 5747 ;
1074 5692 1289 5751 oportet
1316 5685 1460 5739 enim
1491 5694 1545 5739 et
1571 5686 1828 5740 mulieres

242 5766 327 5821 ita
366 5768 547 5824 vivere
582 5771 722 5825 sicut
753 5779 937 5840 aptum
984 5781 1067 5826 est
1102 5772 1167 5827 ad
1200 5775 1446 5829 salutem.
1504 5776 1608 5833 Sed
1638 5794 1827 5847 quum-

652 5867 923 5926 ΡΑΤιιΟι..
960 5868 1179 5930 CVIII.

1845 4553 1898 4612 D

1922 3330 1992 3385 ab
2029 3331 2113 3386 his
2154 3331 2247 3401 qui
2297 3330 2497 3386 salvari
2544 3331 2765 3396 volunt,
2816 3332 3210 3404 intrlligibilem
3241 3333 3494 3405 adipem,

1923 3419 2584 3497 videlicetdesiderium,
2629 3423 2772 3492 qqu
2819 3422 2992 3479 Graeci
3046 3424 3367 3497 epitymiam
3414 3426 3495 3481 di-

1926 3520 2089 3575 cunt,
2120 3512 2342 3568 offerri:
2387 3513 2479 3581 qui
2512 3513 2660 3582 prius
2705 3514 2920 3584 quidem
2946 3516 3122 3584 operit
3160 3518 3495 3588 superiorem

1925 3611 2171 3658 ventrem
2196 3643 2212 3668 ,
2250 3604 2443 3659 deinde
2484 3604 2796 3660 inferiorem
2818 3646 2832 3670 ,
2868 3616 2926 3661 ut
2953 3616 3007 3661 et
3036 3607 3089 3661 in
3119 3609 3408 3680 cogitando
3439 3620 3495 3667 et

1924 3694 1979 3749 in
2039 3694 2313 3763 implendo
2360 3695 2688 3750 desiderium
2737 3696 2847 3752 Deo
2895 3696 3230 3755 offeramus:
3287 3712 3504 3770 oportet

1922 3785 2068 3839 enim
2097 3785 2325 3855 proponi
2353 3785 2533 3855 prius,
2563 3794 2619 3840 et
2648 3793 2835 3855 postea
2875 3786 3156 3856 compleri.
3187 3787 3331 3860 Ergo
3370 3805 3498 3846 ven-

1926 3884 2009 3929 ter
2050 3875 2246 3929 animae
2284 3891 2379 3930 cor
2405 3882 2523 3941 est,
2554 3875 2610 3930 in
2639 3891 2748 3946 quo
2776 3876 2928 3946 prius
2955 3876 3308 3947 proponimus
3335 3894 3497 3948 quas-

1923 3964 2047 4017 dam
2076 3963 2337 4028 actiones,
2366 3971 2555 4033 postea
2580 3972 2762 4019 autem
2793 3978 3055 4020 conamur
3083 3966 3327 4036 implere.
3357 3967 3492 4024 Pro-

1922 4068 2122 4122 ponere
2167 4068 2298 4124 ergo
2340 4064 2594 4124 appetere
2642 4054 3040 4123 quodammodo
3075 4065 3190 4122 est,
3229 4056 3489 4112 festinare

1923 4148 2101 4196 autem
2142 4142 2407 4211 proficere
2446 4142 2677 4212 digestio
2717 4140 2945 4198 forsitan
2989 4144 3234 4212 quaedam
3274 4145 3493 4214 proprie

1925 4231 2175 4295 dicatur,
2232 4246 2464 4300 quorum
2519 4241 2878 4301 utrorumque
2936 4233 3302 4298 desiderium,
3356 4235 3499 4303 quod

1923 4324 2136 4392 adipem
2165 4323 2454 4388 clamavit,
2486 4338 2711 4379 necesse
2741 4325 3006 4380 habemus
3034 4326 3145 4381 Deo
3173 4323 3400 4384 offerre.
3433 4336 3495 4384 ut

1926 4413 2060 4467 nihil
2090 4428 2316 4482 pravum
2357 4428 2722 4483 proponamus
2764 4430 2938 4485 neque
2976 4416 3309 4487 expleamus.
3352 4418 3497 4473 Bene

1927 4512 2104 4558 autem
2146 4517 2309 4574 super
2337 4513 2583 4558 ventrem
2624 4504 2991 4574 superiorem,
3040 4508 3132 4577 qui
3169 4516 3252 4563 est
3290 4511 3499 4579 appeti-

1926 4602 2041 4660 tus,
2074 4594 2287 4663 adipem
2325 4594 2420 4665 qui
2464 4596 2641 4665 operit
2669 4606 2912 4651 ventrem
2952 4598 3062 4663 ait,
3094 4598 3220 4668 quia
3260 4602 3495 4657 maxima

1930 4699 2059 4752 pars
2100 4684 2351 4738 desiderii
2393 4684 2538 4740 circa
2579 4687 2875 4757 appetitum
2907 4695 2963 4743 et
2993 4689 3137 4744 circa
3168 4692 3504 4761 prepositum

1924 4783 2027 4830 est.
2068 4774 2317 4831 lnferiori
2362 4785 2545 4831 autem
2586 4778 2763 4831 ventri
2805 4778 2941 4834 duos
2982 4795 3139 4835 renes
3176 4781 3503 4850 conjunxit;

1929 4866 2165 4922 diximus
2193 4867 2338 4921 enim
2367 4868 2512 4937 quod
2540 4870 2976 4924 communionem
3007 4886 3168 4926 renes
3196 4872 3261 4926 ad
3292 4888 3387 4929 cor
3410 4874 3505 4928 ha-

1930 4956 2086 5021 bent,
2120 4958 2259 5011 unde
2288 4958 2456 5012 David
2486 4959 2596 5013 ait:
2628 4958 2731 5014 Ure
2757 4977 2902 5015 renes
2930 4976 3068 5017 meos
3109 4973 3156 5017 et
3200 4981 3291 5017 cor
3329 4982 3501 5020 meum

1933 5051 1950 5117 (
1976 5044 2124 5100 Psal.
2156 5064 2259 5102 xxv
2285 5052 2325 5119 ).
2371 5049 2510 5105 Audi
2541 5051 2741 5105 etenim
2772 5052 3056 5108 Dominum
3087 5072 3184 5126 per
3209 5054 3503 5112 .lcrcmiam

1931 5139 2249 5208 prophetam
2280 5140 2547 5195 dicentem
2580 5160 2591 5194 :
2632 5142 2746 5212 Ego
2789 5143 3043 5200 Dominus
3071 5159 3314 5203 scrutatis
3342 5150 3504 5203 corda

1929 5236 1975 5283 ei
2030 5231 2256 5299 probans
2306 5249 2453 5287 renes
2505 5232 2651 5304 (Jer.
2691 5236 2856 5307 λιιι).
2909 5237 3066 5295 Nullo
3116 5242 3275 5296 modo
3323 5251 3505 5296 autent

1929 5321 2172 5375 membra
2226 5322 2342 5377 hzec
2388 5325 2671 5395 prophetia
2722 5328 3125 5398 conjunxissct,
3178 5332 3277 5386 nisi
3330 5332 3505 5386 omni-

1930 5415 2091 5468 modo
2123 5415 2398 5484 quippiam
2428 5417 2508 5472 eis
2537 5433 2824 5474 commune
2858 5420 3067 5477 fuisset.
3115 5422 3313 5475 Motum
3355 5424 3500 5479 enim

1933 5504 2197 5561 irascendi
2243 5507 2299 5562 in
2350 5508 2543 5575 corde,
2595 5510 2650 5564 in
2680 5511 2902 5567 renibus
2956 5520 3134 5565 autem
3184 5512 3502 5569 memoriam

1931 5598 2047 5667 ejus
2070 5599 2255 5669 jacere
2282 5601 2481 5656 medici
2512 5602 2719 5657 dicunt.
2752 5603 2905 5658 Unde
2945 5603 3265 5660 innocentia:
3295 5606 3397 5661 sibi
3428 5617 3509 5663 te-

1932 5688 2245 5742 stimonium
2288 5689 2577 5758 perhibens
2617 5691 2784 5744 David
2821 5709 2833 5742 :
2875 5689 3070 5743 Judica
3110 5707 3223 5755 me,
3252 5693 3505 5761 Domine,

1929 5779 2176 5848 quoniam
2207 5795 2299 5849 ego
2325 5780 2379 5833 in
2406 5780 2703 5833 innocentia
2736 5796 2846 5834 mea
2878 5781 3140 5849 ingressus
3170 5801 3283 5840 sum
3317 5785 3501 5859 (Psal.

2953 5873 2991 5934 9
