  <div class='ocr_page' id='page_1' title='image "/cluster/home/n/w/nwhite01/storage/ocr_20150623/108/hvd.32044054759733/139.png"; bbox 0 0 3954 6176; ppageno 0'>
   <div class='ocr_carea' id='block_1_1' title="bbox 459 388 562 446">
    <p class='ocr_par' dir='ltr' id='par_1_1' title="bbox 459 388 562 446">
     <span class='ocr_line' id='line_1_1' title="bbox 459 388 562 446; baseline -0.039 0"><span class='ocrx_word' id='word_1_1' title='bbox 459 388 562 446; x_wconf 71' lang='grc'><strong>207</strong></span> 
     </span>
    </p>
   </div>
   <div class='ocr_carea' id='block_1_2' title="bbox 1094 370 3046 437">
    <p class='ocr_par' dir='ltr' id='par_1_2' title="bbox 1094 370 3046 437">
     <span class='ocr_line' id='line_1_2' title="bbox 1094 370 3046 437; baseline -0.008 0"><span class='ocrx_word' id='word_1_2' title='bbox 1094 382 1153 437; x_wconf 84' lang='grc' dir='ltr'><strong>Β.</strong></span> <span class='ocrx_word' id='word_1_3' title='bbox 1199 379 1450 436; x_wconf 70' lang='lat' dir='ltr'><strong>RABANI</strong></span> <span class='ocrx_word' id='word_1_4' title='bbox 1491 377 1712 435; x_wconf 77' lang='lat' dir='ltr'><strong>MAURl</strong></span> <span class='ocrx_word' id='word_1_5' title='bbox 1751 374 2075 432; x_wconf 78' lang='lat' dir='ltr'><strong>ARCHIEP.</strong></span> <span class='ocrx_word' id='word_1_6' title='bbox 2116 372 2426 431; x_wconf 75' lang='lat' dir='ltr'><strong>MOGUNT.</strong></span> <span class='ocrx_word' id='word_1_7' title='bbox 2469 371 2753 429; x_wconf 67' lang='lat' dir='ltr'><strong>OPERCM</strong></span> <span class='ocrx_word' id='word_1_8' title='bbox 2796 370 2973 426; x_wconf 68' lang='lat' dir='ltr'><strong>PARS</strong></span> <span class='ocrx_word' id='word_1_9' title='bbox 3007 371 3046 425; x_wconf 93' lang='lat' dir='ltr'><strong>l.</strong></span> 
     </span>
    </p>
   </div>
   <div class='ocr_carea' id='block_1_3' title="bbox 3631 369 3733 428">
    <p class='ocr_par' dir='ltr' id='par_1_3' title="bbox 3631 369 3733 428">
     <span class='ocr_line' id='line_1_3' title="bbox 3631 369 3733 428; baseline 0.02 -3"><span class='ocrx_word' id='word_1_10' title='bbox 3631 369 3733 428; x_wconf 78' lang='lat'><strong>263</strong></span> 
     </span>
    </p>
   </div>
   <div class='ocr_carea' id='block_1_4' title="bbox 461 483 3732 578">
    <p class='ocr_par' dir='ltr' id='par_1_4' title="bbox 461 483 3732 578">
     <span class='ocr_line' id='line_1_4' title="bbox 461 483 3732 578; baseline -0.007 -15"><span class='ocrx_word' id='word_1_11' title='bbox 461 508 624 578; x_wconf 74' lang='lat' dir='ltr'><strong>xxv),</strong></span> <span class='ocrx_word' id='word_1_12' title='bbox 654 510 761 570; x_wconf 99' lang='lat' dir='ltr'><strong>ait;</strong></span> <span class='ocrx_word' id='word_1_13' title='bbox 789 513 842 557; x_wconf 88' lang='lat' dir='ltr'><strong>et</strong></span> <span class='ocrx_word' id='word_1_14' title='bbox 870 517 1027 557; x_wconf 87' lang='lat' dir='ltr'><strong>rencs</strong></span> <span class='ocrx_word' id='word_1_15' title='bbox 1055 499 1138 553; x_wconf 90' lang='lat' dir='ltr'><strong>uri</strong></span> <span class='ocrx_word' id='word_1_16' title='bbox 1168 508 1328 567; x_wconf 88' lang='lat' dir='ltr'><strong>atque</strong></span> <span class='ocrx_word' id='word_1_17' title='bbox 1355 512 1449 552; x_wconf 90' lang='lat' dir='ltr'><strong>cor</strong></span> <span class='ocrx_word' id='word_1_18' title='bbox 1474 493 1800 566; x_wconf 89' lang='lat' dir='ltr'><strong>postulavit,</strong></span> <span class='ocrx_word' id='word_1_19' title='bbox 1831 500 1888 545; x_wconf 89' lang='lat' dir='ltr'><strong>ut</strong></span> <span class='ocrx_word' id='word_1_20' title='bbox 1916 498 2042 560; x_wconf 90' lang='lat' dir='ltr'><strong>pote</strong></span> <span class='ocrx_word' id='word_1_21' title='bbox 2072 494 2119 550; x_wconf 81' lang='grc' dir='ltr'>Α</span> <span class='ocrx_word' id='word_1_22' title='bbox 2147 498 2194 541; x_wconf 89' lang='lat' dir='ltr'><strong>et</strong></span> <span class='ocrx_word' id='word_1_23' title='bbox 2217 487 2417 541; x_wconf 89' lang='lat' dir='ltr'><strong>cunctis</strong></span> <span class='ocrx_word' id='word_1_24' title='bbox 2452 485 2771 540; x_wconf 71' lang='lat' dir='ltr'><strong>habitaculis</strong></span> <span class='ocrx_word' id='word_1_25' title='bbox 2800 486 2978 578; x_wconf 71' lang='lat' dir='ltr'><strong>vestris</strong></span> <span class='ocrx_word' id='word_1_26' title='bbox 2995 499 3134 578; x_wconf 51' lang='lat' dir='ltr'><strong>,“nec</strong></span> <span class='ocrx_word' id='word_1_27' title='bbox 3165 483 3371 578; x_wconf 78' lang='lat' dir='ltr'><strong>adipem</strong></span> <span class='ocrx_word' id='word_1_28' title='bbox 3400 500 3491 538; x_wconf 88' lang='lat' dir='ltr'><strong>nec</strong></span> <span class='ocrx_word' id='word_1_29' title='bbox 3516 488 3732 556; x_wconf 83' lang='lat' dir='ltr'><strong>sanqui-</strong></span> 
     </span>
    </p>
   </div>
   <div class='ocr_carea' id='block_1_5' title="bbox 459 581 2037 665">
    <p class='ocr_par' dir='ltr' id='par_1_5' title="bbox 459 581 2037 665">
     <span class='ocr_line' id='line_1_5' title="bbox 459 581 2037 665; baseline -0.014 -9"><span class='ocrx_word' id='word_1_30' title='bbox 459 600 546 658; x_wconf 86' lang='lat' dir='ltr'><strong>cui</strong></span> <span class='ocrx_word' id='word_1_31' title='bbox 572 605 799 665; x_wconf 79' lang='lat' dir='ltr'><strong>utraque</strong></span> <span class='ocrx_word' id='word_1_32' title='bbox 820 599 1066 663; x_wconf 76' lang='lat' dir='ltr'><strong>poterant</strong></span> <span class='ocrx_word' id='word_1_33' title='bbox 1083 588 1453 644; x_wconf 83' lang='lat' dir='ltr'><strong>testimonium</strong></span> <span class='ocrx_word' id='word_1_34' title='bbox 1477 586 1785 656; x_wconf 75' lang='lat' dir='ltr'><strong>perhibere.</strong></span> <span class='ocrx_word' id='word_1_35' title='bbox 1811 582 1869 636; x_wconf 91' lang='lat' dir='ltr'><strong>ln</strong></span> <span class='ocrx_word' id='word_1_36' title='bbox 1896 581 2037 635; x_wconf 84' lang='lat' dir='ltr'><strong>reni-</strong></span> 
     </span>
    </p>
   </div>
   <div class='ocr_carea' id='block_1_6' title="bbox 460 674 2039 746">
    <p class='ocr_par' dir='ltr' id='par_1_6' title="bbox 460 674 2039 746">
     <span class='ocr_line' id='line_1_6' title="bbox 460 674 2039 746; baseline -0.011 0"><span class='ocrx_word' id='word_1_37' title='bbox 460 692 559 746; x_wconf 87' lang='lat' dir='ltr'><strong>bus</strong></span> <span class='ocrx_word' id='word_1_38' title='bbox 583 688 701 745; x_wconf 77' lang='lat' dir='ltr'><strong>iStis</strong></span> <span class='ocrx_word' id='word_1_39' title='bbox 721 686 884 742; x_wconf 89' lang='lat' dir='ltr'><strong>etiam</strong></span> <span class='ocrx_word' id='word_1_40' title='bbox 904 683 1129 740; x_wconf 83' lang='lat' dir='ltr'><strong>seminis</strong></span> <span class='ocrx_word' id='word_1_41' title='bbox 1149 697 1314 737; x_wconf 87' lang='lat' dir='ltr'><strong>causa</strong></span> <span class='ocrx_word' id='word_1_42' title='bbox 1339 689 1445 746; x_wconf 88' lang='lat' dir='ltr'><strong>est,</strong></span> <span class='ocrx_word' id='word_1_43' title='bbox 1465 679 1608 734; x_wconf 87' lang='lat' dir='ltr'><strong>unde</strong></span> <span class='ocrx_word' id='word_1_44' title='bbox 1628 687 1683 733; x_wconf 93' lang='lat' dir='ltr'><strong>et</strong></span> <span class='ocrx_word' id='word_1_45' title='bbox 1703 674 2039 732; x_wconf 85' lang='lat' dir='ltr'><strong>communio-</strong></span> 
     </span>
    </p>
   </div>
   <div class='ocr_carea' id='block_1_7' title="bbox 457 764 2041 855">
    <p class='ocr_par' dir='ltr' id='par_1_7' title="bbox 457 764 2041 855">
     <span class='ocr_line' id='line_1_7' title="bbox 457 764 2041 855; baseline -0.009 -23"><span class='ocrx_word' id='word_1_46' title='bbox 457 792 582 833; x_wconf 90' lang='lat' dir='ltr'><strong>nem</strong></span> <span class='ocrx_word' id='word_1_47' title='bbox 607 790 730 831; x_wconf 90' lang='lat' dir='ltr'><strong>cum</strong></span> <span class='ocrx_word' id='word_1_48' title='bbox 755 773 1052 829; x_wconf 83' lang='lat' dir='ltr'><strong>femoribus</strong></span> <span class='ocrx_word' id='word_1_49' title='bbox 1059 770 1296 855; x_wconf 51' lang='lat' dir='ltr'><strong>habere,</strong></span> <span class='ocrx_word' id='word_1_50' title='bbox 1319 770 1409 839; x_wconf 90' lang='lat' dir='ltr'><strong>qui</strong></span> <span class='ocrx_word' id='word_1_51' title='bbox 1439 768 1539 839; x_wconf 83' lang='lat' dir='ltr'><strong>ipsi</strong></span> <span class='ocrx_word' id='word_1_52' title='bbox 1562 766 1847 823; x_wconf 86' lang='lat' dir='ltr'><strong>coitalihus</strong></span> <span class='ocrx_word' id='word_1_53' title='bbox 1872 764 2041 819; x_wconf 52' lang='lat' dir='ltr'><strong>action</strong></span> 
     </span>
    </p>
   </div>
   <div class='ocr_carea' id='block_1_8' title="bbox 459 853 2038 933">
    <p class='ocr_par' dir='ltr' id='par_1_8' title="bbox 459 853 2038 933">
     <span class='ocr_line' id='line_1_8' title="bbox 459 853 2038 933; baseline -0.009 -13"><span class='ocrx_word' id='word_1_54' title='bbox 459 866 619 921; x_wconf 88' lang='lat' dir='ltr'><strong>nibus</strong></span> <span class='ocrx_word' id='word_1_55' title='bbox 645 864 753 918; x_wconf 85' lang='lat' dir='ltr'><strong>vim</strong></span> <span class='ocrx_word' id='word_1_56' title='bbox 784 863 1026 933; x_wconf 68' lang='lat' dir='ltr'><strong>prmbent</strong></span> <span class='ocrx_word' id='word_1_57' title='bbox 1047 853 1071 922; x_wconf 42' lang='grc'><strong>,⁷</strong></span> <span class='ocrx_word' id='word_1_58' title='bbox 1094 868 1371 930; x_wconf 84' lang='lat' dir='ltr'><strong>putantur.</strong></span> <span class='ocrx_word' id='word_1_59' title='bbox 1406 857 1527 911; x_wconf 83' lang='lat' dir='ltr'><strong>Vult</strong></span> <span class='ocrx_word' id='word_1_60' title='bbox 1558 871 1690 925; x_wconf 80' lang='lat' dir='ltr'><strong>ergo</strong></span> <span class='ocrx_word' id='word_1_61' title='bbox 1730 864 1785 909; x_wconf 91' lang='lat' dir='ltr'><strong>et</strong></span> <span class='ocrx_word' id='word_1_62' title='bbox 1825 853 2038 923; x_wconf 83' lang='lat' dir='ltr'><strong>nuptia-</strong></span> 
     </span>
    </p>
   </div>
   <div class='ocr_carea' id='block_1_9' title="bbox 459 946 2038 1017">
    <p class='ocr_par' dir='ltr' id='par_1_9' title="bbox 459 946 2038 1017">
     <span class='ocr_line' id='line_1_9' title="bbox 459 946 2038 1017; baseline -0.009 -7"><span class='ocrx_word' id='word_1_63' title='bbox 459 970 578 1010; x_wconf 88' lang='lat' dir='ltr'><strong>rum</strong></span> <span class='ocrx_word' id='word_1_64' title='bbox 607 953 933 1009; x_wconf 83' lang='lat' dir='ltr'><strong>desiderium</strong></span> <span class='ocrx_word' id='word_1_65' title='bbox 973 950 1155 1005; x_wconf 80' lang='lat' dir='ltr'><strong>oli&#39;erri</strong></span> <span class='ocrx_word' id='word_1_66' title='bbox 1199 948 1343 1013; x_wconf 85' lang='lat' dir='ltr'><strong>Deo,</strong></span> <span class='ocrx_word' id='word_1_67' title='bbox 1390 955 1449 1002; x_wconf 94' lang='lat' dir='ltr'><strong>ut</strong></span> <span class='ocrx_word' id='word_1_68' title='bbox 1487 946 1658 1017; x_wconf 86' lang='lat' dir='ltr'><strong>prolis</strong></span> <span class='ocrx_word' id='word_1_69' title='bbox 1704 960 1899 1009; x_wconf 89' lang='lat' dir='ltr'><strong>causa,</strong></span> <span class='ocrx_word' id='word_1_70' title='bbox 1932 959 2038 997; x_wconf 87' lang='lat' dir='ltr'><strong>non</strong></span> 
     </span>
    </p>
   </div>
   <div class='ocr_carea' id='block_1_10' title="bbox 458 1034 2037 1111">
    <p class='ocr_par' dir='ltr' id='par_1_10' title="bbox 458 1034 2037 1111">
     <span class='ocr_line' id='line_1_10' title="bbox 458 1034 2037 1111; baseline -0.009 -10"><span class='ocrx_word' id='word_1_71' title='bbox 458 1045 863 1109; x_wconf 73' lang='lat' dir='ltr'><strong>fornicationis,</strong></span> <span class='ocrx_word' id='word_1_72' title='bbox 906 1042 1221 1111; x_wconf 79' lang='lat' dir='ltr'><strong>proveniat,</strong></span> <span class='ocrx_word' id='word_1_73' title='bbox 1267 1050 1322 1094; x_wconf 88' lang='lat' dir='ltr'><strong>et</strong></span> <span class='ocrx_word' id='word_1_74' title='bbox 1368 1037 1691 1094; x_wconf 88' lang='lat' dir='ltr'><strong>honorabile</strong></span> <span class='ocrx_word' id='word_1_75' title='bbox 1734 1036 1805 1091; x_wconf 86' lang='lat' dir='ltr'><strong>sit</strong></span> <span class='ocrx_word' id='word_1_76' title='bbox 1847 1034 2037 1104; x_wconf 85' lang='lat' dir='ltr'><strong>conju-</strong></span> 
     </span>
    </p>
   </div>
   <div class='ocr_carea' id='block_1_11' title="bbox 456 1126 2037 1209">
    <p class='ocr_par' dir='ltr' id='par_1_11' title="bbox 456 1126 2037 1209">
     <span class='ocr_line' id='line_1_11' title="bbox 456 1126 2037 1209; baseline -0.008 -18"><span class='ocrx_word' id='word_1_77' title='bbox 456 1136 600 1209; x_wconf 88' lang='lat' dir='ltr'><strong>gium</strong></span> <span class='ocrx_word' id='word_1_78' title='bbox 641 1144 696 1191; x_wconf 91' lang='lat' dir='ltr'><strong>et</strong></span> <span class='ocrx_word' id='word_1_79' title='bbox 741 1134 928 1187; x_wconf 88' lang='lat' dir='ltr'><strong>thorus</strong></span> <span class='ocrx_word' id='word_1_80' title='bbox 967 1129 1366 1185; x_wconf 85' lang='lat' dir='ltr'><strong>immaculatus.</strong></span> <span class='ocrx_word' id='word_1_81' title='bbox 1417 1126 1524 1183; x_wconf 86' lang='lat' dir='ltr'><strong>Sed</strong></span> <span class='ocrx_word' id='word_1_82' title='bbox 1563 1136 1620 1183; x_wconf 87' lang='lat' dir='ltr'><strong>et</strong></span> <span class='ocrx_word' id='word_1_83' title='bbox 1661 1128 1767 1183; x_wconf 87' lang='lat' dir='ltr'><strong>hoc</strong></span> <span class='ocrx_word' id='word_1_84' title='bbox 1808 1126 1952 1195; x_wconf 88' lang='lat' dir='ltr'><strong>quod</strong></span> <span class='ocrx_word' id='word_1_85' title='bbox 1984 1126 2037 1180; x_wconf 88' lang='lat' dir='ltr'><strong>in</strong></span> 
     </span>
    </p>
   </div>
   <div class='ocr_carea' id='block_1_12' title="bbox 431 1219 2036 1284">
    <p class='ocr_par' dir='ltr' id='par_1_12' title="bbox 431 1219 2036 1284">
     <span class='ocr_line' id='line_1_12' title="bbox 431 1219 2036 1284; baseline -0.007 -1"><span class='ocrx_word' id='word_1_86' title='bbox 431 1227 616 1284; x_wconf 77' lang='lat' dir='ltr'><strong>nobis</strong></span> <span class='ocrx_word' id='word_1_87' title='bbox 641 1235 726 1281; x_wconf 88' lang='lat' dir='ltr'><strong>cst</strong></span> <span class='ocrx_word' id='word_1_88' title='bbox 765 1224 1033 1280; x_wconf 81' lang='lat' dir='ltr'><strong>irascibile</strong></span> <span class='ocrx_word' id='word_1_89' title='bbox 1065 1223 1177 1277; x_wconf 89' lang='lat' dir='ltr'><strong>Deo</strong></span> <span class='ocrx_word' id='word_1_90' title='bbox 1204 1220 1364 1276; x_wconf 83' lang='lat' dir='ltr'><strong>debet</strong></span> <span class='ocrx_word' id='word_1_91' title='bbox 1394 1219 1576 1275; x_wconf 76' lang='lat' dir='ltr'><strong>oﬁ‘erri</strong></span> <span class='ocrx_word' id='word_1_92' title='bbox 1597 1261 1611 1284; x_wconf 94' lang='lat'><strong>,</strong></span> <span class='ocrx_word' id='word_1_93' title='bbox 1645 1220 1724 1275; x_wconf 92' lang='lat' dir='ltr'><strong>sic</strong></span> <span class='ocrx_word' id='word_1_94' title='bbox 1751 1220 1898 1275; x_wconf 90' lang='lat' dir='ltr'><strong>enim</strong></span> <span class='ocrx_word' id='word_1_95' title='bbox 1928 1234 2036 1274; x_wconf 86' lang='lat' dir='ltr'><strong>non</strong></span> 
     </span>
    </p>
   </div>
   <div class='ocr_carea' id='block_1_13' title="bbox 457 1312 2035 1390">
    <p class='ocr_par' dir='ltr' id='par_1_13' title="bbox 457 1312 2035 1390">
     <span class='ocr_line' id='line_1_13' title="bbox 457 1312 2035 1390; baseline -0.005 -15"><span class='ocrx_word' id='word_1_96' title='bbox 457 1320 525 1375; x_wconf 88' lang='lat' dir='ltr'><strong>ad</strong></span> <span class='ocrx_word' id='word_1_97' title='bbox 552 1318 922 1390; x_wconf 80' lang='lat' dir='ltr'><strong>operationem</strong></span> <span class='ocrx_word' id='word_1_98' title='bbox 950 1314 1198 1385; x_wconf 89' lang='lat' dir='ltr'><strong>peccati,</strong></span> <span class='ocrx_word' id='word_1_99' title='bbox 1229 1314 1323 1368; x_wconf 88' lang='lat' dir='ltr'><strong>sed</strong></span> <span class='ocrx_word' id='word_1_100' title='bbox 1354 1313 1419 1367; x_wconf 90' lang='lat' dir='ltr'><strong>ad</strong></span> <span class='ocrx_word' id='word_1_101' title='bbox 1447 1312 1876 1367; x_wconf 87' lang='lat' dir='ltr'><strong>destructionem</strong></span> <span class='ocrx_word' id='word_1_102' title='bbox 1906 1326 2035 1380; x_wconf 86' lang='lat' dir='ltr'><strong>pec-</strong></span> 
     </span>
    </p>
   </div>
   <div class='ocr_carea' id='block_1_14' title="bbox 457 1402 2039 1477">
    <p class='ocr_par' dir='ltr' id='par_1_14' title="bbox 457 1402 2039 1477">
     <span class='ocr_line' id='line_1_14' title="bbox 457 1402 2039 1477; baseline -0.006 -12"><span class='ocrx_word' id='word_1_103' title='bbox 457 1411 564 1465; x_wconf 92' lang='lat' dir='ltr'><strong>cati</strong></span> <span class='ocrx_word' id='word_1_104' title='bbox 595 1409 755 1464; x_wconf 82' lang='lat' dir='ltr'><strong>irasci</strong></span> <span class='ocrx_word' id='word_1_105' title='bbox 782 1407 1082 1477; x_wconf 84' lang='lat' dir='ltr'><strong>poterimus</strong></span> <span class='ocrx_word' id='word_1_106' title='bbox 1102 1448 1117 1470; x_wconf 93' lang='lat'><strong>,</strong></span> <span class='ocrx_word' id='word_1_107' title='bbox 1147 1415 1202 1460; x_wconf 92' lang='lat' dir='ltr'><strong>et</strong></span> <span class='ocrx_word' id='word_1_108' title='bbox 1244 1405 1410 1459; x_wconf 80' lang='lat' dir='ltr'><strong>David</strong></span> <span class='ocrx_word' id='word_1_109' title='bbox 1441 1404 1493 1458; x_wconf 91' lang='lat' dir='ltr'><strong>in</strong></span> <span class='ocrx_word' id='word_1_110' title='bbox 1525 1404 1683 1458; x_wconf 85' lang='lat' dir='ltr'><strong>nobis</strong></span> <span class='ocrx_word' id='word_1_111' title='bbox 1727 1402 2039 1471; x_wconf 85' lang='lat' dir='ltr'><strong>implebitur</strong></span> 
     </span>
    </p>
   </div>
   <div class='ocr_carea' id='block_1_15' title="bbox 458 1492 2033 1571">
    <p class='ocr_par' dir='ltr' id='par_1_15' title="bbox 458 1492 2033 1571">
     <span class='ocr_line' id='line_1_15' title="bbox 458 1492 2033 1571; baseline -0.006 -14"><span class='ocrx_word' id='word_1_112' title='bbox 458 1500 739 1571; x_wconf 82' lang='lat' dir='ltr'><strong>Scriptura</strong></span> <span class='ocrx_word' id='word_1_113' title='bbox 773 1517 787 1554; x_wconf 91' lang='lat'><strong>:</strong></span> <span class='ocrx_word' id='word_1_114' title='bbox 820 1498 1121 1553; x_wconf 85' lang='lat' dir='ltr'><strong>Irascimini</strong></span> <span class='ocrx_word' id='word_1_115' title='bbox 1160 1508 1205 1552; x_wconf 87' lang='lat' dir='ltr'><strong>et</strong></span> <span class='ocrx_word' id='word_1_116' title='bbox 1249 1497 1407 1551; x_wconf 78' lang='lat' dir='ltr'><strong>nolite</strong></span> <span class='ocrx_word' id='word_1_117' title='bbox 1446 1512 1663 1567; x_wconf 85' lang='lat' dir='ltr'><strong>peccare</strong></span> <span class='ocrx_word' id='word_1_118' title='bbox 1693 1495 1710 1568; x_wconf 93' lang='lat'><strong>(</strong></span> <span class='ocrx_word' id='word_1_119' title='bbox 1737 1493 1884 1549; x_wconf 86' lang='lat' dir='ltr'><strong>Psal.</strong></span> <span class='ocrx_word' id='word_1_120' title='bbox 1915 1511 1969 1549; x_wconf 82' lang='lat' dir='ltr'><strong>tv</strong></span> <span class='ocrx_word' id='word_1_121' title='bbox 1992 1492 2033 1565; x_wconf 92' lang='lat'><strong>).</strong></span> 
     </span>
    </p>
   </div>
   <div class='ocr_carea' id='block_1_16' title="bbox 458 1585 2038 1658">
    <p class='ocr_par' dir='ltr' id='par_1_16' title="bbox 458 1585 2038 1658">
     <span class='ocr_line' id='line_1_16' title="bbox 458 1585 2038 1658; baseline -0.004 -13"><span class='ocrx_word' id='word_1_122' title='bbox 458 1590 596 1657; x_wconf 81' lang='lat' dir='ltr'><strong>Quia</strong></span> <span class='ocrx_word' id='word_1_123' title='bbox 624 1589 769 1645; x_wconf 91' lang='lat' dir='ltr'><strong>enim</strong></span> <span class='ocrx_word' id='word_1_124' title='bbox 800 1597 884 1643; x_wconf 84' lang='lat' dir='ltr'><strong>est</strong></span> <span class='ocrx_word' id='word_1_125' title='bbox 912 1588 990 1641; x_wconf 83' lang='lat' dir='ltr'><strong>ira</strong></span> <span class='ocrx_word' id='word_1_126' title='bbox 1022 1588 1242 1658; x_wconf 79' lang='lat' dir='ltr'><strong>placens</strong></span> <span class='ocrx_word' id='word_1_127' title='bbox 1274 1587 1416 1652; x_wconf 88' lang='lat' dir='ltr'><strong>Deo,</strong></span> <span class='ocrx_word' id='word_1_128' title='bbox 1448 1587 1664 1657; x_wconf 80' lang='lat' dir='ltr'><strong>quando</strong></span> <span class='ocrx_word' id='word_1_129' title='bbox 1694 1602 1801 1641; x_wconf 87' lang='lat' dir='ltr'><strong>non</strong></span> <span class='ocrx_word' id='word_1_130' title='bbox 1832 1585 1899 1639; x_wconf 85' lang='lat' dir='ltr'><strong>ad</strong></span> <span class='ocrx_word' id='word_1_131' title='bbox 1942 1600 2038 1639; x_wconf 88' lang='lat' dir='ltr'><strong>no-</strong></span> 
     </span>
    </p>
   </div>
   <div class='ocr_carea' id='block_1_17' title="bbox 458 1679 2038 1750">
    <p class='ocr_par' dir='ltr' id='par_1_17' title="bbox 458 1679 2038 1750">
     <span class='ocr_line' id='line_1_17' title="bbox 458 1679 2038 1750; baseline -0.003 -13"><span class='ocrx_word' id='word_1_132' title='bbox 458 1682 688 1737; x_wconf 87' lang='lat' dir='ltr'><strong>cendum</strong></span> <span class='ocrx_word' id='word_1_133' title='bbox 708 1721 721 1745; x_wconf 90' lang='lat'><strong>,</strong></span> <span class='ocrx_word' id='word_1_134' title='bbox 746 1681 841 1736; x_wconf 88' lang='lat' dir='ltr'><strong>sed</strong></span> <span class='ocrx_word' id='word_1_135' title='bbox 868 1680 934 1735; x_wconf 87' lang='lat' dir='ltr'><strong>ad</strong></span> <span class='ocrx_word' id='word_1_136' title='bbox 961 1681 1339 1750; x_wconf 83' lang='lat' dir='ltr'><strong>corrigendum</strong></span> <span class='ocrx_word' id='word_1_137' title='bbox 1367 1679 1610 1750; x_wconf 91' lang='lat' dir='ltr'><strong>proﬁcit,</strong></span> <span class='ocrx_word' id='word_1_138' title='bbox 1635 1680 1827 1749; x_wconf 88' lang='lat' dir='ltr'><strong>probat</strong></span> <span class='ocrx_word' id='word_1_139' title='bbox 1851 1688 2038 1750; x_wconf 89' lang='lat' dir='ltr'><strong>aperte</strong></span> 
     </span>
    </p>
   </div>
   <div class='ocr_carea' id='block_1_18' title="bbox 456 1771 2029 1844">
    <p class='ocr_par' dir='ltr' id='par_1_18' title="bbox 456 1771 2029 1844">
     <span class='ocr_line' id='line_1_18' title="bbox 456 1771 2029 1844; baseline -0.003 -15"><span class='ocrx_word' id='word_1_140' title='bbox 456 1774 599 1843; x_wconf 89' lang='lat' dir='ltr'><strong>quod</strong></span> <span class='ocrx_word' id='word_1_141' title='bbox 621 1774 852 1844; x_wconf 88' lang='lat' dir='ltr'><strong>primum</strong></span> <span class='ocrx_word' id='word_1_142' title='bbox 875 1773 942 1827; x_wconf 88' lang='lat' dir='ltr'><strong>de</strong></span> <span class='ocrx_word' id='word_1_143' title='bbox 964 1772 1145 1842; x_wconf 78' lang='lat' dir='ltr'><strong>Moyse</strong></span> <span class='ocrx_word' id='word_1_144' title='bbox 1168 1773 1219 1826; x_wconf 90' lang='lat' dir='ltr'><strong>in</strong></span> <span class='ocrx_word' id='word_1_145' title='bbox 1245 1772 1430 1827; x_wconf 77' lang='lat' dir='ltr'><strong>Exodo</strong></span> <span class='ocrx_word' id='word_1_146' title='bbox 1452 1772 1731 1836; x_wconf 84' lang='lat' dir='ltr'><strong>scribitur,</strong></span> <span class='ocrx_word' id='word_1_147' title='bbox 1756 1771 1829 1825; x_wconf 91' lang='lat' dir='ltr'><strong>ait</strong></span> <span class='ocrx_word' id='word_1_148' title='bbox 1851 1772 1995 1825; x_wconf 84' lang='lat' dir='ltr'><strong>enim</strong></span> <span class='ocrx_word' id='word_1_149' title='bbox 2017 1789 2029 1824; x_wconf 92' lang='lat'><strong>:</strong></span> 
     </span>
    </p>
   </div>
   <div class='ocr_carea' id='block_1_19' title="bbox 2146 575 3733 649">
    <p class='ocr_par' dir='ltr' id='par_1_19' title="bbox 2146 575 3733 649">
     <span class='ocr_line' id='line_1_19' title="bbox 2146 575 3733 649; baseline 0.001 -16"><span class='ocrx_word' id='word_1_150' title='bbox 2146 596 2262 635; x_wconf 84' lang='lat' dir='ltr'><strong>nem</strong></span> <span class='ocrx_word' id='word_1_151' title='bbox 2292 580 2506 633; x_wconf 89' lang='lat' dir='ltr'><strong>omnino</strong></span> <span class='ocrx_word' id='word_1_152' title='bbox 2531 578 2827 633; x_wconf 79' lang='lat' dir='ltr'><strong>comedetis.</strong></span> <span class='ocrx_word' id='word_1_153' title='bbox 2861 577 2969 649; x_wconf 77' lang='lat' dir='ltr'><strong>(Ex</strong></span> <span class='ocrx_word' id='word_1_154' title='bbox 2999 575 3307 647; x_wconf 78' lang='lat' dir='ltr'><strong>Hesychia.)</strong></span> <span class='ocrx_word' id='word_1_155' title='bbox 3336 576 3512 644; x_wconf 83' lang='lat' dir='ltr'><strong>Quem</strong></span> <span class='ocrx_word' id='word_1_156' title='bbox 3539 579 3733 635; x_wconf 80' lang='lat' dir='ltr'><strong>bovem</strong></span> 
     </span>
    </p>
   </div>
   <div class='ocr_carea' id='block_1_20' title="bbox 2144 670 3731 739">
    <p class='ocr_par' dir='ltr' id='par_1_20' title="bbox 2144 670 3731 739">
     <span class='ocr_line' id='line_1_20' title="bbox 2144 670 3731 739; baseline -0.001 -12"><span class='ocrx_word' id='word_1_157' title='bbox 2144 670 2369 735; x_wconf 83' lang='lat' dir='ltr'><strong>oﬁ‘crre,</strong></span> <span class='ocrx_word' id='word_1_158' title='bbox 2404 681 2458 725; x_wconf 90' lang='lat' dir='ltr'><strong>et</strong></span> <span class='ocrx_word' id='word_1_159' title='bbox 2489 684 2650 739; x_wconf 88' lang='lat' dir='ltr'><strong>quem</strong></span> <span class='ocrx_word' id='word_1_160' title='bbox 2687 684 2879 724; x_wconf 80' lang='lat' dir='ltr'><strong>rursus</strong></span> <span class='ocrx_word' id='word_1_161' title='bbox 2903 683 3061 724; x_wconf 90' lang='lat' dir='ltr'><strong>ovem</strong></span> <span class='ocrx_word' id='word_1_162' title='bbox 3081 708 3095 734; x_wconf 93' lang='lat'><strong>,</strong></span> <span class='ocrx_word' id='word_1_163' title='bbox 3128 682 3291 736; x_wconf 89' lang='lat' dir='ltr'><strong>quem</strong></span> <span class='ocrx_word' id='word_1_164' title='bbox 3320 683 3449 723; x_wconf 84' lang='lat' dir='ltr'><strong>vero</strong></span> <span class='ocrx_word' id='word_1_165' title='bbox 3480 683 3731 739; x_wconf 82' lang='lat' dir='ltr'><strong>capram,</strong></span> 
     </span>
    </p>
   </div>
   <div class='ocr_carea' id='block_1_21' title="bbox 2146 759 3737 835">
    <p class='ocr_par' dir='ltr' id='par_1_21' title="bbox 2146 759 3737 835">
     <span class='ocr_line' id='line_1_21' title="bbox 2146 759 3737 835; baseline -0.001 -18"><span class='ocrx_word' id='word_1_166' title='bbox 2146 764 2429 835; x_wconf 84' lang='lat' dir='ltr'><strong>legislator</strong></span> <span class='ocrx_word' id='word_1_167' title='bbox 2453 762 2742 834; x_wconf 70' lang='lat' dir='ltr'><strong>prtecepit,</strong></span> <span class='ocrx_word' id='word_1_168' title='bbox 2777 762 2904 816; x_wconf 86' lang='lat' dir='ltr'><strong>olim</strong></span> <span class='ocrx_word' id='word_1_169' title='bbox 2936 760 2991 815; x_wconf 92' lang='lat' dir='ltr'><strong>in</strong></span> <span class='ocrx_word' id='word_1_170' title='bbox 3020 760 3106 815; x_wconf 90' lang='lat' dir='ltr'><strong>bis</strong></span> <span class='ocrx_word' id='word_1_171' title='bbox 3134 775 3257 830; x_wconf 67' lang='lat' dir='ltr'><strong>qua:</strong></span> <span class='ocrx_word' id='word_1_172' title='bbox 3296 759 3364 816; x_wconf 87' lang='lat' dir='ltr'><strong>de</strong></span> <span class='ocrx_word' id='word_1_173' title='bbox 3400 759 3737 817; x_wconf 78' lang='lat' dir='ltr'><strong>holocaustis</strong></span> 
     </span>
    </p>
   </div>
   <div class='ocr_carea' id='block_1_22' title="bbox 2146 850 3739 923">
    <p class='ocr_par' dir='ltr' id='par_1_22' title="bbox 2146 850 3739 923">
     <span class='ocr_line' id='line_1_22' title="bbox 2146 850 3739 923; baseline -0.001 -16"><span class='ocrx_word' id='word_1_174' title='bbox 2146 854 2292 909; x_wconf 89' lang='lat' dir='ltr'><strong>dicta</strong></span> <span class='ocrx_word' id='word_1_175' title='bbox 2322 862 2449 907; x_wconf 83' lang='lat' dir='ltr'><strong>sunt</strong></span> <span class='ocrx_word' id='word_1_176' title='bbox 2478 852 2829 923; x_wconf 75' lang='lat' dir='ltr'><strong>exposuimus</strong></span> <span class='ocrx_word' id='word_1_177' title='bbox 2860 870 2873 905; x_wconf 89' lang='lat'><strong>:</strong></span> <span class='ocrx_word' id='word_1_178' title='bbox 2916 865 3045 921; x_wconf 88' lang='lat' dir='ltr'><strong>ergo</strong></span> <span class='ocrx_word' id='word_1_179' title='bbox 3073 851 3269 906; x_wconf 83' lang='lat' dir='ltr'><strong>bovem</strong></span> <span class='ocrx_word' id='word_1_180' title='bbox 3297 850 3551 921; x_wconf 85' lang='lat' dir='ltr'><strong>legalium</strong></span> <span class='ocrx_word' id='word_1_181' title='bbox 3580 868 3739 906; x_wconf 63' lang='lat' dir='ltr'><strong>man.</strong></span> 
     </span>
    </p>
   </div>
   <div class='ocr_carea' id='block_1_23' title="bbox 2143 940 3738 1011">
    <p class='ocr_par' dir='ltr' id='par_1_23' title="bbox 2143 940 3738 1011">
     <span class='ocr_line' id='line_1_23' title="bbox 2143 940 3738 1011; baseline -0.001 -13"><span class='ocrx_word' id='word_1_182' title='bbox 2143 942 2397 998; x_wconf 83' lang='lat' dir='ltr'><strong>datorum</strong></span> <span class='ocrx_word' id='word_1_183' title='bbox 2428 952 2774 1011; x_wconf 85' lang='lat' dir='ltr'><strong>operatorem</strong></span> <span class='ocrx_word' id='word_1_184' title='bbox 2805 941 3165 996; x_wconf 83' lang='lat' dir='ltr'><strong>ostendimus.</strong></span> <span class='ocrx_word' id='word_1_185' title='bbox 3196 940 3340 997; x_wconf 88' lang='lat' dir='ltr'><strong>Oves</strong></span> <span class='ocrx_word' id='word_1_186' title='bbox 3374 950 3557 996; x_wconf 87' lang='lat' dir='ltr'><strong>autem</strong></span> <span class='ocrx_word' id='word_1_187' title='bbox 3604 943 3738 1011; x_wconf 87' lang='lat' dir='ltr'><strong>sim-</strong></span> 
     </span>
    </p>
   </div>
   <div class='ocr_carea' id='block_1_24' title="bbox 2142 1032 3736 1104">
    <p class='ocr_par' dir='ltr' id='par_1_24' title="bbox 2142 1032 3736 1104">
     <span class='ocr_line' id='line_1_24' title="bbox 2142 1032 3736 1104; baseline 0.003 -18"><span class='ocrx_word' id='word_1_188' title='bbox 2142 1032 2310 1103; x_wconf 88' lang='lat' dir='ltr'><strong>plices</strong></span> <span class='ocrx_word' id='word_1_189' title='bbox 2335 1047 2456 1088; x_wconf 88' lang='lat' dir='ltr'><strong>esse</strong></span> <span class='ocrx_word' id='word_1_190' title='bbox 2485 1034 2721 1088; x_wconf 78' lang='lat' dir='ltr'><strong>diximus</strong></span> <span class='ocrx_word' id='word_1_191' title='bbox 2739 1074 2753 1096; x_wconf 90' lang='lat'><strong>,</strong></span> <span class='ocrx_word' id='word_1_192' title='bbox 2788 1047 2980 1103; x_wconf 89' lang='lat' dir='ltr'><strong>capras</strong></span> <span class='ocrx_word' id='word_1_193' title='bbox 3011 1032 3177 1087; x_wconf 90' lang='lat' dir='ltr'><strong>etiam</strong></span> <span class='ocrx_word' id='word_1_194' title='bbox 3207 1033 3483 1104; x_wconf 87' lang='lat' dir='ltr'><strong>simplices</strong></span> <span class='ocrx_word' id='word_1_195' title='bbox 3510 1035 3736 1104; x_wconf 86' lang='lat' dir='ltr'><strong>quidem</strong></span> 
     </span>
    </p>
   </div>
   <div class='ocr_carea' id='block_1_25' title="bbox 2142 1124 3732 1194">
    <p class='ocr_par' dir='ltr' id='par_1_25' title="bbox 2142 1124 3732 1194">
     <span class='ocr_line' id='line_1_25' title="bbox 2142 1124 3732 1194; baseline 0.001 -17"><span class='ocrx_word' id='word_1_196' title='bbox 2142 1132 2387 1179; x_wconf 88' lang='lat' dir='ltr'><strong>versatos</strong></span> <span class='ocrx_word' id='word_1_197' title='bbox 2418 1124 2469 1179; x_wconf 92' lang='lat' dir='ltr'><strong>in</strong></span> <span class='ocrx_word' id='word_1_198' title='bbox 2501 1124 2773 1193; x_wconf 84' lang='lat' dir='ltr'><strong>peccatis,</strong></span> <span class='ocrx_word' id='word_1_199' title='bbox 2805 1124 2900 1178; x_wconf 88' lang='lat' dir='ltr'><strong>sed</strong></span> <span class='ocrx_word' id='word_1_200' title='bbox 2941 1131 3121 1178; x_wconf 88' lang='lat' dir='ltr'><strong>tamen</strong></span> <span class='ocrx_word' id='word_1_201' title='bbox 3165 1132 3355 1194; x_wconf 89' lang='lat' dir='ltr'><strong>postea</strong></span> <span class='ocrx_word' id='word_1_202' title='bbox 3396 1139 3732 1191; x_wconf 85' lang='lat' dir='ltr'><strong>conversos;</strong></span> 
     </span>
    </p>
   </div>
   <div class='ocr_carea' id='block_1_26' title="bbox 2143 1213 3732 1284">
    <p class='ocr_par' dir='ltr' id='par_1_26' title="bbox 2143 1213 3732 1284">
     <span class='ocr_line' id='line_1_26' title="bbox 2143 1213 3732 1284; baseline 0.001 -16"><span class='ocrx_word' id='word_1_203' title='bbox 2143 1213 2235 1269; x_wconf 88' lang='lat' dir='ltr'><strong>sed</strong></span> <span class='ocrx_word' id='word_1_204' title='bbox 2269 1214 2341 1269; x_wconf 86' lang='lat' dir='ltr'><strong>ibi</strong></span> <span class='ocrx_word' id='word_1_205' title='bbox 2372 1215 2566 1269; x_wconf 89' lang='lat' dir='ltr'><strong>ovibus</strong></span> <span class='ocrx_word' id='word_1_206' title='bbox 2596 1215 2760 1268; x_wconf 87' lang='lat' dir='ltr'><strong>etiam</strong></span> <span class='ocrx_word' id='word_1_207' title='bbox 2792 1229 3082 1284; x_wconf 88' lang='lat' dir='ltr'><strong>caprarum</strong></span> <span class='ocrx_word' id='word_1_208' title='bbox 3116 1214 3443 1269; x_wconf 90' lang='lat' dir='ltr'><strong>sacriﬁcium</strong></span> <span class='ocrx_word' id='word_1_209' title='bbox 3474 1215 3732 1277; x_wconf 84' lang='lat' dir='ltr'><strong>miscuit.</strong></span> 
     </span>
    </p>
   </div>
   <div class='ocr_carea' id='block_1_27' title="bbox 2143 1303 3735 1374">
    <p class='ocr_par' dir='ltr' id='par_1_27' title="bbox 2143 1303 3735 1374">
     <span class='ocr_line' id='line_1_27' title="bbox 2143 1303 3735 1374; baseline 0.003 -17"><span class='ocrx_word' id='word_1_210' title='bbox 2143 1303 2221 1358; x_wconf 88' lang='lat' dir='ltr'><strong>ait</strong></span> <span class='ocrx_word' id='word_1_211' title='bbox 2247 1304 2393 1358; x_wconf 87' lang='lat' dir='ltr'><strong>enim</strong></span> <span class='ocrx_word' id='word_1_212' title='bbox 2422 1321 2433 1357; x_wconf 89' lang='lat'>:</span> <span class='ocrx_word' id='word_1_213' title='bbox 2469 1303 2624 1370; x_wconf 84' lang='lat' dir='ltr'><strong>Quod</strong></span> <span class='ocrx_word' id='word_1_214' title='bbox 2645 1305 2691 1358; x_wconf 88' lang='lat' dir='ltr'><strong>si</strong></span> <span class='ocrx_word' id='word_1_215' title='bbox 2718 1304 2782 1357; x_wconf 87' lang='lat' dir='ltr'><strong>de</strong></span> <span class='ocrx_word' id='word_1_216' title='bbox 2807 1304 3079 1374; x_wconf 77' lang='lat' dir='ltr'><strong>pecoribus</strong></span> <span class='ocrx_word' id='word_1_217' title='bbox 3105 1304 3300 1359; x_wconf 89' lang='lat' dir='ltr'><strong>oblatio</strong></span> <span class='ocrx_word' id='word_1_218' title='bbox 3324 1314 3399 1359; x_wconf 84' lang='lat' dir='ltr'><strong>est</strong></span> <span class='ocrx_word' id='word_1_219' title='bbox 3416 1345 3431 1371; x_wconf 92' lang='lat'><strong>,</strong></span> <span class='ocrx_word' id='word_1_220' title='bbox 3457 1305 3521 1359; x_wconf 82' lang='lat' dir='ltr'><strong>de</strong></span> <span class='ocrx_word' id='word_1_221' title='bbox 3547 1308 3735 1361; x_wconf 84' lang='lat' dir='ltr'><strong>ovibus</strong></span> 
     </span>
    </p>
   </div>
   <div class='ocr_carea' id='block_1_28' title="bbox 2140 1398 3734 1471">
    <p class='ocr_par' dir='ltr' id='par_1_28' title="bbox 2140 1398 3734 1471">
     <span class='ocr_line' id='line_1_28' title="bbox 2140 1398 3734 1471; baseline 0.002 -18"><span class='ocrx_word' id='word_1_222' title='bbox 2140 1400 2247 1453; x_wconf 84' lang='lat' dir='ltr'><strong>sive</strong></span> <span class='ocrx_word' id='word_1_223' title='bbox 2267 1399 2331 1453; x_wconf 84' lang='lat' dir='ltr'><strong>de</strong></span> <span class='ocrx_word' id='word_1_224' title='bbox 2355 1399 2528 1468; x_wconf 79' lang='lat' dir='ltr'><strong>capris</strong></span> <span class='ocrx_word' id='word_1_225' title='bbox 2548 1398 2912 1453; x_wconf 80' lang='lat' dir='ltr'><strong>holocaustum</strong></span> <span class='ocrx_word' id='word_1_226' title='bbox 2928 1439 2943 1464; x_wconf 96' lang='lat'><strong>,</strong></span> <span class='ocrx_word' id='word_1_227' title='bbox 2968 1398 3277 1453; x_wconf 80' lang='lat' dir='ltr'><strong>anniculam</strong></span> <span class='ocrx_word' id='word_1_228' title='bbox 3301 1400 3492 1471; x_wconf 83' lang='lat' dir='ltr'><strong>absque</strong></span> <span class='ocrx_word' id='word_1_229' title='bbox 3512 1401 3734 1456; x_wconf 86' lang='lat' dir='ltr'><strong>macula</strong></span> 
     </span>
    </p>
   </div>
   <div class='ocr_carea' id='block_1_29' title="bbox 2140 1488 3735 1559">
    <p class='ocr_par' dir='ltr' id='par_1_29' title="bbox 2140 1488 3735 1559">
     <span class='ocr_line' id='line_1_29' title="bbox 2140 1488 3735 1559; baseline 0.002 -16"><span class='ocrx_word' id='word_1_230' title='bbox 2140 1490 2326 1559; x_wconf 71' lang='lat' dir='ltr'><strong>oﬁ&#39;eret</strong></span> <span class='ocrx_word' id='word_1_231' title='bbox 2359 1508 2379 1557; x_wconf 87' lang='lat'><strong>;</strong></span> <span class='ocrx_word' id='word_1_232' title='bbox 2430 1488 2574 1543; x_wconf 77' lang='lat' dir='ltr'><strong>LXX</strong></span> <span class='ocrx_word' id='word_1_233' title='bbox 2612 1498 2792 1544; x_wconf 88' lang='lat' dir='ltr'><strong>autem</strong></span> <span class='ocrx_word' id='word_1_234' title='bbox 2833 1489 2913 1544; x_wconf 89' lang='lat' dir='ltr'><strong>sic</strong></span> <span class='ocrx_word' id='word_1_235' title='bbox 2953 1488 3163 1545; x_wconf 88' lang='lat' dir='ltr'><strong>edunt:</strong></span> <span class='ocrx_word' id='word_1_236' title='bbox 3201 1488 3262 1545; x_wconf 88' lang='lat' dir='ltr'><strong>Si</strong></span> <span class='ocrx_word' id='word_1_237' title='bbox 3302 1491 3368 1545; x_wconf 89' lang='lat' dir='ltr'><strong>ab</strong></span> <span class='ocrx_word' id='word_1_238' title='bbox 3401 1491 3582 1546; x_wconf 86' lang='lat' dir='ltr'><strong>ovibus</strong></span> <span class='ocrx_word' id='word_1_239' title='bbox 3614 1510 3735 1546; x_wconf 87' lang='lat' dir='ltr'><strong>mu-</strong></span> 
     </span>
    </p>
   </div>
   <div class='ocr_carea' id='block_1_30' title="bbox 2142 1580 3731 1652">
    <p class='ocr_par' dir='ltr' id='par_1_30' title="bbox 2142 1580 3731 1652">
     <span class='ocr_line' id='line_1_30' title="bbox 2142 1580 3731 1652; baseline 0.001 -16"><span class='ocrx_word' id='word_1_240' title='bbox 2142 1599 2239 1636; x_wconf 89' lang='lat' dir='ltr'><strong>nus</strong></span> <span class='ocrx_word' id='word_1_241' title='bbox 2265 1581 2378 1652; x_wconf 81' lang='lat' dir='ltr'><strong>ejus</strong></span> <span class='ocrx_word' id='word_1_242' title='bbox 2405 1581 2471 1636; x_wconf 89' lang='lat' dir='ltr'><strong>ab</strong></span> <span class='ocrx_word' id='word_1_243' title='bbox 2498 1581 2649 1652; x_wconf 86' lang='lat' dir='ltr'><strong>agnis</strong></span> <span class='ocrx_word' id='word_1_244' title='bbox 2672 1591 2719 1635; x_wconf 89' lang='lat' dir='ltr'><strong>et</strong></span> <span class='ocrx_word' id='word_1_245' title='bbox 2744 1581 2909 1635; x_wconf 82' lang='lat' dir='ltr'><strong>Iurdis</strong></span> <span class='ocrx_word' id='word_1_246' title='bbox 2929 1582 2985 1635; x_wconf 88' lang='lat' dir='ltr'><strong>in</strong></span> <span class='ocrx_word' id='word_1_247' title='bbox 3007 1580 3401 1648; x_wconf 81' lang='lat' dir='ltr'><strong>holocaustum,</strong></span> <span class='ocrx_word' id='word_1_248' title='bbox 3429 1582 3731 1637; x_wconf 79' lang='lat' dir='ltr'><strong>masculum</strong></span> 
     </span>
    </p>
   </div>
   <div class='ocr_carea' id='block_1_31' title="bbox 2139 1671 3733 1744">
    <p class='ocr_par' dir='ltr' id='par_1_31' title="bbox 2139 1671 3733 1744">
     <span class='ocr_line' id='line_1_31' title="bbox 2139 1671 3733 1744; baseline 0.001 -17"><span class='ocrx_word' id='word_1_249' title='bbox 2139 1672 2540 1727; x_wconf 84' lang='lat' dir='ltr'><strong>immaculatum</strong></span> <span class='ocrx_word' id='word_1_250' title='bbox 2562 1673 2746 1741; x_wconf 71' lang='lat' dir='ltr'><strong>offeret</strong></span> <span class='ocrx_word' id='word_1_251' title='bbox 2767 1671 2937 1726; x_wconf 89' lang='lat' dir='ltr'><strong>illum.</strong></span> <span class='ocrx_word' id='word_1_252' title='bbox 2963 1671 3098 1739; x_wconf 85' lang='lat' dir='ltr'><strong>Quia</strong></span> <span class='ocrx_word' id='word_1_253' title='bbox 3119 1688 3249 1728; x_wconf 81' lang='lat' dir='ltr'><strong>oves</strong></span> <span class='ocrx_word' id='word_1_254' title='bbox 3272 1688 3442 1744; x_wconf 88' lang='lat' dir='ltr'><strong>genus</strong></span> <span class='ocrx_word' id='word_1_255' title='bbox 3465 1673 3733 1744; x_wconf 87' lang='lat' dir='ltr'><strong>quodam-</strong></span> 
     </span>
    </p>
   </div>
   <div class='ocr_carea' id='block_1_32' title="bbox 2141 1763 3734 1835">
    <p class='ocr_par' dir='ltr' id='par_1_32' title="bbox 2141 1763 3734 1835">
     <span class='ocr_line' id='line_1_32' title="bbox 2141 1763 3734 1835; baseline 0.001 -16"><span class='ocrx_word' id='word_1_256' title='bbox 2141 1764 2304 1820; x_wconf 86' lang='lat' dir='ltr'><strong>modo</strong></span> <span class='ocrx_word' id='word_1_257' title='bbox 2343 1778 2466 1819; x_wconf 89' lang='lat' dir='ltr'><strong>esse</strong></span> <span class='ocrx_word' id='word_1_258' title='bbox 2505 1778 2767 1835; x_wconf 77' lang='lat' dir='ltr'><strong>agnorunt</strong></span> <span class='ocrx_word' id='word_1_259' title='bbox 2810 1772 2867 1818; x_wconf 89' lang='lat' dir='ltr'><strong>et</strong></span> <span class='ocrx_word' id='word_1_260' title='bbox 2904 1763 3183 1818; x_wconf 84' lang='lat' dir='ltr'><strong>haedorum</strong></span> <span class='ocrx_word' id='word_1_261' title='bbox 3228 1763 3527 1834; x_wconf 74' lang='lat' dir='ltr'><strong>complexi,</strong></span> <span class='ocrx_word' id='word_1_262' title='bbox 3560 1763 3734 1821; x_wconf 80' lang='lat' dir='ltr'><strong>Vetus</strong></span> 
     </span>
    </p>
   </div>
   <div class='ocr_carea' id='block_1_33' title="bbox 456 1840 3731 1936">
    <p class='ocr_par' dir='ltr' id='par_1_33' title="bbox 456 1840 3731 1936">
     <span class='ocr_line' id='line_1_33' title="bbox 456 1840 3731 1936; baseline -0.002 -19"><span class='ocrx_word' id='word_1_263' title='bbox 456 1840 690 1936; x_wconf 45' lang='lat' dir='ltr'><strong>(lituique</strong></span> <span class='ocrx_word' id='word_1_264' title='bbox 718 1840 1182 1935; x_wconf 82' lang='lat' dir='ltr'><strong>appropinquasset</strong></span> <span class='ocrx_word' id='word_1_265' title='bbox 1211 1863 1280 1915; x_wconf 89' lang='lat' dir='ltr'><strong>ad</strong></span> <span class='ocrx_word' id='word_1_266' title='bbox 1309 1873 1484 1916; x_wconf 87' lang='lat' dir='ltr'><strong>castra</strong></span> <span class='ocrx_word' id='word_1_267' title='bbox 1507 1903 1522 1929; x_wconf 96' lang='lat'><strong>,</strong></span> <span class='ocrx_word' id='word_1_268' title='bbox 1549 1862 1675 1915; x_wconf 81' lang='lat' dir='ltr'><strong>vidit</strong></span> <span class='ocrx_word' id='word_1_269' title='bbox 1721 1860 1941 1916; x_wconf 82' lang='lat' dir='ltr'><strong>vitulum</strong></span> <span class='ocrx_word' id='word_1_270' title='bbox 1984 1870 2030 1915; x_wconf 87' lang='lat' dir='ltr'><strong>et</strong></span> <span class='ocrx_word' id='word_1_271' title='bbox 2064 1840 2110 1899; x_wconf 77' lang='grc' dir='ltr'><strong>Β</strong></span> <span class='ocrx_word' id='word_1_272' title='bbox 2139 1855 2546 1911; x_wconf 86' lang='lat' dir='ltr'><strong>Testamentum</strong></span> <span class='ocrx_word' id='word_1_273' title='bbox 2585 1855 2905 1921; x_wconf 65' lang='lat' dir='ltr'><strong>aestimavit,</strong></span> <span class='ocrx_word' id='word_1_274' title='bbox 2936 1855 3179 1911; x_wconf 86' lang='lat' dir='ltr'><strong>invenies</strong></span> <span class='ocrx_word' id='word_1_275' title='bbox 3207 1871 3318 1910; x_wconf 89' lang='lat' dir='ltr'><strong>non</strong></span> <span class='ocrx_word' id='word_1_276' title='bbox 3351 1857 3439 1912; x_wconf 90' lang='lat' dir='ltr'><strong>hic</strong></span> <span class='ocrx_word' id='word_1_277' title='bbox 3478 1865 3731 1923; x_wconf 84' lang='lat' dir='ltr'><strong>tantum,</strong></span> 
     </span>
    </p>
   </div>
   <div class='ocr_carea' id='block_1_34' title="bbox 456 1951 2032 2024">
    <p class='ocr_par' dir='ltr' id='par_1_34' title="bbox 456 1951 2032 2024">
     <span class='ocr_line' id='line_1_34' title="bbox 456 1951 2032 2024; baseline -0.001 -17"><span class='ocrx_word' id='word_1_278' title='bbox 456 1954 641 2008; x_wconf 86' lang='lat' dir='ltr'><strong>choros</strong></span> <span class='ocrx_word' id='word_1_279' title='bbox 661 1994 675 2018; x_wconf 91' lang='lat'><strong>,</strong></span> <span class='ocrx_word' id='word_1_280' title='bbox 705 1954 973 2024; x_wconf 84' lang='lat' dir='ltr'><strong>iratusque</strong></span> <span class='ocrx_word' id='word_1_281' title='bbox 1001 1952 1149 2007; x_wconf 82' lang='lat' dir='ltr'><strong>valde</strong></span> <span class='ocrx_word' id='word_1_282' title='bbox 1174 1953 1393 2023; x_wconf 86' lang='lat' dir='ltr'><strong>projecit</strong></span> <span class='ocrx_word' id='word_1_283' title='bbox 1419 1953 1484 2006; x_wconf 90' lang='lat' dir='ltr'><strong>de</strong></span> <span class='ocrx_word' id='word_1_284' title='bbox 1513 1970 1673 2007; x_wconf 87' lang='lat' dir='ltr'><strong>manu</strong></span> <span class='ocrx_word' id='word_1_285' title='bbox 1714 1951 1952 2017; x_wconf 86' lang='lat' dir='ltr'><strong>tabulas,</strong></span> <span class='ocrx_word' id='word_1_286' title='bbox 1983 1962 2032 2006; x_wconf 88' lang='lat' dir='ltr'><strong>et</strong></span> 
     </span>
    </p>
   </div>
   <div class='ocr_carea' id='block_1_35' title="bbox 455 2044 2030 2116">
    <p class='ocr_par' dir='ltr' id='par_1_35' title="bbox 455 2044 2030 2116">
     <span class='ocr_line' id='line_1_35' title="bbox 455 2044 2030 2116; baseline -0.001 -17"><span class='ocrx_word' id='word_1_287' title='bbox 455 2045 709 2116; x_wconf 77' lang='lat' dir='ltr'><strong>confregit</strong></span> <span class='ocrx_word' id='word_1_288' title='bbox 737 2062 826 2100; x_wconf 89' lang='lat' dir='ltr'><strong>eas</strong></span> <span class='ocrx_word' id='word_1_289' title='bbox 856 2047 924 2098; x_wconf 90' lang='lat' dir='ltr'><strong>ad</strong></span> <span class='ocrx_word' id='word_1_290' title='bbox 957 2045 1185 2099; x_wconf 88' lang='lat' dir='ltr'><strong>radicem</strong></span> <span class='ocrx_word' id='word_1_291' title='bbox 1212 2045 1435 2110; x_wconf 89' lang='lat' dir='ltr'><strong>montis,</strong></span> <span class='ocrx_word' id='word_1_292' title='bbox 1468 2052 1575 2100; x_wconf 90' lang='lat' dir='ltr'><strong>etc.</strong></span> <span class='ocrx_word' id='word_1_293' title='bbox 1605 2044 1802 2116; x_wconf 76' lang='lat' dir='ltr'><strong>(Exod.</strong></span> <span class='ocrx_word' id='word_1_294' title='bbox 1833 2044 2030 2115; x_wconf 77' lang='lat' dir='ltr'><strong>xxxn).</strong></span> 
     </span>
    </p>
   </div>
   <div class='ocr_carea' id='block_1_36' title="bbox 454 2134 2033 2204">
    <p class='ocr_par' dir='ltr' id='par_1_36' title="bbox 454 2134 2033 2204">
     <span class='ocr_line' id='line_1_36' title="bbox 454 2134 2033 2204; baseline -0.001 -14"><span class='ocrx_word' id='word_1_295' title='bbox 454 2135 608 2201; x_wconf 81' lang='lat' dir='ltr'><strong>Quod</strong></span> <span class='ocrx_word' id='word_1_296' title='bbox 646 2143 828 2191; x_wconf 88' lang='lat' dir='ltr'><strong>autem</strong></span> <span class='ocrx_word' id='word_1_297' title='bbox 870 2136 926 2189; x_wconf 93' lang='lat' dir='ltr'><strong>in</strong></span> <span class='ocrx_word' id='word_1_298' title='bbox 966 2135 1160 2204; x_wconf 89' lang='lat' dir='ltr'><strong>hepate</strong></span> <span class='ocrx_word' id='word_1_299' title='bbox 1206 2134 1651 2204; x_wconf 65' lang='lat' dir='ltr'><strong>concupiscentia</strong></span> <span class='ocrx_word' id='word_1_300' title='bbox 1692 2134 2033 2204; x_wconf 87' lang='lat' dir='ltr'><strong>requiescere</strong></span> 
     </span>
    </p>
   </div>
   <div class='ocr_carea' id='block_1_37' title="bbox 454 2226 2030 2297">
    <p class='ocr_par' dir='ltr' id='par_1_37' title="bbox 454 2226 2030 2297">
     <span class='ocr_line' id='line_1_37' title="bbox 454 2226 2030 2297; baseline 0.001 -17"><span class='ocrx_word' id='word_1_301' title='bbox 454 2236 733 2296; x_wconf 85' lang='lat' dir='ltr'><strong>putantur,</strong></span> <span class='ocrx_word' id='word_1_302' title='bbox 770 2235 1057 2297; x_wconf 81' lang='lat' dir='ltr'><strong>propterea</strong></span> <span class='ocrx_word' id='word_1_303' title='bbox 1091 2226 1351 2296; x_wconf 87' lang='lat' dir='ltr'><strong>pinnam,</strong></span> <span class='ocrx_word' id='word_1_304' title='bbox 1388 2226 1441 2281; x_wconf 86' lang='lat' dir='ltr'><strong>id</strong></span> <span class='ocrx_word' id='word_1_305' title='bbox 1477 2235 1590 2290; x_wconf 91' lang='lat' dir='ltr'><strong>est,</strong></span> <span class='ocrx_word' id='word_1_306' title='bbox 1631 2227 2030 2293; x_wconf 86' lang='lat' dir='ltr'><strong>summitatem,</strong></span> 
     </span>
    </p>
   </div>
   <div class='ocr_carea' id='block_1_38' title="bbox 455 2316 2029 2388">
    <p class='ocr_par' dir='ltr' id='par_1_38' title="bbox 455 2316 2029 2388">
     <span class='ocr_line' id='line_1_38' title="bbox 455 2316 2029 2388; baseline 0.001 -17"><span class='ocrx_word' id='word_1_307' title='bbox 455 2316 657 2372; x_wconf 84' lang='lat' dir='ltr'><strong>auferri</strong></span> <span class='ocrx_word' id='word_1_308' title='bbox 686 2333 811 2373; x_wconf 89' lang='lat' dir='ltr'><strong>cum</strong></span> <span class='ocrx_word' id='word_1_309' title='bbox 842 2319 1060 2374; x_wconf 87' lang='lat' dir='ltr'><strong>renibus</strong></span> <span class='ocrx_word' id='word_1_310' title='bbox 1086 2318 1380 2388; x_wconf 70' lang='lat' dir='ltr'><strong>prmcepit,</strong></span> <span class='ocrx_word' id='word_1_311' title='bbox 1412 2326 1467 2374; x_wconf 89' lang='lat' dir='ltr'><strong>et</strong></span> <span class='ocrx_word' id='word_1_312' title='bbox 1496 2318 1681 2374; x_wconf 76' lang='lat' dir='ltr'><strong>oﬁerri</strong></span> <span class='ocrx_word' id='word_1_313' title='bbox 1712 2320 1781 2374; x_wconf 89' lang='lat' dir='ltr'><strong>ad</strong></span> <span class='ocrx_word' id='word_1_314' title='bbox 1818 2318 1990 2375; x_wconf 88' lang='lat' dir='ltr'><strong>altare</strong></span> <span class='ocrx_word' id='word_1_315' title='bbox 2016 2339 2029 2373; x_wconf 89' lang='lat'><strong>:</strong></span> 
     </span>
    </p>
   </div>
   <div class='ocr_carea' id='block_1_39' title="bbox 454 2406 2034 2473">
    <p class='ocr_par' dir='ltr' id='par_1_39' title="bbox 454 2406 2034 2473">
     <span class='ocr_line' id='line_1_39' title="bbox 454 2406 2034 2473; baseline 0.003 -14"><span class='ocrx_word' id='word_1_316' title='bbox 454 2414 515 2460; x_wconf 85' lang='lat' dir='ltr'><strong>ut</strong></span> <span class='ocrx_word' id='word_1_317' title='bbox 548 2406 797 2462; x_wconf 84' lang='lat' dir='ltr'><strong>ab-omni</strong></span> <span class='ocrx_word' id='word_1_318' title='bbox 833 2406 974 2460; x_wconf 88' lang='lat' dir='ltr'><strong>mala</strong></span> <span class='ocrx_word' id='word_1_319' title='bbox 1013 2407 1377 2461; x_wconf 87' lang='lat' dir='ltr'><strong>delectatione</strong></span> <span class='ocrx_word' id='word_1_320' title='bbox 1413 2408 1760 2473; x_wconf 88' lang='lat' dir='ltr'><strong>mundemur,</strong></span> <span class='ocrx_word' id='word_1_321' title='bbox 1800 2409 2034 2463; x_wconf 85' lang='lat' dir='ltr'><strong>scientes</strong></span> 
     </span>
    </p>
   </div>
   <div class='ocr_carea' id='block_1_40' title="bbox 454 2496 2031 2567">
    <p class='ocr_par' dir='ltr' id='par_1_40' title="bbox 454 2496 2031 2567">
     <span class='ocr_line' id='line_1_40' title="bbox 454 2496 2031 2567; baseline 0.003 -17"><span class='ocrx_word' id='word_1_322' title='bbox 454 2496 581 2566; x_wconf 83' lang='lat' dir='ltr'><strong>quia</strong></span> <span class='ocrx_word' id='word_1_323' title='bbox 610 2496 881 2567; x_wconf 86' lang='lat' dir='ltr'><strong>primitiva</strong></span> <span class='ocrx_word' id='word_1_324' title='bbox 911 2498 1304 2567; x_wconf 80' lang='lat' dir='ltr'><strong>cogitationum</strong></span> <span class='ocrx_word' id='word_1_325' title='bbox 1332 2506 1640 2554; x_wconf 87' lang='lat' dir='ltr'><strong>nostrarum</strong></span> <span class='ocrx_word' id='word_1_326' title='bbox 1671 2499 1782 2555; x_wconf 88' lang='lat' dir='ltr'><strong>Deo</strong></span> <span class='ocrx_word' id='word_1_327' title='bbox 1810 2515 2031 2555; x_wconf 86' lang='lat' dir='ltr'><strong>necesse</strong></span> 
     </span>
    </p>
   </div>
   <div class='ocr_carea' id='block_1_41' title="bbox 454 2588 2030 2661">
    <p class='ocr_par' dir='ltr' id='par_1_41' title="bbox 454 2588 2030 2661">
     <span class='ocr_line' id='line_1_41' title="bbox 454 2588 2030 2661; baseline 0.001 -16"><span class='ocrx_word' id='word_1_328' title='bbox 454 2590 718 2646; x_wconf 85' lang='lat' dir='ltr'><strong>habemus</strong></span> <span class='ocrx_word' id='word_1_329' title='bbox 770 2588 1001 2655; x_wconf 88' lang='lat' dir='ltr'><strong>oli&#39;erre,</strong></span> <span class='ocrx_word' id='word_1_330' title='bbox 1062 2589 1467 2645; x_wconf 85' lang='lat' dir='ltr'><strong>sanctiﬁcantcs</strong></span> <span class='ocrx_word' id='word_1_331' title='bbox 1511 2605 1609 2661; x_wconf 89' lang='lat' dir='ltr'><strong>per</strong></span> <span class='ocrx_word' id='word_1_332' title='bbox 1648 2592 2030 2647; x_wconf 77' lang='lat' dir='ltr'><strong>delibationcm</strong></span> 
     </span>
    </p>
   </div>
   <div class='ocr_carea' id='block_1_42' title="bbox 452 2680 2033 2753">
    <p class='ocr_par' dir='ltr' id='par_1_42' title="bbox 452 2680 2033 2753">
     <span class='ocr_line' id='line_1_42' title="bbox 452 2680 2033 2753; baseline 0.001 -16"><span class='ocrx_word' id='word_1_333' title='bbox 452 2692 511 2738; x_wconf 89' lang='lat' dir='ltr'><strong>et</strong></span> <span class='ocrx_word' id='word_1_334' title='bbox 546 2695 804 2736; x_wconf 86' lang='lat' dir='ltr'><strong>massam.</strong></span> <span class='ocrx_word' id='word_1_335' title='bbox 850 2680 1232 2736; x_wconf 64' lang='lat' dir='ltr'><strong>Verumtamen</strong></span> <span class='ocrx_word' id='word_1_336' title='bbox 1283 2680 1357 2735; x_wconf 88' lang='lat' dir='ltr'><strong>ita</strong></span> <span class='ocrx_word' id='word_1_337' title='bbox 1385 2696 1443 2735; x_wconf 91' lang='lat' dir='ltr'><strong>se</strong></span> <span class='ocrx_word' id='word_1_338' title='bbox 1482 2683 1605 2751; x_wconf 85' lang='lat' dir='ltr'><strong>quis</strong></span> <span class='ocrx_word' id='word_1_339' title='bbox 1649 2682 1808 2737; x_wconf 88' lang='lat' dir='ltr'><strong>debet</strong></span> <span class='ocrx_word' id='word_1_340' title='bbox 1852 2683 2033 2753; x_wconf 82' lang='lat' dir='ltr'><strong>dispo-</strong></span> 
     </span>
    </p>
   </div>
   <div class='ocr_carea' id='block_1_43' title="bbox 451 2770 2032 2841">
    <p class='ocr_par' dir='ltr' id='par_1_43' title="bbox 451 2770 2032 2841">
     <span class='ocr_line' id='line_1_43' title="bbox 451 2770 2032 2841; baseline 0.002 -14"><span class='ocrx_word' id='word_1_341' title='bbox 451 2786 604 2838; x_wconf 85' lang='lat' dir='ltr'><strong>nere,</strong></span> <span class='ocrx_word' id='word_1_342' title='bbox 635 2779 693 2825; x_wconf 91' lang='lat' dir='ltr'><strong>ut</strong></span> <span class='ocrx_word' id='word_1_343' title='bbox 719 2785 880 2826; x_wconf 87' lang='lat' dir='ltr'><strong>omne</strong></span> <span class='ocrx_word' id='word_1_344' title='bbox 908 2770 1233 2826; x_wconf 84' lang='lat' dir='ltr'><strong>desiderium</strong></span> <span class='ocrx_word' id='word_1_345' title='bbox 1275 2780 1330 2826; x_wconf 92' lang='lat' dir='ltr'><strong>et</strong></span> <span class='ocrx_word' id='word_1_346' title='bbox 1366 2772 1700 2841; x_wconf 78' lang='lat' dir='ltr'><strong>propositum</strong></span> <span class='ocrx_word' id='word_1_347' title='bbox 1745 2770 2032 2840; x_wconf 77' lang='lat' dir='ltr'><strong>cujuslibet</strong></span> 
     </span>
    </p>
   </div>
   <div class='ocr_carea' id='block_1_44' title="bbox 451 2860 2030 2930">
    <p class='ocr_par' dir='ltr' id='par_1_44' title="bbox 451 2860 2030 2930">
     <span class='ocr_line' id='line_1_44' title="bbox 451 2860 2030 2930; baseline 0.004 -14"><span class='ocrx_word' id='word_1_348' title='bbox 451 2860 683 2916; x_wconf 86' lang='lat' dir='ltr'><strong>actionis</strong></span> <span class='ocrx_word' id='word_1_349' title='bbox 732 2869 788 2915; x_wconf 87' lang='lat' dir='ltr'><strong>et</strong></span> <span class='ocrx_word' id='word_1_350' title='bbox 841 2861 1362 2917; x_wconf 84' lang='lat' dir='ltr'><strong>consummationem</strong></span> <span class='ocrx_word' id='word_1_351' title='bbox 1421 2862 1529 2917; x_wconf 87' lang='lat' dir='ltr'><strong>Deo</strong></span> <span class='ocrx_word' id='word_1_352' title='bbox 1578 2862 1804 2930; x_wconf 77' lang='lat' dir='ltr'><strong>ollerat,</strong></span> <span class='ocrx_word' id='word_1_353' title='bbox 1854 2866 1951 2921; x_wconf 87' lang='lat' dir='ltr'><strong>sed</strong></span> <span class='ocrx_word' id='word_1_354' title='bbox 1998 2882 2030 2921; x_wconf 88' lang='lat' dir='ltr'><strong>a</strong></span> 
     </span>
    </p>
   </div>
   <div class='ocr_carea' id='block_1_45' title="bbox 450 2952 2025 3013">
    <p class='ocr_par' dir='ltr' id='par_1_45' title="bbox 450 2952 2025 3013">
     <span class='ocr_line' id='line_1_45' title="bbox 450 2952 2025 3013; baseline 0.002 -5"><span class='ocrx_word' id='word_1_355' title='bbox 450 2952 590 3008; x_wconf 90' lang='lat' dir='ltr'><strong>maia</strong></span> <span class='ocrx_word' id='word_1_356' title='bbox 620 2953 701 3008; x_wconf 89' lang='lat' dir='ltr'><strong>ira</strong></span> <span class='ocrx_word' id='word_1_357' title='bbox 728 2961 784 3008; x_wconf 86' lang='lat' dir='ltr'><strong>et</strong></span> <span class='ocrx_word' id='word_1_358' title='bbox 811 2968 843 3008; x_wconf 88' lang='lat' dir='ltr'><strong>a</strong></span> <span class='ocrx_word' id='word_1_359' title='bbox 876 2952 969 3009; x_wconf 88' lang='lat' dir='ltr'><strong>tali</strong></span> <span class='ocrx_word' id='word_1_360' title='bbox 1000 2953 1358 3009; x_wconf 85' lang='lat' dir='ltr'><strong>delectatione</strong></span> <span class='ocrx_word' id='word_1_361' title='bbox 1388 2956 1640 3010; x_wconf 75' lang='lat' dir='ltr'><strong>mandari</strong></span> <span class='ocrx_word' id='word_1_362' title='bbox 1673 2955 1856 3013; x_wconf 85' lang='lat' dir='ltr'><strong>debet.</strong></span> <span class='ocrx_word' id='word_1_363' title='bbox 1888 2956 2025 3012; x_wconf 86' lang='lat' dir='ltr'><strong>Pro—</strong></span> 
     </span>
    </p>
   </div>
   <div class='ocr_carea' id='block_1_46' title="bbox 449 3046 2030 3121">
    <p class='ocr_par' dir='ltr' id='par_1_46' title="bbox 449 3046 2030 3121">
     <span class='ocr_line' id='line_1_46' title="bbox 449 3046 2030 3121; baseline 0.003 -20"><span class='ocrx_word' id='word_1_364' title='bbox 449 3055 634 3115; x_wconf 86' lang='lat' dir='ltr'><strong>pterea</strong></span> <span class='ocrx_word' id='word_1_365' title='bbox 663 3046 805 3101; x_wconf 88' lang='lat' dir='ltr'><strong>enim</strong></span> <span class='ocrx_word' id='word_1_366' title='bbox 836 3055 1044 3101; x_wconf 88' lang='lat' dir='ltr'><strong>motum</strong></span> <span class='ocrx_word' id='word_1_367' title='bbox 1070 3048 1165 3102; x_wconf 78' lang='lat' dir='ltr'><strong>ira:</strong></span> <span class='ocrx_word' id='word_1_368' title='bbox 1194 3058 1250 3103; x_wconf 89' lang='lat' dir='ltr'><strong>ct</strong></span> <span class='ocrx_word' id='word_1_369' title='bbox 1278 3048 1697 3104; x_wconf 87' lang='lat' dir='ltr'><strong>delectationum</strong></span> <span class='ocrx_word' id='word_1_370' title='bbox 1726 3050 2030 3121; x_wconf 84' lang='lat' dir='ltr'><strong>primitias,</strong></span> 
     </span>
    </p>
   </div>
   <div class='ocr_carea' id='block_1_47' title="bbox 449 3137 2029 3211">
    <p class='ocr_par' dir='ltr' id='par_1_47' title="bbox 449 3137 2029 3211">
     <span class='ocr_line' id='line_1_47' title="bbox 449 3137 2029 3211; baseline 0.001 -16"><span class='ocrx_word' id='word_1_371' title='bbox 449 3142 733 3210; x_wconf 85' lang='lat' dir='ltr'><strong>ipsumque</strong></span> <span class='ocrx_word' id='word_1_372' title='bbox 762 3147 935 3194; x_wconf 86' lang='lat' dir='ltr'><strong>totum</strong></span> <span class='ocrx_word' id='word_1_373' title='bbox 963 3137 1274 3211; x_wconf 81' lang='lat' dir='ltr'><strong>c0njngium</strong></span> <span class='ocrx_word' id='word_1_374' title='bbox 1294 3180 1308 3202; x_wconf 91' lang='lat'><strong>,</strong></span> <span class='ocrx_word' id='word_1_375' title='bbox 1342 3155 1438 3210; x_wconf 88' lang='lat' dir='ltr'><strong>per</strong></span> <span class='ocrx_word' id='word_1_376' title='bbox 1479 3140 1703 3209; x_wconf 85' lang='lat' dir='ltr'><strong>pinnam</strong></span> <span class='ocrx_word' id='word_1_377' title='bbox 1735 3142 1946 3211; x_wconf 89' lang='lat' dir='ltr'><strong>hcpatis</strong></span> <span class='ocrx_word' id='word_1_378' title='bbox 1973 3152 2029 3197; x_wconf 91' lang='lat' dir='ltr'><strong>et</strong></span> 
     </span>
    </p>
   </div>
   <div class='ocr_carea' id='block_1_48' title="bbox 451 3228 2029 3300">
    <p class='ocr_par' dir='ltr' id='par_1_48' title="bbox 451 3228 2029 3300">
     <span class='ocr_line' id='line_1_48' title="bbox 451 3228 2029 3300; baseline 0.004 -17"><span class='ocrx_word' id='word_1_379' title='bbox 451 3245 639 3283; x_wconf 88' lang='lat' dir='ltr'><strong>renum</strong></span> <span class='ocrx_word' id='word_1_380' title='bbox 683 3228 907 3296; x_wconf 74' lang='lat' dir='ltr'><strong>oll‘erct,</strong></span> <span class='ocrx_word' id='word_1_381' title='bbox 949 3240 1206 3300; x_wconf 88' lang='lat' dir='ltr'><strong>recteque</strong></span> <span class='ocrx_word' id='word_1_382' title='bbox 1243 3241 1420 3300; x_wconf 88' lang='lat' dir='ltr'><strong>potest</strong></span> <span class='ocrx_word' id='word_1_383' title='bbox 1464 3247 1618 3287; x_wconf 89' lang='lat' dir='ltr'><strong>suam</strong></span> <span class='ocrx_word' id='word_1_384' title='bbox 1660 3235 2029 3290; x_wconf 86' lang='lat' dir='ltr'><strong>conversatio-</strong></span> 
     </span>
    </p>
   </div>
   <div class='ocr_carea' id='block_1_49' title="bbox 450 3320 2029 3394">
    <p class='ocr_par' dir='ltr' id='par_1_49' title="bbox 450 3320 2029 3394">
     <span class='ocr_line' id='line_1_49' title="bbox 450 3320 2029 3394; baseline 0.003 -19"><span class='ocrx_word' id='word_1_385' title='bbox 450 3336 572 3375; x_wconf 73' lang='lat' dir='ltr'><strong>nem</strong></span> <span class='ocrx_word' id='word_1_386' title='bbox 614 3320 683 3375; x_wconf 87' lang='lat' dir='ltr'><strong>ad</strong></span> <span class='ocrx_word' id='word_1_387' title='bbox 711 3335 1005 3390; x_wconf 87' lang='lat' dir='ltr'><strong>supernum</strong></span> <span class='ocrx_word' id='word_1_388' title='bbox 1035 3321 1207 3376; x_wconf 89' lang='lat' dir='ltr'><strong>altare</strong></span> <span class='ocrx_word' id='word_1_389' title='bbox 1234 3321 1458 3387; x_wconf 86' lang='lat' dir='ltr'><strong>oli&#39;erre,</strong></span> <span class='ocrx_word' id='word_1_390' title='bbox 1491 3331 1548 3378; x_wconf 89' lang='lat' dir='ltr'><strong>et</strong></span> <span class='ocrx_word' id='word_1_391' title='bbox 1577 3339 1742 3394; x_wconf 84' lang='lat' dir='ltr'><strong>super</strong></span> <span class='ocrx_word' id='word_1_392' title='bbox 1775 3325 2029 3381; x_wconf 83' lang='lat' dir='ltr'><strong>holocau-</strong></span> 
     </span>
    </p>
   </div>
   <div class='ocr_carea' id='block_1_50' title="bbox 451 3413 2028 3486">
    <p class='ocr_par' dir='ltr' id='par_1_50' title="bbox 451 3413 2028 3486">
     <span class='ocr_line' id='line_1_50' title="bbox 451 3413 2028 3486; baseline 0.001 -19"><span class='ocrx_word' id='word_1_393' title='bbox 451 3421 532 3467; x_wconf 89' lang='lat' dir='ltr'><strong>sta</strong></span> <span class='ocrx_word' id='word_1_394' title='bbox 554 3451 569 3474; x_wconf 90' lang='lat'><strong>,</strong></span> <span class='ocrx_word' id='word_1_395' title='bbox 607 3419 664 3466; x_wconf 89' lang='lat' dir='ltr'><strong>et</strong></span> <span class='ocrx_word' id='word_1_396' title='bbox 694 3426 855 3482; x_wconf 88' lang='lat' dir='ltr'><strong>super</strong></span> <span class='ocrx_word' id='word_1_397' title='bbox 886 3413 1028 3483; x_wconf 88' lang='lat' dir='ltr'><strong>ligna</strong></span> <span class='ocrx_word' id='word_1_398' title='bbox 1066 3428 1187 3483; x_wconf 66' lang='lat' dir='ltr'><strong>quin</strong></span> <span class='ocrx_word' id='word_1_399' title='bbox 1219 3422 1348 3469; x_wconf 86' lang='lat' dir='ltr'><strong>sunt</strong></span> <span class='ocrx_word' id='word_1_400' title='bbox 1380 3429 1543 3484; x_wconf 88' lang='lat' dir='ltr'><strong>super</strong></span> <span class='ocrx_word' id='word_1_401' title='bbox 1574 3415 1772 3486; x_wconf 80' lang='lat' dir='ltr'><strong>ignem.</strong></span> <span class='ocrx_word' id='word_1_402' title='bbox 1816 3416 2028 3471; x_wconf 88' lang='lat' dir='ltr'><strong>Secun-</strong></span> 
     </span>
    </p>
   </div>
   <div class='ocr_carea' id='block_1_51' title="bbox 450 3504 2025 3574">
    <p class='ocr_par' dir='ltr' id='par_1_51' title="bbox 450 3504 2025 3574">
     <span class='ocr_line' id='line_1_51' title="bbox 450 3504 2025 3574; baseline 0.001 -15"><span class='ocrx_word' id='word_1_403' title='bbox 450 3505 577 3559; x_wconf 90' lang='lat' dir='ltr'><strong>dum</strong></span> <span class='ocrx_word' id='word_1_404' title='bbox 604 3504 748 3559; x_wconf 89' lang='lat' dir='ltr'><strong>enim</strong></span> <span class='ocrx_word' id='word_1_405' title='bbox 795 3505 1049 3559; x_wconf 89' lang='lat' dir='ltr'><strong>mandata</strong></span> <span class='ocrx_word' id='word_1_406' title='bbox 1084 3504 1306 3574; x_wconf 86' lang='lat' dir='ltr'><strong>spiritus</strong></span> <span class='ocrx_word' id='word_1_407' title='bbox 1341 3514 1713 3569; x_wconf 77' lang='lat' dir='ltr'><strong>conversatur,</strong></span> <span class='ocrx_word' id='word_1_408' title='bbox 1763 3514 1820 3560; x_wconf 88' lang='lat' dir='ltr'><strong>et</strong></span> <span class='ocrx_word' id='word_1_409' title='bbox 1852 3507 2025 3561; x_wconf 87' lang='lat' dir='ltr'><strong>hostia</strong></span> 
     </span>
    </p>
   </div>
   <div class='ocr_carea' id='block_1_52' title="bbox 448 3594 2026 3668">
    <p class='ocr_par' dir='ltr' id='par_1_52' title="bbox 448 3594 2026 3668">
     <span class='ocr_line' id='line_1_52' title="bbox 448 3594 2026 3668; baseline 0.001 -17"><span class='ocrx_word' id='word_1_410' title='bbox 448 3596 563 3652; x_wconf 87' lang='lat' dir='ltr'><strong>Deo</strong></span> <span class='ocrx_word' id='word_1_411' title='bbox 600 3595 913 3652; x_wconf 76' lang='lat' dir='ltr'><strong>suavissimi</strong></span> <span class='ocrx_word' id='word_1_412' title='bbox 963 3595 1147 3651; x_wconf 91' lang='lat' dir='ltr'><strong>odoris</strong></span> <span class='ocrx_word' id='word_1_413' title='bbox 1195 3594 1446 3651; x_wconf 84' lang='lat' dir='ltr'><strong>ellicitur.</strong></span> <span class='ocrx_word' id='word_1_414' title='bbox 1499 3596 1683 3652; x_wconf 84' lang='lat' dir='ltr'><strong>Placet</strong></span> <span class='ocrx_word' id='word_1_415' title='bbox 1730 3598 1930 3668; x_wconf 88' lang='lat' dir='ltr'><strong>quippe</strong></span> <span class='ocrx_word' id='word_1_416' title='bbox 1975 3598 2026 3653; x_wconf 91' lang='lat' dir='ltr'><strong>ci</strong></span> 
     </span>
    </p>
   </div>
   <div class='ocr_carea' id='block_1_53' title="bbox 450 3686 2027 3758">
    <p class='ocr_par' dir='ltr' id='par_1_53' title="bbox 450 3686 2027 3758">
     <span class='ocr_line' id='line_1_53' title="bbox 450 3686 2027 3758; baseline 0.001 -15"><span class='ocrx_word' id='word_1_417' title='bbox 450 3686 709 3758; x_wconf 86' lang='lat' dir='ltr'><strong>perﬁcere</strong></span> <span class='ocrx_word' id='word_1_418' title='bbox 738 3687 1004 3754; x_wconf 83' lang='lat' dir='ltr'><strong>fructum,</strong></span> <span class='ocrx_word' id='word_1_419' title='bbox 1035 3703 1141 3742; x_wconf 91' lang='lat' dir='ltr'><strong>non</strong></span> <span class='ocrx_word' id='word_1_420' title='bbox 1182 3688 1359 3743; x_wconf 86' lang='lat' dir='ltr'><strong>solum</strong></span> <span class='ocrx_word' id='word_1_421' title='bbox 1396 3688 1786 3754; x_wconf 87' lang='lat' dir='ltr'><strong>centesimum,</strong></span> <span class='ocrx_word' id='word_1_422' title='bbox 1833 3689 1927 3745; x_wconf 88' lang='lat' dir='ltr'><strong>scd</strong></span> <span class='ocrx_word' id='word_1_423' title='bbox 1971 3698 2027 3745; x_wconf 92' lang='lat' dir='ltr'><strong>ct</strong></span> 
     </span>
    </p>
   </div>
   <div class='ocr_carea' id='block_1_54' title="bbox 449 3780 2025 3852">
    <p class='ocr_par' dir='ltr' id='par_1_54' title="bbox 449 3780 2025 3852">
     <span class='ocr_line' id='line_1_54' title="bbox 449 3780 2025 3852; baseline 0.002 -17"><span class='ocrx_word' id='word_1_424' title='bbox 449 3780 849 3852; x_wconf 76' lang='lat' dir='ltr'><strong>sexagesimum</strong></span> <span class='ocrx_word' id='word_1_425' title='bbox 874 3789 931 3837; x_wconf 90' lang='lat' dir='ltr'><strong>et</strong></span> <span class='ocrx_word' id='word_1_426' title='bbox 955 3782 1307 3836; x_wconf 88' lang='lat' dir='ltr'><strong>tricesimum.</strong></span> <span class='ocrx_word' id='word_1_427' title='bbox 1342 3780 1403 3837; x_wconf 90' lang='lat' dir='ltr'><strong>Si</strong></span> <span class='ocrx_word' id='word_1_428' title='bbox 1430 3797 1547 3836; x_wconf 86' lang='lat' dir='ltr'><strong>vero</strong></span> <span class='ocrx_word' id='word_1_429' title='bbox 1572 3782 1637 3835; x_wconf 89' lang='lat' dir='ltr'><strong>de</strong></span> <span class='ocrx_word' id='word_1_430' title='bbox 1662 3782 1841 3837; x_wconf 77' lang='lat' dir='ltr'><strong>oribus</strong></span> <span class='ocrx_word' id='word_1_431' title='bbox 1869 3783 2025 3852; x_wconf 76' lang='lat' dir='ltr'><strong>fuerit</strong></span> 
     </span>
    </p>
   </div>
   <div class='ocr_carea' id='block_1_55' title="bbox 449 3870 2024 3940">
    <p class='ocr_par' dir='ltr' id='par_1_55' title="bbox 449 3870 2024 3940">
     <span class='ocr_line' id='line_1_55' title="bbox 449 3870 2024 3940; baseline 0.001 -16"><span class='ocrx_word' id='word_1_432' title='bbox 449 3872 562 3940; x_wconf 84' lang='lat' dir='ltr'><strong>ejus</strong></span> <span class='ocrx_word' id='word_1_433' title='bbox 595 3870 791 3924; x_wconf 90' lang='lat' dir='ltr'><strong>oblatio</strong></span> <span class='ocrx_word' id='word_1_434' title='bbox 824 3880 871 3924; x_wconf 90' lang='lat' dir='ltr'><strong>et</strong></span> <span class='ocrx_word' id='word_1_435' title='bbox 919 3871 1261 3940; x_wconf 79' lang='lat' dir='ltr'><strong>paci/iceram</strong></span> <span class='ocrx_word' id='word_1_436' title='bbox 1308 3871 1519 3936; x_wconf 86' lang='lat' dir='ltr'><strong>hostia,</strong></span> <span class='ocrx_word' id='word_1_437' title='bbox 1570 3872 1678 3926; x_wconf 80' lang='lat' dir='ltr'><strong>sive</strong></span> <span class='ocrx_word' id='word_1_438' title='bbox 1727 3872 2024 3927; x_wconf 73' lang='lat' dir='ltr'><strong>masculum</strong></span> 
     </span>
    </p>
   </div>
   <div class='ocr_carea' id='block_1_56' title="bbox 449 3959 2025 4033">
    <p class='ocr_par' dir='ltr' id='par_1_56' title="bbox 449 3959 2025 4033">
     <span class='ocr_line' id='line_1_56' title="bbox 449 3959 2025 4033; baseline 0.002 -18"><span class='ocrx_word' id='word_1_439' title='bbox 449 3963 554 4015; x_wconf 85' lang='lat' dir='ltr'><strong>sive</strong></span> <span class='ocrx_word' id='word_1_440' title='bbox 582 3960 830 4030; x_wconf 78' lang='lat' dir='ltr'><strong>feminam</strong></span> <span class='ocrx_word' id='word_1_441' title='bbox 859 3959 1134 4027; x_wconf 88' lang='lat' dir='ltr'><strong>obtulerit,</strong></span> <span class='ocrx_word' id='word_1_442' title='bbox 1164 3961 1506 4016; x_wconf 85' lang='lat' dir='ltr'><strong>immaculata</strong></span> <span class='ocrx_word' id='word_1_443' title='bbox 1537 3971 1710 4016; x_wconf 80' lang='lat' dir='ltr'><strong>erunt.</strong></span> <span class='ocrx_word' id='word_1_444' title='bbox 1742 3961 1800 4017; x_wconf 87' lang='lat' dir='ltr'><strong>Si</strong></span> <span class='ocrx_word' id='word_1_445' title='bbox 1831 3980 2025 4033; x_wconf 81' lang='lat' dir='ltr'><strong>agnum</strong></span> 
     </span>
    </p>
   </div>
   <div class='ocr_carea' id='block_1_57' title="bbox 447 4048 2025 4125">
    <p class='ocr_par' dir='ltr' id='par_1_57' title="bbox 447 4048 2025 4125">
     <span class='ocr_line' id='line_1_57' title="bbox 447 4048 2025 4125; baseline 0.002 -20"><span class='ocrx_word' id='word_1_446' title='bbox 447 4050 690 4105; x_wconf 78' lang='lat' dir='ltr'><strong>obtulerit</strong></span> <span class='ocrx_word' id='word_1_447' title='bbox 721 4066 900 4105; x_wconf 89' lang='lat' dir='ltr'><strong>coram</strong></span> <span class='ocrx_word' id='word_1_448' title='bbox 936 4048 1192 4116; x_wconf 86' lang='lat' dir='ltr'><strong>Domino,</strong></span> <span class='ocrx_word' id='word_1_449' title='bbox 1224 4062 1376 4120; x_wconf 88' lang='lat' dir='ltr'><strong>ponet</strong></span> <span class='ocrx_word' id='word_1_450' title='bbox 1419 4069 1633 4106; x_wconf 86' lang='lat' dir='ltr'><strong>manum</strong></span> <span class='ocrx_word' id='word_1_451' title='bbox 1673 4070 1829 4123; x_wconf 83' lang='lat' dir='ltr'><strong>super</strong></span> <span class='ocrx_word' id='word_1_452' title='bbox 1869 4065 2025 4125; x_wconf 82' lang='lat' dir='ltr'><strong>caput</strong></span> 
     </span>
    </p>
   </div>
   <div class='ocr_carea' id='block_1_58' title="bbox 446 4143 2026 4215">
    <p class='ocr_par' dir='ltr' id='par_1_58' title="bbox 446 4143 2026 4215">
     <span class='ocr_line' id='line_1_58' title="bbox 446 4143 2026 4215; baseline 0 -15"><span class='ocrx_word' id='word_1_453' title='bbox 446 4144 668 4215; x_wconf 63' lang='lat' dir='ltr'><strong>uictima:</strong></span> <span class='ocrx_word' id='word_1_454' title='bbox 695 4160 835 4208; x_wconf 67' lang='lat' dir='ltr'><strong>sure,</strong></span> <span class='ocrx_word' id='word_1_455' title='bbox 869 4159 986 4215; x_wconf 73' lang='lat' dir='ltr'><strong>qua:</strong></span> <span class='ocrx_word' id='word_1_456' title='bbox 1013 4143 1374 4197; x_wconf 88' lang='lat' dir='ltr'><strong>immolabitur</strong></span> <span class='ocrx_word' id='word_1_457' title='bbox 1403 4146 1455 4198; x_wconf 87' lang='lat' dir='ltr'><strong>in</strong></span> <span class='ocrx_word' id='word_1_458' title='bbox 1487 4144 1738 4199; x_wconf 87' lang='lat' dir='ltr'><strong>vestibulo</strong></span> <span class='ocrx_word' id='word_1_459' title='bbox 1781 4146 2026 4200; x_wconf 84' lang='lat' dir='ltr'><strong>taberna-</strong></span> 
     </span>
    </p>
   </div>
   <div class='ocr_carea' id='block_1_59' title="bbox 446 4232 2024 4307">
    <p class='ocr_par' dir='ltr' id='par_1_59' title="bbox 446 4232 2024 4307">
     <span class='ocr_line' id='line_1_59' title="bbox 446 4232 2024 4307; baseline 0.001 -17"><span class='ocrx_word' id='word_1_460' title='bbox 446 4234 552 4290; x_wconf 87' lang='lat' dir='ltr'><strong>culi</strong></span> <span class='ocrx_word' id='word_1_461' title='bbox 597 4234 913 4298; x_wconf 86' lang='lat' dir='ltr'><strong>testimonii,</strong></span> <span class='ocrx_word' id='word_1_462' title='bbox 964 4232 1282 4304; x_wconf 79' lang='lat' dir='ltr'><strong>fundentque</strong></span> <span class='ocrx_word' id='word_1_463' title='bbox 1336 4235 1436 4305; x_wconf 79' lang='lat' dir='ltr'><strong>filii</strong></span> <span class='ocrx_word' id='word_1_464' title='bbox 1485 4236 1664 4290; x_wconf 81' lang='lat' dir='ltr'><strong>Aaron</strong></span> <span class='ocrx_word' id='word_1_465' title='bbox 1717 4238 2024 4307; x_wconf 83' lang='lat' dir='ltr'><strong>sanguinem</strong></span> 
     </span>
    </p>
   </div>
   <div class='ocr_carea' id='block_1_60' title="bbox 446 4329 2024 4401">
    <p class='ocr_par' dir='ltr' id='par_1_60' title="bbox 446 4329 2024 4401">
     <span class='ocr_line' id='line_1_60' title="bbox 446 4329 2024 4401; baseline 0.003 -20"><span class='ocrx_word' id='word_1_466' title='bbox 446 4331 562 4400; x_wconf 82' lang='lat' dir='ltr'><strong>ejus</strong></span> <span class='ocrx_word' id='word_1_467' title='bbox 590 4346 683 4399; x_wconf 87' lang='lat' dir='ltr'><strong>per</strong></span> <span class='ocrx_word' id='word_1_468' title='bbox 708 4329 895 4385; x_wconf 85' lang='lat' dir='ltr'><strong>altaris</strong></span> <span class='ocrx_word' id='word_1_469' title='bbox 924 4329 1201 4384; x_wconf 83' lang='lat' dir='ltr'><strong>circuitum</strong></span> <span class='ocrx_word' id='word_1_470' title='bbox 1219 4372 1233 4395; x_wconf 95' lang='lat'><strong>,</strong></span> <span class='ocrx_word' id='word_1_471' title='bbox 1265 4340 1313 4384; x_wconf 90' lang='lat' dir='ltr'><strong>et</strong></span> <span class='ocrx_word' id='word_1_472' title='bbox 1343 4330 1560 4400; x_wconf 72' lang='lat' dir='ltr'><strong>oﬂ&#39;erent</strong></span> <span class='ocrx_word' id='word_1_473' title='bbox 1589 4330 1654 4385; x_wconf 84' lang='lat' dir='ltr'><strong>de</strong></span> <span class='ocrx_word' id='word_1_474' title='bbox 1682 4330 2024 4401; x_wconf 82' lang='lat' dir='ltr'><strong>paciﬁcorum</strong></span> 
     </span>
    </p>
   </div>
   <div class='ocr_carea' id='block_1_61' title="bbox 449 4420 2020 4492">
    <p class='ocr_par' dir='ltr' id='par_1_61' title="bbox 449 4420 2020 4492">
     <span class='ocr_line' id='line_1_61' title="bbox 449 4420 2020 4492; baseline 0.003 -19"><span class='ocrx_word' id='word_1_475' title='bbox 449 4421 616 4474; x_wconf 81' lang='lat' dir='ltr'><strong>hostia</strong></span> <span class='ocrx_word' id='word_1_476' title='bbox 650 4421 971 4489; x_wconf 77' lang='lat' dir='ltr'><strong>sacriﬁcium</strong></span> <span class='ocrx_word' id='word_1_477' title='bbox 1000 4420 1248 4486; x_wconf 86' lang='lat' dir='ltr'><strong>Domino,</strong></span> <span class='ocrx_word' id='word_1_478' title='bbox 1277 4422 1485 4492; x_wconf 83' lang='lat' dir='ltr'><strong>adipem</strong></span> <span class='ocrx_word' id='word_1_479' title='bbox 1513 4431 1562 4476; x_wconf 91' lang='lat' dir='ltr'><strong>et</strong></span> <span class='ocrx_word' id='word_1_480' title='bbox 1589 4422 1816 4477; x_wconf 89' lang='lat' dir='ltr'><strong>caudam</strong></span> <span class='ocrx_word' id='word_1_481' title='bbox 1858 4431 2020 4477; x_wconf 86' lang='lat' dir='ltr'><strong>totam</strong></span> 
     </span>
    </p>
   </div>
   <div class='ocr_carea' id='block_1_62' title="bbox 449 4511 2102 4609">
    <p class='ocr_par' dir='ltr' id='par_1_62' title="bbox 449 4511 2102 4609">
     <span class='ocr_line' id='line_1_62' title="bbox 449 4511 2102 4609; baseline 0.003 -48"><span class='ocrx_word' id='word_1_482' title='bbox 449 4526 566 4562; x_wconf 84' lang='lat' dir='ltr'><strong>cum</strong></span> <span class='ocrx_word' id='word_1_483' title='bbox 594 4511 803 4564; x_wconf 84' lang='lat' dir='ltr'><strong>renibus</strong></span> <span class='ocrx_word' id='word_1_484' title='bbox 833 4519 882 4591; x_wconf 80' lang='lat' dir='ltr'><strong>et</strong></span> <span class='ocrx_word' id='word_1_485' title='bbox 911 4511 1278 4580; x_wconf 82' lang='lat' dir='ltr'><strong>pinguedinem</strong></span> <span class='ocrx_word' id='word_1_486' title='bbox 1304 4529 1421 4581; x_wconf 77' lang='lat' dir='ltr'><strong>qute</strong></span> <span class='ocrx_word' id='word_1_487' title='bbox 1450 4514 1614 4583; x_wconf 85' lang='lat' dir='ltr'><strong>operit</strong></span> <span class='ocrx_word' id='word_1_488' title='bbox 1644 4521 1872 4567; x_wconf 88' lang='lat' dir='ltr'><strong>ventrem</strong></span> <span class='ocrx_word' id='word_1_489' title='bbox 1898 4527 1914 4564; x_wconf 92' lang='lat'><em>:</em></span> <span class='ocrx_word' id='word_1_490' title='bbox 1948 4522 2024 4566; x_wconf 89' lang='lat' dir='ltr'><strong>at—</strong></span> <span class='ocrx_word' id='word_1_491' title='bbox 2051 4551 2102 4609; x_wconf 65' lang='grc' dir='ltr'>Β</span> 
     </span>
    </p>
   </div>
   <div class='ocr_carea' id='block_1_63' title="bbox 447 4598 2022 4671">
    <p class='ocr_par' dir='ltr' id='par_1_63' title="bbox 447 4598 2022 4671">
     <span class='ocr_line' id='line_1_63' title="bbox 447 4598 2022 4671; baseline 0.003 -20"><span class='ocrx_word' id='word_1_492' title='bbox 447 4614 546 4668; x_wconf 88' lang='lat' dir='ltr'><strong>que</strong></span> <span class='ocrx_word' id='word_1_493' title='bbox 594 4600 834 4654; x_wconf 83' lang='lat' dir='ltr'><strong>universa</strong></span> <span class='ocrx_word' id='word_1_494' title='bbox 880 4598 1064 4654; x_wconf 87' lang='lat' dir='ltr'><strong>vitalia</strong></span> <span class='ocrx_word' id='word_1_495' title='bbox 1104 4610 1151 4653; x_wconf 85' lang='lat' dir='ltr'><strong>ct</strong></span> <span class='ocrx_word' id='word_1_496' title='bbox 1193 4610 1471 4671; x_wconf 89' lang='lat' dir='ltr'><strong>utrumque</strong></span> <span class='ocrx_word' id='word_1_497' title='bbox 1516 4602 1859 4655; x_wconf 87' lang='lat' dir='ltr'><strong>renunculum</strong></span> <span class='ocrx_word' id='word_1_498' title='bbox 1903 4618 2022 4655; x_wconf 88' lang='lat' dir='ltr'><strong>cum</strong></span> 
     </span>
    </p>
   </div>
   <div class='ocr_carea' id='block_1_64' title="bbox 449 4690 2028 4763">
    <p class='ocr_par' dir='ltr' id='par_1_64' title="bbox 449 4690 2028 4763">
     <span class='ocr_line' id='line_1_64' title="bbox 449 4690 2028 4763; baseline 0.003 -20"><span class='ocrx_word' id='word_1_499' title='bbox 449 4690 602 4760; x_wconf 84' lang='lat' dir='ltr'><strong>adipe</strong></span> <span class='ocrx_word' id='word_1_500' title='bbox 630 4692 718 4763; x_wconf 89' lang='lat' dir='ltr'><strong>qui</strong></span> <span class='ocrx_word' id='word_1_501' title='bbox 745 4700 818 4746; x_wconf 84' lang='lat' dir='ltr'><strong>est</strong></span> <span class='ocrx_word' id='word_1_502' title='bbox 839 4691 995 4761; x_wconf 76' lang='lat' dir='ltr'><strong>juxta</strong></span> <span class='ocrx_word' id='word_1_503' title='bbox 1024 4691 1117 4745; x_wconf 89' lang='lat' dir='ltr'><strong>ilia</strong></span> <span class='ocrx_word' id='word_1_504' title='bbox 1137 4733 1152 4758; x_wconf 95' lang='lat'><strong>,</strong></span> <span class='ocrx_word' id='word_1_505' title='bbox 1182 4691 1557 4762; x_wconf 85' lang='lat' dir='ltr'><strong>reticulumque</strong></span> <span class='ocrx_word' id='word_1_506' title='bbox 1577 4693 1770 4762; x_wconf 86' lang='lat' dir='ltr'><strong>jecoris</strong></span> <span class='ocrx_word' id='word_1_507' title='bbox 1797 4710 1914 4747; x_wconf 88' lang='lat' dir='ltr'><strong>cum</strong></span> <span class='ocrx_word' id='word_1_508' title='bbox 1948 4706 2028 4747; x_wconf 57' lang='lat' dir='ltr'><strong>ret</strong></span> 
     </span>
    </p>
   </div>
   <div class='ocr_carea' id='block_1_65' title="bbox 452 4781 2026 4853">
    <p class='ocr_par' dir='ltr' id='par_1_65' title="bbox 452 4781 2026 4853">
     <span class='ocr_line' id='line_1_65' title="bbox 452 4781 2026 4853; baseline 0.003 -20"><span class='ocrx_word' id='word_1_509' title='bbox 452 4781 694 4835; x_wconf 86' lang='lat' dir='ltr'><strong>nunculis</strong></span> <span class='ocrx_word' id='word_1_510' title='bbox 714 4823 728 4847; x_wconf 91' lang='lat'><strong>,</strong></span> <span class='ocrx_word' id='word_1_511' title='bbox 756 4792 807 4835; x_wconf 81' lang='lat' dir='ltr'><strong>et</strong></span> <span class='ocrx_word' id='word_1_512' title='bbox 834 4781 1060 4836; x_wconf 82' lang='lat' dir='ltr'><strong>adolebit</strong></span> <span class='ocrx_word' id='word_1_513' title='bbox 1092 4799 1152 4836; x_wconf 88' lang='lat' dir='ltr'><strong>ea</strong></span> <span class='ocrx_word' id='word_1_514' title='bbox 1183 4782 1427 4836; x_wconf 86' lang='lat' dir='ltr'><strong>sacerdos</strong></span> <span class='ocrx_word' id='word_1_515' title='bbox 1454 4799 1611 4853; x_wconf 83' lang='lat' dir='ltr'><strong>super</strong></span> <span class='ocrx_word' id='word_1_516' title='bbox 1635 4781 1805 4836; x_wconf 85' lang='lat' dir='ltr'><strong>altare</strong></span> <span class='ocrx_word' id='word_1_517' title='bbox 1832 4784 1887 4837; x_wconf 91' lang='lat' dir='ltr'><strong>in</strong></span> <span class='ocrx_word' id='word_1_518' title='bbox 1927 4800 2026 4853; x_wconf 83' lang='lat' dir='ltr'><strong>pa-</strong></span> 
     </span>
    </p>
   </div>
   <div class='ocr_carea' id='block_1_66' title="bbox 450 4873 2027 4946">
    <p class='ocr_par' dir='ltr' id='par_1_66' title="bbox 450 4873 2027 4946">
     <span class='ocr_line' id='line_1_66' title="bbox 450 4873 2027 4946; baseline 0 -18"><span class='ocrx_word' id='word_1_519' title='bbox 450 4875 626 4928; x_wconf 84' lang='lat' dir='ltr'><strong>bulum</strong></span> <span class='ocrx_word' id='word_1_520' title='bbox 653 4876 789 4945; x_wconf 88' lang='lat' dir='ltr'><strong>ignis</strong></span> <span class='ocrx_word' id='word_1_521' title='bbox 811 4884 859 4929; x_wconf 87' lang='lat' dir='ltr'><strong>et</strong></span> <span class='ocrx_word' id='word_1_522' title='bbox 886 4873 1163 4928; x_wconf 86' lang='lat' dir='ltr'><strong>oblationis</strong></span> <span class='ocrx_word' id='word_1_523' title='bbox 1190 4874 1422 4928; x_wconf 83' lang='lat' dir='ltr'><strong>Domini.</strong></span> <span class='ocrx_word' id='word_1_524' title='bbox 1452 4874 1509 4930; x_wconf 89' lang='lat' dir='ltr'><strong>Si</strong></span> <span class='ocrx_word' id='word_1_525' title='bbox 1537 4891 1696 4946; x_wconf 89' lang='lat' dir='ltr'><strong>capra</strong></span> <span class='ocrx_word' id='word_1_526' title='bbox 1728 4874 1885 4944; x_wconf 80' lang='lat' dir='ltr'><strong>fuerit</strong></span> <span class='ocrx_word' id='word_1_527' title='bbox 1912 4874 2027 4945; x_wconf 80' lang='lat' dir='ltr'><strong>ejus</strong></span> 
     </span>
    </p>
   </div>
   <div class='ocr_carea' id='block_1_67' title="bbox 450 4964 2021 5037">
    <p class='ocr_par' dir='ltr' id='par_1_67' title="bbox 450 4964 2021 5037">
     <span class='ocr_line' id='line_1_67' title="bbox 450 4964 2021 5037; baseline 0.001 -17"><span class='ocrx_word' id='word_1_528' title='bbox 450 4964 665 5030; x_wconf 86' lang='lat' dir='ltr'><strong>oblatio,</strong></span> <span class='ocrx_word' id='word_1_529' title='bbox 687 4975 734 5019; x_wconf 87' lang='lat' dir='ltr'><strong>et</strong></span> <span class='ocrx_word' id='word_1_530' title='bbox 762 4965 1004 5019; x_wconf 86' lang='lat' dir='ltr'><strong>obtulerit</strong></span> <span class='ocrx_word' id='word_1_531' title='bbox 1028 4980 1143 5019; x_wconf 85' lang='lat' dir='ltr'><strong>eam</strong></span> <span class='ocrx_word' id='word_1_532' title='bbox 1169 4964 1410 5032; x_wconf 85' lang='lat' dir='ltr'><strong>Domino,</strong></span> <span class='ocrx_word' id='word_1_533' title='bbox 1436 4977 1594 5037; x_wconf 81' lang='lat' dir='ltr'><strong>ponet</strong></span> <span class='ocrx_word' id='word_1_534' title='bbox 1625 4984 1839 5021; x_wconf 74' lang='lat' dir='ltr'><strong>manum</strong></span> <span class='ocrx_word' id='word_1_535' title='bbox 1871 4984 2021 5022; x_wconf 83' lang='lat' dir='ltr'><strong>suam</strong></span> 
     </span>
    </p>
   </div>
   <div class='ocr_carea' id='block_1_68' title="bbox 448 5056 2026 5129">
    <p class='ocr_par' dir='ltr' id='par_1_68' title="bbox 448 5056 2026 5129">
     <span class='ocr_line' id='line_1_68' title="bbox 448 5056 2026 5129; baseline 0.003 -18"><span class='ocrx_word' id='word_1_536' title='bbox 448 5073 607 5127; x_wconf 84' lang='lat' dir='ltr'><strong>super</strong></span> <span class='ocrx_word' id='word_1_537' title='bbox 634 5066 788 5127; x_wconf 87' lang='lat' dir='ltr'><strong>caput</strong></span> <span class='ocrx_word' id='word_1_538' title='bbox 817 5057 952 5127; x_wconf 88' lang='lat' dir='ltr'><strong>ejus,</strong></span> <span class='ocrx_word' id='word_1_539' title='bbox 974 5056 1362 5129; x_wconf 85' lang='lat' dir='ltr'><strong>immolabitque</strong></span> <span class='ocrx_word' id='word_1_540' title='bbox 1388 5076 1503 5113; x_wconf 87' lang='lat' dir='ltr'><strong>eam</strong></span> <span class='ocrx_word' id='word_1_541' title='bbox 1531 5060 1586 5114; x_wconf 89' lang='lat' dir='ltr'><strong>in</strong></span> <span class='ocrx_word' id='word_1_542' title='bbox 1612 5060 1829 5115; x_wconf 88' lang='lat' dir='ltr'><strong>introitu</strong></span> <span class='ocrx_word' id='word_1_543' title='bbox 1855 5061 2026 5115; x_wconf 85' lang='lat' dir='ltr'><strong>taber-</strong></span> 
     </span>
    </p>
   </div>
   <div class='ocr_carea' id='block_1_69' title="bbox 451 5148 2023 5223">
    <p class='ocr_par' dir='ltr' id='par_1_69' title="bbox 451 5148 2023 5223">
     <span class='ocr_line' id='line_1_69' title="bbox 451 5148 2023 5223; baseline 0.006 -26"><span class='ocrx_word' id='word_1_544' title='bbox 451 5148 626 5202; x_wconf 88' lang='lat' dir='ltr'><strong>naculi</strong></span> <span class='ocrx_word' id='word_1_545' title='bbox 664 5148 977 5214; x_wconf 89' lang='lat' dir='ltr'><strong>testimonii,</strong></span> <span class='ocrx_word' id='word_1_546' title='bbox 1018 5159 1065 5202; x_wconf 88' lang='lat' dir='ltr'><strong>et</strong></span> <span class='ocrx_word' id='word_1_547' title='bbox 1099 5149 1316 5219; x_wconf 79' lang='lat' dir='ltr'><strong>fundent</strong></span> <span class='ocrx_word' id='word_1_548' title='bbox 1355 5149 1457 5219; x_wconf 77' lang='lat' dir='ltr'><strong>filii</strong></span> <span class='ocrx_word' id='word_1_549' title='bbox 1498 5151 1675 5206; x_wconf 82' lang='lat' dir='ltr'><strong>Aaron</strong></span> <span class='ocrx_word' id='word_1_550' title='bbox 1714 5154 2023 5223; x_wconf 86' lang='lat' dir='ltr'><strong>sanguinem</strong></span> 
     </span>
    </p>
   </div>
   <div class='ocr_carea' id='block_1_70' title="bbox 447 5238 2023 5313">
    <p class='ocr_par' dir='ltr' id='par_1_70' title="bbox 447 5238 2023 5313">
     <span class='ocr_line' id='line_1_70' title="bbox 447 5238 2023 5313; baseline 0.002 -20"><span class='ocrx_word' id='word_1_551' title='bbox 447 5240 562 5310; x_wconf 78' lang='lat' dir='ltr'><strong>ejus</strong></span> <span class='ocrx_word' id='word_1_552' title='bbox 590 5255 683 5310; x_wconf 80' lang='lat' dir='ltr'><strong>per</strong></span> <span class='ocrx_word' id='word_1_553' title='bbox 706 5238 891 5293; x_wconf 89' lang='lat' dir='ltr'><strong>altaris</strong></span> <span class='ocrx_word' id='word_1_554' title='bbox 918 5241 1189 5294; x_wconf 87' lang='lat' dir='ltr'><strong>circuitum</strong></span> <span class='ocrx_word' id='word_1_555' title='bbox 1210 5282 1224 5304; x_wconf 92' lang='lat'><strong>,</strong></span> <span class='ocrx_word' id='word_1_556' title='bbox 1248 5241 1530 5313; x_wconf 89' lang='lat' dir='ltr'><strong>tollentqne</strong></span> <span class='ocrx_word' id='word_1_557' title='bbox 1558 5258 1622 5296; x_wconf 72' lang='lat' dir='ltr'><strong>ea:</strong></span> <span class='ocrx_word' id='word_1_558' title='bbox 1649 5258 1709 5296; x_wconf 82' lang='lat' dir='ltr'><strong>ea</strong></span> <span class='ocrx_word' id='word_1_559' title='bbox 1735 5243 1790 5296; x_wconf 91' lang='lat' dir='ltr'><strong>in</strong></span> <span class='ocrx_word' id='word_1_560' title='bbox 1816 5252 2023 5313; x_wconf 85' lang='lat' dir='ltr'><strong>pastum</strong></span> 
     </span>
    </p>
   </div>
   <div class='ocr_carea' id='block_1_71' title="bbox 448 5329 2025 5404">
    <p class='ocr_par' dir='ltr' id='par_1_71' title="bbox 448 5329 2025 5404">
     <span class='ocr_line' id='line_1_71' title="bbox 448 5329 2025 5404; baseline 0.002 -20"><span class='ocrx_word' id='word_1_561' title='bbox 448 5332 585 5402; x_wconf 84' lang='lat' dir='ltr'><strong>ignis</strong></span> <span class='ocrx_word' id='word_1_562' title='bbox 614 5329 874 5383; x_wconf 84' lang='lat' dir='ltr'><strong>Dominici</strong></span> <span class='ocrx_word' id='word_1_563' title='bbox 899 5330 1102 5400; x_wconf 87' lang='lat' dir='ltr'><strong>adipem</strong></span> <span class='ocrx_word' id='word_1_564' title='bbox 1127 5332 1216 5400; x_wconf 89' lang='lat' dir='ltr'><strong>qui</strong></span> <span class='ocrx_word' id='word_1_565' title='bbox 1241 5332 1404 5401; x_wconf 87' lang='lat' dir='ltr'><strong>operit</strong></span> <span class='ocrx_word' id='word_1_566' title='bbox 1431 5341 1657 5387; x_wconf 85' lang='lat' dir='ltr'><strong>ventrem</strong></span> <span class='ocrx_word' id='word_1_567' title='bbox 1677 5373 1691 5397; x_wconf 96' lang='lat'><strong>,</strong></span> <span class='ocrx_word' id='word_1_568' title='bbox 1715 5340 1765 5386; x_wconf 82' lang='lat' dir='ltr'><strong>et</strong></span> <span class='ocrx_word' id='word_1_569' title='bbox 1789 5334 1877 5404; x_wconf 89' lang='lat' dir='ltr'><strong>qui</strong></span> <span class='ocrx_word' id='word_1_570' title='bbox 1903 5334 2025 5404; x_wconf 83' lang='lat' dir='ltr'><strong>tegit</strong></span> 
     </span>
    </p>
   </div>
   <div class='ocr_carea' id='block_1_72' title="bbox 448 5421 2022 5497">
    <p class='ocr_par' dir='ltr' id='par_1_72' title="bbox 448 5421 2022 5497">
     <span class='ocr_line' id='line_1_72' title="bbox 448 5421 2022 5497; baseline 0.003 -20"><span class='ocrx_word' id='word_1_571' title='bbox 448 5426 690 5479; x_wconf 74' lang='lat' dir='ltr'><strong>universa</strong></span> <span class='ocrx_word' id='word_1_572' title='bbox 711 5421 1056 5488; x_wconf 82' lang='lat' dir='ltr'><strong>vitalia,duos</strong></span> <span class='ocrx_word' id='word_1_573' title='bbox 1080 5423 1389 5478; x_wconf 70' lang='lat' dir='ltr'><strong>ranunculos</strong></span> <span class='ocrx_word' id='word_1_574' title='bbox 1413 5441 1528 5479; x_wconf 87' lang='lat' dir='ltr'><strong>cum</strong></span> <span class='ocrx_word' id='word_1_575' title='bbox 1553 5425 1766 5480; x_wconf 87' lang='lat' dir='ltr'><strong>reticulo</strong></span> <span class='ocrx_word' id='word_1_576' title='bbox 1785 5427 1925 5497; x_wconf 84' lang='lat' dir='ltr'><strong>quod</strong></span> <span class='ocrx_word' id='word_1_577' title='bbox 1948 5437 2022 5481; x_wconf 86' lang='lat' dir='ltr'><strong>est</strong></span> 
     </span>
    </p>
   </div>
   <div class='ocr_carea' id='block_1_73' title="bbox 451 5514 2020 5590">
    <p class='ocr_par' dir='ltr' id='par_1_73' title="bbox 451 5514 2020 5590">
     <span class='ocr_line' id='line_1_73' title="bbox 451 5514 2020 5590; baseline 0.003 -20"><span class='ocrx_word' id='word_1_578' title='bbox 451 5533 605 5586; x_wconf 80' lang='lat' dir='ltr'><strong>super</strong></span> <span class='ocrx_word' id='word_1_579' title='bbox 648 5532 735 5571; x_wconf 87' lang='lat' dir='ltr'><strong>eos</strong></span> <span class='ocrx_word' id='word_1_580' title='bbox 762 5516 919 5587; x_wconf 68' lang='lat' dir='ltr'><strong>juxta</strong></span> <span class='ocrx_word' id='word_1_581' title='bbox 958 5514 1053 5569; x_wconf 88' lang='lat' dir='ltr'><strong>ilia</strong></span> <span class='ocrx_word' id='word_1_582' title='bbox 1098 5514 1229 5587; x_wconf 80' lang='lat' dir='ltr'><strong>[Al.,</strong></span> <span class='ocrx_word' id='word_1_583' title='bbox 1260 5516 1400 5570; x_wconf 88' lang='lat' dir='ltr'><strong>circa</strong></span> <span class='ocrx_word' id='word_1_584' title='bbox 1426 5516 1656 5590; x_wconf 76' lang='lat' dir='ltr'><strong>vitalia],</strong></span> <span class='ocrx_word' id='word_1_585' title='bbox 1689 5530 1735 5573; x_wconf 92' lang='lat' dir='ltr'><strong>et</strong></span> <span class='ocrx_word' id='word_1_586' title='bbox 1786 5520 2020 5574; x_wconf 85' lang='lat' dir='ltr'><strong>arvinam</strong></span> 
     </span>
    </p>
   </div>
   <div class='ocr_carea' id='block_1_74' title="bbox 443 5606 2026 5681">
    <p class='ocr_par' dir='ltr' id='par_1_74' title="bbox 443 5606 2026 5681">
     <span class='ocr_line' id='line_1_74' title="bbox 443 5606 2026 5681; baseline 0.003 -21"><span class='ocrx_word' id='word_1_587' title='bbox 443 5607 639 5676; x_wconf 82' lang='lat' dir='ltr'><strong>jeeoris</strong></span> <span class='ocrx_word' id='word_1_588' title='bbox 665 5624 782 5661; x_wconf 90' lang='lat' dir='ltr'><strong>cum</strong></span> <span class='ocrx_word' id='word_1_589' title='bbox 814 5606 1132 5669; x_wconf 85' lang='lat' dir='ltr'><strong>renunculis,</strong></span> <span class='ocrx_word' id='word_1_590' title='bbox 1164 5606 1492 5678; x_wconf 77' lang='lat' dir='ltr'><strong>adolebitqne</strong></span> <span class='ocrx_word' id='word_1_591' title='bbox 1516 5624 1577 5661; x_wconf 87' lang='lat' dir='ltr'><strong>ea</strong></span> <span class='ocrx_word' id='word_1_592' title='bbox 1603 5610 1845 5664; x_wconf 85' lang='lat' dir='ltr'><strong>sacerdos</strong></span> <span class='ocrx_word' id='word_1_593' title='bbox 1867 5627 2026 5681; x_wconf 86' lang='lat' dir='ltr'><strong>super</strong></span> 
     </span>
    </p>
   </div>
   <div class='ocr_carea' id='block_1_75' title="bbox 452 5697 2020 5769">
    <p class='ocr_par' dir='ltr' id='par_1_75' title="bbox 452 5697 2020 5769">
     <span class='ocr_line' id='line_1_75' title="bbox 452 5697 2020 5769; baseline 0.003 -19"><span class='ocrx_word' id='word_1_594' title='bbox 452 5697 620 5751; x_wconf 87' lang='lat' dir='ltr'><strong>altare</strong></span> <span class='ocrx_word' id='word_1_595' title='bbox 652 5698 707 5752; x_wconf 89' lang='lat' dir='ltr'><strong>in</strong></span> <span class='ocrx_word' id='word_1_596' title='bbox 736 5698 1038 5754; x_wconf 81' lang='lat' dir='ltr'><strong>alimoniam</strong></span> <span class='ocrx_word' id='word_1_597' title='bbox 1079 5699 1215 5769; x_wconf 86' lang='lat' dir='ltr'><strong>ignis</strong></span> <span class='ocrx_word' id='word_1_598' title='bbox 1253 5708 1301 5753; x_wconf 86' lang='lat' dir='ltr'><strong>et</strong></span> <span class='ocrx_word' id='word_1_599' title='bbox 1327 5701 1620 5754; x_wconf 83' lang='lat' dir='ltr'><strong>suavissimi</strong></span> <span class='ocrx_word' id='word_1_600' title='bbox 1666 5701 1862 5756; x_wconf 83' lang='lat' dir='ltr'><strong>odoris.</strong></span> <span class='ocrx_word' id='word_1_601' title='bbox 1894 5700 2020 5755; x_wconf 90' lang='lat' dir='ltr'><strong>0m-</strong></span> 
     </span>
    </p>
   </div>
   <div class='ocr_carea' id='block_1_76' title="bbox 454 5789 2017 5863">
    <p class='ocr_par' dir='ltr' id='par_1_76' title="bbox 454 5789 2017 5863">
     <span class='ocr_line' id='line_1_76' title="bbox 454 5789 2017 5863; baseline 0.005 -22"><span class='ocrx_word' id='word_1_602' title='bbox 454 5804 533 5842; x_wconf 79' lang='lat' dir='ltr'><strong>uis</strong></span> <span class='ocrx_word' id='word_1_603' title='bbox 559 5789 716 5845; x_wconf 79' lang='lat' dir='ltr'><strong>adem</strong></span> <span class='ocrx_word' id='word_1_604' title='bbox 745 5789 954 5847; x_wconf 85' lang='lat' dir='ltr'><strong>Domini</strong></span> <span class='ocrx_word' id='word_1_605' title='bbox 979 5791 1073 5846; x_wconf 86' lang='lat' dir='ltr'><strong>erit</strong></span> <span class='ocrx_word' id='word_1_606' title='bbox 1090 5792 1215 5862; x_wconf 85' lang='lat' dir='ltr'><strong>jure</strong></span> <span class='ocrx_word' id='word_1_607' title='bbox 1239 5800 1483 5863; x_wconf 72' lang='lat' dir='ltr'><strong>perpetuo</strong></span> <span class='ocrx_word' id='word_1_608' title='bbox 1514 5791 1567 5844; x_wconf 89' lang='lat' dir='ltr'><strong>in</strong></span> <span class='ocrx_word' id='word_1_609' title='bbox 1598 5791 2017 5860; x_wconf 82' lang='lat' dir='ltr'><strong>generationibus</strong></span> 
     </span>
    </p>
   </div>
   <div class='ocr_carea' id='block_1_77' title="bbox 2136 1945 3734 2017">
    <p class='ocr_par' dir='ltr' id='par_1_77' title="bbox 2136 1945 3734 2017">
     <span class='ocr_line' id='line_1_77' title="bbox 2136 1945 3734 2017; baseline 0.001 -16"><span class='ocrx_word' id='word_1_610' title='bbox 2136 1946 2230 2001; x_wconf 86' lang='lat' dir='ltr'><strong>sed</strong></span> <span class='ocrx_word' id='word_1_611' title='bbox 2282 1955 2338 2001; x_wconf 91' lang='lat' dir='ltr'><strong>et</strong></span> <span class='ocrx_word' id='word_1_612' title='bbox 2390 1946 2533 2016; x_wconf 85' lang='lat' dir='ltr'><strong>apud</strong></span> <span class='ocrx_word' id='word_1_613' title='bbox 2581 1945 2785 2012; x_wconf 84' lang='lat' dir='ltr'><strong>Amos,</strong></span> <span class='ocrx_word' id='word_1_614' title='bbox 2837 1961 3031 2017; x_wconf 88' lang='lat' dir='ltr'><strong>capras</strong></span> <span class='ocrx_word' id='word_1_615' title='bbox 3078 1946 3376 2017; x_wconf 88' lang='lat' dir='ltr'><strong>appellatas</strong></span> <span class='ocrx_word' id='word_1_616' title='bbox 3424 1962 3573 2002; x_wconf 83' lang='lat' dir='ltr'><strong>oves.</strong></span> <span class='ocrx_word' id='word_1_617' title='bbox 3635 1947 3734 2002; x_wconf 73' lang='lat' dir='ltr'><strong>Ait</strong></span> 
     </span>
    </p>
   </div>
   <div class='ocr_carea' id='block_1_78' title="bbox 2133 2034 3730 2108">
    <p class='ocr_par' dir='ltr' id='par_1_78' title="bbox 2133 2034 3730 2108">
     <span class='ocr_line' id='line_1_78' title="bbox 2133 2034 3730 2108; baseline 0.001 -17"><span class='ocrx_word' id='word_1_618' title='bbox 2133 2036 2280 2091; x_wconf 86' lang='lat' dir='ltr'><strong>enim</strong></span> <span class='ocrx_word' id='word_1_619' title='bbox 2309 2034 2478 2106; x_wconf 85' lang='lat' dir='ltr'><strong>(Cap.</strong></span> <span class='ocrx_word' id='word_1_620' title='bbox 2506 2052 2579 2090; x_wconf 86' lang='lat' dir='ltr'><strong>vn</strong></span> <span class='ocrx_word' id='word_1_621' title='bbox 2603 2035 2622 2106; x_wconf 94' lang='lat'>)</span> <span class='ocrx_word' id='word_1_622' title='bbox 2654 2054 2668 2090; x_wconf 89' lang='lat'><strong>:</strong></span> <span class='ocrx_word' id='word_1_623' title='bbox 2692 2040 2807 2095; x_wconf 88' lang='lat' dir='ltr'><strong>Non</strong></span> <span class='ocrx_word' id='word_1_624' title='bbox 2838 2052 2959 2092; x_wconf 90' lang='lat' dir='ltr'><strong>sum</strong></span> <span class='ocrx_word' id='word_1_625' title='bbox 2987 2037 3250 2108; x_wconf 83' lang='lat' dir='ltr'><strong>propheta</strong></span> <span class='ocrx_word' id='word_1_626' title='bbox 3281 2051 3383 2092; x_wconf 89' lang='lat' dir='ltr'><strong>nec</strong></span> <span class='ocrx_word' id='word_1_627' title='bbox 3412 2037 3553 2093; x_wconf 82' lang='lat' dir='ltr'><strong>ﬁlius</strong></span> <span class='ocrx_word' id='word_1_628' title='bbox 3590 2052 3730 2107; x_wconf 87' lang='lat' dir='ltr'><strong>pro-</strong></span> 
     </span>
    </p>
   </div>
   <div class='ocr_carea' id='block_1_79' title="bbox 2133 2125 3729 2199">
    <p class='ocr_par' dir='ltr' id='par_1_79' title="bbox 2133 2125 3729 2199">
     <span class='ocr_line' id='line_1_79' title="bbox 2133 2125 3729 2199; baseline 0.002 -19"><span class='ocrx_word' id='word_1_629' title='bbox 2133 2127 2342 2197; x_wconf 79' lang='lat' dir='ltr'><strong>phetae,</strong></span> <span class='ocrx_word' id='word_1_630' title='bbox 2374 2127 2469 2181; x_wconf 90' lang='lat' dir='ltr'><strong>sed</strong></span> <span class='ocrx_word' id='word_1_631' title='bbox 2498 2142 2531 2182; x_wconf 93' lang='lat' dir='ltr'><strong>e</strong></span> <span class='ocrx_word' id='word_1_632' title='bbox 2558 2126 2771 2197; x_wconf 85' lang='lat' dir='ltr'><strong>populis</strong></span> <span class='ocrx_word' id='word_1_633' title='bbox 2801 2125 2822 2199; x_wconf 90' lang='lat'>[</span> <span class='ocrx_word' id='word_1_634' title='bbox 2845 2125 2952 2182; x_wconf 84' lang='lat' dir='ltr'><strong>Ms.</strong></span> <span class='ocrx_word' id='word_1_635' title='bbox 2978 2166 2995 2192; x_wconf 91' lang='lat'><strong>,</strong></span> <span class='ocrx_word' id='word_1_636' title='bbox 3024 2126 3250 2198; x_wconf 82' lang='lat' dir='ltr'><strong>epolus]</strong></span> <span class='ocrx_word' id='word_1_637' title='bbox 3282 2142 3382 2198; x_wconf 87' lang='lat' dir='ltr'><strong>ego</strong></span> <span class='ocrx_word' id='word_1_638' title='bbox 3423 2142 3543 2182; x_wconf 91' lang='lat' dir='ltr'><strong>sum</strong></span> <span class='ocrx_word' id='word_1_639' title='bbox 3571 2128 3729 2183; x_wconf 81' lang='lat' dir='ltr'><strong>velli-</strong></span> 
     </span>
    </p>
   </div>
   <div class='ocr_carea' id='block_1_80' title="bbox 2135 2218 3732 2291">
    <p class='ocr_par' dir='ltr' id='par_1_80' title="bbox 2135 2218 3732 2291">
     <span class='ocr_line' id='line_1_80' title="bbox 2135 2218 3732 2291; baseline 0.004 -19"><span class='ocrx_word' id='word_1_640' title='bbox 2135 2233 2269 2274; x_wconf 89' lang='lat' dir='ltr'><strong>cans</strong></span> <span class='ocrx_word' id='word_1_641' title='bbox 2304 2218 2563 2275; x_wconf 88' lang='lat' dir='ltr'><strong>sicamina</strong></span> <span class='ocrx_word' id='word_1_642' title='bbox 2582 2260 2598 2285; x_wconf 91' lang='lat'><strong>,</strong></span> <span class='ocrx_word' id='word_1_643' title='bbox 2632 2226 2687 2274; x_wconf 90' lang='lat' dir='ltr'><strong>et</strong></span> <span class='ocrx_word' id='word_1_644' title='bbox 2715 2219 2936 2275; x_wconf 90' lang='lat' dir='ltr'><strong>sustulit</strong></span> <span class='ocrx_word' id='word_1_645' title='bbox 2964 2233 3050 2274; x_wconf 88' lang='lat' dir='ltr'><strong>me</strong></span> <span class='ocrx_word' id='word_1_646' title='bbox 3081 2220 3341 2275; x_wconf 90' lang='lat' dir='ltr'><strong>Dominus</strong></span> <span class='ocrx_word' id='word_1_647' title='bbox 3371 2236 3439 2275; x_wconf 75' lang='lat' dir='ltr'><strong>ex</strong></span> <span class='ocrx_word' id='word_1_648' title='bbox 3466 2222 3732 2291; x_wconf 85' lang='lat' dir='ltr'><strong>gregibus</strong></span> 
     </span>
    </p>
   </div>
   <div class='ocr_carea' id='block_1_81' title="bbox 2136 2309 3731 2384">
    <p class='ocr_par' dir='ltr' id='par_1_81' title="bbox 2136 2309 3731 2384">
     <span class='ocr_line' id='line_1_81' title="bbox 2136 2309 3731 2384; baseline 0.003 -19"><span class='ocrx_word' id='word_1_649' title='bbox 2136 2310 2319 2365; x_wconf 85' lang='lat' dir='ltr'><strong>ovium</strong></span> <span class='ocrx_word' id='word_1_650' title='bbox 2349 2327 2363 2376; x_wconf 95' lang='lat'><strong>;</strong></span> <span class='ocrx_word' id='word_1_651' title='bbox 2410 2326 2532 2366; x_wconf 90' lang='lat' dir='ltr'><strong>cum</strong></span> <span class='ocrx_word' id='word_1_652' title='bbox 2563 2311 2781 2381; x_wconf 88' lang='lat' dir='ltr'><strong>proprie</strong></span> <span class='ocrx_word' id='word_1_653' title='bbox 2810 2326 2841 2366; x_wconf 88' lang='lat' dir='ltr'><strong>e</strong></span> <span class='ocrx_word' id='word_1_654' title='bbox 2869 2310 3082 2382; x_wconf 90' lang='lat' dir='ltr'><strong>populis</strong></span> <span class='ocrx_word' id='word_1_655' title='bbox 3120 2309 3420 2384; x_wconf 89' lang='lat' dir='ltr'><strong>[epolus],</strong></span> <span class='ocrx_word' id='word_1_656' title='bbox 3466 2328 3588 2383; x_wconf 79' lang='lat' dir='ltr'><strong>quae</strong></span> <span class='ocrx_word' id='word_1_657' title='bbox 3632 2329 3731 2369; x_wconf 81' lang='lat' dir='ltr'><strong>ca-</strong></span> 
     </span>
    </p>
   </div>
   <div class='ocr_carea' id='block_1_82' title="bbox 2134 2399 3734 2475">
    <p class='ocr_par' dir='ltr' id='par_1_82' title="bbox 2134 2399 3734 2475">
     <span class='ocr_line' id='line_1_82' title="bbox 2134 2399 3734 2475; baseline 0.006 -23"><span class='ocrx_word' id='word_1_658' title='bbox 2134 2414 2263 2468; x_wconf 88' lang='lat' dir='ltr'><strong>pras</strong></span> <span class='ocrx_word' id='word_1_659' title='bbox 2282 2410 2575 2455; x_wconf 86' lang='lat' dir='ltr'><strong>vescuntur</strong></span> <span class='ocrx_word' id='word_1_660' title='bbox 2598 2399 2709 2473; x_wconf 90' lang='lat' dir='ltr'><strong>[qui</strong></span> <span class='ocrx_word' id='word_1_661' title='bbox 2734 2416 2928 2471; x_wconf 87' lang='lat' dir='ltr'><strong>capras</strong></span> <span class='ocrx_word' id='word_1_662' title='bbox 2951 2402 3201 2475; x_wconf 87' lang='lat' dir='ltr'><strong>pascunt]</strong></span> <span class='ocrx_word' id='word_1_663' title='bbox 3225 2403 3581 2474; x_wconf 77' lang='lat' dir='ltr'><strong>appellentur,</strong></span> <span class='ocrx_word' id='word_1_664' title='bbox 3613 2421 3734 2460; x_wconf 59' lang='lat' dir='ltr'><strong>mae</strong></span> 
     </span>
    </p>
   </div>
   <div class='ocr_carea' id='block_1_83' title="bbox 2134 2492 3730 2566">
    <p class='ocr_par' dir='ltr' id='par_1_83' title="bbox 2134 2492 3730 2566">
     <span class='ocr_line' id='line_1_83' title="bbox 2134 2492 3730 2566; baseline 0.004 -18"><span class='ocrx_word' id='word_1_665' title='bbox 2134 2492 2393 2549; x_wconf 83' lang='lat' dir='ltr'><strong>uilestum</strong></span> <span class='ocrx_word' id='word_1_666' title='bbox 2426 2503 2509 2549; x_wconf 89' lang='lat' dir='ltr'><strong>est</strong></span> <span class='ocrx_word' id='word_1_667' title='bbox 2539 2494 2664 2563; x_wconf 90' lang='lat' dir='ltr'><strong>quia</strong></span> <span class='ocrx_word' id='word_1_668' title='bbox 2695 2503 2751 2549; x_wconf 93' lang='lat' dir='ltr'><strong>ct</strong></span> <span class='ocrx_word' id='word_1_669' title='bbox 2781 2510 2975 2565; x_wconf 90' lang='lat' dir='ltr'><strong>capras</strong></span> <span class='ocrx_word' id='word_1_670' title='bbox 3004 2495 3147 2550; x_wconf 89' lang='lat' dir='ltr'><strong>inter</strong></span> <span class='ocrx_word' id='word_1_671' title='bbox 3184 2511 3315 2551; x_wconf 84' lang='lat' dir='ltr'><strong>oves</strong></span> <span class='ocrx_word' id='word_1_672' title='bbox 3348 2497 3549 2566; x_wconf 86' lang='lat' dir='ltr'><strong>posuit.</strong></span> <span class='ocrx_word' id='word_1_673' title='bbox 3582 2497 3730 2565; x_wconf 82' lang='lat' dir='ltr'><strong>Quia</strong></span> 
     </span>
    </p>
   </div>
   <div class='ocr_carea' id='block_1_84' title="bbox 2135 2586 3732 2660">
    <p class='ocr_par' dir='ltr' id='par_1_84' title="bbox 2135 2586 3732 2660">
     <span class='ocr_line' id='line_1_84' title="bbox 2135 2586 3732 2660; baseline 0.004 -20"><span class='ocrx_word' id='word_1_674' title='bbox 2135 2600 2267 2656; x_wconf 87' lang='lat' dir='ltr'><strong>ergo</strong></span> <span class='ocrx_word' id='word_1_675' title='bbox 2292 2586 2537 2656; x_wconf 61' lang='lat' dir='ltr'><strong>quietiam</strong></span> <span class='ocrx_word' id='word_1_676' title='bbox 2567 2603 2634 2642; x_wconf 78' lang='lat' dir='ltr'><strong>ex</strong></span> <span class='ocrx_word' id='word_1_677' title='bbox 2663 2587 2794 2657; x_wconf 89' lang='lat' dir='ltr'><strong>ipsis</strong></span> <span class='ocrx_word' id='word_1_678' title='bbox 2822 2602 3010 2659; x_wconf 87' lang='lat' dir='ltr'><strong>agnos,</strong></span> <span class='ocrx_word' id='word_1_679' title='bbox 3038 2589 3283 2657; x_wconf 65' lang='lat' dir='ltr'><strong>quaedam</strong></span> <span class='ocrx_word' id='word_1_680' title='bbox 3309 2604 3505 2660; x_wconf 88' lang='lat' dir='ltr'><strong>capras</strong></span> <span class='ocrx_word' id='word_1_681' title='bbox 3528 2589 3616 2645; x_wconf 76' lang='lat' dir='ltr'><strong>lex</strong></span> <span class='ocrx_word' id='word_1_682' title='bbox 3647 2592 3732 2647; x_wconf 78' lang='lat' dir='ltr'><strong>di-</strong></span> 
     </span>
    </p>
   </div>
   <div class='ocr_carea' id='block_1_85' title="bbox 2136 2676 3735 2750">
    <p class='ocr_par' dir='ltr' id='par_1_85' title="bbox 2136 2676 3735 2750">
     <span class='ocr_line' id='line_1_85' title="bbox 2136 2676 3735 2750; baseline 0.004 -20"><span class='ocrx_word' id='word_1_683' title='bbox 2136 2676 2211 2731; x_wconf 92' lang='lat' dir='ltr'><strong>cit</strong></span> <span class='ocrx_word' id='word_1_684' title='bbox 2233 2695 2246 2730; x_wconf 89' lang='lat'>:</span> <span class='ocrx_word' id='word_1_685' title='bbox 2271 2691 2502 2746; x_wconf 89' lang='lat' dir='ltr'><strong>quorum</strong></span> <span class='ocrx_word' id='word_1_686' title='bbox 2524 2677 2741 2747; x_wconf 88' lang='lat' dir='ltr'><strong>quidem</strong></span> <span class='ocrx_word' id='word_1_687' title='bbox 2763 2677 2889 2745; x_wconf 85' lang='lat' dir='ltr'><strong>agni</strong></span> <span class='ocrx_word' id='word_1_688' title='bbox 2917 2678 3191 2748; x_wconf 86' lang='lat' dir='ltr'><strong>simplices</strong></span> <span class='ocrx_word' id='word_1_689' title='bbox 3213 2686 3423 2733; x_wconf 88' lang='lat' dir='ltr'><strong>tantum</strong></span> <span class='ocrx_word' id='word_1_690' title='bbox 3443 2688 3499 2734; x_wconf 88' lang='lat' dir='ltr'><strong>et</strong></span> <span class='ocrx_word' id='word_1_691' title='bbox 3521 2680 3615 2750; x_wconf 91' lang='lat' dir='ltr'><strong>qui</strong></span> <span class='ocrx_word' id='word_1_692' title='bbox 3647 2682 3735 2736; x_wconf 87' lang='lat' dir='ltr'><strong>ni-</strong></span> 
     </span>
    </p>
   </div>
   <div class='ocr_carea' id='block_1_86' title="bbox 2135 2766 3734 2843">
    <p class='ocr_par' dir='ltr' id='par_1_86' title="bbox 2135 2766 3734 2843">
     <span class='ocr_line' id='line_1_86' title="bbox 2135 2766 3734 2843; baseline 0.006 -21"><span class='ocrx_word' id='word_1_693' title='bbox 2135 2766 2210 2822; x_wconf 88' lang='lat' dir='ltr'><strong>hil</strong></span> <span class='ocrx_word' id='word_1_694' title='bbox 2234 2775 2597 2837; x_wconf 88' lang='lat' dir='ltr'><strong>peccaverunt</strong></span> <span class='ocrx_word' id='word_1_695' title='bbox 2615 2767 3019 2839; x_wconf 89' lang='lat' dir='ltr'><strong>signiﬁcantur;</strong></span> <span class='ocrx_word' id='word_1_696' title='bbox 3044 2784 3222 2839; x_wconf 75' lang='lat' dir='ltr'><strong>capra:</strong></span> <span class='ocrx_word' id='word_1_697' title='bbox 3242 2779 3422 2825; x_wconf 86' lang='lat' dir='ltr'><strong>autem</strong></span> <span class='ocrx_word' id='word_1_698' title='bbox 3445 2771 3734 2843; x_wconf 85' lang='lat' dir='ltr'><strong>simplices</strong></span> 
     </span>
    </p>
   </div>
   <div class='ocr_carea' id='block_1_87' title="bbox 2135 2858 3736 2931">
    <p class='ocr_par' dir='ltr' id='par_1_87' title="bbox 2135 2858 3736 2931">
     <span class='ocr_line' id='line_1_87' title="bbox 2135 2858 3736 2931; baseline 0.004 -18"><span class='ocrx_word' id='word_1_699' title='bbox 2135 2858 2390 2929; x_wconf 88' lang='lat' dir='ltr'><strong>quidem,</strong></span> <span class='ocrx_word' id='word_1_700' title='bbox 2423 2858 2517 2915; x_wconf 87' lang='lat' dir='ltr'><strong>sed</strong></span> <span class='ocrx_word' id='word_1_701' title='bbox 2546 2860 2637 2931; x_wconf 88' lang='lat' dir='ltr'><strong>qui</strong></span> <span class='ocrx_word' id='word_1_702' title='bbox 2667 2869 3034 2930; x_wconf 85' lang='lat' dir='ltr'><strong>peccaverunt</strong></span> <span class='ocrx_word' id='word_1_703' title='bbox 3068 2869 3123 2917; x_wconf 92' lang='lat' dir='ltr'><strong>et</strong></span> <span class='ocrx_word' id='word_1_704' title='bbox 3159 2862 3406 2918; x_wconf 87' lang='lat' dir='ltr'><strong>conversi</strong></span> <span class='ocrx_word' id='word_1_705' title='bbox 3438 2871 3599 2928; x_wconf 88' lang='lat' dir='ltr'><strong>sunt,</strong></span> <span class='ocrx_word' id='word_1_706' title='bbox 3633 2864 3736 2920; x_wconf 88' lang='lat' dir='ltr'><strong>ho-</strong></span> 
     </span>
    </p>
   </div>
   <div class='ocr_carea' id='block_1_88' title="bbox 2136 2939 3735 3021">
    <p class='ocr_par' dir='ltr' id='par_1_88' title="bbox 2136 2939 3735 3021">
     <span class='ocr_line' id='line_1_88' title="bbox 2136 2939 3735 3021; baseline 0.006 -18"><span class='ocrx_word' id='word_1_707' title='bbox 2136 2965 2254 3004; x_wconf 87' lang='lat' dir='ltr'><strong>rum</strong></span> <span class='ocrx_word' id='word_1_708' title='bbox 2279 2949 2607 3005; x_wconf 88' lang='lat' dir='ltr'><strong>sacriﬁcium</strong></span> <span class='ocrx_word' id='word_1_709' title='bbox 2632 2966 2797 3006; x_wconf 91' lang='lat' dir='ltr'><strong>unum</strong></span> <span class='ocrx_word' id='word_1_710' title='bbox 2820 2939 3218 3021; x_wconf 79' lang='lat' dir='ltr'><strong>quodammodo</strong></span> <span class='ocrx_word' id='word_1_711' title='bbox 3240 2968 3363 3009; x_wconf 88' lang='lat' dir='ltr'><strong>esse</strong></span> <span class='ocrx_word' id='word_1_712' title='bbox 3384 2954 3437 3009; x_wconf 91' lang='lat' dir='ltr'><strong>in</strong></span> <span class='ocrx_word' id='word_1_713' title='bbox 3463 2954 3735 3013; x_wconf 88' lang='lat' dir='ltr'><strong>holocau-</strong></span> 
     </span>
    </p>
   </div>
   <div class='ocr_carea' id='block_1_89' title="bbox 2135 3041 3735 3116">
    <p class='ocr_par' dir='ltr' id='par_1_89' title="bbox 2135 3041 3735 3116">
     <span class='ocr_line' id='line_1_89' title="bbox 2135 3041 3735 3116; baseline 0.005 -22"><span class='ocrx_word' id='word_1_714' title='bbox 2135 3041 2457 3097; x_wconf 87' lang='lat' dir='ltr'><strong>stomatibus</strong></span> <span class='ocrx_word' id='word_1_715' title='bbox 2502 3049 2648 3097; x_wconf 88' lang='lat' dir='ltr'><strong>recte</strong></span> <span class='ocrx_word' id='word_1_716' title='bbox 2677 3043 2937 3097; x_wconf 88' lang='lat' dir='ltr'><strong>traditum</strong></span> <span class='ocrx_word' id='word_1_717' title='bbox 2986 3052 3088 3098; x_wconf 88' lang='lat' dir='ltr'><strong>est.</strong></span> <span class='ocrx_word' id='word_1_718' title='bbox 3122 3044 3258 3098; x_wconf 86' lang='lat' dir='ltr'><strong>Eum</strong></span> <span class='ocrx_word' id='word_1_719' title='bbox 3287 3044 3433 3116; x_wconf 75' lang='lat' dir='ltr'><strong>enim</strong></span> <span class='ocrx_word' id='word_1_720' title='bbox 3475 3045 3567 3115; x_wconf 88' lang='lat' dir='ltr'><strong>qui</strong></span> <span class='ocrx_word' id='word_1_721' title='bbox 3602 3062 3735 3116; x_wconf 62' lang='lat' dir='ltr'><strong>per.</strong></span> 
     </span>
    </p>
   </div>
   <div class='ocr_carea' id='block_1_90' title="bbox 2136 3131 3733 3206">
    <p class='ocr_par' dir='ltr' id='par_1_90' title="bbox 2136 3131 3733 3206">
     <span class='ocr_line' id='line_1_90' title="bbox 2136 3131 3733 3206; baseline 0.006 -21"><span class='ocrx_word' id='word_1_722' title='bbox 2136 3131 2277 3186; x_wconf 82' lang='lat' dir='ltr'><strong>lecta</strong></span> <span class='ocrx_word' id='word_1_723' title='bbox 2307 3132 2419 3186; x_wconf 85' lang='lat' dir='ltr'><strong>vult</strong></span> <span class='ocrx_word' id='word_1_724' title='bbox 2456 3148 2667 3202; x_wconf 87' lang='lat' dir='ltr'><strong>sapere,</strong></span> <span class='ocrx_word' id='word_1_725' title='bbox 2710 3134 2811 3189; x_wconf 89' lang='lat' dir='ltr'><strong>etsi</strong></span> <span class='ocrx_word' id='word_1_726' title='bbox 2854 3146 3110 3205; x_wconf 88' lang='lat' dir='ltr'><strong>peccator</strong></span> <span class='ocrx_word' id='word_1_727' title='bbox 3137 3134 3260 3201; x_wconf 81' lang='lat' dir='ltr'><strong>fuit,</strong></span> <span class='ocrx_word' id='word_1_728' title='bbox 3303 3151 3371 3191; x_wconf 82' lang='lat' dir='ltr'><strong>ex</strong></span> <span class='ocrx_word' id='word_1_729' title='bbox 3413 3152 3521 3206; x_wconf 89' lang='lat' dir='ltr'><strong>quo</strong></span> <span class='ocrx_word' id='word_1_730' title='bbox 3552 3138 3733 3195; x_wconf 85' lang='lat' dir='ltr'><strong>vitam</strong></span> 
     </span>
    </p>
   </div>
   <div class='ocr_carea' id='block_1_91' title="bbox 2057 3193 3733 3296">
    <p class='ocr_par' dir='ltr' id='par_1_91' title="bbox 2057 3193 3733 3296">
     <span class='ocr_line' id='line_1_91' title="bbox 2057 3193 3733 3296; baseline 0.007 -20"><span class='ocrx_word' id='word_1_731' title='bbox 2057 3193 2101 3255; x_wconf 62' lang='grc' dir='ltr'>Ο</span> <span class='ocrx_word' id='word_1_732' title='bbox 2135 3223 2430 3293; x_wconf 85' lang='lat' dir='ltr'><strong>perfectam</strong></span> <span class='ocrx_word' id='word_1_733' title='bbox 2460 3224 2705 3294; x_wconf 85' lang='lat' dir='ltr'><strong>elegerit,</strong></span> <span class='ocrx_word' id='word_1_734' title='bbox 2749 3224 2828 3280; x_wconf 91' lang='lat' dir='ltr'><strong>sic</strong></span> <span class='ocrx_word' id='word_1_735' title='bbox 2857 3234 3071 3296; x_wconf 81' lang='lat' dir='ltr'><strong>Oportet</strong></span> <span class='ocrx_word' id='word_1_736' title='bbox 3097 3229 3408 3283; x_wconf 84' lang='lat' dir='ltr'><strong>conversari</strong></span> <span class='ocrx_word' id='word_1_737' title='bbox 3452 3229 3599 3285; x_wconf 87' lang='lat' dir='ltr'><strong>sicut</strong></span> <span class='ocrx_word' id='word_1_738' title='bbox 3640 3230 3733 3287; x_wconf 87' lang='lat' dir='ltr'><strong>ille</strong></span> 
     </span>
    </p>
   </div>
   <div class='ocr_carea' id='block_1_92' title="bbox 2132 3315 3733 3391">
    <p class='ocr_par' dir='ltr' id='par_1_92' title="bbox 2132 3315 3733 3391">
     <span class='ocr_line' id='line_1_92' title="bbox 2132 3315 3733 3391; baseline 0.007 -23"><span class='ocrx_word' id='word_1_739' title='bbox 2132 3315 2224 3385; x_wconf 87' lang='lat' dir='ltr'><strong>qui</strong></span> <span class='ocrx_word' id='word_1_740' title='bbox 2254 3324 2381 3369; x_wconf 89' lang='lat' dir='ltr'><strong>ante</strong></span> <span class='ocrx_word' id='word_1_741' title='bbox 2422 3330 2529 3370; x_wconf 88' lang='lat' dir='ltr'><strong>non</strong></span> <span class='ocrx_word' id='word_1_742' title='bbox 2566 3317 2828 3387; x_wconf 79' lang='lat' dir='ltr'><strong>peccavit.</strong></span> <span class='ocrx_word' id='word_1_743' title='bbox 2859 3316 2917 3371; x_wconf 85' lang='lat' dir='ltr'><strong>in</strong></span> <span class='ocrx_word' id='word_1_744' title='bbox 2947 3318 3217 3374; x_wconf 86' lang='lat' dir='ltr'><strong>sacriﬁcio</strong></span> <span class='ocrx_word' id='word_1_745' title='bbox 3257 3328 3438 3374; x_wconf 86' lang='lat' dir='ltr'><strong>autem</strong></span> <span class='ocrx_word' id='word_1_746' title='bbox 3466 3321 3733 3391; x_wconf 84' lang='lat' dir='ltr'><strong>paciﬁco-</strong></span> 
     </span>
    </p>
   </div>
   <div class='ocr_carea' id='block_1_93' title="bbox 2134 3411 3727 3478">
    <p class='ocr_par' dir='ltr' id='par_1_93' title="bbox 2134 3411 3727 3478">
     <span class='ocr_line' id='line_1_93' title="bbox 2134 3411 3727 3478; baseline 0.007 -16"><span class='ocrx_word' id='word_1_747' title='bbox 2134 3425 2252 3463; x_wconf 82' lang='lat' dir='ltr'><strong>mm</strong></span> <span class='ocrx_word' id='word_1_748' title='bbox 2274 3425 2399 3464; x_wconf 88' lang='lat' dir='ltr'><strong>cum</strong></span> <span class='ocrx_word' id='word_1_749' title='bbox 2423 3411 2611 3466; x_wconf 80' lang='lat' dir='ltr'><strong>eadem</strong></span> <span class='ocrx_word' id='word_1_750' title='bbox 2643 3412 2992 3478; x_wconf 88' lang='lat' dir='ltr'><strong>custodisset,</strong></span> <span class='ocrx_word' id='word_1_751' title='bbox 3017 3421 3126 3467; x_wconf 90' lang='lat' dir='ltr'><strong>tam</strong></span> <span class='ocrx_word' id='word_1_752' title='bbox 3157 3413 3210 3467; x_wconf 91' lang='lat' dir='ltr'><strong>in</strong></span> <span class='ocrx_word' id='word_1_753' title='bbox 3240 3413 3512 3469; x_wconf 78' lang='lat' dir='ltr'><strong>sacriﬁcio</strong></span> <span class='ocrx_word' id='word_1_754' title='bbox 3535 3417 3727 3473; x_wconf 88' lang='lat' dir='ltr'><strong>ovium</strong></span> 
     </span>
    </p>
   </div>
   <div class='ocr_carea' id='block_1_94' title="bbox 2131 3501 3731 3573">
    <p class='ocr_par' dir='ltr' id='par_1_94' title="bbox 2131 3501 3731 3573">
     <span class='ocr_line' id='line_1_94' title="bbox 2131 3501 3731 3573; baseline 0.007 -22"><span class='ocrx_word' id='word_1_755' title='bbox 2131 3514 2292 3569; x_wconf 86' lang='lat' dir='ltr'><strong>quam</strong></span> <span class='ocrx_word' id='word_1_756' title='bbox 2323 3514 2616 3569; x_wconf 89' lang='lat' dir='ltr'><strong>caprarum</strong></span> <span class='ocrx_word' id='word_1_757' title='bbox 2645 3510 2701 3555; x_wconf 92' lang='lat' dir='ltr'><strong>et</strong></span> <span class='ocrx_word' id='word_1_758' title='bbox 2727 3501 2910 3567; x_wconf 88' lang='lat' dir='ltr'><strong>boum,</strong></span> <span class='ocrx_word' id='word_1_759' title='bbox 2948 3517 3113 3556; x_wconf 90' lang='lat' dir='ltr'><strong>unum</strong></span> <span class='ocrx_word' id='word_1_760' title='bbox 3142 3502 3244 3557; x_wconf 89' lang='lat' dir='ltr'><strong>hoc</strong></span> <span class='ocrx_word' id='word_1_761' title='bbox 3272 3502 3391 3573; x_wconf 90' lang='lat' dir='ltr'><strong>plus</strong></span> <span class='ocrx_word' id='word_1_762' title='bbox 3427 3504 3479 3559; x_wconf 90' lang='lat' dir='ltr'><strong>in</strong></span> <span class='ocrx_word' id='word_1_763' title='bbox 3526 3507 3731 3562; x_wconf 87' lang='lat' dir='ltr'><strong>ovibus</strong></span> 
     </span>
    </p>
   </div>
   <div class='ocr_carea' id='block_1_95' title="bbox 2131 3591 3727 3667">
    <p class='ocr_par' dir='ltr' id='par_1_95' title="bbox 2131 3591 3727 3667">
     <span class='ocr_line' id='line_1_95' title="bbox 2131 3591 3727 3667; baseline 0.006 -22"><span class='ocrx_word' id='word_1_764' title='bbox 2131 3591 2453 3656; x_wconf 85' lang='lat' dir='ltr'><strong>custodivit;</strong></span> <span class='ocrx_word' id='word_1_765' title='bbox 2488 3591 2631 3661; x_wconf 86' lang='lat' dir='ltr'><strong>quod</strong></span> <span class='ocrx_word' id='word_1_766' title='bbox 2678 3607 2783 3647; x_wconf 91' lang='lat' dir='ltr'><strong>non</strong></span> <span class='ocrx_word' id='word_1_767' title='bbox 2839 3593 3013 3648; x_wconf 91' lang='lat' dir='ltr'><strong>solum</strong></span> <span class='ocrx_word' id='word_1_768' title='bbox 3058 3595 3272 3665; x_wconf 87' lang='lat' dir='ltr'><strong>adipem</strong></span> <span class='ocrx_word' id='word_1_769' title='bbox 3322 3596 3727 3667; x_wconf 85' lang='lat' dir='ltr'><strong>reticulumque</strong></span> 
     </span>
    </p>
   </div>
   <div class='ocr_carea' id='block_1_96' title="bbox 2122 3680 3722 3757">
    <p class='ocr_par' dir='ltr' id='par_1_96' title="bbox 2122 3680 3722 3757">
     <span class='ocr_line' id='line_1_96' title="bbox 2122 3680 3722 3757; baseline 0.005 -22"><span class='ocrx_word' id='word_1_770' title='bbox 2122 3680 2346 3751; x_wconf 70' lang='lat' dir='ltr'><strong>iecoris,</strong></span> <span class='ocrx_word' id='word_1_771' title='bbox 2372 3681 2453 3737; x_wconf 89' lang='lat' dir='ltr'><strong>vel</strong></span> <span class='ocrx_word' id='word_1_772' title='bbox 2485 3685 2780 3738; x_wconf 90' lang='lat' dir='ltr'><strong>secundum</strong></span> <span class='ocrx_word' id='word_1_773' title='bbox 2816 3683 3191 3754; x_wconf 82' lang='lat' dir='ltr'><strong>Septuaginta,</strong></span> <span class='ocrx_word' id='word_1_774' title='bbox 3231 3686 3453 3754; x_wconf 89' lang='lat' dir='ltr'><strong>pinnam</strong></span> <span class='ocrx_word' id='word_1_775' title='bbox 3482 3689 3722 3757; x_wconf 84' lang='lat' dir='ltr'><strong>hepatis,</strong></span> 
     </span>
    </p>
   </div>
   <div class='ocr_carea' id='block_1_97' title="bbox 2129 3774 3724 3848">
    <p class='ocr_par' dir='ltr' id='par_1_97' title="bbox 2129 3774 3724 3848">
     <span class='ocr_line' id='line_1_97' title="bbox 2129 3774 3724 3848; baseline 0.003 -20"><span class='ocrx_word' id='word_1_776' title='bbox 2129 3774 2225 3828; x_wconf 86' lang='lat' dir='ltr'><strong>sed</strong></span> <span class='ocrx_word' id='word_1_777' title='bbox 2260 3788 2419 3829; x_wconf 87' lang='lat' dir='ltr'><strong>renes</strong></span> <span class='ocrx_word' id='word_1_778' title='bbox 2465 3782 2519 3828; x_wconf 89' lang='lat' dir='ltr'><strong>et</strong></span> <span class='ocrx_word' id='word_1_779' title='bbox 2570 3774 2823 3840; x_wconf 86' lang='lat' dir='ltr'><strong>caudam,</strong></span> <span class='ocrx_word' id='word_1_780' title='bbox 2855 3775 2939 3829; x_wconf 84' lang='lat' dir='ltr'><strong>vel</strong></span> <span class='ocrx_word' id='word_1_781' title='bbox 2976 3775 3114 3830; x_wconf 86' lang='lat' dir='ltr'><strong>idem</strong></span> <span class='ocrx_word' id='word_1_782' title='bbox 3157 3777 3451 3831; x_wconf 86' lang='lat' dir='ltr'><strong>secundum</strong></span> <span class='ocrx_word' id='word_1_783' title='bbox 3485 3776 3724 3848; x_wconf 86' lang='lat' dir='ltr'><strong>Septua-</strong></span> 
     </span>
    </p>
   </div>
   <div class='ocr_carea' id='block_1_98' title="bbox 2128 3864 3720 3937">
    <p class='ocr_par' dir='ltr' id='par_1_98' title="bbox 2128 3864 3720 3937">
     <span class='ocr_line' id='line_1_98' title="bbox 2128 3864 3720 3937; baseline 0.006 -19"><span class='ocrx_word' id='word_1_784' title='bbox 2128 3864 2277 3935; x_wconf 86' lang='lat' dir='ltr'><strong>ginta</strong></span> <span class='ocrx_word' id='word_1_785' title='bbox 2305 3864 2544 3921; x_wconf 76' lang='lat' dir='ltr'><strong>lumbuui</strong></span> <span class='ocrx_word' id='word_1_786' title='bbox 2573 3866 2979 3921; x_wconf 86' lang='lat' dir='ltr'><strong>immaculatum</strong></span> <span class='ocrx_word' id='word_1_787' title='bbox 3028 3884 3150 3924; x_wconf 88' lang='lat' dir='ltr'><strong>cum</strong></span> <span class='ocrx_word' id='word_1_788' title='bbox 3192 3870 3412 3924; x_wconf 69' lang='lat' dir='ltr'><strong>reniLus</strong></span> <span class='ocrx_word' id='word_1_789' title='bbox 3445 3868 3612 3937; x_wconf 86' lang='lat' dir='ltr'><strong>jussit</strong></span> <span class='ocrx_word' id='word_1_790' title='bbox 3636 3870 3720 3927; x_wconf 75' lang='lat' dir='ltr'><strong>ol-</strong></span> 
     </span>
    </p>
   </div>
   <div class='ocr_carea' id='block_1_99' title="bbox 2128 3954 3717 4030">
    <p class='ocr_par' dir='ltr' id='par_1_99' title="bbox 2128 3954 3717 4030">
     <span class='ocr_line' id='line_1_99' title="bbox 2128 3954 3717 4030; baseline 0.006 -21"><span class='ocrx_word' id='word_1_791' title='bbox 2128 3954 2280 4021; x_wconf 80' lang='lat' dir='ltr'><strong>l‘erri,</strong></span> <span class='ocrx_word' id='word_1_792' title='bbox 2310 3957 2438 4026; x_wconf 87' lang='lat' dir='ltr'><strong>quia</strong></span> <span class='ocrx_word' id='word_1_793' title='bbox 2473 3957 2617 4012; x_wconf 88' lang='lat' dir='ltr'><strong>enim</strong></span> <span class='ocrx_word' id='word_1_794' title='bbox 2649 3968 2707 4012; x_wconf 93' lang='lat' dir='ltr'><strong>ut</strong></span> <span class='ocrx_word' id='word_1_795' title='bbox 2739 3957 2966 4029; x_wconf 82' lang='lat' dir='ltr'><strong>simplex</strong></span> <span class='ocrx_word' id='word_1_796' title='bbox 3000 3959 3169 4014; x_wconf 87' lang='lat' dir='ltr'><strong>multa</strong></span> <span class='ocrx_word' id='word_1_797' title='bbox 3197 3975 3318 4029; x_wconf 59' lang='lat' dir='ltr'><strong>quae</strong></span> <span class='ocrx_word' id='word_1_798' title='bbox 3365 3963 3584 4030; x_wconf 87' lang='lat' dir='ltr'><strong>operari</strong></span> <span class='ocrx_word' id='word_1_799' title='bbox 3615 3961 3717 4017; x_wconf 88' lang='lat' dir='ltr'><strong>de-</strong></span> 
     </span>
    </p>
   </div>
   <div class='ocr_carea' id='block_1_100' title="bbox 2127 4044 3720 4119">
    <p class='ocr_par' dir='ltr' id='par_1_100' title="bbox 2127 4044 3720 4119">
     <span class='ocr_line' id='line_1_100' title="bbox 2127 4044 3720 4119; baseline 0.006 -21"><span class='ocrx_word' id='word_1_800' title='bbox 2127 4044 2243 4099; x_wconf 87' lang='lat' dir='ltr'><strong>buit</strong></span> <span class='ocrx_word' id='word_1_801' title='bbox 2290 4047 2473 4101; x_wconf 71' lang='lat' dir='ltr'><strong>omisit</strong></span> <span class='ocrx_word' id='word_1_802' title='bbox 2519 4065 2531 4099; x_wconf 92' lang='lat'><strong>:</strong></span> <span class='ocrx_word' id='word_1_803' title='bbox 2582 4048 2743 4103; x_wconf 82' lang='lat' dir='ltr'><strong>debet</strong></span> <span class='ocrx_word' id='word_1_804' title='bbox 2771 4064 2923 4104; x_wconf 86' lang='lat' dir='ltr'><strong>suam</strong></span> <span class='ocrx_word' id='word_1_805' title='bbox 2969 4050 3223 4105; x_wconf 85' lang='lat' dir='ltr'><strong>virtutem</strong></span> <span class='ocrx_word' id='word_1_806' title='bbox 3252 4049 3449 4107; x_wconf 76' lang='lat' dir='ltr'><strong>offerre</strong></span> <span class='ocrx_word' id='word_1_807' title='bbox 3486 4051 3623 4119; x_wconf 89' lang='lat' dir='ltr'><strong>Deo,</strong></span> <span class='ocrx_word' id='word_1_808' title='bbox 3657 4062 3720 4107; x_wconf 91' lang='lat' dir='ltr'><strong>ut</strong></span> 
     </span>
    </p>
   </div>
   <div class='ocr_carea' id='block_1_101' title="bbox 2127 4141 3719 4218">
    <p class='ocr_par' dir='ltr' id='par_1_101' title="bbox 2127 4141 3719 4218">
     <span class='ocr_line' id='line_1_101' title="bbox 2127 4141 3719 4218; baseline 0.004 -24"><span class='ocrx_word' id='word_1_809' title='bbox 2127 4157 2234 4195; x_wconf 89' lang='lat' dir='ltr'><strong>non</strong></span> <span class='ocrx_word' id='word_1_810' title='bbox 2286 4141 2486 4196; x_wconf 86' lang='lat' dir='ltr'><strong>virtute</strong></span> <span class='ocrx_word' id='word_1_811' title='bbox 2533 4157 2630 4197; x_wconf 87' lang='lat' dir='ltr'><strong>sua</strong></span> <span class='ocrx_word' id='word_1_812' title='bbox 2662 4142 2716 4196; x_wconf 89' lang='lat' dir='ltr'><strong>in</strong></span> <span class='ocrx_word' id='word_1_813' title='bbox 2748 4143 2971 4208; x_wconf 87' lang='lat' dir='ltr'><strong>malum,</strong></span> <span class='ocrx_word' id='word_1_814' title='bbox 3018 4155 3080 4198; x_wconf 88' lang='lat' dir='ltr'><strong>ut</strong></span> <span class='ocrx_word' id='word_1_815' title='bbox 3117 4144 3368 4214; x_wconf 79' lang='lat' dir='ltr'><strong>simplex,</strong></span> <span class='ocrx_word' id='word_1_816' title='bbox 3400 4146 3495 4201; x_wconf 87' lang='lat' dir='ltr'><strong>sed</strong></span> <span class='ocrx_word' id='word_1_817' title='bbox 3537 4148 3719 4218; x_wconf 83' lang='lat' dir='ltr'><strong>magis</strong></span> 
     </span>
    </p>
   </div>
   <div class='ocr_carea' id='block_1_102' title="bbox 2127 4235 3717 4309">
    <p class='ocr_par' dir='ltr' id='par_1_102' title="bbox 2127 4235 3717 4309">
     <span class='ocr_line' id='line_1_102' title="bbox 2127 4235 3717 4309; baseline 0.004 -22"><span class='ocrx_word' id='word_1_818' title='bbox 2127 4242 2312 4289; x_wconf 90' lang='lat' dir='ltr'><strong>utatur</strong></span> <span class='ocrx_word' id='word_1_819' title='bbox 2356 4235 2411 4289; x_wconf 90' lang='lat' dir='ltr'><strong>in</strong></span> <span class='ocrx_word' id='word_1_820' title='bbox 2446 4236 2648 4289; x_wconf 89' lang='lat' dir='ltr'><strong>bonum</strong></span> <span class='ocrx_word' id='word_1_821' title='bbox 2703 4244 2758 4290; x_wconf 90' lang='lat' dir='ltr'><strong>et</strong></span> <span class='ocrx_word' id='word_1_822' title='bbox 2801 4235 3147 4292; x_wconf 76' lang='lat' dir='ltr'><strong>manifestum</strong></span> <span class='ocrx_word' id='word_1_823' title='bbox 3188 4236 3372 4302; x_wconf 80' lang='lat' dir='ltr'><strong>iaciat,</strong></span> <span class='ocrx_word' id='word_1_824' title='bbox 3412 4238 3539 4309; x_wconf 82' lang='lat' dir='ltr'><strong>quia</strong></span> <span class='ocrx_word' id='word_1_825' title='bbox 3578 4239 3717 4294; x_wconf 85' lang='lat' dir='ltr'><strong>nihil</strong></span> 
     </span>
    </p>
   </div>
   <div class='ocr_carea' id='block_1_103' title="bbox 2126 4329 3716 4401">
    <p class='ocr_par' dir='ltr' id='par_1_103' title="bbox 2126 4329 3716 4401">
     <span class='ocr_line' id='line_1_103' title="bbox 2126 4329 3716 4401; baseline 0.003 -17"><span class='ocrx_word' id='word_1_826' title='bbox 2126 4343 2193 4384; x_wconf 80' lang='lat' dir='ltr'><strong>cx</strong></span> <span class='ocrx_word' id='word_1_827' title='bbox 2237 4329 2322 4385; x_wconf 90' lang='lat' dir='ltr'><strong>bis</strong></span> <span class='ocrx_word' id='word_1_828' title='bbox 2356 4344 2476 4399; x_wconf 68' lang='lat' dir='ltr'><strong>quae</strong></span> <span class='ocrx_word' id='word_1_829' title='bbox 2516 4329 2657 4384; x_wconf 89' lang='lat' dir='ltr'><strong>scire</strong></span> <span class='ocrx_word' id='word_1_830' title='bbox 2698 4338 2880 4401; x_wconf 87' lang='lat' dir='ltr'><strong>potest</strong></span> <span class='ocrx_word' id='word_1_831' title='bbox 2918 4339 2974 4384; x_wconf 88' lang='lat' dir='ltr'><strong>et</strong></span> <span class='ocrx_word' id='word_1_832' title='bbox 3019 4331 3240 4400; x_wconf 78' lang='lat' dir='ltr'><strong>exsequi</strong></span> <span class='ocrx_word' id='word_1_833' title='bbox 3285 4332 3485 4386; x_wconf 57' lang='lat' dir='ltr'><strong>omisit.</strong></span> <span class='ocrx_word' id='word_1_834' title='bbox 3542 4331 3716 4388; x_wconf 76' lang='lat' dir='ltr'><strong>Recte</strong></span> 
     </span>
    </p>
   </div>
   <div class='ocr_carea' id='block_1_104' title="bbox 2127 4418 3714 4491">
    <p class='ocr_par' dir='ltr' id='par_1_104' title="bbox 2127 4418 3714 4491">
     <span class='ocr_line' id='line_1_104' title="bbox 2127 4418 3714 4491; baseline 0.001 -15"><span class='ocrx_word' id='word_1_835' title='bbox 2127 4423 2272 4477; x_wconf 83' lang='lat' dir='ltr'><strong>cauti</strong></span> <span class='ocrx_word' id='word_1_836' title='bbox 2305 4420 2604 4476; x_wconf 88' lang='lat' dir='ltr'><strong>redduntur</strong></span> <span class='ocrx_word' id='word_1_837' title='bbox 2641 4418 2933 4490; x_wconf 88' lang='lat' dir='ltr'><strong>simplices,</strong></span> <span class='ocrx_word' id='word_1_838' title='bbox 2980 4430 3041 4475; x_wconf 88' lang='lat' dir='ltr'><strong>ut</strong></span> <span class='ocrx_word' id='word_1_839' title='bbox 3068 4430 3193 4490; x_wconf 89' lang='lat' dir='ltr'><strong>pote</strong></span> <span class='ocrx_word' id='word_1_840' title='bbox 3226 4422 3320 4491; x_wconf 90' lang='lat' dir='ltr'><strong>qui</strong></span> <span class='ocrx_word' id='word_1_841' title='bbox 3351 4436 3417 4475; x_wconf 80' lang='lat' dir='ltr'><strong>ex</strong></span> <span class='ocrx_word' id='word_1_842' title='bbox 3447 4421 3714 4491; x_wconf 79' lang='lat' dir='ltr'><strong>simplici-</strong></span> 
     </span>
    </p>
   </div>
   <div class='ocr_carea' id='block_1_105' title="bbox 2128 4514 3711 4586">
    <p class='ocr_par' dir='ltr' id='par_1_105' title="bbox 2128 4514 3711 4586">
     <span class='ocr_line' id='line_1_105' title="bbox 2128 4514 3711 4586; baseline -0.001 -15"><span class='ocrx_word' id='word_1_843' title='bbox 2128 4525 2239 4571; x_wconf 88' lang='lat' dir='ltr'><strong>tate</strong></span> <span class='ocrx_word' id='word_1_844' title='bbox 2286 4515 2446 4571; x_wconf 76' lang='lat' dir='ltr'><strong>facile</strong></span> <span class='ocrx_word' id='word_1_845' title='bbox 2490 4522 2743 4586; x_wconf 89' lang='lat' dir='ltr'><strong>poterant</strong></span> <span class='ocrx_word' id='word_1_846' title='bbox 2788 4516 2858 4569; x_wconf 89' lang='lat' dir='ltr'><strong>ad</strong></span> <span class='ocrx_word' id='word_1_847' title='bbox 2911 4514 3243 4569; x_wconf 81' lang='lat' dir='ltr'><strong>voluntatem</strong></span> <span class='ocrx_word' id='word_1_848' title='bbox 3293 4514 3458 4577; x_wconf 87' lang='lat' dir='ltr'><strong>trahi,</strong></span> <span class='ocrx_word' id='word_1_849' title='bbox 3500 4524 3558 4567; x_wconf 91' lang='lat' dir='ltr'><strong>ut</strong></span> <span class='ocrx_word' id='word_1_850' title='bbox 3603 4530 3711 4569; x_wconf 89' lang='lat' dir='ltr'><strong>non</strong></span> 
     </span>
    </p>
   </div>
   <div class='ocr_carea' id='block_1_106' title="bbox 2125 4605 3716 4677">
    <p class='ocr_par' dir='ltr' id='par_1_106' title="bbox 2125 4605 3716 4677">
     <span class='ocr_line' id='line_1_106' title="bbox 2125 4605 3716 4677; baseline -0.001 -15"><span class='ocrx_word' id='word_1_851' title='bbox 2125 4608 2298 4662; x_wconf 88' lang='lat' dir='ltr'><strong>solum</strong></span> <span class='ocrx_word' id='word_1_852' title='bbox 2331 4618 2497 4662; x_wconf 79' lang='lat' dir='ltr'><strong>renes</strong></span> <span class='ocrx_word' id='word_1_853' title='bbox 2532 4618 2587 4661; x_wconf 92' lang='lat' dir='ltr'><strong>et</strong></span> <span class='ocrx_word' id='word_1_854' title='bbox 2634 4607 2841 4677; x_wconf 86' lang='lat' dir='ltr'><strong>adipem</strong></span> <span class='ocrx_word' id='word_1_855' title='bbox 2881 4605 2972 4675; x_wconf 87' lang='lat' dir='ltr'><strong>qui</strong></span> <span class='ocrx_word' id='word_1_856' title='bbox 3018 4620 3179 4675; x_wconf 88' lang='lat' dir='ltr'><strong>super</strong></span> <span class='ocrx_word' id='word_1_857' title='bbox 3206 4605 3351 4676; x_wconf 87' lang='lat' dir='ltr'><strong>ipsos</strong></span> <span class='ocrx_word' id='word_1_858' title='bbox 3389 4614 3492 4669; x_wconf 87' lang='lat' dir='ltr'><strong>est,</strong></span> <span class='ocrx_word' id='word_1_859' title='bbox 3521 4606 3618 4660; x_wconf 89' lang='lat' dir='ltr'><strong>sed</strong></span> <span class='ocrx_word' id='word_1_860' title='bbox 3653 4615 3716 4661; x_wconf 80' lang='lat' dir='ltr'><strong>et</strong></span> 
     </span>
    </p>
   </div>
   <div class='ocr_carea' id='block_1_107' title="bbox 2127 4695 3714 4767">
    <p class='ocr_par' dir='ltr' id='par_1_107' title="bbox 2127 4695 3714 4767">
     <span class='ocr_line' id='line_1_107' title="bbox 2127 4695 3714 4767; baseline 0.001 -17"><span class='ocrx_word' id='word_1_861' title='bbox 2127 4695 2368 4751; x_wconf 89' lang='lat' dir='ltr'><strong>lumbum</strong></span> <span class='ocrx_word' id='word_1_862' title='bbox 2400 4696 2491 4767; x_wconf 92' lang='lat' dir='ltr'><strong>qui</strong></span> <span class='ocrx_word' id='word_1_863' title='bbox 2525 4705 2610 4751; x_wconf 92' lang='lat' dir='ltr'><strong>est</strong></span> <span class='ocrx_word' id='word_1_864' title='bbox 2641 4698 2691 4751; x_wconf 91' lang='lat' dir='ltr'><strong>in</strong></span> <span class='ocrx_word' id='word_1_865' title='bbox 2725 4697 2943 4752; x_wconf 87' lang='lat' dir='ltr'><strong>renibus</strong></span> <span class='ocrx_word' id='word_1_866' title='bbox 2979 4695 3211 4751; x_wconf 80' lang='lat' dir='ltr'><strong>oll‘erant</strong></span> <span class='ocrx_word' id='word_1_867' title='bbox 3254 4697 3382 4751; x_wconf 90' lang='lat' dir='ltr'><strong>Deo.</strong></span> <span class='ocrx_word' id='word_1_868' title='bbox 3412 4697 3565 4763; x_wconf 85' lang='lat' dir='ltr'><strong>Quod</strong></span> <span class='ocrx_word' id='word_1_869' title='bbox 3612 4712 3714 4751; x_wconf 78' lang='lat' dir='ltr'><strong>au-</strong></span> 
     </span>
    </p>
   </div>
   <div class='ocr_carea' id='block_1_108' title="bbox 2125 4787 3713 4861">
    <p class='ocr_par' dir='ltr' id='par_1_108' title="bbox 2125 4787 3713 4861">
     <span class='ocr_line' id='line_1_108' title="bbox 2125 4787 3713 4861; baseline 0 -17"><span class='ocrx_word' id='word_1_870' title='bbox 2125 4797 2235 4844; x_wconf 87' lang='lat' dir='ltr'><strong>tem</strong></span> <span class='ocrx_word' id='word_1_871' title='bbox 2261 4790 2448 4861; x_wconf 82' lang='lat' dir='ltr'><strong>adjicit</strong></span> <span class='ocrx_word' id='word_1_872' title='bbox 2478 4791 2530 4844; x_wconf 91' lang='lat' dir='ltr'><strong>in</strong></span> <span class='ocrx_word' id='word_1_873' title='bbox 2561 4790 2746 4844; x_wconf 73' lang='lat' dir='ltr'><strong>eadem</strong></span> <span class='ocrx_word' id='word_1_874' title='bbox 2777 4790 3125 4846; x_wconf 87' lang='lat' dir='ltr'><strong>translatione</strong></span> <span class='ocrx_word' id='word_1_875' title='bbox 3164 4790 3276 4843; x_wconf 86' lang='lat' dir='ltr'><strong>sine</strong></span> <span class='ocrx_word' id='word_1_876' title='bbox 3301 4787 3534 4852; x_wconf 87' lang='lat' dir='ltr'><strong>macula,</strong></span> <span class='ocrx_word' id='word_1_877' title='bbox 3568 4790 3713 4844; x_wconf 89' lang='lat' dir='ltr'><strong>inte-</strong></span> 
     </span>
    </p>
   </div>
   <div class='ocr_carea' id='block_1_109' title="bbox 2129 4879 3713 4951">
    <p class='ocr_par' dir='ltr' id='par_1_109' title="bbox 2129 4879 3713 4951">
     <span class='ocr_line' id='line_1_109' title="bbox 2129 4879 3713 4951; baseline -0.001 -16"><span class='ocrx_word' id='word_1_878' title='bbox 2129 4896 2285 4951; x_wconf 86' lang='lat' dir='ltr'><strong>grum</strong></span> <span class='ocrx_word' id='word_1_879' title='bbox 2314 4881 2417 4935; x_wconf 90' lang='lat' dir='ltr'><strong>hoc</strong></span> <span class='ocrx_word' id='word_1_880' title='bbox 2439 4879 2705 4950; x_wconf 76' lang='lat' dir='ltr'><strong>intelligo;</strong></span> <span class='ocrx_word' id='word_1_881' title='bbox 2738 4880 2879 4949; x_wconf 82' lang='lat' dir='ltr'><strong>quod</strong></span> <span class='ocrx_word' id='word_1_882' title='bbox 2904 4881 3199 4949; x_wconf 74' lang='lat' dir='ltr'><strong>explanatis</strong></span> <span class='ocrx_word' id='word_1_883' title='bbox 3226 4879 3588 4951; x_wconf 83' lang='lat' dir='ltr'><strong>Symmachus</strong></span> <span class='ocrx_word' id='word_1_884' title='bbox 3610 4896 3713 4950; x_wconf 84' lang='lat' dir='ltr'><strong>pro</strong></span> 
     </span>
    </p>
   </div>
   <div class='ocr_carea' id='block_1_110' title="bbox 2125 4969 3708 5040">
    <p class='ocr_par' dir='ltr' id='par_1_110' title="bbox 2125 4969 3708 5040">
     <span class='ocr_line' id='line_1_110' title="bbox 2125 4969 3708 5040; baseline 0 -15"><span class='ocrx_word' id='word_1_885' title='bbox 2125 4970 2464 5025; x_wconf 86' lang='lat' dir='ltr'><strong>immaculato</strong></span> <span class='ocrx_word' id='word_1_886' title='bbox 2485 4970 2742 5040; x_wconf 83' lang='lat' dir='ltr'><strong>integrum</strong></span> <span class='ocrx_word' id='word_1_887' title='bbox 2763 4970 2961 5040; x_wconf 89' lang='lat' dir='ltr'><strong>posuit.</strong></span> <span class='ocrx_word' id='word_1_888' title='bbox 2979 4970 3172 5039; x_wconf 84' lang='lat' dir='ltr'><strong>Aquila</strong></span> <span class='ocrx_word' id='word_1_889' title='bbox 3189 4986 3255 5024; x_wconf 86' lang='lat' dir='ltr'><strong>an</strong></span> <span class='ocrx_word' id='word_1_890' title='bbox 3265 4979 3368 5025; x_wconf 88' lang='lat' dir='ltr'><strong>tem</strong></span> <span class='ocrx_word' id='word_1_891' title='bbox 3393 4969 3708 5040; x_wconf 81' lang='lat' dir='ltr'><strong>perfectum.</strong></span> 
     </span>
    </p>
   </div>
   <div class='ocr_carea' id='block_1_111' title="bbox 2127 5059 3709 5131">
    <p class='ocr_par' dir='ltr' id='par_1_111' title="bbox 2127 5059 3709 5131">
     <span class='ocr_line' id='line_1_111' title="bbox 2127 5059 3709 5131; baseline 0 -16"><span class='ocrx_word' id='word_1_892' title='bbox 2127 5061 2262 5115; x_wconf 88' lang='lat' dir='ltr'><strong>Nam</strong></span> <span class='ocrx_word' id='word_1_893' title='bbox 2278 5069 2334 5115; x_wconf 91' lang='lat' dir='ltr'><strong>et</strong></span> <span class='ocrx_word' id='word_1_894' title='bbox 2347 5068 2634 5130; x_wconf 88' lang='lat' dir='ltr'><strong>propterea</strong></span> <span class='ocrx_word' id='word_1_895' title='bbox 2653 5075 2775 5114; x_wconf 90' lang='lat' dir='ltr'><strong>cum</strong></span> <span class='ocrx_word' id='word_1_896' title='bbox 2795 5059 3003 5114; x_wconf 86' lang='lat' dir='ltr'><strong>renibus</strong></span> <span class='ocrx_word' id='word_1_897' title='bbox 3024 5061 3246 5126; x_wconf 83' lang='lat' dir='ltr'><strong>addidit,</strong></span> <span class='ocrx_word' id='word_1_898' title='bbox 3276 5061 3545 5131; x_wconf 85' lang='lat' dir='ltr'><strong>integrum</strong></span> <span class='ocrx_word' id='word_1_899' title='bbox 3575 5062 3709 5115; x_wconf 91' lang='lat' dir='ltr'><strong>illud</strong></span> 
     </span>
    </p>
   </div>
   <div class='ocr_carea' id='block_1_112' title="bbox 2125 5149 3707 5223">
    <p class='ocr_par' dir='ltr' id='par_1_112' title="bbox 2125 5149 3707 5223">
     <span class='ocr_line' id='line_1_112' title="bbox 2125 5149 3707 5223; baseline -0.001 -15"><span class='ocrx_word' id='word_1_900' title='bbox 2125 5149 2533 5223; x_wconf 77' lang='lat' dir='ltr'><strong>perfectumque</strong></span> <span class='ocrx_word' id='word_1_901' title='bbox 2556 5150 2850 5204; x_wconf 76' lang='lat' dir='ltr'><strong>secundum</strong></span> <span class='ocrx_word' id='word_1_902' title='bbox 2870 5150 3013 5219; x_wconf 87' lang='lat' dir='ltr'><strong>quod</strong></span> <span class='ocrx_word' id='word_1_903' title='bbox 3035 5150 3271 5205; x_wconf 81' lang='lat' dir='ltr'><strong>diximus</strong></span> <span class='ocrx_word' id='word_1_904' title='bbox 3291 5149 3472 5205; x_wconf 70' lang='lat' dir='ltr'><strong>offerri</strong></span> <span class='ocrx_word' id='word_1_905' title='bbox 3496 5156 3707 5217; x_wconf 84' lang='lat' dir='ltr'><strong>volens,</strong></span> 
     </span>
    </p>
   </div>
   <div class='ocr_carea' id='block_1_113' title="bbox 2128 5240 3708 5311">
    <p class='ocr_par' dir='ltr' id='par_1_113' title="bbox 2128 5240 3708 5311">
     <span class='ocr_line' id='line_1_113' title="bbox 2128 5240 3708 5311; baseline 0.001 -16"><span class='ocrx_word' id='word_1_906' title='bbox 2128 5255 2196 5296; x_wconf 92' lang='lat' dir='ltr'><strong>ne</strong></span> <span class='ocrx_word' id='word_1_907' title='bbox 2224 5240 2369 5295; x_wconf 82' lang='lat' dir='ltr'><strong>aliud</strong></span> <span class='ocrx_word' id='word_1_908' title='bbox 2398 5241 2516 5311; x_wconf 82' lang='lat' dir='ltr'><strong>ejus</strong></span> <span class='ocrx_word' id='word_1_909' title='bbox 2545 5240 2673 5308; x_wconf 80' lang='lat' dir='ltr'><strong>Deo,</strong></span> <span class='ocrx_word' id='word_1_910' title='bbox 2721 5240 2865 5294; x_wconf 89' lang='lat' dir='ltr'><strong>aliud</strong></span> <span class='ocrx_word' id='word_1_911' title='bbox 2911 5246 3094 5294; x_wconf 87' lang='lat' dir='ltr'><strong>autem</strong></span> <span class='ocrx_word' id='word_1_912' title='bbox 3127 5240 3440 5296; x_wconf 85' lang='lat' dir='ltr'><strong>adversario</strong></span> <span class='ocrx_word' id='word_1_913' title='bbox 3475 5241 3708 5311; x_wconf 72' lang='lat' dir='ltr'><strong>simplex</strong></span> 
     </span>
    </p>
   </div>
   <div class='ocr_carea' id='block_1_114' title="bbox 2127 5330 3710 5400">
    <p class='ocr_par' dir='ltr' id='par_1_114' title="bbox 2127 5330 3710 5400">
     <span class='ocr_line' id='line_1_114' title="bbox 2127 5330 3710 5400; baseline -0.002 -12"><span class='ocrx_word' id='word_1_914' title='bbox 2127 5331 2409 5397; x_wconf 80' lang='lat' dir='ltr'><strong>oﬁ’eratur,</strong></span> <span class='ocrx_word' id='word_1_915' title='bbox 2456 5330 2658 5386; x_wconf 84' lang='lat' dir='ltr'><strong>suﬁicit</strong></span> <span class='ocrx_word' id='word_1_916' title='bbox 2681 5330 2826 5385; x_wconf 88' lang='lat' dir='ltr'><strong>enim</strong></span> <span class='ocrx_word' id='word_1_917' title='bbox 2860 5330 2985 5386; x_wconf 87' lang='lat' dir='ltr'><strong>huic</strong></span> <span class='ocrx_word' id='word_1_918' title='bbox 3011 5332 3077 5385; x_wconf 89' lang='lat' dir='ltr'><strong>ad</strong></span> <span class='ocrx_word' id='word_1_919' title='bbox 3102 5332 3315 5386; x_wconf 83' lang='lat' dir='ltr'><strong>veniam</strong></span> <span class='ocrx_word' id='word_1_920' title='bbox 3339 5345 3403 5386; x_wconf 88' lang='lat' dir='ltr'><strong>ea</strong></span> <span class='ocrx_word' id='word_1_921' title='bbox 3433 5346 3556 5400; x_wconf 64' lang='lat' dir='ltr'><strong>quae</strong></span> <span class='ocrx_word' id='word_1_922' title='bbox 3590 5333 3710 5385; x_wconf 88' lang='lat' dir='ltr'><strong>vir-</strong></span> 
     </span>
    </p>
   </div>
   <div class='ocr_carea' id='block_1_115' title="bbox 2130 5422 3714 5494">
    <p class='ocr_par' dir='ltr' id='par_1_115' title="bbox 2130 5422 3714 5494">
     <span class='ocr_line' id='line_1_115' title="bbox 2130 5422 3714 5494; baseline -0.001 -13"><span class='ocrx_word' id='word_1_923' title='bbox 2130 5426 2259 5481; x_wconf 89' lang='lat' dir='ltr'><strong>tutis</strong></span> <span class='ocrx_word' id='word_1_924' title='bbox 2295 5432 2423 5479; x_wconf 88' lang='lat' dir='ltr'><strong>sunt</strong></span> <span class='ocrx_word' id='word_1_925' title='bbox 2463 5440 2570 5478; x_wconf 89' lang='lat' dir='ltr'><strong>non</strong></span> <span class='ocrx_word' id='word_1_926' title='bbox 2606 5438 2784 5494; x_wconf 85' lang='lat' dir='ltr'><strong>agere.</strong></span> <span class='ocrx_word' id='word_1_927' title='bbox 2818 5422 2950 5478; x_wconf 80' lang='lat' dir='ltr'><strong>Nam</strong></span> <span class='ocrx_word' id='word_1_928' title='bbox 2981 5439 3105 5479; x_wconf 89' lang='lat' dir='ltr'><strong>cum</strong></span> <span class='ocrx_word' id='word_1_929' title='bbox 3132 5423 3273 5478; x_wconf 90' lang='lat' dir='ltr'><strong>mala</strong></span> <span class='ocrx_word' id='word_1_930' title='bbox 3307 5433 3586 5493; x_wconf 86' lang='lat' dir='ltr'><strong>operatur,</strong></span> <span class='ocrx_word' id='word_1_931' title='bbox 3614 5440 3714 5479; x_wconf 77' lang='lat' dir='ltr'><strong>ve-</strong></span> 
     </span>
    </p>
   </div>
   <div class='ocr_carea' id='block_1_116' title="bbox 2127 5516 3714 5590">
    <p class='ocr_par' dir='ltr' id='par_1_116' title="bbox 2127 5516 3714 5590">
     <span class='ocr_line' id='line_1_116' title="bbox 2127 5516 3714 5590; baseline -0.002 -14"><span class='ocrx_word' id='word_1_932' title='bbox 2127 5522 2271 5576; x_wconf 91' lang='lat' dir='ltr'><strong>niam</strong></span> <span class='ocrx_word' id='word_1_933' title='bbox 2292 5536 2399 5576; x_wconf 91' lang='lat' dir='ltr'><strong>non</strong></span> <span class='ocrx_word' id='word_1_934' title='bbox 2428 5520 2680 5585; x_wconf 81' lang='lat' dir='ltr'><strong>habebit;</strong></span> <span class='ocrx_word' id='word_1_935' title='bbox 2708 5519 2852 5574; x_wconf 85' lang='lat' dir='ltr'><strong>unde</strong></span> <span class='ocrx_word' id='word_1_936' title='bbox 2872 5519 3145 5590; x_wconf 90' lang='lat' dir='ltr'><strong>simplices</strong></span> <span class='ocrx_word' id='word_1_937' title='bbox 3170 5528 3229 5573; x_wconf 91' lang='lat' dir='ltr'><strong>ut</strong></span> <span class='ocrx_word' id='word_1_938' title='bbox 3249 5517 3527 5574; x_wconf 89' lang='lat' dir='ltr'><strong>columbas</strong></span> <span class='ocrx_word' id='word_1_939' title='bbox 3549 5516 3714 5585; x_wconf 86' lang='lat' dir='ltr'><strong>jubet</strong></span> 
     </span>
    </p>
   </div>
   <div class='ocr_carea' id='block_1_117' title="bbox 2127 5609 3714 5681">
    <p class='ocr_par' dir='ltr' id='par_1_117' title="bbox 2127 5609 3714 5681">
     <span class='ocr_line' id='line_1_117' title="bbox 2127 5609 3714 5681; baseline -0.003 -12"><span class='ocrx_word' id='word_1_940' title='bbox 2127 5628 2249 5670; x_wconf 88' lang='lat' dir='ltr'><strong>esse</strong></span> <span class='ocrx_word' id='word_1_941' title='bbox 2290 5612 2569 5675; x_wconf 87' lang='lat' dir='ltr'><strong>Dominus,</strong></span> <span class='ocrx_word' id='word_1_942' title='bbox 2597 5611 2726 5679; x_wconf 88' lang='lat' dir='ltr'><strong>quia</strong></span> <span class='ocrx_word' id='word_1_943' title='bbox 2753 5610 3018 5666; x_wconf 84' lang='lat' dir='ltr'><strong>columbae</strong></span> <span class='ocrx_word' id='word_1_944' title='bbox 3046 5612 3269 5665; x_wconf 88' lang='lat' dir='ltr'><strong>nimiam</strong></span> <span class='ocrx_word' id='word_1_945' title='bbox 3306 5609 3714 5681; x_wconf 86' lang='lat' dir='ltr'><strong>quodammodo</strong></span> 
     </span>
    </p>
   </div>
   <div class='ocr_carea' id='block_1_118' title="bbox 2127 5699 3712 5773">
    <p class='ocr_par' dir='ltr' id='par_1_118' title="bbox 2127 5699 3712 5773">
     <span class='ocr_line' id='line_1_118' title="bbox 2127 5699 3712 5773; baseline -0.003 -14"><span class='ocrx_word' id='word_1_946' title='bbox 2127 5703 2528 5773; x_wconf 88' lang='lat' dir='ltr'><strong>simplicitatem</strong></span> <span class='ocrx_word' id='word_1_947' title='bbox 2572 5699 2793 5764; x_wconf 88' lang='lat' dir='ltr'><strong>habent,</strong></span> <span class='ocrx_word' id='word_1_948' title='bbox 2824 5712 3194 5757; x_wconf 87' lang='lat' dir='ltr'><strong>verumtamen</strong></span> <span class='ocrx_word' id='word_1_949' title='bbox 3222 5701 3291 5756; x_wconf 91' lang='lat' dir='ltr'><strong>ab</strong></span> <span class='ocrx_word' id='word_1_950' title='bbox 3325 5701 3471 5755; x_wconf 85' lang='lat' dir='ltr'><strong>omni</strong></span> <span class='ocrx_word' id='word_1_951' title='bbox 3500 5699 3712 5755; x_wconf 85' lang='lat' dir='ltr'><strong>malitia</strong></span> 
     </span>
    </p>
   </div>
   <div class='ocr_carea' id='block_1_119' title="bbox 2128 5792 3706 5860">
    <p class='ocr_par' dir='ltr' id='par_1_119' title="bbox 2128 5792 3706 5860">
     <span class='ocr_line' id='line_1_119' title="bbox 2128 5792 3706 5860; baseline -0.004 -9"><span class='ocrx_word' id='word_1_952' title='bbox 2128 5813 2231 5852; x_wconf 91' lang='lat' dir='ltr'><strong>non</strong></span> <span class='ocrx_word' id='word_1_953' title='bbox 2262 5796 2475 5849; x_wconf 82' lang='lat' dir='ltr'><strong>desunt.</strong></span> <span class='ocrx_word' id='word_1_954' title='bbox 2508 5792 2609 5860; x_wconf 84' lang='lat' dir='ltr'><strong>Qui</strong></span> <span class='ocrx_word' id='word_1_955' title='bbox 2643 5801 2824 5849; x_wconf 88' lang='lat' dir='ltr'><strong>autem</strong></span> <span class='ocrx_word' id='word_1_956' title='bbox 2865 5794 2931 5849; x_wconf 87' lang='lat' dir='ltr'><strong>de</strong></span> <span class='ocrx_word' id='word_1_957' title='bbox 2966 5794 3134 5851; x_wconf 85' lang='lat' dir='ltr'><strong>bobus</strong></span> <span class='ocrx_word' id='word_1_958' title='bbox 3165 5794 3489 5852; x_wconf 85' lang='lat' dir='ltr'><strong>sacriﬁcium</strong></span> <span class='ocrx_word' id='word_1_959' title='bbox 3519 5792 3706 5859; x_wconf 77' lang='lat' dir='ltr'><strong>alien,</strong></span> 
     </span>
    </p>
   </div>
  </div>
