  <div class='ocr_page' id='page_1' title='image "/cluster/home/n/w/nwhite01/storage/ocr_20150623/108/hvd.32044054759733/140.png"; bbox 0 0 3954 6176; ppageno 0'>
   <div class='ocr_carea' id='block_1_1' title="bbox 288 447 394 505">
    <p class='ocr_par' dir='ltr' id='par_1_1' title="bbox 288 447 394 505">
     <span class='ocr_line' id='line_1_1' title="bbox 288 447 394 505; baseline 0.038 -4"><span class='ocrx_word' id='word_1_1' title='bbox 288 447 394 505; x_wconf 77' lang='lat'><strong>269</strong></span> 
     </span>
    </p>
   </div>
   <div class='ocr_carea' id='block_1_2' title="bbox 1227 451 2614 511">
    <p class='ocr_par' dir='ltr' id='par_1_2' title="bbox 1227 451 2614 511">
     <span class='ocr_line' id='line_1_2' title="bbox 1227 451 2614 511; baseline -0.003 -1"><span class='ocrx_word' id='word_1_2' title='bbox 1227 451 1728 511; x_wconf 82' lang='lat' dir='ltr'><strong>EXPOSlTIONES</strong></span> <span class='ocrx_word' id='word_1_3' title='bbox 1764 451 1831 506; x_wconf 81' lang='lat' dir='ltr'><strong>IN</strong></span> <span class='ocrx_word' id='word_1_4' title='bbox 1870 451 2268 510; x_wconf 72' lang='lat' dir='ltr'><strong>LEVlTlCUll.</strong></span> <span class='ocrx_word' id='word_1_5' title='bbox 2307 486 2373 493; x_wconf 81' lang='lat'><strong>-—</strong></span> <span class='ocrx_word' id='word_1_6' title='bbox 2410 453 2537 510; x_wconf 85' lang='lat' dir='ltr'><strong>LIB.</strong></span> <span class='ocrx_word' id='word_1_7' title='bbox 2574 453 2614 507; x_wconf 95' lang='lat' dir='ltr'><strong>l.</strong></span> 
     </span>
    </p>
   </div>
   <div class='ocr_carea' id='block_1_3' title="bbox 3422 454 3527 511">
    <p class='ocr_par' dir='ltr' id='par_1_3' title="bbox 3422 454 3527 511">
     <span class='ocr_line' id='line_1_3' title="bbox 3422 454 3527 511; baseline 0.029 -3"><span class='ocrx_word' id='word_1_8' title='bbox 3422 454 3527 511; x_wconf 73' lang='lat'><strong>270</strong></span> 
     </span>
    </p>
   </div>
   <div class='ocr_carea' id='block_1_4' title="bbox 286 566 3528 669">
    <p class='ocr_par' dir='ltr' id='par_1_4' title="bbox 286 566 3528 669">
     <span class='ocr_line' id='line_1_4' title="bbox 286 566 3528 669; baseline 0.001 -53"><span class='ocrx_word' id='word_1_9' title='bbox 286 573 351 619; x_wconf 85' lang='lat' dir='ltr'><strong>ut</strong></span> <span class='ocrx_word' id='word_1_10' title='bbox 391 573 517 635; x_wconf 85' lang='lat' dir='ltr'><strong>pote</strong></span> <span class='ocrx_word' id='word_1_11' title='bbox 534 576 791 636; x_wconf 87' lang='lat' dir='ltr'><strong>operator</strong></span> <span class='ocrx_word' id='word_1_12' title='bbox 818 566 1071 639; x_wconf 77' lang='lat' dir='ltr'><strong>legalium</strong></span> <span class='ocrx_word' id='word_1_13' title='bbox 1114 568 1514 634; x_wconf 73' lang='lat' dir='ltr'><strong>mandatorum,</strong></span> <span class='ocrx_word' id='word_1_14' title='bbox 1550 585 1657 624; x_wconf 91' lang='lat' dir='ltr'><strong>non</strong></span> <span class='ocrx_word' id='word_1_15' title='bbox 1710 567 1873 623; x_wconf 83' lang='lat' dir='ltr'><strong>habet</strong></span> <span class='ocrx_word' id='word_1_16' title='bbox 1900 573 1944 631; x_wconf 79' lang='grc' dir='ltr'><strong>Α</strong></span> <span class='ocrx_word' id='word_1_17' title='bbox 1964 572 2217 641; x_wconf 84' lang='lat' dir='ltr'><strong>sanguine</strong></span> <span class='ocrx_word' id='word_1_18' title='bbox 2244 587 2346 624; x_wconf 85' lang='lat' dir='ltr'><strong>non</strong></span> <span class='ocrx_word' id='word_1_19' title='bbox 2376 570 2678 624; x_wconf 79' lang='lat' dir='ltr'><strong>comedetis.</strong></span> <span class='ocrx_word' id='word_1_20' title='bbox 2707 568 3014 669; x_wconf 51' lang='lat' dir='ltr'><strong>suitguinent</strong></span> <span class='ocrx_word' id='word_1_21' title='bbox 3036 568 3178 669; x_wconf 63' lang='lat' dir='ltr'><strong>enim</strong></span> <span class='ocrx_word' id='word_1_22' title='bbox 3228 568 3528 669; x_wconf 70' lang='lat' dir='ltr'><strong>animarum</strong></span> 
     </span>
    </p>
   </div>
   <div class='ocr_carea' id='block_1_5' title="bbox 282 653 3533 732">
    <p class='ocr_par' dir='ltr' id='par_1_5' title="bbox 282 653 3533 732">
     <span class='ocr_line' id='line_1_5' title="bbox 282 653 3533 732; baseline 0.008 -25"><span class='ocrx_word' id='word_1_23' title='bbox 282 653 672 709; x_wconf 70' lang='lat' dir='ltr'><strong>necessitatem</strong></span> <span class='ocrx_word' id='word_1_24' title='bbox 721 654 961 710; x_wconf 84' lang='lat' dir='ltr'><strong>lumbum</strong></span> <span class='ocrx_word' id='word_1_25' title='bbox 1013 655 1229 722; x_wconf 78' lang='lat' dir='ltr'><strong>offerre,</strong></span> <span class='ocrx_word' id='word_1_26' title='bbox 1282 658 1409 727; x_wconf 89' lang='lat' dir='ltr'><strong>quia</strong></span> <span class='ocrx_word' id='word_1_27' title='bbox 1462 657 1567 714; x_wconf 87' lang='lat' dir='ltr'><strong>hoc</strong></span> <span class='ocrx_word' id='word_1_28' title='bbox 1604 659 1659 714; x_wconf 92' lang='lat' dir='ltr'><strong>in</strong></span> <span class='ocrx_word' id='word_1_29' title='bbox 1687 673 1870 713; x_wconf 86' lang='lat' dir='ltr'><strong>corrc-</strong></span> <span class='ocrx_word' id='word_1_30' title='bbox 1966 664 2563 732; x_wconf 81' lang='lat' dir='ltr'><strong>restrarumrequiram.</strong></span> <span class='ocrx_word' id='word_1_31' title='bbox 2603 660 2932 731; x_wconf 72' lang='lat' dir='ltr'><strong>Signiﬁcans</strong></span> <span class='ocrx_word' id='word_1_32' title='bbox 2960 660 3084 727; x_wconf 64' lang='lat' dir='ltr'><strong>quia</strong></span> <span class='ocrx_word' id='word_1_33' title='bbox 3112 673 3208 728; x_wconf 61' lang='lat' dir='ltr'><strong>Per</strong></span> <span class='ocrx_word' id='word_1_34' title='bbox 3257 659 3324 712; x_wconf 61' lang='lat' dir='ltr'><strong>ab</strong></span> <span class='ocrx_word' id='word_1_35' title='bbox 3357 660 3533 712; x_wconf 61' lang='lat' dir='ltr'><strong>mm&quot;</strong></span> 
     </span>
    </p>
   </div>
   <div class='ocr_carea' id='block_1_6' title="bbox 282 744 1866 818">
    <p class='ocr_par' dir='ltr' id='par_1_6' title="bbox 282 744 1866 818">
     <span class='ocr_line' id='line_1_6' title="bbox 282 744 1866 818; baseline 0.003 -20"><span class='ocrx_word' id='word_1_36' title='bbox 282 744 468 798; x_wconf 83' lang='lat' dir='ltr'><strong>ctione</strong></span> <span class='ocrx_word' id='word_1_37' title='bbox 494 744 759 799; x_wconf 88' lang='lat' dir='ltr'><strong>bonarum</strong></span> <span class='ocrx_word' id='word_1_38' title='bbox 786 747 1016 802; x_wconf 84' lang='lat' dir='ltr'><strong>sortitus</strong></span> <span class='ocrx_word' id='word_1_39' title='bbox 1046 756 1130 803; x_wconf 90' lang='lat' dir='ltr'><strong>est</strong></span> <span class='ocrx_word' id='word_1_40' title='bbox 1157 748 1465 817; x_wconf 81' lang='lat' dir='ltr'><strong>actionum;</strong></span> <span class='ocrx_word' id='word_1_41' title='bbox 1495 748 1542 804; x_wconf 92' lang='lat' dir='ltr'><strong>is</strong></span> <span class='ocrx_word' id='word_1_42' title='bbox 1565 758 1744 803; x_wconf 89' lang='lat' dir='ltr'><strong>autem</strong></span> <span class='ocrx_word' id='word_1_43' title='bbox 1774 748 1866 818; x_wconf 87' lang='lat' dir='ltr'><strong>qui</strong></span> 
     </span>
    </p>
   </div>
   <div class='ocr_carea' id='block_1_7' title="bbox 280 834 1865 913">
    <p class='ocr_par' dir='ltr' id='par_1_7' title="bbox 280 834 1865 913">
     <span class='ocr_line' id='line_1_7' title="bbox 280 834 1865 913; baseline 0.001 -21"><span class='ocrx_word' id='word_1_44' title='bbox 280 834 354 892; x_wconf 87' lang='lat' dir='ltr'><strong>de</strong></span> <span class='ocrx_word' id='word_1_45' title='bbox 392 836 573 907; x_wconf 83' lang='lat' dir='ltr'><strong>capris</strong></span> <span class='ocrx_word' id='word_1_46' title='bbox 602 837 868 904; x_wconf 91' lang='lat' dir='ltr'><strong>immolat,</strong></span> <span class='ocrx_word' id='word_1_47' title='bbox 919 839 1024 894; x_wconf 92' lang='lat' dir='ltr'><strong>etsi</strong></span> <span class='ocrx_word' id='word_1_48' title='bbox 1076 839 1338 909; x_wconf 87' lang='lat' dir='ltr'><strong>simplicis</strong></span> <span class='ocrx_word' id='word_1_49' title='bbox 1379 851 1464 896; x_wconf 91' lang='lat' dir='ltr'><strong>cst</strong></span> <span class='ocrx_word' id='word_1_50' title='bbox 1506 854 1739 913; x_wconf 77' lang='lat' dir='ltr'><strong>generis,</strong></span> <span class='ocrx_word' id='word_1_51' title='bbox 1772 855 1865 894; x_wconf 82' lang='lat' dir='ltr'><strong>ve-</strong></span> 
     </span>
    </p>
   </div>
   <div class='ocr_carea' id='block_1_8' title="bbox 281 926 1864 998">
    <p class='ocr_par' dir='ltr' id='par_1_8' title="bbox 281 926 1864 998">
     <span class='ocr_line' id='line_1_8' title="bbox 281 926 1864 998; baseline 0.003 -20"><span class='ocrx_word' id='word_1_52' title='bbox 281 936 594 980; x_wconf 82' lang='lat' dir='ltr'><strong>rumtamen</strong></span> <span class='ocrx_word' id='word_1_53' title='bbox 638 926 767 997; x_wconf 85' lang='lat' dir='ltr'><strong>quia</strong></span> <span class='ocrx_word' id='word_1_54' title='bbox 811 943 877 983; x_wconf 82' lang='lat' dir='ltr'><strong>ex</strong></span> <span class='ocrx_word' id='word_1_55' title='bbox 910 928 1287 998; x_wconf 84' lang='lat' dir='ltr'><strong>peccatoribus</strong></span> <span class='ocrx_word' id='word_1_56' title='bbox 1316 944 1610 985; x_wconf 90' lang='lat' dir='ltr'><strong>conversus</strong></span> <span class='ocrx_word' id='word_1_57' title='bbox 1659 928 1864 984; x_wconf 78' lang='lat' dir='ltr'><strong>intelle-</strong></span> 
     </span>
    </p>
   </div>
   <div class='ocr_carea' id='block_1_9' title="bbox 279 1021 1859 1092">
    <p class='ocr_par' dir='ltr' id='par_1_9' title="bbox 279 1021 1859 1092">
     <span class='ocr_line' id='line_1_9' title="bbox 279 1021 1859 1092; baseline 0.001 -17"><span class='ocrx_word' id='word_1_58' title='bbox 279 1027 406 1075; x_wconf 81' lang='lat' dir='ltr'><strong>ctus</strong></span> <span class='ocrx_word' id='word_1_59' title='bbox 434 1028 540 1085; x_wconf 90' lang='lat' dir='ltr'><strong>est,</strong></span> <span class='ocrx_word' id='word_1_60' title='bbox 577 1036 685 1076; x_wconf 80' lang='lat' dir='ltr'><strong>non</strong></span> <span class='ocrx_word' id='word_1_61' title='bbox 710 1021 1154 1092; x_wconf 75' lang='lat' dir='ltr'><strong>potest-lumbum</strong></span> <span class='ocrx_word' id='word_1_62' title='bbox 1176 1023 1584 1080; x_wconf 85' lang='lat' dir='ltr'><strong>immaculatum</strong></span> <span class='ocrx_word' id='word_1_63' title='bbox 1623 1023 1820 1079; x_wconf 77' lang='lat' dir='ltr'><strong>offerre</strong></span> <span class='ocrx_word' id='word_1_64' title='bbox 1846 1042 1859 1077; x_wconf 91' lang='lat'><strong>:</strong></span> 
     </span>
    </p>
   </div>
   <div class='ocr_carea' id='block_1_10' title="bbox 276 1110 1861 1185">
    <p class='ocr_par' dir='ltr' id='par_1_10' title="bbox 276 1110 1861 1185">
     <span class='ocr_line' id='line_1_10' title="bbox 276 1110 1861 1185; baseline 0.006 -21"><span class='ocrx_word' id='word_1_65' title='bbox 276 1110 413 1165; x_wconf 87' lang='lat' dir='ltr'><strong>olim</strong></span> <span class='ocrx_word' id='word_1_66' title='bbox 452 1112 652 1184; x_wconf 82' lang='lat' dir='ltr'><strong>quippe</strong></span> <span class='ocrx_word' id='word_1_67' title='bbox 676 1128 797 1169; x_wconf 90' lang='lat' dir='ltr'><strong>eum</strong></span> <span class='ocrx_word' id='word_1_68' title='bbox 824 1123 1050 1185; x_wconf 87' lang='lat' dir='ltr'><strong>peccato</strong></span> <span class='ocrx_word' id='word_1_69' title='bbox 1070 1116 1379 1173; x_wconf 73' lang='lat' dir='ltr'><strong>maculavit.</strong></span> <span class='ocrx_word' id='word_1_70' title='bbox 1414 1117 1754 1173; x_wconf 75' lang='lat' dir='ltr'><strong>Manifestum</strong></span> <span class='ocrx_word' id='word_1_71' title='bbox 1773 1128 1861 1174; x_wconf 82' lang='lat' dir='ltr'><strong>est</strong></span> 
     </span>
    </p>
   </div>
   <div class='ocr_carea' id='block_1_11' title="bbox 276 1203 1860 1277">
    <p class='ocr_par' dir='ltr' id='par_1_11' title="bbox 276 1203 1860 1277">
     <span class='ocr_line' id='line_1_11' title="bbox 276 1203 1860 1277; baseline 0.004 -22"><span class='ocrx_word' id='word_1_72' title='bbox 276 1216 413 1272; x_wconf 83' lang='lat' dir='ltr'><strong>ergo</strong></span> <span class='ocrx_word' id='word_1_73' title='bbox 437 1203 582 1272; x_wconf 87' lang='lat' dir='ltr'><strong>quod</strong></span> <span class='ocrx_word' id='word_1_74' title='bbox 629 1203 717 1259; x_wconf 91' lang='lat' dir='ltr'><strong>hic</strong></span> <span class='ocrx_word' id='word_1_75' title='bbox 765 1205 1006 1275; x_wconf 82' lang='lat' dir='ltr'><strong>quidem,</strong></span> <span class='ocrx_word' id='word_1_76' title='bbox 1053 1215 1265 1277; x_wconf 90' lang='lat' dir='ltr'><strong>utpote</strong></span> <span class='ocrx_word' id='word_1_77' title='bbox 1311 1208 1402 1277; x_wconf 89' lang='lat' dir='ltr'><strong>qui</strong></span> <span class='ocrx_word' id='word_1_78' title='bbox 1432 1223 1540 1263; x_wconf 91' lang='lat' dir='ltr'><strong>non</strong></span> <span class='ocrx_word' id='word_1_79' title='bbox 1580 1207 1758 1263; x_wconf 80' lang='lat' dir='ltr'><strong>fuerat</strong></span> <span class='ocrx_word' id='word_1_80' title='bbox 1806 1209 1860 1263; x_wconf 91' lang='lat' dir='ltr'><strong>in</strong></span> 
     </span>
    </p>
   </div>
   <div class='ocr_carea' id='block_1_12' title="bbox 273 1294 1862 1371">
    <p class='ocr_par' dir='ltr' id='par_1_12' title="bbox 273 1294 1862 1371">
     <span class='ocr_line' id='line_1_12' title="bbox 273 1294 1862 1371; baseline 0.004 -23"><span class='ocrx_word' id='word_1_81' title='bbox 273 1294 541 1363; x_wconf 76' lang='lat' dir='ltr'><strong>peccatis,</strong></span> <span class='ocrx_word' id='word_1_82' title='bbox 593 1295 999 1353; x_wconf 86' lang='lat' dir='ltr'><strong>immaculatum</strong></span> <span class='ocrx_word' id='word_1_83' title='bbox 1030 1298 1271 1354; x_wconf 87' lang='lat' dir='ltr'><strong>lumbutn</strong></span> <span class='ocrx_word' id='word_1_84' title='bbox 1310 1299 1506 1357; x_wconf 91' lang='lat' dir='ltr'><strong>offerre</strong></span> <span class='ocrx_word' id='word_1_85' title='bbox 1534 1309 1732 1371; x_wconf 89' lang='lat' dir='ltr'><strong>potest,</strong></span> <span class='ocrx_word' id='word_1_86' title='bbox 1769 1300 1862 1371; x_wconf 89' lang='lat' dir='ltr'><strong>qui</strong></span> 
     </span>
    </p>
   </div>
   <div class='ocr_carea' id='block_1_13' title="bbox 271 1384 1856 1458">
    <p class='ocr_par' dir='ltr' id='par_1_13' title="bbox 271 1384 1856 1458">
     <span class='ocr_line' id='line_1_13' title="bbox 271 1384 1856 1458; baseline 0.004 -20"><span class='ocrx_word' id='word_1_87' title='bbox 271 1399 408 1439; x_wconf 81' lang='lat' dir='ltr'><strong>vero</strong></span> <span class='ocrx_word' id='word_1_88' title='bbox 432 1384 555 1450; x_wconf 90' lang='lat' dir='ltr'><strong>fuit,</strong></span> <span class='ocrx_word' id='word_1_89' title='bbox 586 1386 675 1440; x_wconf 91' lang='lat' dir='ltr'><strong>hic</strong></span> <span class='ocrx_word' id='word_1_90' title='bbox 700 1385 815 1456; x_wconf 87' lang='lat' dir='ltr'><strong>jam</strong></span> <span class='ocrx_word' id='word_1_91' title='bbox 842 1402 950 1442; x_wconf 87' lang='lat' dir='ltr'><strong>non</strong></span> <span class='ocrx_word' id='word_1_92' title='bbox 982 1388 1171 1444; x_wconf 75' lang='lat' dir='ltr'><strong>offeret</strong></span> <span class='ocrx_word' id='word_1_93' title='bbox 1201 1390 1442 1446; x_wconf 89' lang='lat' dir='ltr'><strong>lumbum</strong></span> <span class='ocrx_word' id='word_1_94' title='bbox 1474 1392 1528 1447; x_wconf 89' lang='lat' dir='ltr'><strong>in</strong></span> <span class='ocrx_word' id='word_1_95' title='bbox 1556 1391 1856 1458; x_wconf 83' lang='lat' dir='ltr'><strong>sacrificiis,</strong></span> 
     </span>
    </p>
   </div>
   <div class='ocr_carea' id='block_1_14' title="bbox 271 1476 1860 1553">
    <p class='ocr_par' dir='ltr' id='par_1_14' title="bbox 271 1476 1860 1553">
     <span class='ocr_line' id='line_1_14' title="bbox 271 1476 1860 1553; baseline 0.004 -24"><span class='ocrx_word' id='word_1_96' title='bbox 271 1476 544 1545; x_wconf 81' lang='lat' dir='ltr'><strong>siquidem</strong></span> <span class='ocrx_word' id='word_1_97' title='bbox 570 1492 692 1546; x_wconf 76' lang='lat' dir='ltr'><strong>qua:</strong></span> <span class='ocrx_word' id='word_1_98' title='bbox 731 1485 857 1533; x_wconf 90' lang='lat' dir='ltr'><strong>sunt</strong></span> <span class='ocrx_word' id='word_1_99' title='bbox 896 1479 963 1536; x_wconf 89' lang='lat' dir='ltr'><strong>de</strong></span> <span class='ocrx_word' id='word_1_100' title='bbox 996 1480 1176 1551; x_wconf 88' lang='lat' dir='ltr'><strong>capris</strong></span> <span class='ocrx_word' id='word_1_101' title='bbox 1217 1483 1534 1550; x_wconf 89' lang='lat' dir='ltr'><strong>ascribitur,</strong></span> <span class='ocrx_word' id='word_1_102' title='bbox 1572 1484 1639 1539; x_wconf 92' lang='lat' dir='ltr'><strong>de</strong></span> <span class='ocrx_word' id='word_1_103' title='bbox 1662 1482 1860 1553; x_wconf 88' lang='lat' dir='ltr'><strong>quibus</strong></span> 
     </span>
    </p>
   </div>
   <div class='ocr_carea' id='block_1_15' title="bbox 272 1567 1858 1645">
    <p class='ocr_par' dir='ltr' id='par_1_15' title="bbox 272 1567 1858 1645">
     <span class='ocr_line' id='line_1_15' title="bbox 272 1567 1858 1645; baseline 0.005 -24"><span class='ocrx_word' id='word_1_104' title='bbox 272 1567 519 1623; x_wconf 85' lang='lat' dir='ltr'><strong>lumbum</strong></span> <span class='ocrx_word' id='word_1_105' title='bbox 538 1567 723 1625; x_wconf 74' lang='lat' dir='ltr'><strong>offerri</strong></span> <span class='ocrx_word' id='word_1_106' title='bbox 749 1585 855 1625; x_wconf 90' lang='lat' dir='ltr'><strong>non</strong></span> <span class='ocrx_word' id='word_1_107' title='bbox 876 1571 1127 1627; x_wconf 85' lang='lat' dir='ltr'><strong>sancivit.</strong></span> <span class='ocrx_word' id='word_1_108' title='bbox 1144 1573 1211 1628; x_wconf 85' lang='lat' dir='ltr'><strong>Et</strong></span> <span class='ocrx_word' id='word_1_109' title='bbox 1225 1573 1328 1628; x_wconf 93' lang='lat' dir='ltr'><strong>hoc</strong></span> <span class='ocrx_word' id='word_1_110' title='bbox 1341 1581 1459 1628; x_wconf 88' lang='lat' dir='ltr'><strong>erat</strong></span> <span class='ocrx_word' id='word_1_111' title='bbox 1477 1582 1699 1645; x_wconf 84' lang='lat' dir='ltr'><strong>propter</strong></span> <span class='ocrx_word' id='word_1_112' title='bbox 1713 1574 1858 1644; x_wconf 90' lang='lat' dir='ltr'><strong>quod</strong></span> 
     </span>
    </p>
   </div>
   <div class='ocr_carea' id='block_1_16' title="bbox 272 1657 1853 1732">
    <p class='ocr_par' dir='ltr' id='par_1_16' title="bbox 272 1657 1853 1732">
     <span class='ocr_line' id='line_1_16' title="bbox 272 1657 1853 1732; baseline 0.004 -22"><span class='ocrx_word' id='word_1_113' title='bbox 272 1658 325 1711; x_wconf 85' lang='lat' dir='ltr'><strong>in</strong></span> <span class='ocrx_word' id='word_1_114' title='bbox 361 1657 637 1713; x_wconf 81' lang='lat' dir='ltr'><strong>sacrificio</strong></span> <span class='ocrx_word' id='word_1_115' title='bbox 664 1658 1017 1729; x_wconf 84' lang='lat' dir='ltr'><strong>paciﬁcorum</strong></span> <span class='ocrx_word' id='word_1_116' title='bbox 1048 1660 1117 1715; x_wconf 84' lang='lat' dir='ltr'><strong>ab</strong></span> <span class='ocrx_word' id='word_1_117' title='bbox 1145 1661 1302 1731; x_wconf 80' lang='lat' dir='ltr'><strong>agnis</strong></span> <span class='ocrx_word' id='word_1_118' title='bbox 1340 1677 1534 1732; x_wconf 86' lang='lat' dir='ltr'><strong>capras</strong></span> <span class='ocrx_word' id='word_1_119' title='bbox 1587 1661 1853 1717; x_wconf 85' lang='lat' dir='ltr'><strong>distinxit.</strong></span> 
     </span>
    </p>
   </div>
   <div class='ocr_carea' id='block_1_17' title="bbox 267 1746 1856 1826">
    <p class='ocr_par' dir='ltr' id='par_1_17' title="bbox 267 1746 1856 1826">
     <span class='ocr_line' id='line_1_17' title="bbox 267 1746 1856 1826; baseline 0.004 -25"><span class='ocrx_word' id='word_1_120' title='bbox 267 1746 594 1803; x_wconf 70' lang='lat' dir='ltr'><strong>Communia</strong></span> <span class='ocrx_word' id='word_1_121' title='bbox 619 1759 800 1804; x_wconf 86' lang='lat' dir='ltr'><strong>autem</strong></span> <span class='ocrx_word' id='word_1_122' title='bbox 828 1758 954 1806; x_wconf 90' lang='lat' dir='ltr'><strong>sunt</strong></span> <span class='ocrx_word' id='word_1_123' title='bbox 982 1750 1110 1817; x_wconf 88' lang='lat' dir='ltr'><strong>alia,</strong></span> <span class='ocrx_word' id='word_1_124' title='bbox 1145 1752 1213 1807; x_wconf 90' lang='lat' dir='ltr'><strong>de</strong></span> <span class='ocrx_word' id='word_1_125' title='bbox 1254 1751 1450 1826; x_wconf 85' lang='lat' dir='ltr'><strong>quibus</strong></span> <span class='ocrx_word' id='word_1_126' title='bbox 1492 1751 1635 1824; x_wconf 83' lang='lat' dir='ltr'><strong>loqui</strong></span> <span class='ocrx_word' id='word_1_127' title='bbox 1670 1767 1856 1807; x_wconf 86' lang='lat' dir='ltr'><strong>neces-</strong></span> 
     </span>
    </p>
   </div>
   <div class='ocr_carea' id='block_1_18' title="bbox 265 1836 1855 1905">
    <p class='ocr_par' dir='ltr' id='par_1_18' title="bbox 265 1836 1855 1905">
     <span class='ocr_line' id='line_1_18' title="bbox 265 1836 1855 1905; baseline 0.003 -16"><span class='ocrx_word' id='word_1_128' title='bbox 265 1836 477 1890; x_wconf 85' lang='lat' dir='ltr'><strong>sarium</strong></span> <span class='ocrx_word' id='word_1_129' title='bbox 517 1852 622 1891; x_wconf 89' lang='lat' dir='ltr'><strong>non</strong></span> <span class='ocrx_word' id='word_1_130' title='bbox 651 1837 934 1905; x_wconf 85' lang='lat' dir='ltr'><strong>habemus,</strong></span> <span class='ocrx_word' id='word_1_131' title='bbox 975 1840 1027 1894; x_wconf 92' lang='lat' dir='ltr'><strong>in</strong></span> <span class='ocrx_word' id='word_1_132' title='bbox 1055 1840 1327 1896; x_wconf 89' lang='lat' dir='ltr'><strong>oblatione</strong></span> <span class='ocrx_word' id='word_1_133' title='bbox 1348 1842 1494 1896; x_wconf 90' lang='lat' dir='ltr'><strong>enim</strong></span> <span class='ocrx_word' id='word_1_134' title='bbox 1519 1842 1680 1897; x_wconf 90' lang='lat' dir='ltr'><strong>houm</strong></span> <span class='ocrx_word' id='word_1_135' title='bbox 1707 1840 1855 1896; x_wconf 79' lang='lat' dir='ltr'><strong>suill-</strong></span> 
     </span>
    </p>
   </div>
   <div class='ocr_carea' id='block_1_19' title="bbox 1969 747 3535 827">
    <p class='ocr_par' dir='ltr' id='par_1_19' title="bbox 1969 747 3535 827">
     <span class='ocr_line' id='line_1_19' title="bbox 1969 747 3535 827; baseline -0.006 -15"><span class='ocrx_word' id='word_1_136' title='bbox 1969 759 2095 813; x_wconf 85' lang='lat' dir='ltr'><strong>tiatn</strong></span> <span class='ocrx_word' id='word_1_137' title='bbox 2131 756 2436 827; x_wconf 86' lang='lat' dir='ltr'><strong>sanguinis,</strong></span> <span class='ocrx_word' id='word_1_138' title='bbox 2459 757 2527 811; x_wconf 86' lang='lat' dir='ltr'><strong>ab</strong></span> <span class='ocrx_word' id='word_1_139' title='bbox 2562 753 2869 811; x_wconf 80' lang='lat' dir='ltr'><strong>homicidiis</strong></span> <span class='ocrx_word' id='word_1_140' title='bbox 2896 754 3173 806; x_wconf 79' lang='lat' dir='ltr'><strong>abstinere</strong></span> <span class='ocrx_word' id='word_1_141' title='bbox 3210 748 3322 803; x_wconf 82' lang='lat' dir='ltr'><strong>vult</strong></span> <span class='ocrx_word' id='word_1_142' title='bbox 3357 747 3535 809; x_wconf 85' lang='lat' dir='ltr'><strong>homi-</strong></span> 
     </span>
    </p>
   </div>
   <div class='ocr_carea' id='block_1_20' title="bbox 1968 839 3538 905">
    <p class='ocr_par' dir='ltr' id='par_1_20' title="bbox 1968 839 3538 905">
     <span class='ocr_line' id='line_1_20' title="bbox 1968 839 3538 905; baseline -0.006 -2"><span class='ocrx_word' id='word_1_143' title='bbox 1968 862 2117 903; x_wconf 77' lang='lat' dir='ltr'><strong>nezn.</strong></span> <span class='ocrx_word' id='word_1_144' title='bbox 2153 847 2259 904; x_wconf 85' lang='lat' dir='ltr'><strong>Pro</strong></span> <span class='ocrx_word' id='word_1_145' title='bbox 2304 848 2413 903; x_wconf 86' lang='lat' dir='ltr'><strong>Deo</strong></span> <span class='ocrx_word' id='word_1_146' title='bbox 2474 856 2655 901; x_wconf 89' lang='lat' dir='ltr'><strong>autem</strong></span> <span class='ocrx_word' id='word_1_147' title='bbox 2711 861 2814 898; x_wconf 85' lang='lat' dir='ltr'><strong>non</strong></span> <span class='ocrx_word' id='word_1_148' title='bbox 2853 841 3125 898; x_wconf 85' lang='lat' dir='ltr'><strong>immolari</strong></span> <span class='ocrx_word' id='word_1_149' title='bbox 3189 839 3381 905; x_wconf 79' lang='lat' dir='ltr'><strong>vetuit,</strong></span> <span class='ocrx_word' id='word_1_150' title='bbox 3438 853 3538 894; x_wconf 83' lang='lat' dir='ltr'><strong>nec</strong></span> 
     </span>
    </p>
   </div>
   <div class='ocr_carea' id='block_1_21' title="bbox 1969 930 3542 1008">
    <p class='ocr_par' dir='ltr' id='par_1_21' title="bbox 1969 930 3542 1008">
     <span class='ocr_line' id='line_1_21' title="bbox 1969 930 3542 1008; baseline -0.007 -14"><span class='ocrx_word' id='word_1_151' title='bbox 1969 939 2249 1008; x_wconf 73' lang='lat' dir='ltr'><strong>despicere</strong></span> <span class='ocrx_word' id='word_1_152' title='bbox 2276 938 2535 1006; x_wconf 86' lang='lat' dir='ltr'><strong>animam,</strong></span> <span class='ocrx_word' id='word_1_153' title='bbox 2565 940 2661 993; x_wconf 84' lang='lat' dir='ltr'><strong>sed</strong></span> <span class='ocrx_word' id='word_1_154' title='bbox 2694 938 2920 992; x_wconf 87' lang='lat' dir='ltr'><strong>omnino</strong></span> <span class='ocrx_word' id='word_1_155' title='bbox 2965 932 3240 1005; x_wconf 70' lang='lat' dir='ltr'><strong>praecepit,</strong></span> <span class='ocrx_word' id='word_1_156' title='bbox 3298 930 3439 985; x_wconf 88' lang='lat' dir='ltr'><strong>uttde</strong></span> <span class='ocrx_word' id='word_1_157' title='bbox 3486 936 3542 984; x_wconf 90' lang='lat' dir='ltr'><strong>et</strong></span> 
     </span>
    </p>
   </div>
   <div class='ocr_carea' id='block_1_22' title="bbox 1969 1025 3291 1102">
    <p class='ocr_par' dir='ltr' id='par_1_22' title="bbox 1969 1025 3291 1102">
     <span class='ocr_line' id='line_1_22' title="bbox 1969 1025 3291 1102; baseline -0.006 -13"><span class='ocrx_word' id='word_1_158' title='bbox 1969 1032 2285 1102; x_wconf 72' lang='lat' dir='ltr'><strong>Sanguinem</strong></span> <span class='ocrx_word' id='word_1_159' title='bbox 2319 1034 2463 1086; x_wconf 89' lang='lat' dir='ltr'><strong>circa</strong></span> <span class='ocrx_word' id='word_1_160' title='bbox 2495 1032 2667 1085; x_wconf 82' lang='lat' dir='ltr'><strong>basim</strong></span> <span class='ocrx_word' id='word_1_161' title='bbox 2705 1030 2855 1084; x_wconf 87' lang='lat' dir='ltr'><strong>fundi</strong></span> <span class='ocrx_word' id='word_1_162' title='bbox 2891 1027 3080 1083; x_wconf 85' lang='lat' dir='ltr'><strong>altaris</strong></span> <span class='ocrx_word' id='word_1_163' title='bbox 3106 1025 3291 1092; x_wconf 78' lang='lat' dir='ltr'><strong>insuit.</strong></span> 
     </span>
    </p>
   </div>
   <div class='ocr_carea' id='block_1_23' title="bbox 2563 1113 2935 1174">
    <p class='ocr_par' dir='ltr' id='par_1_23' title="bbox 2563 1113 2935 1174">
     <span class='ocr_line' id='line_1_23' title="bbox 2563 1113 2935 1174; baseline 0.005 -3"><span class='ocrx_word' id='word_1_164' title='bbox 2563 1113 2793 1172; x_wconf 78' lang='lat' dir='ltr'><strong>CAPUT</strong></span> <span class='ocrx_word' id='word_1_165' title='bbox 2848 1115 2935 1174; x_wconf 67' lang='lat' dir='ltr'><strong>Vl.</strong></span> 
     </span>
    </p>
   </div>
   <div class='ocr_carea' id='block_1_24' title="bbox 2247 1204 3253 1284">
    <p class='ocr_par' dir='ltr' id='par_1_24' title="bbox 2247 1204 3253 1284">
     <span class='ocr_line' id='line_1_24' title="bbox 2247 1204 3253 1284; baseline 0.011 -25"><span class='ocrx_word' id='word_1_166' title='bbox 2247 1204 2323 1259; x_wconf 87' lang='lat' dir='ltr'><strong>De</strong></span> <span class='ocrx_word' id='word_1_167' title='bbox 2353 1207 2536 1261; x_wconf 82' lang='lat' dir='ltr'><strong>hostiis</strong></span> <span class='ocrx_word' id='word_1_168' title='bbox 2562 1225 2657 1279; x_wconf 83' lang='lat' dir='ltr'><strong>pro</strong></span> <span class='ocrx_word' id='word_1_169' title='bbox 2682 1219 2894 1280; x_wconf 85' lang='lat' dir='ltr'><strong>peccato</strong></span> <span class='ocrx_word' id='word_1_170' title='bbox 2922 1212 3253 1284; x_wconf 70' lang='lat' dir='ltr'><strong>ignorantiar.</strong></span> 
     </span>
    </p>
   </div>
   <div class='ocr_carea' id='block_1_25' title="bbox 2033 1292 3541 1380">
    <p class='ocr_par' dir='ltr' id='par_1_25' title="bbox 2033 1292 3541 1380">
     <span class='ocr_line' id='line_1_25' title="bbox 2033 1292 3541 1380; baseline 0.013 -32"><span class='ocrx_word' id='word_1_171' title='bbox 2033 1292 2183 1365; x_wconf 67' lang='lat' dir='ltr'><strong>(CAP.</strong></span> <span class='ocrx_word' id='word_1_172' title='bbox 2215 1295 2312 1366; x_wconf 87' lang='lat' dir='ltr'><strong>tv.)</strong></span> <span class='ocrx_word' id='word_1_173' title='bbox 2358 1296 2690 1371; x_wconf 84' lang='lat' dir='ltr'><strong>Locutusque</strong></span> <span class='ocrx_word' id='word_1_174' title='bbox 2728 1312 2802 1356; x_wconf 86' lang='lat' dir='ltr'><strong>est</strong></span> <span class='ocrx_word' id='word_1_175' title='bbox 2824 1302 3083 1360; x_wconf 75' lang='lat' dir='ltr'><strong>Dominus</strong></span> <span class='ocrx_word' id='word_1_176' title='bbox 3111 1308 3182 1361; x_wconf 90' lang='lat' dir='ltr'><strong>ad</strong></span> <span class='ocrx_word' id='word_1_177' title='bbox 3208 1307 3427 1380; x_wconf 73' lang='lat' dir='ltr'><strong>Moysen</strong></span> <span class='ocrx_word' id='word_1_178' title='bbox 3455 1314 3541 1367; x_wconf 80' lang='lat' dir='ltr'><strong>di-</strong></span> 
     </span>
    </p>
   </div>
   <div class='ocr_carea' id='block_1_26' title="bbox 1960 1383 3541 1475">
    <p class='ocr_par' dir='ltr' id='par_1_26' title="bbox 1960 1383 3541 1475">
     <span class='ocr_line' id='line_1_26' title="bbox 1960 1383 3541 1475; baseline 0.015 -39"><span class='ocrx_word' id='word_1_179' title='bbox 1960 1383 2364 1449; x_wconf 85' lang='lat' dir='ltr'><strong>cens:Loquere</strong></span> <span class='ocrx_word' id='word_1_180' title='bbox 2389 1386 2518 1457; x_wconf 78' lang='lat' dir='ltr'><strong>ﬁliis</strong></span> <span class='ocrx_word' id='word_1_181' title='bbox 2540 1388 2713 1445; x_wconf 83' lang='lat' dir='ltr'><strong>Israel</strong></span> <span class='ocrx_word' id='word_1_182' title='bbox 2739 1407 2759 1446; x_wconf 89' lang='lat'><strong><em>:</em></strong></span> <span class='ocrx_word' id='word_1_183' title='bbox 2786 1395 2965 1448; x_wconf 88' lang='lat' dir='ltr'><strong>anima</strong></span> <span class='ocrx_word' id='word_1_184' title='bbox 2992 1411 3109 1449; x_wconf 89' lang='lat' dir='ltr'><strong>cum</strong></span> <span class='ocrx_word' id='word_1_185' title='bbox 3131 1403 3417 1468; x_wconf 80' lang='lat' dir='ltr'><strong>peccauerit</strong></span> <span class='ocrx_word' id='word_1_186' title='bbox 3444 1421 3541 1475; x_wconf 86' lang='lat' dir='ltr'><strong>per</strong></span> 
     </span>
    </p>
   </div>
   <div class='ocr_carea' id='block_1_27' title="bbox 1958 1474 3538 1566">
    <p class='ocr_par' dir='ltr' id='par_1_27' title="bbox 1958 1474 3538 1566">
     <span class='ocr_line' id='line_1_27' title="bbox 1958 1474 3538 1566; baseline 0.016 -41"><span class='ocrx_word' id='word_1_187' title='bbox 1958 1474 2335 1543; x_wconf 83' lang='lat' dir='ltr'><strong>ignorantiam,</strong></span> <span class='ocrx_word' id='word_1_188' title='bbox 2383 1488 2431 1532; x_wconf 87' lang='lat' dir='ltr'><strong>et</strong></span> <span class='ocrx_word' id='word_1_189' title='bbox 2468 1479 2532 1534; x_wconf 88' lang='lat' dir='ltr'><strong>de</strong></span> <span class='ocrx_word' id='word_1_190' title='bbox 2571 1482 2824 1539; x_wconf 81' lang='lat' dir='ltr'><strong>universis</strong></span> <span class='ocrx_word' id='word_1_191' title='bbox 2855 1486 3117 1542; x_wconf 84' lang='lat' dir='ltr'><strong>mandatis</strong></span> <span class='ocrx_word' id='word_1_192' title='bbox 3152 1488 3387 1559; x_wconf 86' lang='lat' dir='ltr'><strong>Domini,</strong></span> 
     </span>
    </p>
   </div>
   <div class='ocr_carea' id='block_1_28' title="bbox 1957 1568 3536 1647">
    <p class='ocr_par' dir='ltr' id='par_1_28' title="bbox 1957 1568 3536 1647">
     <span class='ocr_line' id='line_1_28' title="bbox 1957 1568 3536 1647; baseline 0.015 -29"><span class='ocrx_word' id='word_1_193' title='bbox 1957 1568 2202 1638; x_wconf 73' lang='lat' dir='ltr'><strong>prwcepit</strong></span> <span class='ocrx_word' id='word_1_194' title='bbox 2230 1578 2285 1622; x_wconf 91' lang='lat' dir='ltr'><strong>ut</strong></span> <span class='ocrx_word' id='word_1_195' title='bbox 2316 1586 2421 1625; x_wconf 90' lang='lat' dir='ltr'><strong>non</strong></span> <span class='ocrx_word' id='word_1_196' title='bbox 2448 1571 2659 1641; x_wconf 76' lang='lat' dir='ltr'><strong>fierent,</strong></span> <span class='ocrx_word' id='word_1_197' title='bbox 2683 1576 2950 1647; x_wconf 78' lang='lat' dir='ltr'><strong>quippiam</strong></span> <span class='ocrx_word' id='word_1_198' title='bbox 2978 1578 3175 1647; x_wconf 77' lang='lat' dir='ltr'><strong>fecerit,</strong></span> <span class='ocrx_word' id='word_1_199' title='bbox 3204 1583 3252 1636; x_wconf 87' lang='lat' dir='ltr'><strong>si</strong></span> <span class='ocrx_word' id='word_1_200' title='bbox 3289 1586 3536 1642; x_wconf 80' lang='lat' dir='ltr'><strong>sacerdos</strong></span> 
     </span>
    </p>
   </div>
   <div class='ocr_carea' id='block_1_29' title="bbox 1956 1656 3535 1744">
    <p class='ocr_par' dir='ltr' id='par_1_29' title="bbox 1956 1656 3535 1744">
     <span class='ocr_line' id='line_1_29' title="bbox 1956 1656 3535 1744; baseline 0.015 -35"><span class='ocrx_word' id='word_1_201' title='bbox 1956 1656 2047 1727; x_wconf 86' lang='lat' dir='ltr'><strong>qui</strong></span> <span class='ocrx_word' id='word_1_202' title='bbox 2066 1666 2142 1711; x_wconf 86' lang='lat' dir='ltr'><strong>est</strong></span> <span class='ocrx_word' id='word_1_203' title='bbox 2168 1668 2355 1715; x_wconf 90' lang='lat' dir='ltr'><strong>unctus</strong></span> <span class='ocrx_word' id='word_1_204' title='bbox 2377 1666 2685 1731; x_wconf 81' lang='lat' dir='ltr'><strong>peccaverit,</strong></span> <span class='ocrx_word' id='word_1_205' title='bbox 2710 1665 3011 1738; x_wconf 76' lang='lat' dir='ltr'><strong>delinquere</strong></span> <span class='ocrx_word' id='word_1_206' title='bbox 3040 1669 3240 1739; x_wconf 78' lang='lat' dir='ltr'><strong>faciem</strong></span> <span class='ocrx_word' id='word_1_207' title='bbox 3264 1674 3535 1744; x_wconf 81' lang='lat' dir='ltr'><strong>pupulum,</strong></span> 
     </span>
    </p>
   </div>
   <div class='ocr_carea' id='block_1_30' title="bbox 1958 1750 3533 1825">
    <p class='ocr_par' dir='ltr' id='par_1_30' title="bbox 1958 1750 3533 1825">
     <span class='ocr_line' id='line_1_30' title="bbox 1958 1750 3533 1825; baseline 0.014 -22"><span class='ocrx_word' id='word_1_208' title='bbox 1958 1750 2136 1819; x_wconf 67' lang='lat' dir='ltr'><strong>oﬁ&#39;eret</strong></span> <span class='ocrx_word' id='word_1_209' title='bbox 2154 1768 2248 1818; x_wconf 81' lang='lat' dir='ltr'><strong>pro</strong></span> <span class='ocrx_word' id='word_1_210' title='bbox 2268 1764 2479 1822; x_wconf 89' lang='lat' dir='ltr'><strong>peccato</strong></span> <span class='ocrx_word' id='word_1_211' title='bbox 2501 1772 2597 1811; x_wconf 90' lang='lat' dir='ltr'><strong>suo</strong></span> <span class='ocrx_word' id='word_1_212' title='bbox 2617 1758 2837 1812; x_wconf 82' lang='lat' dir='ltr'><strong>vitulum</strong></span> <span class='ocrx_word' id='word_1_213' title='bbox 2863 1761 3259 1818; x_wconf 79' lang='lat' dir='ltr'><strong>immaculatum</strong></span> <span class='ocrx_word' id='word_1_214' title='bbox 3283 1765 3533 1825; x_wconf 87' lang='lat' dir='ltr'><strong>Domino.</strong></span> 
     </span>
    </p>
   </div>
   <div class='ocr_carea' id='block_1_31' title="bbox 1958 1834 3538 1914">
    <p class='ocr_par' dir='ltr' id='par_1_31' title="bbox 1958 1834 3538 1914">
     <span class='ocr_line' id='line_1_31' title="bbox 1958 1834 3538 1914; baseline 0.013 -24"><span class='ocrx_word' id='word_1_215' title='bbox 1958 1834 2027 1891; x_wconf 87' lang='lat' dir='ltr'><strong>Et</strong></span> <span class='ocrx_word' id='word_1_216' title='bbox 2057 1839 2283 1895; x_wconf 84' lang='lat' dir='ltr'><strong>adducet</strong></span> <span class='ocrx_word' id='word_1_217' title='bbox 2327 1842 2477 1897; x_wconf 89' lang='lat' dir='ltr'><strong>illum</strong></span> <span class='ocrx_word' id='word_1_218' title='bbox 2531 1846 2602 1899; x_wconf 87' lang='lat' dir='ltr'><strong>ad</strong></span> <span class='ocrx_word' id='word_1_219' title='bbox 2636 1848 2830 1902; x_wconf 81' lang='lat' dir='ltr'><strong>ostium</strong></span> <span class='ocrx_word' id='word_1_220' title='bbox 2883 1851 3211 1907; x_wconf 73' lang='lat' dir='ltr'><strong>tabernaculi</strong></span> <span class='ocrx_word' id='word_1_221' title='bbox 3251 1856 3538 1914; x_wconf 82' lang='lat' dir='ltr'><strong>testimonii</strong></span> 
     </span>
    </p>
   </div>
   <div class='ocr_carea' id='block_1_32' title="bbox 267 1919 3537 2021">
    <p class='ocr_par' dir='ltr' id='par_1_32' title="bbox 267 1919 3537 2021">
     <span class='ocr_line' id='line_1_32' title="bbox 267 1919 3537 2021; baseline 0.007 -40"><span class='ocrx_word' id='word_1_222' title='bbox 267 1926 483 1982; x_wconf 82' lang='lat' dir='ltr'><strong>cienter</strong></span> <span class='ocrx_word' id='word_1_223' title='bbox 532 1936 822 1984; x_wconf 84' lang='lat' dir='ltr'><strong>tractatum</strong></span> <span class='ocrx_word' id='word_1_224' title='bbox 850 1939 954 1985; x_wconf 89' lang='lat' dir='ltr'><strong>est.</strong></span> <span class='ocrx_word' id='word_1_225' title='bbox 978 1930 1115 1987; x_wconf 88' lang='lat' dir='ltr'><strong>lllud</strong></span> <span class='ocrx_word' id='word_1_226' title='bbox 1141 1939 1322 1987; x_wconf 89' lang='lat' dir='ltr'><strong>autem</strong></span> <span class='ocrx_word' id='word_1_227' title='bbox 1365 1940 1579 2003; x_wconf 82' lang='lat' dir='ltr'><strong>Oportet</strong></span> <span class='ocrx_word' id='word_1_228' title='bbox 1602 1932 1853 2003; x_wconf 85' lang='lat' dir='ltr'><strong>cognosci</strong></span> <span class='ocrx_word' id='word_1_229' title='bbox 1880 1919 1929 1980; x_wconf 87' lang='grc' dir='ltr'><strong>Β</strong></span> <span class='ocrx_word' id='word_1_230' title='bbox 1956 1946 2134 1985; x_wconf 85' lang='lat' dir='ltr'><strong>coram</strong></span> <span class='ocrx_word' id='word_1_231' title='bbox 2184 1932 2430 1999; x_wconf 87' lang='lat' dir='ltr'><strong>Domino,</strong></span> <span class='ocrx_word' id='word_1_232' title='bbox 2482 1949 2737 2011; x_wconf 85' lang='lat' dir='ltr'><strong>ponetque</strong></span> <span class='ocrx_word' id='word_1_233' title='bbox 2776 1957 2989 1996; x_wconf 86' lang='lat' dir='ltr'><strong>manum</strong></span> <span class='ocrx_word' id='word_1_234' title='bbox 3015 1961 3167 1999; x_wconf 87' lang='lat' dir='ltr'><strong>suam</strong></span> <span class='ocrx_word' id='word_1_235' title='bbox 3190 1962 3348 2017; x_wconf 85' lang='lat' dir='ltr'><strong>super</strong></span> <span class='ocrx_word' id='word_1_236' title='bbox 3377 1959 3537 2021; x_wconf 83' lang='lat' dir='ltr'><strong>caput</strong></span> 
     </span>
    </p>
   </div>
   <div class='ocr_carea' id='block_1_33' title="bbox 264 2018 1855 2095">
    <p class='ocr_par' dir='ltr' id='par_1_33' title="bbox 264 2018 1855 2095">
     <span class='ocr_line' id='line_1_33' title="bbox 264 2018 1855 2095; baseline 0.006 -23"><span class='ocrx_word' id='word_1_237' title='bbox 264 2018 543 2086; x_wconf 87' lang='lat' dir='ltr'><strong>quomodo</strong></span> <span class='ocrx_word' id='word_1_238' title='bbox 579 2019 671 2073; x_wconf 89' lang='lat' dir='ltr'><strong>ubi</strong></span> <span class='ocrx_word' id='word_1_239' title='bbox 697 2020 811 2075; x_wconf 85' lang='lat' dir='ltr'><strong>ait:</strong></span> <span class='ocrx_word' id='word_1_240' title='bbox 838 2021 1092 2077; x_wconf 84' lang='lat' dir='ltr'><strong>Adolebit</strong></span> <span class='ocrx_word' id='word_1_241' title='bbox 1112 2038 1177 2078; x_wconf 87' lang='lat' dir='ltr'><strong>ea</strong></span> <span class='ocrx_word' id='word_1_242' title='bbox 1213 2024 1466 2080; x_wconf 88' lang='lat' dir='ltr'><strong>sacerdos</strong></span> <span class='ocrx_word' id='word_1_243' title='bbox 1494 2039 1657 2095; x_wconf 88' lang='lat' dir='ltr'><strong>super</strong></span> <span class='ocrx_word' id='word_1_244' title='bbox 1685 2023 1855 2081; x_wconf 87' lang='lat' dir='ltr'><strong>altare</strong></span> 
     </span>
    </p>
   </div>
   <div class='ocr_carea' id='block_1_34' title="bbox 265 2107 1856 2186">
    <p class='ocr_par' dir='ltr' id='par_1_34' title="bbox 265 2107 1856 2186">
     <span class='ocr_line' id='line_1_34' title="bbox 265 2107 1856 2186; baseline 0.008 -26"><span class='ocrx_word' id='word_1_245' title='bbox 265 2107 321 2161; x_wconf 89' lang='lat' dir='ltr'><strong>in</strong></span> <span class='ocrx_word' id='word_1_246' title='bbox 348 2108 667 2164; x_wconf 85' lang='lat' dir='ltr'><strong>alimoniam</strong></span> <span class='ocrx_word' id='word_1_247' title='bbox 688 2110 828 2182; x_wconf 88' lang='lat' dir='ltr'><strong>ignis</strong></span> <span class='ocrx_word' id='word_1_248' title='bbox 846 2120 901 2167; x_wconf 93' lang='lat' dir='ltr'><strong>ct</strong></span> <span class='ocrx_word' id='word_1_249' title='bbox 918 2114 1227 2169; x_wconf 78' lang='lat' dir='ltr'><strong>suavissimi</strong></span> <span class='ocrx_word' id='word_1_250' title='bbox 1247 2115 1455 2181; x_wconf 89' lang='lat' dir='ltr'><strong>odoris,</strong></span> <span class='ocrx_word' id='word_1_251' title='bbox 1481 2131 1603 2172; x_wconf 91' lang='lat' dir='ltr'><strong>cum</strong></span> <span class='ocrx_word' id='word_1_252' title='bbox 1626 2114 1856 2186; x_wconf 87' lang='lat' dir='ltr'><strong>Septua-</strong></span> 
     </span>
    </p>
   </div>
   <div class='ocr_carea' id='block_1_35' title="bbox 262 2197 1855 2267">
    <p class='ocr_par' dir='ltr' id='par_1_35' title="bbox 262 2197 1855 2267">
     <span class='ocr_line' id='line_1_35' title="bbox 262 2197 1855 2267; baseline 0.011 -18"><span class='ocrx_word' id='word_1_253' title='bbox 262 2197 418 2267; x_wconf 87' lang='lat' dir='ltr'><strong>ginta</strong></span> <span class='ocrx_word' id='word_1_254' title='bbox 458 2197 796 2255; x_wconf 83' lang='lat' dir='ltr'><strong>edidissent:</strong></span> <span class='ocrx_word' id='word_1_255' title='bbox 837 2200 1040 2259; x_wconf 82' lang='lat' dir='ltr'><strong>Oil‘eret</strong></span> <span class='ocrx_word' id='word_1_256' title='bbox 1089 2203 1219 2260; x_wconf 89' lang='lat' dir='ltr'><strong>illud</strong></span> <span class='ocrx_word' id='word_1_257' title='bbox 1275 2205 1530 2263; x_wconf 87' lang='lat' dir='ltr'><strong>sacerdos</strong></span> <span class='ocrx_word' id='word_1_258' title='bbox 1571 2209 1636 2264; x_wconf 91' lang='lat' dir='ltr'><strong>ad</strong></span> <span class='ocrx_word' id='word_1_259' title='bbox 1682 2208 1855 2266; x_wconf 87' lang='lat' dir='ltr'><strong>altare</strong></span> 
     </span>
    </p>
   </div>
   <div class='ocr_carea' id='block_1_36' title="bbox 260 2288 1853 2367">
    <p class='ocr_par' dir='ltr' id='par_1_36' title="bbox 260 2288 1853 2367">
     <span class='ocr_line' id='line_1_36' title="bbox 260 2288 1853 2367; baseline 0.01 -28"><span class='ocrx_word' id='word_1_260' title='bbox 260 2295 412 2353; x_wconf 75' lang='lat' dir='ltr'><strong>exta,</strong></span> <span class='ocrx_word' id='word_1_261' title='bbox 455 2288 592 2343; x_wconf 89' lang='lat' dir='ltr'><strong>odor</strong></span> <span class='ocrx_word' id='word_1_262' title='bbox 628 2291 931 2358; x_wconf 80' lang='lat' dir='ltr'><strong>suavitatis,</strong></span> <span class='ocrx_word' id='word_1_263' title='bbox 979 2294 1164 2350; x_wconf 67' lang='lat' dir='ltr'><strong>cteteri</strong></span> <span class='ocrx_word' id='word_1_264' title='bbox 1213 2295 1538 2367; x_wconf 88' lang='lat' dir='ltr'><strong>interpretes</strong></span> <span class='ocrx_word' id='word_1_265' title='bbox 1587 2298 1642 2354; x_wconf 90' lang='lat' dir='ltr'><strong>in</strong></span> <span class='ocrx_word' id='word_1_266' title='bbox 1686 2301 1853 2355; x_wconf 87' lang='lat' dir='ltr'><strong>sacri-</strong></span> 
     </span>
    </p>
   </div>
   <div class='ocr_carea' id='block_1_37' title="bbox 263 2376 1850 2458">
    <p class='ocr_par' dir='ltr' id='par_1_37' title="bbox 263 2376 1850 2458">
     <span class='ocr_line' id='line_1_37' title="bbox 263 2376 1850 2458; baseline 0.009 -27"><span class='ocrx_word' id='word_1_267' title='bbox 263 2377 394 2451; x_wconf 78' lang='lat' dir='ltr'><strong>ficio</strong></span> <span class='ocrx_word' id='word_1_268' title='bbox 417 2376 636 2447; x_wconf 88' lang='lat' dir='ltr'><strong>quidem</strong></span> <span class='ocrx_word' id='word_1_269' title='bbox 682 2380 1230 2454; x_wconf 88' lang='lat' dir='ltr'><strong>holocaustomatum,</strong></span> <span class='ocrx_word' id='word_1_270' title='bbox 1266 2403 1367 2458; x_wconf 89' lang='lat' dir='ltr'><strong>pro</strong></span> <span class='ocrx_word' id='word_1_271' title='bbox 1391 2389 1547 2457; x_wconf 76' lang='lat' dir='ltr'><strong>extis,</strong></span> <span class='ocrx_word' id='word_1_272' title='bbox 1593 2389 1850 2446; x_wconf 82' lang='lat' dir='ltr'><strong>holocau-</strong></span> 
     </span>
    </p>
   </div>
   <div class='ocr_carea' id='block_1_38' title="bbox 260 2466 1850 2536">
    <p class='ocr_par' dir='ltr' id='par_1_38' title="bbox 260 2466 1850 2536">
     <span class='ocr_line' id='line_1_38' title="bbox 260 2466 1850 2536; baseline 0.009 -16"><span class='ocrx_word' id='word_1_273' title='bbox 260 2476 527 2532; x_wconf 86' lang='lat' dir='ltr'><strong>stomata;</strong></span> <span class='ocrx_word' id='word_1_274' title='bbox 568 2466 663 2523; x_wconf 89' lang='lat' dir='ltr'><strong>alii</strong></span> <span class='ocrx_word' id='word_1_275' title='bbox 707 2478 888 2526; x_wconf 88' lang='lat' dir='ltr'><strong>autem</strong></span> <span class='ocrx_word' id='word_1_276' title='bbox 929 2471 1244 2529; x_wconf 85' lang='lat' dir='ltr'><strong>oblationem</strong></span> <span class='ocrx_word' id='word_1_277' title='bbox 1278 2476 1565 2533; x_wconf 88' lang='lat' dir='ltr'><strong>ediderunt</strong></span> <span class='ocrx_word' id='word_1_278' title='bbox 1604 2492 1621 2532; x_wconf 88' lang='lat'><strong>:</strong></span> <span class='ocrx_word' id='word_1_279' title='bbox 1662 2479 1715 2532; x_wconf 91' lang='lat' dir='ltr'><strong>in</strong></span> <span class='ocrx_word' id='word_1_280' title='bbox 1747 2479 1850 2536; x_wconf 91' lang='lat' dir='ltr'><strong>hoc</strong></span> 
     </span>
    </p>
   </div>
   <div class='ocr_carea' id='block_1_39' title="bbox 263 2555 1847 2637">
    <p class='ocr_par' dir='ltr' id='par_1_39' title="bbox 263 2555 1847 2637">
     <span class='ocr_line' id='line_1_39' title="bbox 263 2555 1847 2637; baseline 0.01 -30"><span class='ocrx_word' id='word_1_281' title='bbox 263 2564 448 2609; x_wconf 88' lang='lat' dir='ltr'><strong>autem</strong></span> <span class='ocrx_word' id='word_1_282' title='bbox 494 2555 845 2625; x_wconf 74' lang='lat' dir='ltr'><strong>parilicorum</strong></span> <span class='ocrx_word' id='word_1_283' title='bbox 893 2560 1185 2629; x_wconf 82' lang='lat' dir='ltr'><strong>sacrificio,</strong></span> <span class='ocrx_word' id='word_1_284' title='bbox 1236 2563 1326 2619; x_wconf 88' lang='lat' dir='ltr'><strong>hic</strong></span> <span class='ocrx_word' id='word_1_285' title='bbox 1373 2565 1591 2636; x_wconf 85' lang='lat' dir='ltr'><strong>quidem</strong></span> <span class='ocrx_word' id='word_1_286' title='bbox 1629 2581 1847 2637; x_wconf 88' lang='lat' dir='ltr'><strong>panem,</strong></span> 
     </span>
    </p>
   </div>
   <div class='ocr_carea' id='block_1_40' title="bbox 264 2640 1849 2726">
    <p class='ocr_par' dir='ltr' id='par_1_40' title="bbox 264 2640 1849 2726">
     <span class='ocr_line' id='line_1_40' title="bbox 264 2640 1849 2726; baseline 0.012 -32"><span class='ocrx_word' id='word_1_287' title='bbox 264 2640 356 2696; x_wconf 80' lang='lat' dir='ltr'><strong>alii</strong></span> <span class='ocrx_word' id='word_1_288' title='bbox 387 2651 570 2698; x_wconf 88' lang='lat' dir='ltr'><strong>autem</strong></span> <span class='ocrx_word' id='word_1_289' title='bbox 624 2643 955 2703; x_wconf 90' lang='lat' dir='ltr'><strong>frumentum</strong></span> <span class='ocrx_word' id='word_1_290' title='bbox 1002 2649 1441 2709; x_wconf 85' lang='lat' dir='ltr'><strong>demonstrantes</strong></span> <span class='ocrx_word' id='word_1_291' title='bbox 1487 2654 1605 2711; x_wconf 85' lang='lat' dir='ltr'><strong>sine</strong></span> <span class='ocrx_word' id='word_1_292' title='bbox 1663 2657 1849 2726; x_wconf 87' lang='lat' dir='ltr'><strong>dubio,</strong></span> 
     </span>
    </p>
   </div>
   <div class='ocr_carea' id='block_1_41' title="bbox 258 2733 1852 2813">
    <p class='ocr_par' dir='ltr' id='par_1_41' title="bbox 258 2733 1852 2813">
     <span class='ocr_line' id='line_1_41' title="bbox 258 2733 1852 2813; baseline 0.011 -27"><span class='ocrx_word' id='word_1_293' title='bbox 258 2733 390 2803; x_wconf 87' lang='lat' dir='ltr'><strong>quia</strong></span> <span class='ocrx_word' id='word_1_294' title='bbox 421 2741 479 2789; x_wconf 90' lang='lat' dir='ltr'><strong>et</strong></span> <span class='ocrx_word' id='word_1_295' title='bbox 504 2735 550 2789; x_wconf 92' lang='lat' dir='ltr'><strong>si</strong></span> <span class='ocrx_word' id='word_1_296' title='bbox 588 2752 695 2791; x_wconf 89' lang='lat' dir='ltr'><strong>non</strong></span> <span class='ocrx_word' id='word_1_297' title='bbox 728 2737 981 2808; x_wconf 67' lang='lat' dir='ltr'><strong>perfectae</strong></span> <span class='ocrx_word' id='word_1_298' title='bbox 1006 2741 1359 2813; x_wconf 67' lang='lat' dir='ltr'><strong>philosophia:</strong></span> <span class='ocrx_word' id='word_1_299' title='bbox 1384 2746 1455 2800; x_wconf 92' lang='lat' dir='ltr'><strong>sit</strong></span> <span class='ocrx_word' id='word_1_300' title='bbox 1483 2745 1702 2812; x_wconf 85' lang='lat' dir='ltr'><strong>oblatio,</strong></span> <span class='ocrx_word' id='word_1_301' title='bbox 1746 2747 1852 2803; x_wconf 79' lang='lat' dir='ltr'><strong>hoc</strong></span> 
     </span>
    </p>
   </div>
   <div class='ocr_carea' id='block_1_42' title="bbox 259 2825 1849 2902">
    <p class='ocr_par' dir='ltr' id='par_1_42' title="bbox 259 2825 1849 2902">
     <span class='ocr_line' id='line_1_42' title="bbox 259 2825 1849 2902; baseline 0.009 -24"><span class='ocrx_word' id='word_1_302' title='bbox 259 2825 411 2879; x_wconf 87' lang='lat' dir='ltr'><strong>enim</strong></span> <span class='ocrx_word' id='word_1_303' title='bbox 438 2832 525 2881; x_wconf 87' lang='lat' dir='ltr'><strong>est</strong></span> <span class='ocrx_word' id='word_1_304' title='bbox 544 2826 1070 2887; x_wconf 86' lang='lat' dir='ltr'><strong>holocauslomatum</strong></span> <span class='ocrx_word' id='word_1_305' title='bbox 1098 2834 1448 2902; x_wconf 85' lang='lat' dir='ltr'><strong>sacrificium,</strong></span> <span class='ocrx_word' id='word_1_306' title='bbox 1473 2846 1849 2893; x_wconf 81' lang='lat' dir='ltr'><strong>verumtamen</strong></span> 
     </span>
    </p>
   </div>
   <div class='ocr_carea' id='block_1_43' title="bbox 257 2915 1849 2997">
    <p class='ocr_par' dir='ltr' id='par_1_43' title="bbox 257 2915 1849 2997">
     <span class='ocr_line' id='line_1_43' title="bbox 257 2915 1849 2997; baseline 0.009 -27"><span class='ocrx_word' id='word_1_307' title='bbox 257 2915 541 2974; x_wconf 80' lang='lat' dir='ltr'><strong>suﬂiciens</strong></span> <span class='ocrx_word' id='word_1_308' title='bbox 573 2928 657 2974; x_wconf 89' lang='lat' dir='ltr'><strong>est</strong></span> <span class='ocrx_word' id='word_1_309' title='bbox 686 2920 850 2975; x_wconf 89' lang='lat' dir='ltr'><strong>etiam</strong></span> <span class='ocrx_word' id='word_1_310' title='bbox 879 2922 995 2979; x_wconf 74' lang='lat' dir='ltr'><strong>lucc</strong></span> <span class='ocrx_word' id='word_1_311' title='bbox 1036 2939 1259 2994; x_wconf 89' lang='lat' dir='ltr'><strong>pascere</strong></span> <span class='ocrx_word' id='word_1_312' title='bbox 1288 2926 1342 2982; x_wconf 92' lang='lat' dir='ltr'><strong>in</strong></span> <span class='ocrx_word' id='word_1_313' title='bbox 1374 2927 1462 2983; x_wconf 88' lang='lat' dir='ltr'><strong>his</strong></span> <span class='ocrx_word' id='word_1_314' title='bbox 1485 2943 1604 2997; x_wconf 76' lang='lat' dir='ltr'><strong>qua:</strong></span> <span class='ocrx_word' id='word_1_315' title='bbox 1629 2938 1756 2984; x_wconf 91' lang='lat' dir='ltr'><strong>sunt</strong></span> <span class='ocrx_word' id='word_1_316' title='bbox 1780 2928 1849 2984; x_wconf 89' lang='lat' dir='ltr'><strong>ad</strong></span> 
     </span>
    </p>
   </div>
   <div class='ocr_carea' id='block_1_44' title="bbox 256 3008 1849 3089">
    <p class='ocr_par' dir='ltr' id='par_1_44' title="bbox 256 3008 1849 3089">
     <span class='ocr_line' id='line_1_44' title="bbox 256 3008 1849 3089; baseline 0.008 -26"><span class='ocrx_word' id='word_1_317' title='bbox 256 3008 496 3065; x_wconf 89' lang='lat' dir='ltr'><strong>salutem</strong></span> <span class='ocrx_word' id='word_1_318' title='bbox 528 3018 583 3065; x_wconf 91' lang='lat' dir='ltr'><strong>et</strong></span> <span class='ocrx_word' id='word_1_319' title='bbox 609 3008 983 3070; x_wconf 80' lang='lat' dir='ltr'><strong>fortitudinem</strong></span> <span class='ocrx_word' id='word_1_320' title='bbox 1011 3015 1143 3072; x_wconf 90' lang='lat' dir='ltr'><strong>dare</strong></span> <span class='ocrx_word' id='word_1_321' title='bbox 1168 3019 1438 3089; x_wconf 89' lang='lat' dir='ltr'><strong>operanti,</strong></span> <span class='ocrx_word' id='word_1_322' title='bbox 1457 3020 1561 3076; x_wconf 88' lang='lat' dir='ltr'><strong>hoc</strong></span> <span class='ocrx_word' id='word_1_323' title='bbox 1586 3020 1730 3076; x_wconf 87' lang='lat' dir='ltr'><strong>enim</strong></span> <span class='ocrx_word' id='word_1_324' title='bbox 1753 3038 1849 3076; x_wconf 86' lang='lat' dir='ltr'><strong>nu-</strong></span> 
     </span>
    </p>
   </div>
   <div class='ocr_carea' id='block_1_45' title="bbox 259 3098 1840 3180">
    <p class='ocr_par' dir='ltr' id='par_1_45' title="bbox 259 3098 1840 3180">
     <span class='ocr_line' id='line_1_45' title="bbox 259 3098 1840 3180; baseline 0.009 -28"><span class='ocrx_word' id='word_1_325' title='bbox 259 3098 579 3154; x_wconf 80' lang='lat' dir='ltr'><strong>trimentum</strong></span> <span class='ocrx_word' id='word_1_326' title='bbox 628 3116 822 3170; x_wconf 86' lang='lat' dir='ltr'><strong>panem</strong></span> <span class='ocrx_word' id='word_1_327' title='bbox 879 3105 1122 3173; x_wconf 71' lang='lat' dir='ltr'><strong>prmbere</strong></span> <span class='ocrx_word' id='word_1_328' title='bbox 1175 3106 1342 3164; x_wconf 88' lang='lat' dir='ltr'><strong>David</strong></span> <span class='ocrx_word' id='word_1_329' title='bbox 1394 3111 1657 3180; x_wconf 79' lang='lat' dir='ltr'><strong>propheta</strong></span> <span class='ocrx_word' id='word_1_330' title='bbox 1710 3112 1840 3167; x_wconf 88' lang='lat' dir='ltr'><strong>dicit</strong></span> 
     </span>
    </p>
   </div>
   <div class='ocr_carea' id='block_1_46' title="bbox 255 3184 1845 3262">
    <p class='ocr_par' dir='ltr' id='par_1_46' title="bbox 255 3184 1845 3262">
     <span class='ocr_line' id='line_1_46' title="bbox 255 3184 1845 3262; baseline 0.01 -23"><span class='ocrx_word' id='word_1_331' title='bbox 255 3200 387 3239; x_wconf 84' lang='lat' dir='ltr'><strong>cum</strong></span> <span class='ocrx_word' id='word_1_332' title='bbox 409 3185 490 3239; x_wconf 89' lang='lat' dir='ltr'><strong>ait</strong></span> <span class='ocrx_word' id='word_1_333' title='bbox 514 3204 530 3240; x_wconf 89' lang='lat'><strong>:</strong></span> <span class='ocrx_word' id='word_1_334' title='bbox 556 3184 744 3254; x_wconf 86' lang='lat' dir='ltr'><strong>Panis,</strong></span> <span class='ocrx_word' id='word_1_335' title='bbox 773 3189 938 3256; x_wconf 90' lang='lat' dir='ltr'><strong>enim,</strong></span> <span class='ocrx_word' id='word_1_336' title='bbox 961 3192 1238 3262; x_wconf 84' lang='lat' dir='ltr'><strong>conﬁrmat</strong></span> <span class='ocrx_word' id='word_1_337' title='bbox 1260 3211 1351 3249; x_wconf 89' lang='lat' dir='ltr'><strong>cor</strong></span> <span class='ocrx_word' id='word_1_338' title='bbox 1379 3195 1627 3252; x_wconf 82' lang='lat' dir='ltr'><strong>hominis.</strong></span> <span class='ocrx_word' id='word_1_339' title='bbox 1659 3196 1845 3256; x_wconf 87' lang='lat' dir='ltr'><strong>Omnis</strong></span> 
     </span>
    </p>
   </div>
   <div class='ocr_carea' id='block_1_47' title="bbox 1952 2020 3538 2110">
    <p class='ocr_par' dir='ltr' id='par_1_47' title="bbox 1952 2020 3538 2110">
     <span class='ocr_line' id='line_1_47' title="bbox 1952 2020 3538 2110; baseline 0.013 -37"><span class='ocrx_word' id='word_1_340' title='bbox 1952 2020 2092 2090; x_wconf 85' lang='lat' dir='ltr'><strong>ejus,</strong></span> <span class='ocrx_word' id='word_1_341' title='bbox 2138 2033 2186 2076; x_wconf 89' lang='lat' dir='ltr'><strong>et</strong></span> <span class='ocrx_word' id='word_1_342' title='bbox 2232 2024 2522 2080; x_wconf 88' lang='lat' dir='ltr'><strong>immolabit</strong></span> <span class='ocrx_word' id='word_1_343' title='bbox 2552 2045 2670 2082; x_wconf 86' lang='lat' dir='ltr'><strong>eum</strong></span> <span class='ocrx_word' id='word_1_344' title='bbox 2697 2029 2946 2087; x_wconf 91' lang='lat' dir='ltr'><strong>Domino.</strong></span> <span class='ocrx_word' id='word_1_345' title='bbox 2986 2032 3213 2089; x_wconf 81' lang='lat' dir='ltr'><strong>Hauriet</strong></span> <span class='ocrx_word' id='word_1_346' title='bbox 3241 2020 3448 2110; x_wconf 84' lang='lat' dir='ltr'><strong>quoque</strong></span> <span class='ocrx_word' id='word_1_347' title='bbox 3469 2040 3538 2094; x_wconf 79' lang='lat' dir='ltr'><strong>de</strong></span> 
     </span>
    </p>
   </div>
   <div class='ocr_carea' id='block_1_48' title="bbox 1951 2114 3538 2188">
    <p class='ocr_par' dir='ltr' id='par_1_48' title="bbox 1951 2114 3538 2188">
     <span class='ocr_line' id='line_1_48' title="bbox 1951 2114 3538 2188; baseline 0.013 -24"><span class='ocrx_word' id='word_1_348' title='bbox 1951 2114 2206 2183; x_wconf 85' lang='lat' dir='ltr'><strong>sanguine</strong></span> <span class='ocrx_word' id='word_1_349' title='bbox 2237 2115 2410 2183; x_wconf 87' lang='lat' dir='ltr'><strong>uituli,</strong></span> <span class='ocrx_word' id='word_1_350' title='bbox 2444 2117 2674 2188; x_wconf 80' lang='lat' dir='ltr'><strong>inferens</strong></span> <span class='ocrx_word' id='word_1_351' title='bbox 2714 2120 2849 2175; x_wconf 83' lang='lat' dir='ltr'><strong>illud</strong></span> <span class='ocrx_word' id='word_1_352' title='bbox 2874 2122 2928 2176; x_wconf 90' lang='lat' dir='ltr'><strong>in</strong></span> <span class='ocrx_word' id='word_1_353' title='bbox 2969 2124 3364 2182; x_wconf 80' lang='lat' dir='ltr'><strong>tabernaculum</strong></span> <span class='ocrx_word' id='word_1_354' title='bbox 3391 2130 3538 2185; x_wconf 87' lang='lat' dir='ltr'><strong>testi-</strong></span> 
     </span>
    </p>
   </div>
   <div class='ocr_carea' id='block_1_49' title="bbox 1951 2204 3538 2289">
    <p class='ocr_par' dir='ltr' id='par_1_49' title="bbox 1951 2204 3538 2289">
     <span class='ocr_line' id='line_1_49' title="bbox 1951 2204 3538 2289; baseline 0.012 -35"><span class='ocrx_word' id='word_1_355' title='bbox 1951 2204 2136 2257; x_wconf 81' lang='lat' dir='ltr'><strong>monii.</strong></span> <span class='ocrx_word' id='word_1_356' title='bbox 2170 2204 2403 2277; x_wconf 85' lang='lat' dir='ltr'><strong>Cumque</strong></span> <span class='ocrx_word' id='word_1_357' title='bbox 2429 2207 2702 2264; x_wconf 72' lang='lat' dir='ltr'><strong>intinxerit</strong></span> <span class='ocrx_word' id='word_1_358' title='bbox 2730 2210 2951 2282; x_wconf 82' lang='lat' dir='ltr'><strong>digitum</strong></span> <span class='ocrx_word' id='word_1_359' title='bbox 2971 2214 3026 2267; x_wconf 91' lang='lat' dir='ltr'><strong>in</strong></span> <span class='ocrx_word' id='word_1_360' title='bbox 3053 2216 3330 2285; x_wconf 83' lang='lat' dir='ltr'><strong>sanguine,</strong></span> <span class='ocrx_word' id='word_1_361' title='bbox 3358 2235 3538 2289; x_wconf 84' lang='lat' dir='ltr'><strong>asper-</strong></span> 
     </span>
    </p>
   </div>
   <div class='ocr_carea' id='block_1_50' title="bbox 1949 2292 3535 2366">
    <p class='ocr_par' dir='ltr' id='par_1_50' title="bbox 1949 2292 3535 2366">
     <span class='ocr_line' id='line_1_50' title="bbox 1949 2292 3535 2366; baseline 0.013 -21"><span class='ocrx_word' id='word_1_362' title='bbox 1949 2301 2032 2362; x_wconf 85' lang='lat' dir='ltr'><strong>get</strong></span> <span class='ocrx_word' id='word_1_363' title='bbox 2076 2292 2144 2347; x_wconf 87' lang='lat' dir='ltr'><strong>de</strong></span> <span class='ocrx_word' id='word_1_364' title='bbox 2172 2310 2233 2349; x_wconf 91' lang='lat' dir='ltr'><strong>eo</strong></span> <span class='ocrx_word' id='word_1_365' title='bbox 2267 2296 2455 2366; x_wconf 79' lang='lat' dir='ltr'><strong>septies</strong></span> <span class='ocrx_word' id='word_1_366' title='bbox 2500 2313 2680 2352; x_wconf 86' lang='lat' dir='ltr'><strong>coram</strong></span> <span class='ocrx_word' id='word_1_367' title='bbox 2707 2299 2934 2356; x_wconf 87' lang='lat' dir='ltr'><strong>Domino</strong></span> <span class='ocrx_word' id='word_1_368' title='bbox 2962 2312 3148 2358; x_wconf 88' lang='lat' dir='ltr'><strong>contra</strong></span> <span class='ocrx_word' id='word_1_369' title='bbox 3187 2305 3359 2361; x_wconf 77' lang='lat' dir='ltr'><strong>uelum</strong></span> <span class='ocrx_word' id='word_1_370' title='bbox 3401 2300 3535 2364; x_wconf 64' lang='lat' dir='ltr'><strong>san-</strong></span> 
     </span>
    </p>
   </div>
   <div class='ocr_carea' id='block_1_51' title="bbox 1949 2382 3533 2466">
    <p class='ocr_par' dir='ltr' id='par_1_51' title="bbox 1949 2382 3533 2466">
     <span class='ocr_line' id='line_1_51' title="bbox 1949 2382 3533 2466; baseline 0.013 -31"><span class='ocrx_word' id='word_1_371' title='bbox 1949 2383 2162 2438; x_wconf 89' lang='lat' dir='ltr'><strong>ctuarii.</strong></span> <span class='ocrx_word' id='word_1_372' title='bbox 2222 2382 2492 2457; x_wconf 86' lang='lat' dir='ltr'><strong>Ponetque</strong></span> <span class='ocrx_word' id='word_1_373' title='bbox 2526 2388 2593 2442; x_wconf 90' lang='lat' dir='ltr'><strong>de</strong></span> <span class='ocrx_word' id='word_1_374' title='bbox 2640 2390 2821 2444; x_wconf 85' lang='lat' dir='ltr'><strong>eodem</strong></span> <span class='ocrx_word' id='word_1_375' title='bbox 2861 2394 3116 2463; x_wconf 79' lang='lat' dir='ltr'><strong>sanguine</strong></span> <span class='ocrx_word' id='word_1_376' title='bbox 3145 2412 3305 2466; x_wconf 86' lang='lat' dir='ltr'><strong>super</strong></span> <span class='ocrx_word' id='word_1_377' title='bbox 3330 2414 3533 2455; x_wconf 78' lang='lat' dir='ltr'><strong>cornua</strong></span> 
     </span>
    </p>
   </div>
   <div class='ocr_carea' id='block_1_52' title="bbox 1949 2469 3534 2557">
    <p class='ocr_par' dir='ltr' id='par_1_52' title="bbox 1949 2469 3534 2557">
     <span class='ocr_line' id='line_1_52' title="bbox 1949 2469 3534 2557; baseline 0.014 -34"><span class='ocrx_word' id='word_1_378' title='bbox 1949 2469 2135 2527; x_wconf 88' lang='lat' dir='ltr'><strong>altaris</strong></span> <span class='ocrx_word' id='word_1_379' title='bbox 2171 2474 2526 2547; x_wconf 78' lang='lat' dir='ltr'><strong>thymiamatis</strong></span> <span class='ocrx_word' id='word_1_380' title='bbox 2553 2479 2844 2549; x_wconf 80' lang='lat' dir='ltr'><strong>gratissimi</strong></span> <span class='ocrx_word' id='word_1_381' title='bbox 2880 2481 3125 2549; x_wconf 89' lang='lat' dir='ltr'><strong>Domino,</strong></span> <span class='ocrx_word' id='word_1_382' title='bbox 3179 2487 3319 2557; x_wconf 86' lang='lat' dir='ltr'><strong>quod</strong></span> <span class='ocrx_word' id='word_1_383' title='bbox 3364 2498 3441 2543; x_wconf 86' lang='lat' dir='ltr'><strong>est</strong></span> <span class='ocrx_word' id='word_1_384' title='bbox 3475 2489 3534 2545; x_wconf 91' lang='lat' dir='ltr'><strong>in</strong></span> 
     </span>
    </p>
   </div>
   <div class='ocr_carea' id='block_1_53' title="bbox 1948 2557 3533 2646">
    <p class='ocr_par' dir='ltr' id='par_1_53' title="bbox 1948 2557 3533 2646">
     <span class='ocr_line' id='line_1_53' title="bbox 1948 2557 3533 2646; baseline 0.014 -35"><span class='ocrx_word' id='word_1_385' title='bbox 1948 2557 2287 2616; x_wconf 82' lang='lat' dir='ltr'><strong>tabernaculo</strong></span> <span class='ocrx_word' id='word_1_386' title='bbox 2326 2564 2627 2621; x_wconf 87' lang='lat' dir='ltr'><strong>testimonii.</strong></span> <span class='ocrx_word' id='word_1_387' title='bbox 2661 2564 2880 2624; x_wconf 84' lang='lat' dir='ltr'><strong>Omnem</strong></span> <span class='ocrx_word' id='word_1_388' title='bbox 2906 2581 3079 2626; x_wconf 84' lang='lat' dir='ltr'><strong>autem</strong></span> <span class='ocrx_word' id='word_1_389' title='bbox 3115 2574 3371 2646; x_wconf 79' lang='lat' dir='ltr'><strong>reliquum</strong></span> <span class='ocrx_word' id='word_1_390' title='bbox 3405 2594 3533 2633; x_wconf 82' lang='lat' dir='ltr'><strong>san-</strong></span> 
     </span>
    </p>
   </div>
   <div class='ocr_carea' id='block_1_54' title="bbox 1947 2648 3531 2726">
    <p class='ocr_par' dir='ltr' id='par_1_54' title="bbox 1947 2648 3531 2726">
     <span class='ocr_line' id='line_1_54' title="bbox 1947 2648 3531 2726; baseline 0.015 -24"><span class='ocrx_word' id='word_1_391' title='bbox 1947 2648 2156 2719; x_wconf 70' lang='lat' dir='ltr'><strong>guinem</strong></span> <span class='ocrx_word' id='word_1_392' title='bbox 2194 2652 2380 2722; x_wconf 83' lang='lat' dir='ltr'><strong>[undet</strong></span> <span class='ocrx_word' id='word_1_393' title='bbox 2410 2672 2465 2710; x_wconf 78' lang='lat' dir='ltr'><strong>tn</strong></span> <span class='ocrx_word' id='word_1_394' title='bbox 2492 2656 2660 2713; x_wconf 84' lang='lat' dir='ltr'><strong>basim</strong></span> <span class='ocrx_word' id='word_1_395' title='bbox 2690 2658 2878 2716; x_wconf 87' lang='lat' dir='ltr'><strong>altaris</strong></span> <span class='ocrx_word' id='word_1_396' title='bbox 2909 2663 3203 2721; x_wconf 82' lang='lat' dir='ltr'><strong>holocausti</strong></span> <span class='ocrx_word' id='word_1_397' title='bbox 3228 2671 3283 2722; x_wconf 91' lang='lat' dir='ltr'><strong>in</strong></span> <span class='ocrx_word' id='word_1_398' title='bbox 3310 2668 3531 2726; x_wconf 80' lang='lat' dir='ltr'><strong>introitu</strong></span> 
     </span>
    </p>
   </div>
   <div class='ocr_carea' id='block_1_55' title="bbox 1949 2735 3529 2829">
    <p class='ocr_par' dir='ltr' id='par_1_55' title="bbox 1949 2735 3529 2829">
     <span class='ocr_line' id='line_1_55' title="bbox 1949 2735 3529 2829; baseline 0.018 -41"><span class='ocrx_word' id='word_1_399' title='bbox 1949 2735 2294 2793; x_wconf 82' lang='lat' dir='ltr'><strong>tabernaculi.</strong></span> <span class='ocrx_word' id='word_1_400' title='bbox 2352 2740 2424 2795; x_wconf 85' lang='lat' dir='ltr'><strong>Et</strong></span> <span class='ocrx_word' id='word_1_401' title='bbox 2482 2744 2689 2816; x_wconf 83' lang='lat' dir='ltr'><strong>adipem</strong></span> <span class='ocrx_word' id='word_1_402' title='bbox 2744 2748 2898 2803; x_wconf 81' lang='lat' dir='ltr'><strong>uituli</strong></span> <span class='ocrx_word' id='word_1_403' title='bbox 2911 2749 3112 2817; x_wconf 78' lang='lat' dir='ltr'><strong>auferet</strong></span> <span class='ocrx_word' id='word_1_404' title='bbox 3162 2772 3258 2826; x_wconf 83' lang='lat' dir='ltr'><strong>pro</strong></span> <span class='ocrx_word' id='word_1_405' title='bbox 3292 2768 3529 2829; x_wconf 80' lang='lat' dir='ltr'><strong>peccato,</strong></span> 
     </span>
    </p>
   </div>
   <div class='ocr_carea' id='block_1_56' title="bbox 1948 2829 3531 2916">
    <p class='ocr_par' dir='ltr' id='par_1_56' title="bbox 1948 2829 3531 2916">
     <span class='ocr_line' id='line_1_56' title="bbox 1948 2829 3531 2916; baseline 0.02 -41"><span class='ocrx_word' id='word_1_406' title='bbox 1948 2832 2056 2876; x_wconf 89' lang='lat' dir='ltr'><strong>tam</strong></span> <span class='ocrx_word' id='word_1_407' title='bbox 2084 2841 2203 2879; x_wconf 89' lang='lat' dir='ltr'><strong>eum</strong></span> <span class='ocrx_word' id='word_1_408' title='bbox 2227 2829 2317 2899; x_wconf 87' lang='lat' dir='ltr'><strong>qui</strong></span> <span class='ocrx_word' id='word_1_409' title='bbox 2346 2834 2512 2901; x_wconf 83' lang='lat' dir='ltr'><strong>operit</strong></span> <span class='ocrx_word' id='word_1_410' title='bbox 2559 2834 2762 2903; x_wconf 80' lang='lat' dir='ltr'><strong>vitalia,</strong></span> <span class='ocrx_word' id='word_1_411' title='bbox 2792 2854 2953 2909; x_wconf 85' lang='lat' dir='ltr'><strong>quam</strong></span> <span class='ocrx_word' id='word_1_412' title='bbox 2981 2844 3160 2897; x_wconf 86' lang='lat' dir='ltr'><strong>omnia</strong></span> <span class='ocrx_word' id='word_1_413' title='bbox 3185 2862 3306 2916; x_wconf 61' lang='lat' dir='ltr'><strong>quae</strong></span> <span class='ocrx_word' id='word_1_414' title='bbox 3338 2850 3531 2904; x_wconf 83' lang='lat' dir='ltr'><strong>intrin-</strong></span> 
     </span>
    </p>
   </div>
   <div class='ocr_carea' id='block_1_57' title="bbox 1947 2920 3526 3011">
    <p class='ocr_par' dir='ltr' id='par_1_57' title="bbox 1947 2920 3526 3011">
     <span class='ocr_line' id='line_1_57' title="bbox 1947 2920 3526 3011; baseline 0.019 -43"><span class='ocrx_word' id='word_1_415' title='bbox 1947 2930 2095 2969; x_wconf 87' lang='lat' dir='ltr'><strong>secus</strong></span> <span class='ocrx_word' id='word_1_416' title='bbox 2123 2927 2265 2984; x_wconf 87' lang='lat' dir='ltr'><strong>sunt,</strong></span> <span class='ocrx_word' id='word_1_417' title='bbox 2295 2920 2428 2976; x_wconf 88' lang='lat' dir='ltr'><strong>duos</strong></span> <span class='ocrx_word' id='word_1_418' title='bbox 2457 2926 2770 2982; x_wconf 86' lang='lat' dir='ltr'><strong>renunculos</strong></span> <span class='ocrx_word' id='word_1_419' title='bbox 2805 2939 2853 2983; x_wconf 87' lang='lat' dir='ltr'><strong>et</strong></span> <span class='ocrx_word' id='word_1_420' title='bbox 2883 2932 3159 2989; x_wconf 86' lang='lat' dir='ltr'><strong>reticulum</strong></span> <span class='ocrx_word' id='word_1_421' title='bbox 3278 2941 3418 3011; x_wconf 77' lang='lat' dir='ltr'><strong>quod</strong></span> <span class='ocrx_word' id='word_1_422' title='bbox 3446 2954 3526 2997; x_wconf 83' lang='lat' dir='ltr'><strong>est</strong></span> 
     </span>
    </p>
   </div>
   <div class='ocr_carea' id='block_1_58' title="bbox 1945 3009 3529 3092">
    <p class='ocr_par' dir='ltr' id='par_1_58' title="bbox 1945 3009 3529 3092">
     <span class='ocr_line' id='line_1_58' title="bbox 1945 3009 3529 3092; baseline 0.02 -34"><span class='ocrx_word' id='word_1_423' title='bbox 1945 3021 2106 3076; x_wconf 79' lang='lat' dir='ltr'><strong>super</strong></span> <span class='ocrx_word' id='word_1_424' title='bbox 2123 3023 2209 3062; x_wconf 92' lang='lat' dir='ltr'><strong>eos</strong></span> <span class='ocrx_word' id='word_1_425' title='bbox 2226 3009 2385 3079; x_wconf 76' lang='lat' dir='ltr'><strong>juxta</strong></span> <span class='ocrx_word' id='word_1_426' title='bbox 2412 3012 2527 3079; x_wconf 85' lang='lat' dir='ltr'><strong>ilia,</strong></span> <span class='ocrx_word' id='word_1_427' title='bbox 2563 3024 2613 3070; x_wconf 87' lang='lat' dir='ltr'><strong>et</strong></span> <span class='ocrx_word' id='word_1_428' title='bbox 2640 3018 2845 3089; x_wconf 82' lang='lat' dir='ltr'><strong>adipem</strong></span> <span class='ocrx_word' id='word_1_429' title='bbox 2872 3021 3093 3092; x_wconf 83' lang='lat' dir='ltr'><strong>jecoris,</strong></span> <span class='ocrx_word' id='word_1_430' title='bbox 3123 3043 3242 3081; x_wconf 82' lang='lat' dir='ltr'><strong>cum</strong></span> <span class='ocrx_word' id='word_1_431' title='bbox 3270 3009 3529 3088; x_wconf 77' lang='lat' dir='ltr'><strong>renuncu-</strong></span> 
     </span>
    </p>
   </div>
   <div class='ocr_carea' id='block_1_59' title="bbox 1945 3094 3526 3184">
    <p class='ocr_par' dir='ltr' id='par_1_59' title="bbox 1945 3094 3526 3184">
     <span class='ocr_line' id='line_1_59' title="bbox 1945 3094 3526 3184; baseline 0.018 -36"><span class='ocrx_word' id='word_1_432' title='bbox 1945 3094 2032 3159; x_wconf 89' lang='lat' dir='ltr'><strong>lis,</strong></span> <span class='ocrx_word' id='word_1_433' title='bbox 2061 3097 2199 3151; x_wconf 86' lang='lat' dir='ltr'><strong>sicut</strong></span> <span class='ocrx_word' id='word_1_434' title='bbox 2240 3098 2483 3169; x_wconf 80' lang='lat' dir='ltr'><strong>aufertur</strong></span> <span class='ocrx_word' id='word_1_435' title='bbox 2505 3103 2571 3158; x_wconf 90' lang='lat' dir='ltr'><strong>de</strong></span> <span class='ocrx_word' id='word_1_436' title='bbox 2605 3106 2771 3161; x_wconf 81' lang='lat' dir='ltr'><strong>vitulo</strong></span> <span class='ocrx_word' id='word_1_437' title='bbox 2818 3109 3009 3165; x_wconf 66' lang='lat' dir='ltr'><strong>hostile</strong></span> <span class='ocrx_word' id='word_1_438' title='bbox 3056 3115 3422 3184; x_wconf 80' lang='lat' dir='ltr'><strong>paci/iceram.</strong></span> <span class='ocrx_word' id='word_1_439' title='bbox 3454 3122 3526 3176; x_wconf 78' lang='lat' dir='ltr'><strong>Et</strong></span> 
     </span>
    </p>
   </div>
   <div class='ocr_carea' id='block_1_60' title="bbox 1946 3185 3526 3265">
    <p class='ocr_par' dir='ltr' id='par_1_60' title="bbox 1946 3185 3526 3265">
     <span class='ocr_line' id='line_1_60' title="bbox 1946 3185 3526 3265; baseline 0.016 -25"><span class='ocrx_word' id='word_1_440' title='bbox 1946 3185 2174 3242; x_wconf 85' lang='lat' dir='ltr'><strong>adolebit</strong></span> <span class='ocrx_word' id='word_1_441' title='bbox 2216 3206 2280 3244; x_wconf 92' lang='lat' dir='ltr'><strong>ea</strong></span> <span class='ocrx_word' id='word_1_442' title='bbox 2323 3206 2481 3263; x_wconf 82' lang='lat' dir='ltr'><strong>super</strong></span> <span class='ocrx_word' id='word_1_443' title='bbox 2509 3192 2678 3249; x_wconf 85' lang='lat' dir='ltr'><strong>altare</strong></span> <span class='ocrx_word' id='word_1_444' title='bbox 2712 3196 3023 3254; x_wconf 83' lang='lat' dir='ltr'><strong>ltolocausti.</strong></span> <span class='ocrx_word' id='word_1_445' title='bbox 3077 3199 3279 3259; x_wconf 84' lang='lat' dir='ltr'><strong>Pellem</strong></span> <span class='ocrx_word' id='word_1_446' title='bbox 3310 3223 3429 3263; x_wconf 76' lang='lat' dir='ltr'><strong>uero</strong></span> <span class='ocrx_word' id='word_1_447' title='bbox 3476 3226 3526 3265; x_wconf 84' lang='lat' dir='ltr'><strong>et</strong></span> 
     </span>
    </p>
   </div>
   <div class='ocr_carea' id='block_1_61' title="bbox 253 3261 1842 3360">
    <p class='ocr_par' dir='ltr' id='par_1_61' title="bbox 253 3273 1842 3356">
     <span class='ocr_line' id='line_1_61' title="bbox 253 3273 1842 3356; baseline 0.013 -30"><span class='ocrx_word' id='word_1_448' title='bbox 253 3274 423 3344; x_wconf 86' lang='lat' dir='ltr'><strong>adeps</strong></span> <span class='ocrx_word' id='word_1_449' title='bbox 450 3273 666 3330; x_wconf 83' lang='lat' dir='ltr'><strong>Domini</strong></span> <span class='ocrx_word' id='word_1_450' title='bbox 697 3279 796 3333; x_wconf 84' lang='lat' dir='ltr'><strong>erit</strong></span> <span class='ocrx_word' id='word_1_451' title='bbox 825 3279 941 3344; x_wconf 81' lang='lat' dir='ltr'><strong>iure</strong></span> <span class='ocrx_word' id='word_1_452' title='bbox 984 3292 1231 3353; x_wconf 87' lang='lat' dir='ltr'><strong>perpetuo</strong></span> <span class='ocrx_word' id='word_1_453' title='bbox 1265 3286 1320 3339; x_wconf 91' lang='lat' dir='ltr'><strong>in</strong></span> <span class='ocrx_word' id='word_1_454' title='bbox 1348 3290 1767 3356; x_wconf 86' lang='lat' dir='ltr'><strong>generationibus</strong></span> <span class='ocrx_word' id='word_1_455' title='bbox 1794 3304 1842 3347; x_wconf 89' lang='lat' dir='ltr'><strong>et</strong></span> 
     </span>
    </p>
   </div>
   <div class='ocr_carea' id='block_1_62' title="bbox 1945 3261 3527 3360">
    <p class='ocr_par' dir='ltr' id='par_1_62' title="bbox 1946 3261 3527 3360">
     <span class='ocr_line' id='line_1_62' title="bbox 1946 3261 3527 3360; baseline 0.017 -30"><span class='ocrx_word' id='word_1_456' title='bbox 1946 3292 2124 3333; x_wconf 86' lang='lat' dir='ltr'><strong>omnes</strong></span> <span class='ocrx_word' id='word_1_457' title='bbox 2158 3296 2342 3336; x_wconf 85' lang='lat' dir='ltr'><strong>carnes</strong></span> <span class='ocrx_word' id='word_1_458' title='bbox 2386 3261 2507 3336; x_wconf 83' lang='lat' dir='ltr'><strong>cum</strong></span> <span class='ocrx_word' id='word_1_459' title='bbox 2537 3286 2724 3356; x_wconf 85' lang='lat' dir='ltr'><strong>capite,</strong></span> <span class='ocrx_word' id='word_1_460' title='bbox 2758 3297 2806 3342; x_wconf 91' lang='lat' dir='ltr'><strong>et</strong></span> <span class='ocrx_word' id='word_1_461' title='bbox 2852 3291 3071 3360; x_wconf 87' lang='lat' dir='ltr'><strong>pedibus</strong></span> <span class='ocrx_word' id='word_1_462' title='bbox 3099 3304 3147 3349; x_wconf 86' lang='lat' dir='ltr'><strong>et</strong></span> <span class='ocrx_word' id='word_1_463' title='bbox 3177 3297 3437 3356; x_wconf 84' lang='lat' dir='ltr'><strong>intestinis</strong></span> <span class='ocrx_word' id='word_1_464' title='bbox 3476 3313 3527 3357; x_wconf 88' lang='lat' dir='ltr'><strong>et</strong></span> 
     </span>
    </p>
   </div>
   <div class='ocr_carea' id='block_1_63' title="bbox 255 3366 1844 3455">
    <p class='ocr_par' dir='ltr' id='par_1_63' title="bbox 255 3366 1844 3455">
     <span class='ocr_line' id='line_1_63' title="bbox 255 3366 1844 3455; baseline 0.014 -38"><span class='ocrx_word' id='word_1_465' title='bbox 255 3366 463 3419; x_wconf 83' lang='lat' dir='ltr'><strong>cunctis</strong></span> <span class='ocrx_word' id='word_1_466' title='bbox 517 3366 832 3424; x_wconf 80' lang='lat' dir='ltr'><strong>habitaculis</strong></span> <span class='ocrx_word' id='word_1_467' title='bbox 881 3373 1082 3439; x_wconf 70' lang='lat' dir='ltr'><strong>vestris,</strong></span> <span class='ocrx_word' id='word_1_468' title='bbox 1121 3392 1213 3430; x_wconf 88' lang='lat' dir='ltr'><strong>nec</strong></span> <span class='ocrx_word' id='word_1_469' title='bbox 1265 3377 1471 3449; x_wconf 88' lang='lat' dir='ltr'><strong>adipem</strong></span> <span class='ocrx_word' id='word_1_470' title='bbox 1504 3397 1595 3435; x_wconf 85' lang='lat' dir='ltr'><strong>nec</strong></span> <span class='ocrx_word' id='word_1_471' title='bbox 1629 3385 1844 3455; x_wconf 85' lang='lat' dir='ltr'><strong>sangui-</strong></span> 
     </span>
    </p>
   </div>
   <div class='ocr_carea' id='block_1_64' title="bbox 256 3459 1843 3545">
    <p class='ocr_par' dir='ltr' id='par_1_64' title="bbox 256 3459 1843 3545">
     <span class='ocr_line' id='line_1_64' title="bbox 256 3459 1843 3545; baseline 0.015 -38"><span class='ocrx_word' id='word_1_472' title='bbox 256 3471 378 3509; x_wconf 64' lang='lat' dir='ltr'><strong>nem</strong></span> <span class='ocrx_word' id='word_1_473' title='bbox 415 3459 628 3511; x_wconf 89' lang='lat' dir='ltr'><strong>omnino</strong></span> <span class='ocrx_word' id='word_1_474' title='bbox 658 3461 937 3518; x_wconf 83' lang='lat' dir='ltr'><strong>comedetis</strong></span> <span class='ocrx_word' id='word_1_475' title='bbox 968 3463 1143 3537; x_wconf 86' lang='lat' dir='ltr'><strong>(Psal.</strong></span> <span class='ocrx_word' id='word_1_476' title='bbox 1186 3467 1326 3541; x_wconf 85' lang='lat' dir='ltr'><strong>cut).</strong></span> <span class='ocrx_word' id='word_1_477' title='bbox 1354 3468 1580 3540; x_wconf 81' lang='lat' dir='ltr'><strong>Adipcm</strong></span> <span class='ocrx_word' id='word_1_478' title='bbox 1610 3474 1725 3545; x_wconf 83' lang='lat' dir='ltr'><strong>ejus</strong></span> <span class='ocrx_word' id='word_1_479' title='bbox 1749 3477 1843 3545; x_wconf 90' lang='lat' dir='ltr'><strong>qui</strong></span> 
     </span>
    </p>
   </div>
   <div class='ocr_carea' id='block_1_65' title="bbox 257 3549 1843 3641">
    <p class='ocr_par' dir='ltr' id='par_1_65' title="bbox 257 3549 1843 3641">
     <span class='ocr_line' id='line_1_65' title="bbox 257 3549 1843 3641; baseline 0.015 -38"><span class='ocrx_word' id='word_1_480' title='bbox 257 3549 314 3604; x_wconf 87' lang='lat' dir='ltr'><strong>in</strong></span> <span class='ocrx_word' id='word_1_481' title='bbox 344 3550 503 3607; x_wconf 90' lang='lat' dir='ltr'><strong>nobis</strong></span> <span class='ocrx_word' id='word_1_482' title='bbox 547 3561 631 3608; x_wconf 89' lang='lat' dir='ltr'><strong>est</strong></span> <span class='ocrx_word' id='word_1_483' title='bbox 660 3554 935 3624; x_wconf 88' lang='lat' dir='ltr'><strong>desiderii,</strong></span> <span class='ocrx_word' id='word_1_484' title='bbox 963 3575 1057 3615; x_wconf 88' lang='lat' dir='ltr'><strong>seu</strong></span> <span class='ocrx_word' id='word_1_485' title='bbox 1087 3564 1571 3635; x_wconf 71' lang='lat' dir='ltr'><strong>concupiscentiaz;</strong></span> <span class='ocrx_word' id='word_1_486' title='bbox 1624 3571 1843 3641; x_wconf 87' lang='lat' dir='ltr'><strong>sangui-</strong></span> 
     </span>
    </p>
   </div>
   <div class='ocr_carea' id='block_1_66' title="bbox 258 3646 1841 3732">
    <p class='ocr_par' dir='ltr' id='par_1_66' title="bbox 258 3646 1841 3732">
     <span class='ocr_line' id='line_1_66' title="bbox 258 3646 1841 3732; baseline 0.013 -37"><span class='ocrx_word' id='word_1_487' title='bbox 258 3656 387 3696; x_wconf 81' lang='lat' dir='ltr'><strong>nem</strong></span> <span class='ocrx_word' id='word_1_488' title='bbox 418 3657 546 3697; x_wconf 85' lang='lat' dir='ltr'><strong>vero</strong></span> <span class='ocrx_word' id='word_1_489' title='bbox 568 3646 762 3699; x_wconf 71' lang='lat' dir='ltr'><strong>animm</strong></span> <span class='ocrx_word' id='word_1_490' title='bbox 790 3646 1018 3719; x_wconf 83' lang='lat' dir='ltr'><strong>figuram</strong></span> <span class='ocrx_word' id='word_1_491' title='bbox 1047 3666 1240 3723; x_wconf 78' lang='lat' dir='ltr'><strong>gerere</strong></span> <span class='ocrx_word' id='word_1_492' title='bbox 1261 3654 1535 3723; x_wconf 82' lang='lat' dir='ltr'><strong>diximus;</strong></span> <span class='ocrx_word' id='word_1_493' title='bbox 1565 3659 1688 3728; x_wconf 89' lang='lat' dir='ltr'><strong>quia</strong></span> <span class='ocrx_word' id='word_1_494' title='bbox 1713 3676 1841 3732; x_wconf 84' lang='lat' dir='ltr'><strong>ergo</strong></span> 
     </span>
    </p>
   </div>
   <div class='ocr_carea' id='block_1_67' title="bbox 258 3731 1842 3811">
    <p class='ocr_par' dir='ltr' id='par_1_67' title="bbox 258 3731 1842 3811">
     <span class='ocr_line' id='line_1_67' title="bbox 258 3731 1842 3811; baseline 0.014 -26"><span class='ocrx_word' id='word_1_495' title='bbox 258 3731 475 3801; x_wconf 87' lang='lat' dir='ltr'><strong>adipem</strong></span> <span class='ocrx_word' id='word_1_496' title='bbox 502 3733 553 3788; x_wconf 93' lang='lat' dir='ltr'><strong>in</strong></span> <span class='ocrx_word' id='word_1_497' title='bbox 580 3743 842 3791; x_wconf 56' lang='lat' dir='ltr'><strong>sternam</strong></span> <span class='ocrx_word' id='word_1_498' title='bbox 871 3744 1130 3811; x_wconf 65' lang='lat' dir='ltr'><strong>praecepit</strong></span> <span class='ocrx_word' id='word_1_499' title='bbox 1157 3744 1365 3810; x_wconf 75' lang='lat' dir='ltr'><strong>offerri,</strong></span> <span class='ocrx_word' id='word_1_500' title='bbox 1386 3748 1734 3805; x_wconf 88' lang='lat' dir='ltr'><strong>manifestum</strong></span> <span class='ocrx_word' id='word_1_501' title='bbox 1756 3731 1842 3807; x_wconf 67' lang='grc' dir='ltr'><strong>εει</strong></span> 
     </span>
    </p>
   </div>
   <div class='ocr_carea' id='block_1_68' title="bbox 255 3821 1842 3896">
    <p class='ocr_par' dir='ltr' id='par_1_68' title="bbox 255 3821 1842 3896">
     <span class='ocr_line' id='line_1_68' title="bbox 255 3821 1842 3896; baseline 0.015 -23"><span class='ocrx_word' id='word_1_502' title='bbox 255 3821 394 3889; x_wconf 87' lang='lat' dir='ltr'><strong>quia</strong></span> <span class='ocrx_word' id='word_1_503' title='bbox 435 3824 738 3878; x_wconf 88' lang='lat' dir='ltr'><strong>consecrari</strong></span> <span class='ocrx_word' id='word_1_504' title='bbox 774 3825 885 3883; x_wconf 90' lang='lat' dir='ltr'><strong>Deo</strong></span> <span class='ocrx_word' id='word_1_505' title='bbox 921 3838 1165 3885; x_wconf 90' lang='lat' dir='ltr'><strong>nostrum</strong></span> <span class='ocrx_word' id='word_1_506' title='bbox 1195 3833 1522 3890; x_wconf 90' lang='lat' dir='ltr'><strong>desiderium</strong></span> <span class='ocrx_word' id='word_1_507' title='bbox 1564 3838 1682 3894; x_wconf 87' lang='lat' dir='ltr'><strong>sive</strong></span> <span class='ocrx_word' id='word_1_508' title='bbox 1710 3856 1842 3896; x_wconf 92' lang='lat' dir='ltr'><strong>con-</strong></span> 
     </span>
    </p>
   </div>
   <div class='ocr_carea' id='block_1_69' title="bbox 255 3910 1839 3995">
    <p class='ocr_par' dir='ltr' id='par_1_69' title="bbox 255 3910 1839 3995">
     <span class='ocr_line' id='line_1_69' title="bbox 255 3910 1839 3995; baseline 0.016 -33"><span class='ocrx_word' id='word_1_509' title='bbox 255 3910 650 3995; x_wconf 81' lang='lat' dir='ltr'><strong>cupiscentiam</strong></span> <span class='ocrx_word' id='word_1_510' title='bbox 700 3915 831 3970; x_wconf 91' lang='lat' dir='ltr'><strong>vult.</strong></span> <span class='ocrx_word' id='word_1_511' title='bbox 860 3915 918 3972; x_wconf 87' lang='lat' dir='ltr'><strong>In</strong></span> <span class='ocrx_word' id='word_1_512' title='bbox 956 3927 1218 3976; x_wconf 79' lang='lat' dir='ltr'><strong>aeternum</strong></span> <span class='ocrx_word' id='word_1_513' title='bbox 1258 3932 1460 3990; x_wconf 90' lang='lat' dir='ltr'><strong>autem,</strong></span> <span class='ocrx_word' id='word_1_514' title='bbox 1504 3928 1609 3984; x_wconf 89' lang='lat' dir='ltr'><strong>hoc</strong></span> <span class='ocrx_word' id='word_1_515' title='bbox 1633 3936 1736 3995; x_wconf 87' lang='lat' dir='ltr'><strong>est,</strong></span> <span class='ocrx_word' id='word_1_516' title='bbox 1770 3930 1839 3987; x_wconf 81' lang='lat' dir='ltr'><strong>ne</strong></span> 
     </span>
    </p>
   </div>
   <div class='ocr_carea' id='block_1_70' title="bbox 256 3988 1839 4090">
    <p class='ocr_par' dir='ltr' id='par_1_70' title="bbox 256 3988 1839 4090">
     <span class='ocr_line' id='line_1_70' title="bbox 256 3988 1839 4090; baseline 0.014 -36"><span class='ocrx_word' id='word_1_517' title='bbox 256 3988 325 4055; x_wconf 85' lang='lat' dir='ltr'><strong>ad</strong></span> <span class='ocrx_word' id='word_1_518' title='bbox 360 4001 529 4056; x_wconf 90' lang='lat' dir='ltr'><strong>Deum</strong></span> <span class='ocrx_word' id='word_1_519' title='bbox 581 4003 710 4059; x_wconf 89' lang='lat' dir='ltr'><strong>illud</strong></span> <span class='ocrx_word' id='word_1_520' title='bbox 741 4013 796 4061; x_wconf 92' lang='lat' dir='ltr'><strong>et</strong></span> <span class='ocrx_word' id='word_1_521' title='bbox 842 4008 909 4062; x_wconf 89' lang='lat' dir='ltr'><strong>ad</strong></span> <span class='ocrx_word' id='word_1_522' title='bbox 958 4011 1215 4066; x_wconf 89' lang='lat' dir='ltr'><strong>mundum</strong></span> <span class='ocrx_word' id='word_1_523' title='bbox 1263 3988 1587 4083; x_wconf 85' lang='lat' dir='ltr'><strong>dividamus,</strong></span> <span class='ocrx_word' id='word_1_524' title='bbox 1616 3988 1839 4090; x_wconf 80' lang='lat' dir='ltr'><strong>propter</strong></span> 
     </span>
    </p>
   </div>
   <div class='ocr_carea' id='block_1_71' title="bbox 253 4089 1838 4179">
    <p class='ocr_par' dir='ltr' id='par_1_71' title="bbox 253 4089 1838 4179">
     <span class='ocr_line' id='line_1_71' title="bbox 253 4089 1838 4179; baseline 0.015 -38"><span class='ocrx_word' id='word_1_525' title='bbox 253 4089 405 4158; x_wconf 90' lang='lat' dir='ltr'><strong>quod</strong></span> <span class='ocrx_word' id='word_1_526' title='bbox 430 4098 486 4145; x_wconf 89' lang='lat' dir='ltr'><strong>et</strong></span> <span class='ocrx_word' id='word_1_527' title='bbox 507 4091 730 4159; x_wconf 89' lang='lat' dir='ltr'><strong>addidit,</strong></span> <span class='ocrx_word' id='word_1_528' title='bbox 764 4092 831 4149; x_wconf 86' lang='lat' dir='ltr'><strong>In</strong></span> <span class='ocrx_word' id='word_1_529' title='bbox 856 4099 1300 4168; x_wconf 86' lang='lat' dir='ltr'><strong>generationibus,</strong></span> <span class='ocrx_word' id='word_1_530' title='bbox 1334 4103 1386 4159; x_wconf 89' lang='lat' dir='ltr'><strong>id</strong></span> <span class='ocrx_word' id='word_1_531' title='bbox 1409 4113 1514 4172; x_wconf 89' lang='lat' dir='ltr'><strong>est,</strong></span> <span class='ocrx_word' id='word_1_532' title='bbox 1538 4089 1637 4177; x_wconf 88' lang='lat' dir='ltr'><strong>per</strong></span> <span class='ocrx_word' id='word_1_533' title='bbox 1654 4089 1838 4179; x_wconf 82' lang='lat' dir='ltr'><strong>singu-</strong></span> 
     </span>
    </p>
   </div>
   <div class='ocr_carea' id='block_1_72' title="bbox 254 4177 1837 4265">
    <p class='ocr_par' dir='ltr' id='par_1_72' title="bbox 254 4177 1837 4265">
     <span class='ocr_line' id='line_1_72' title="bbox 254 4177 1837 4265; baseline 0.017 -36"><span class='ocrx_word' id='word_1_534' title='bbox 254 4177 338 4233; x_wconf 73' lang='lat' dir='ltr'><strong>las</strong></span> <span class='ocrx_word' id='word_1_535' title='bbox 386 4187 595 4234; x_wconf 78' lang='lat' dir='ltr'><strong>:etales.</strong></span> <span class='ocrx_word' id='word_1_536' title='bbox 651 4180 710 4236; x_wconf 90' lang='lat' dir='ltr'><strong>ln</strong></span> <span class='ocrx_word' id='word_1_537' title='bbox 758 4186 1134 4253; x_wconf 85' lang='lat' dir='ltr'><strong>generationes</strong></span> <span class='ocrx_word' id='word_1_538' title='bbox 1182 4198 1362 4261; x_wconf 88' lang='lat' dir='ltr'><strong>autem</strong></span> <span class='ocrx_word' id='word_1_539' title='bbox 1410 4177 1837 4265; x_wconf 70' lang='lat' dir='ltr'><strong>permutatioaes</strong></span> 
     </span>
    </p>
   </div>
   <div class='ocr_carea' id='block_1_73' title="bbox 252 4269 1834 4353">
    <p class='ocr_par' dir='ltr' id='par_1_73' title="bbox 252 4269 1834 4353">
     <span class='ocr_line' id='line_1_73' title="bbox 252 4269 1834 4353; baseline 0.015 -31"><span class='ocrx_word' id='word_1_540' title='bbox 252 4276 480 4322; x_wconf 65' lang='lat' dir='ltr'><strong>aetatum</strong></span> <span class='ocrx_word' id='word_1_541' title='bbox 525 4269 912 4342; x_wconf 88' lang='lat' dir='ltr'><strong>intelliguntur.</strong></span> <span class='ocrx_word' id='word_1_542' title='bbox 940 4274 1092 4342; x_wconf 81' lang='lat' dir='ltr'><strong>Quod</strong></span> <span class='ocrx_word' id='word_1_543' title='bbox 1137 4281 1377 4336; x_wconf 87' lang='lat' dir='ltr'><strong>ostendit</strong></span> <span class='ocrx_word' id='word_1_544' title='bbox 1401 4282 1685 4353; x_wconf 82' lang='lat' dir='ltr'><strong>Jcremias,</strong></span> <span class='ocrx_word' id='word_1_545' title='bbox 1712 4304 1834 4343; x_wconf 87' lang='lat' dir='ltr'><strong>cum</strong></span> 
     </span>
    </p>
   </div>
   <div class='ocr_carea' id='block_1_74' title="bbox 252 4359 1838 4450">
    <p class='ocr_par' dir='ltr' id='par_1_74' title="bbox 252 4359 1838 4450">
     <span class='ocr_line' id='line_1_74' title="bbox 252 4359 1838 4450; baseline 0.016 -40"><span class='ocrx_word' id='word_1_546' title='bbox 252 4359 455 4430; x_wconf 86' lang='lat' dir='ltr'><strong>populo</strong></span> <span class='ocrx_word' id='word_1_547' title='bbox 487 4359 712 4418; x_wconf 75' lang='lat' dir='ltr'><strong>Iudaico</strong></span> <span class='ocrx_word' id='word_1_548' title='bbox 756 4364 808 4417; x_wconf 89' lang='lat' dir='ltr'><strong>in</strong></span> <span class='ocrx_word' id='word_1_549' title='bbox 836 4364 1126 4438; x_wconf 83' lang='lat' dir='ltr'><strong>Babylonia</strong></span> <span class='ocrx_word' id='word_1_550' title='bbox 1152 4372 1362 4441; x_wconf 91' lang='lat' dir='ltr'><strong>scribit,</strong></span> <span class='ocrx_word' id='word_1_551' title='bbox 1421 4375 1475 4429; x_wconf 91' lang='lat' dir='ltr'><strong>in</strong></span> <span class='ocrx_word' id='word_1_552' title='bbox 1511 4387 1715 4448; x_wconf 89' lang='lat' dir='ltr'><strong>septem</strong></span> <span class='ocrx_word' id='word_1_553' title='bbox 1745 4395 1838 4450; x_wconf 85' lang='lat' dir='ltr'><strong>ge-</strong></span> 
     </span>
    </p>
   </div>
   <div class='ocr_carea' id='block_1_75' title="bbox 254 4448 1832 4526">
    <p class='ocr_par' dir='ltr' id='par_1_75' title="bbox 254 4448 1832 4526">
     <span class='ocr_line' id='line_1_75' title="bbox 254 4448 1832 4526; baseline 0.016 -26"><span class='ocrx_word' id='word_1_554' title='bbox 254 4448 632 4506; x_wconf 88' lang='lat' dir='ltr'><strong>nerationibus</strong></span> <span class='ocrx_word' id='word_1_555' title='bbox 659 4456 1000 4526; x_wconf 81' lang='lat' dir='ltr'><strong>septuaginta</strong></span> <span class='ocrx_word' id='word_1_556' title='bbox 1022 4472 1289 4515; x_wconf 87' lang='lat' dir='ltr'><strong>annorum</strong></span> <span class='ocrx_word' id='word_1_557' title='bbox 1314 4465 1499 4521; x_wconf 88' lang='lat' dir='ltr'><strong>dicens</strong></span> <span class='ocrx_word' id='word_1_558' title='bbox 1526 4448 1832 4525; x_wconf 79' lang='lat' dir='ltr'><strong>numerum.</strong></span> 
     </span>
    </p>
   </div>
   <div class='ocr_carea' id='block_1_76' title="bbox 250 4536 1834 4620">
    <p class='ocr_par' dir='ltr' id='par_1_76' title="bbox 250 4536 1834 4620">
     <span class='ocr_line' id='line_1_76' title="bbox 250 4536 1834 4620; baseline 0.017 -30"><span class='ocrx_word' id='word_1_559' title='bbox 250 4536 323 4591; x_wconf 85' lang='lat' dir='ltr'><strong>In</strong></span> <span class='ocrx_word' id='word_1_560' title='bbox 360 4540 560 4595; x_wconf 84' lang='lat' dir='ltr'><strong>cunctis</strong></span> <span class='ocrx_word' id='word_1_561' title='bbox 605 4552 780 4597; x_wconf 88' lang='lat' dir='ltr'><strong>autem</strong></span> <span class='ocrx_word' id='word_1_562' title='bbox 812 4546 1148 4616; x_wconf 80' lang='lat' dir='ltr'><strong>habitaculis,</strong></span> <span class='ocrx_word' id='word_1_563' title='bbox 1194 4551 1248 4605; x_wconf 89' lang='lat' dir='ltr'><strong>id</strong></span> <span class='ocrx_word' id='word_1_564' title='bbox 1275 4562 1378 4620; x_wconf 91' lang='lat' dir='ltr'><strong>est,</strong></span> <span class='ocrx_word' id='word_1_565' title='bbox 1428 4556 1483 4610; x_wconf 89' lang='lat' dir='ltr'><strong>in</strong></span> <span class='ocrx_word' id='word_1_566' title='bbox 1530 4560 1676 4614; x_wconf 89' lang='lat' dir='ltr'><strong>omni</strong></span> <span class='ocrx_word' id='word_1_567' title='bbox 1705 4576 1834 4616; x_wconf 89' lang='lat' dir='ltr'><strong>con-</strong></span> 
     </span>
    </p>
   </div>
   <div class='ocr_carea' id='block_1_77' title="bbox 252 4630 1836 4715">
    <p class='ocr_par' dir='ltr' id='par_1_77' title="bbox 252 4630 1836 4715">
     <span class='ocr_line' id='line_1_77' title="bbox 252 4630 1836 4715; baseline 0.017 -34"><span class='ocrx_word' id='word_1_568' title='bbox 252 4630 582 4698; x_wconf 86' lang='lat' dir='ltr'><strong>versatione,</strong></span> <span class='ocrx_word' id='word_1_569' title='bbox 616 4633 733 4689; x_wconf 90' lang='lat' dir='ltr'><strong>sive</strong></span> <span class='ocrx_word' id='word_1_570' title='bbox 759 4636 1012 4693; x_wconf 88' lang='lat' dir='ltr'><strong>socialem</strong></span> <span class='ocrx_word' id='word_1_571' title='bbox 1058 4640 1198 4697; x_wconf 88' lang='lat' dir='ltr'><strong>hanc</strong></span> <span class='ocrx_word' id='word_1_572' title='bbox 1228 4658 1472 4715; x_wconf 85' lang='lat' dir='ltr'><strong>agamus,</strong></span> <span class='ocrx_word' id='word_1_573' title='bbox 1514 4650 1626 4706; x_wconf 82' lang='lat' dir='ltr'><strong>sive</strong></span> <span class='ocrx_word' id='word_1_574' title='bbox 1652 4651 1836 4708; x_wconf 89' lang='lat' dir='ltr'><strong>solita-</strong></span> 
     </span>
    </p>
   </div>
   <div class='ocr_carea' id='block_1_78' title="bbox 255 4720 1835 4812">
    <p class='ocr_par' dir='ltr' id='par_1_78' title="bbox 255 4720 1835 4812">
     <span class='ocr_line' id='line_1_78' title="bbox 255 4720 1835 4812; baseline 0.018 -40"><span class='ocrx_word' id='word_1_575' title='bbox 255 4720 397 4775; x_wconf 82' lang='lat' dir='ltr'><strong>riam</strong></span> <span class='ocrx_word' id='word_1_576' title='bbox 432 4737 789 4793; x_wconf 81' lang='lat' dir='ltr'><strong>assequamur</strong></span> <span class='ocrx_word' id='word_1_577' title='bbox 828 4729 1014 4785; x_wconf 90' lang='lat' dir='ltr'><strong>vitam.</strong></span> <span class='ocrx_word' id='word_1_578' title='bbox 1051 4733 1204 4790; x_wconf 86' lang='lat' dir='ltr'><strong>Unde</strong></span> <span class='ocrx_word' id='word_1_579' title='bbox 1240 4736 1408 4793; x_wconf 84' lang='lat' dir='ltr'><strong>David</strong></span> <span class='ocrx_word' id='word_1_580' title='bbox 1434 4739 1648 4797; x_wconf 87' lang='lat' dir='ltr'><strong>dicebat</strong></span> <span class='ocrx_word' id='word_1_581' title='bbox 1683 4763 1695 4798; x_wconf 93' lang='lat'><strong>:</strong></span> <span class='ocrx_word' id='word_1_582' title='bbox 1730 4745 1835 4812; x_wconf 85' lang='lat' dir='ltr'><strong>Qui</strong></span> 
     </span>
    </p>
   </div>
   <div class='ocr_carea' id='block_1_79' title="bbox 248 4814 1831 4905">
    <p class='ocr_par' dir='ltr' id='par_1_79' title="bbox 248 4814 1831 4905">
     <span class='ocr_line' id='line_1_79' title="bbox 248 4814 1831 4905; baseline 0.018 -41"><span class='ocrx_word' id='word_1_583' title='bbox 248 4814 493 4867; x_wconf 81' lang='lat' dir='ltr'><strong>nabitare</strong></span> <span class='ocrx_word' id='word_1_584' title='bbox 514 4814 640 4884; x_wconf 88' lang='lat' dir='ltr'><strong>facit</strong></span> <span class='ocrx_word' id='word_1_585' title='bbox 668 4819 940 4875; x_wconf 87' lang='lat' dir='ltr'><strong>unanimes</strong></span> <span class='ocrx_word' id='word_1_586' title='bbox 969 4821 1023 4875; x_wconf 87' lang='lat' dir='ltr'><strong>in</strong></span> <span class='ocrx_word' id='word_1_587' title='bbox 1053 4823 1208 4880; x_wconf 90' lang='lat' dir='ltr'><strong>domo</strong></span> <span class='ocrx_word' id='word_1_588' title='bbox 1232 4824 1404 4898; x_wconf 89' lang='lat' dir='ltr'><strong>(Psal.</strong></span> <span class='ocrx_word' id='word_1_589' title='bbox 1428 4830 1581 4903; x_wconf 81' lang='lat' dir='ltr'><strong>cxtt).</strong></span> <span class='ocrx_word' id='word_1_590' title='bbox 1606 4832 1831 4905; x_wconf 82' lang='lat' dir='ltr'><strong>Adipcm</strong></span> 
     </span>
    </p>
   </div>
   <div class='ocr_carea' id='block_1_80' title="bbox 252 4907 1833 4984">
    <p class='ocr_par' dir='ltr' id='par_1_80' title="bbox 252 4907 1833 4984">
     <span class='ocr_line' id='line_1_80' title="bbox 252 4907 1833 4984; baseline 0.018 -29"><span class='ocrx_word' id='word_1_591' title='bbox 252 4912 421 4973; x_wconf 88' lang='lat' dir='ltr'><strong>atque</strong></span> <span class='ocrx_word' id='word_1_592' title='bbox 440 4907 758 4975; x_wconf 84' lang='lat' dir='ltr'><strong>sanguinem</strong></span> <span class='ocrx_word' id='word_1_593' title='bbox 784 4913 1040 4982; x_wconf 74' lang='lat' dir='ltr'><strong>praecepit</strong></span> <span class='ocrx_word' id='word_1_594' title='bbox 1058 4918 1278 4973; x_wconf 87' lang='lat' dir='ltr'><strong>omnino</strong></span> <span class='ocrx_word' id='word_1_595' title='bbox 1306 4935 1412 4974; x_wconf 90' lang='lat' dir='ltr'><strong>non</strong></span> <span class='ocrx_word' id='word_1_596' title='bbox 1436 4924 1643 4979; x_wconf 87' lang='lat' dir='ltr'><strong>comedi</strong></span> <span class='ocrx_word' id='word_1_597' title='bbox 1677 4945 1688 4979; x_wconf 91' lang='lat'>:</span> <span class='ocrx_word' id='word_1_598' title='bbox 1720 4929 1833 4984; x_wconf 88' lang='lat' dir='ltr'><strong>adi-</strong></span> 
     </span>
    </p>
   </div>
   <div class='ocr_carea' id='block_1_81' title="bbox 248 4996 1833 5085">
    <p class='ocr_par' dir='ltr' id='par_1_81' title="bbox 248 4996 1833 5085">
     <span class='ocr_line' id='line_1_81' title="bbox 248 4996 1833 5085; baseline 0.016 -38"><span class='ocrx_word' id='word_1_599' title='bbox 248 5010 377 5065; x_wconf 85' lang='lat' dir='ltr'><strong>pem</strong></span> <span class='ocrx_word' id='word_1_600' title='bbox 407 4996 471 5049; x_wconf 90' lang='lat' dir='ltr'><strong>ad</strong></span> <span class='ocrx_word' id='word_1_601' title='bbox 502 4997 626 5063; x_wconf 89' lang='lat' dir='ltr'><strong>hoc,</strong></span> <span class='ocrx_word' id='word_1_602' title='bbox 663 5000 787 5068; x_wconf 85' lang='lat' dir='ltr'><strong>quia</strong></span> <span class='ocrx_word' id='word_1_603' title='bbox 832 5002 1157 5061; x_wconf 89' lang='lat' dir='ltr'><strong>desiderium</strong></span> <span class='ocrx_word' id='word_1_604' title='bbox 1188 5007 1302 5063; x_wconf 88' lang='lat' dir='ltr'><strong>sive</strong></span> <span class='ocrx_word' id='word_1_605' title='bbox 1334 5016 1833 5085; x_wconf 86' lang='lat' dir='ltr'><strong>concupiscentiam</strong></span> 
     </span>
    </p>
   </div>
   <div class='ocr_carea' id='block_1_82' title="bbox 251 5087 1830 5174">
    <p class='ocr_par' dir='ltr' id='par_1_82' title="bbox 251 5087 1830 5174">
     <span class='ocr_line' id='line_1_82' title="bbox 251 5087 1830 5174; baseline 0.014 -35"><span class='ocrx_word' id='word_1_606' title='bbox 251 5102 355 5140; x_wconf 83' lang='lat' dir='ltr'><strong>nos</strong></span> <span class='ocrx_word' id='word_1_607' title='bbox 403 5087 602 5143; x_wconf 82' lang='lat' dir='ltr'><strong>habere</strong></span> <span class='ocrx_word' id='word_1_608' title='bbox 654 5092 949 5161; x_wconf 85' lang='lat' dir='ltr'><strong>propriam,</strong></span> <span class='ocrx_word' id='word_1_609' title='bbox 1004 5093 1059 5149; x_wconf 89' lang='lat' dir='ltr'><strong>id</strong></span> <span class='ocrx_word' id='word_1_610' title='bbox 1083 5106 1165 5151; x_wconf 88' lang='lat' dir='ltr'><strong>est</strong></span> <span class='ocrx_word' id='word_1_611' title='bbox 1201 5100 1498 5168; x_wconf 82' lang='lat' dir='ltr'><strong>carnalem,</strong></span> <span class='ocrx_word' id='word_1_612' title='bbox 1543 5119 1650 5160; x_wconf 90' lang='lat' dir='ltr'><strong>non</strong></span> <span class='ocrx_word' id='word_1_613' title='bbox 1697 5107 1830 5174; x_wconf 88' lang='lat' dir='ltr'><strong>vult,</strong></span> 
     </span>
    </p>
   </div>
   <div class='ocr_carea' id='block_1_83' title="bbox 248 5184 1819 5261">
    <p class='ocr_par' dir='ltr' id='par_1_83' title="bbox 248 5184 1819 5261">
     <span class='ocr_line' id='line_1_83' title="bbox 248 5184 1819 5261; baseline 0.003 -23"><span class='ocrx_word' id='word_1_614' title='bbox 248 5195 481 5255; x_wconf 86' lang='lat' dir='ltr'><strong>propter</strong></span> <span class='ocrx_word' id='word_1_615' title='bbox 508 5186 652 5256; x_wconf 89' lang='lat' dir='ltr'><strong>quod</strong></span> <span class='ocrx_word' id='word_1_616' title='bbox 684 5184 918 5241; x_wconf 86' lang='lat' dir='ltr'><strong>Jacobus</strong></span> <span class='ocrx_word' id='word_1_617' title='bbox 940 5186 1153 5242; x_wconf 80' lang='lat' dir='ltr'><strong>dicebat</strong></span> <span class='ocrx_word' id='word_1_618' title='bbox 1179 5202 1194 5241; x_wconf 72' lang='grc' dir='ltr'><strong><em>τ</em></strong></span> <span class='ocrx_word' id='word_1_619' title='bbox 1239 5185 1604 5261; x_wconf 83' lang='lat' dir='ltr'><strong>Unusquisque</strong></span> <span class='ocrx_word' id='word_1_620' title='bbox 1643 5200 1819 5244; x_wconf 83' lang='lat' dir='ltr'><strong>autem</strong></span> 
     </span>
    </p>
   </div>
   <div class='ocr_carea' id='block_1_84' title="bbox 240 5281 1818 5348">
    <p class='ocr_par' dir='ltr' id='par_1_84' title="bbox 240 5281 1818 5348">
     <span class='ocr_line' id='line_1_84' title="bbox 240 5281 1818 5348; baseline 0.001 -17"><span class='ocrx_word' id='word_1_621' title='bbox 240 5286 499 5339; x_wconf 87' lang='lat' dir='ltr'><strong>tentatur,</strong></span> <span class='ocrx_word' id='word_1_622' title='bbox 535 5295 568 5331; x_wconf 92' lang='lat' dir='ltr'><strong>a</strong></span> <span class='ocrx_word' id='word_1_623' title='bbox 597 5282 1015 5348; x_wconf 84' lang='lat' dir='ltr'><strong>concupiscentia</strong></span> <span class='ocrx_word' id='word_1_624' title='bbox 1048 5297 1143 5333; x_wconf 89' lang='lat' dir='ltr'><strong>sua</strong></span> <span class='ocrx_word' id='word_1_625' title='bbox 1187 5281 1485 5333; x_wconf 80' lang='lat' dir='ltr'><strong>abstractus</strong></span> <span class='ocrx_word' id='word_1_626' title='bbox 1531 5293 1573 5334; x_wconf 86' lang='lat' dir='ltr'><strong>et</strong></span> <span class='ocrx_word' id='word_1_627' title='bbox 1609 5281 1818 5335; x_wconf 76' lang='lat' dir='ltr'><strong>illectus</strong></span> 
     </span>
    </p>
   </div>
   <div class='ocr_carea' id='block_1_85' title="bbox 234 5370 1814 5442">
    <p class='ocr_par' dir='ltr' id='par_1_85' title="bbox 234 5370 1814 5442">
     <span class='ocr_line' id='line_1_85' title="bbox 234 5370 1814 5442; baseline 0 -16"><span class='ocrx_word' id='word_1_628' title='bbox 234 5372 381 5442; x_wconf 79' lang='lat' dir='ltr'><strong>(Jac.</strong></span> <span class='ocrx_word' id='word_1_629' title='bbox 406 5389 421 5426; x_wconf 93' lang='lat' dir='ltr'><strong>t</strong></span> <span class='ocrx_word' id='word_1_630' title='bbox 445 5370 499 5439; x_wconf 92' lang='lat'><strong>);</strong></span> <span class='ocrx_word' id='word_1_631' title='bbox 533 5374 1071 5440; x_wconf 79' lang='lat' dir='ltr'><strong>sanguincmautem,</strong></span> <span class='ocrx_word' id='word_1_632' title='bbox 1112 5384 1287 5427; x_wconf 88' lang='lat' dir='ltr'><strong>utnec</strong></span> <span class='ocrx_word' id='word_1_633' title='bbox 1307 5374 1371 5428; x_wconf 91' lang='lat' dir='ltr'><strong>ad</strong></span> <span class='ocrx_word' id='word_1_634' title='bbox 1393 5390 1542 5429; x_wconf 82' lang='lat' dir='ltr'><strong>suam</strong></span> <span class='ocrx_word' id='word_1_635' title='bbox 1562 5385 1814 5433; x_wconf 76' lang='lat' dir='ltr'><strong>mortem.</strong></span> 
     </span>
    </p>
   </div>
   <div class='ocr_carea' id='block_1_86' title="bbox 236 5461 1813 5533">
    <p class='ocr_par' dir='ltr' id='par_1_86' title="bbox 236 5461 1813 5533">
     <span class='ocr_line' id='line_1_86' title="bbox 236 5461 1813 5533; baseline 0.003 -18"><span class='ocrx_word' id='word_1_636' title='bbox 236 5476 418 5533; x_wconf 84' lang='lat' dir='ltr'><strong>neque</strong></span> <span class='ocrx_word' id='word_1_637' title='bbox 447 5461 511 5515; x_wconf 83' lang='lat' dir='ltr'><strong>ad</strong></span> <span class='ocrx_word' id='word_1_638' title='bbox 543 5461 778 5529; x_wconf 80' lang='lat' dir='ltr'><strong>proximi</strong></span> <span class='ocrx_word' id='word_1_639' title='bbox 826 5475 1013 5517; x_wconf 81' lang='lat' dir='ltr'><strong>currat</strong></span> <span class='ocrx_word' id='word_1_640' title='bbox 1049 5480 1065 5517; x_wconf 89' lang='lat'><strong>:</strong></span> <span class='ocrx_word' id='word_1_641' title='bbox 1104 5467 1400 5520; x_wconf 89' lang='lat' dir='ltr'><strong>hcstiarum</strong></span> <span class='ocrx_word' id='word_1_642' title='bbox 1452 5465 1655 5533; x_wconf 75' lang='lat' dir='ltr'><strong>quippe</strong></span> <span class='ocrx_word' id='word_1_643' title='bbox 1712 5467 1813 5519; x_wconf 89' lang='lat' dir='ltr'><strong>hoc</strong></span> 
     </span>
    </p>
   </div>
   <div class='ocr_carea' id='block_1_87' title="bbox 234 5554 1812 5623">
    <p class='ocr_par' dir='ltr' id='par_1_87' title="bbox 234 5554 1812 5623">
     <span class='ocr_line' id='line_1_87' title="bbox 234 5554 1812 5623; baseline 0.004 -18"><span class='ocrx_word' id='word_1_644' title='bbox 234 5562 315 5606; x_wconf 85' lang='lat' dir='ltr'><strong>est</strong></span> <span class='ocrx_word' id='word_1_645' title='bbox 355 5554 660 5608; x_wconf 86' lang='lat' dir='ltr'><strong>crudelium</strong></span> <span class='ocrx_word' id='word_1_646' title='bbox 713 5556 1030 5623; x_wconf 82' lang='lat' dir='ltr'><strong>proprium;</strong></span> <span class='ocrx_word' id='word_1_647' title='bbox 1068 5556 1189 5612; x_wconf 88' lang='lat' dir='ltr'><strong>ideo</strong></span> <span class='ocrx_word' id='word_1_648' title='bbox 1247 5555 1384 5610; x_wconf 77' lang='lat' dir='ltr'><strong>dixit</strong></span> <span class='ocrx_word' id='word_1_649' title='bbox 1419 5571 1432 5607; x_wconf 87' lang='lat'><strong>:</strong></span> <span class='ocrx_word' id='word_1_650' title='bbox 1471 5554 1586 5609; x_wconf 82' lang='lat' dir='ltr'><strong>Non</strong></span> <span class='ocrx_word' id='word_1_651' title='bbox 1639 5557 1812 5611; x_wconf 80' lang='lat' dir='ltr'><strong>cdetis</strong></span> 
     </span>
    </p>
   </div>
   <div class='ocr_carea' id='block_1_88' title="bbox 230 5647 1813 5717">
    <p class='ocr_par' dir='ltr' id='par_1_88' title="bbox 230 5647 1813 5717">
     <span class='ocr_line' id='line_1_88' title="bbox 230 5647 1813 5717; baseline 0.003 -18"><span class='ocrx_word' id='word_1_652' title='bbox 230 5662 452 5701; x_wconf 87' lang='lat' dir='ltr'><strong>omnem</strong></span> <span class='ocrx_word' id='word_1_653' title='bbox 478 5647 820 5717; x_wconf 85' lang='lat' dir='ltr'><strong>sanguinem.</strong></span> <span class='ocrx_word' id='word_1_654' title='bbox 853 5648 971 5702; x_wconf 85' lang='lat' dir='ltr'><strong>Non</strong></span> <span class='ocrx_word' id='word_1_655' title='bbox 1002 5649 1177 5703; x_wconf 90' lang='lat' dir='ltr'><strong>solum</strong></span> <span class='ocrx_word' id='word_1_656' title='bbox 1212 5663 1312 5702; x_wconf 86' lang='lat' dir='ltr'><strong>nos</strong></span> <span class='ocrx_word' id='word_1_657' title='bbox 1330 5648 1593 5717; x_wconf 75' lang='lat' dir='ltr'><strong>proximis</strong></span> <span class='ocrx_word' id='word_1_658' title='bbox 1621 5664 1813 5717; x_wconf 86' lang='lat' dir='ltr'><strong>parce-</strong></span> 
     </span>
    </p>
   </div>
   <div class='ocr_carea' id='block_1_89' title="bbox 236 5738 1809 5808">
    <p class='ocr_par' dir='ltr' id='par_1_89' title="bbox 236 5738 1809 5808">
     <span class='ocr_line' id='line_1_89' title="bbox 236 5738 1809 5808; baseline 0.003 -18"><span class='ocrx_word' id='word_1_659' title='bbox 236 5754 317 5804; x_wconf 88' lang='lat' dir='ltr'><strong>re,</strong></span> <span class='ocrx_word' id='word_1_660' title='bbox 354 5739 446 5791; x_wconf 85' lang='lat' dir='ltr'><strong>sed</strong></span> <span class='ocrx_word' id='word_1_661' title='bbox 488 5748 542 5792; x_wconf 83' lang='lat' dir='ltr'><strong>et</strong></span> <span class='ocrx_word' id='word_1_662' title='bbox 576 5739 766 5793; x_wconf 88' lang='lat' dir='ltr'><strong>nobisn</strong></span> <span class='ocrx_word' id='word_1_663' title='bbox 790 5740 982 5808; x_wconf 88' lang='lat' dir='ltr'><strong>elipsis</strong></span> <span class='ocrx_word' id='word_1_664' title='bbox 1008 5740 1348 5808; x_wconf 68' lang='lat' dir='ltr'><strong>prmeipicns,</strong></span> <span class='ocrx_word' id='word_1_665' title='bbox 1377 5754 1500 5793; x_wconf 88' lang='lat' dir='ltr'><strong>nam</strong></span> <span class='ocrx_word' id='word_1_666' title='bbox 1527 5749 1580 5793; x_wconf 90' lang='lat' dir='ltr'><strong>et</strong></span> <span class='ocrx_word' id='word_1_667' title='bbox 1602 5740 1666 5794; x_wconf 91' lang='lat' dir='ltr'><strong>ad</strong></span> <span class='ocrx_word' id='word_1_668' title='bbox 1698 5738 1809 5795; x_wconf 80' lang='lat' dir='ltr'><strong>Noe</strong></span> 
     </span>
    </p>
   </div>
   <div class='ocr_carea' id='block_1_90' title="bbox 233 5830 1801 5903">
    <p class='ocr_par' dir='ltr' id='par_1_90' title="bbox 233 5830 1801 5903">
     <span class='ocr_line' id='line_1_90' title="bbox 233 5830 1801 5903; baseline 0.002 -20"><span class='ocrx_word' id='word_1_669' title='bbox 233 5838 422 5899; x_wconf 75' lang='lat' dir='ltr'><strong>aperte</strong></span> <span class='ocrx_word' id='word_1_670' title='bbox 442 5831 548 5886; x_wconf 85' lang='lat' dir='ltr'><strong>alia</strong></span> <span class='ocrx_word' id='word_1_671' title='bbox 573 5846 760 5887; x_wconf 84' lang='lat' dir='ltr'><strong>rursus</strong></span> <span class='ocrx_word' id='word_1_672' title='bbox 790 5833 1039 5903; x_wconf 67' lang='lat' dir='ltr'><strong>praecepit</strong></span> <span class='ocrx_word' id='word_1_673' title='bbox 1062 5831 1210 5903; x_wconf 84' lang='lat' dir='ltr'><strong>(Gen.</strong></span> <span class='ocrx_word' id='word_1_674' title='bbox 1241 5831 1339 5902; x_wconf 69' lang='grc' dir='ltr'><strong>ις.)</strong></span> <span class='ocrx_word' id='word_1_675' title='bbox 1374 5846 1389 5886; x_wconf 87' lang='lat'>:</span> <span class='ocrx_word' id='word_1_676' title='bbox 1424 5830 1648 5887; x_wconf 86' lang='lat' dir='ltr'><strong>Carnem</strong></span> <span class='ocrx_word' id='word_1_677' title='bbox 1685 5848 1801 5886; x_wconf 88' lang='lat' dir='ltr'><strong>cum</strong></span> 
     </span>
    </p>
   </div>
   <div class='ocr_carea' id='block_1_91' title="bbox 1942 3370 3525 3451">
    <p class='ocr_par' dir='ltr' id='par_1_91' title="bbox 1942 3370 3525 3451">
     <span class='ocr_line' id='line_1_91' title="bbox 1942 3370 3525 3451; baseline 0.018 -28"><span class='ocrx_word' id='word_1_678' title='bbox 1942 3370 2087 3439; x_wconf 77' lang='lat' dir='ltr'><strong>ﬁmo,</strong></span> <span class='ocrx_word' id='word_1_679' title='bbox 2126 3382 2174 3427; x_wconf 89' lang='lat' dir='ltr'><strong>et</strong></span> <span class='ocrx_word' id='word_1_680' title='bbox 2202 3373 2405 3446; x_wconf 87' lang='lat' dir='ltr'><strong>reliquo</strong></span> <span class='ocrx_word' id='word_1_681' title='bbox 2436 3393 2652 3449; x_wconf 85' lang='lat' dir='ltr'><strong>corpore</strong></span> <span class='ocrx_word' id='word_1_682' title='bbox 2673 3379 2852 3450; x_wconf 76' lang='lat' dir='ltr'><strong>efferet</strong></span> <span class='ocrx_word' id='word_1_683' title='bbox 2877 3391 3027 3439; x_wconf 72' lang='lat' dir='ltr'><strong>extra</strong></span> <span class='ocrx_word' id='word_1_684' title='bbox 3062 3395 3237 3443; x_wconf 89' lang='lat' dir='ltr'><strong>castra</strong></span> <span class='ocrx_word' id='word_1_685' title='bbox 3265 3391 3319 3446; x_wconf 89' lang='lat' dir='ltr'><strong>in</strong></span> <span class='ocrx_word' id='word_1_686' title='bbox 3350 3391 3525 3451; x_wconf 83' lang='lat' dir='ltr'><strong>locum</strong></span> 
     </span>
    </p>
   </div>
   <div class='ocr_carea' id='block_1_92' title="bbox 1942 3464 3524 3557">
    <p class='ocr_par' dir='ltr' id='par_1_92' title="bbox 1942 3464 3524 3557">
     <span class='ocr_line' id='line_1_92' title="bbox 1942 3464 3524 3557; baseline 0.018 -41"><span class='ocrx_word' id='word_1_687' title='bbox 1942 3464 2195 3520; x_wconf 86' lang='lat' dir='ltr'><strong>mundum</strong></span> <span class='ocrx_word' id='word_1_688' title='bbox 2230 3466 2319 3522; x_wconf 87' lang='lat' dir='ltr'><strong>ubi</strong></span> <span class='ocrx_word' id='word_1_689' title='bbox 2354 3471 2552 3525; x_wconf 87' lang='lat' dir='ltr'><strong>cineres</strong></span> <span class='ocrx_word' id='word_1_690' title='bbox 2596 3472 2799 3542; x_wconf 73' lang='lat' dir='ltr'><strong>e/fundi</strong></span> <span class='ocrx_word' id='word_1_691' title='bbox 2823 3477 3008 3532; x_wconf 83' lang='lat' dir='ltr'><strong>solent.</strong></span> <span class='ocrx_word' id='word_1_692' title='bbox 3058 3479 3411 3557; x_wconf 81' lang='lat' dir='ltr'><strong>Incendetque</strong></span> <span class='ocrx_word' id='word_1_693' title='bbox 3459 3504 3524 3544; x_wconf 78' lang='lat' dir='ltr'><strong>ea</strong></span> 
     </span>
    </p>
   </div>
   <div class='ocr_carea' id='block_1_93' title="bbox 1941 3552 3525 3639">
    <p class='ocr_par' dir='ltr' id='par_1_93' title="bbox 1941 3552 3525 3639">
     <span class='ocr_line' id='line_1_93' title="bbox 1941 3552 3525 3639; baseline 0.018 -35"><span class='ocrx_word' id='word_1_694' title='bbox 1941 3566 2099 3621; x_wconf 85' lang='lat' dir='ltr'><strong>super</strong></span> <span class='ocrx_word' id='word_1_695' title='bbox 2124 3552 2385 3625; x_wconf 83' lang='lat' dir='ltr'><strong>lignorum</strong></span> <span class='ocrx_word' id='word_1_696' title='bbox 2410 3568 2630 3625; x_wconf 88' lang='lat' dir='ltr'><strong>struem,</strong></span> <span class='ocrx_word' id='word_1_697' title='bbox 2668 3577 2787 3632; x_wconf 77' lang='lat' dir='ltr'><strong>qua:</strong></span> <span class='ocrx_word' id='word_1_698' title='bbox 2827 3565 2884 3617; x_wconf 91' lang='lat' dir='ltr'><strong>in</strong></span> <span class='ocrx_word' id='word_1_699' title='bbox 2927 3564 3042 3620; x_wconf 87' lang='lat' dir='ltr'><strong>loco</strong></span> <span class='ocrx_word' id='word_1_700' title='bbox 3067 3552 3355 3639; x_wconf 73' lang='lat' dir='ltr'><strong>e/Tusoruns</strong></span> <span class='ocrx_word' id='word_1_701' title='bbox 3381 3577 3525 3633; x_wconf 82' lang='lat' dir='ltr'><strong>cine-</strong></span> 
     </span>
    </p>
   </div>
   <div class='ocr_carea' id='block_1_94' title="bbox 1942 3646 3523 3726">
    <p class='ocr_par' dir='ltr' id='par_1_94' title="bbox 1942 3646 3523 3726">
     <span class='ocr_line' id='line_1_94' title="bbox 1942 3646 3523 3726; baseline 0.02 -32"><span class='ocrx_word' id='word_1_702' title='bbox 1942 3657 2061 3696; x_wconf 86' lang='lat' dir='ltr'><strong>rum</strong></span> <span class='ocrx_word' id='word_1_703' title='bbox 2087 3646 2479 3702; x_wconf 86' lang='lat' dir='ltr'><strong>cremabuntur.</strong></span> <span class='ocrx_word' id='word_1_704' title='bbox 2510 3649 2654 3705; x_wconf 85' lang='lat' dir='ltr'><strong>Nihil</strong></span> <span class='ocrx_word' id='word_1_705' title='bbox 2680 3668 2871 3709; x_wconf 90' lang='lat' dir='ltr'><strong>eorum</strong></span> <span class='ocrx_word' id='word_1_706' title='bbox 2901 3673 3022 3726; x_wconf 70' lang='lat' dir='ltr'><strong>qua:</strong></span> <span class='ocrx_word' id='word_1_707' title='bbox 3060 3665 3370 3722; x_wconf 83' lang='lat' dir='ltr'><strong>necessaria</strong></span> <span class='ocrx_word' id='word_1_708' title='bbox 3404 3668 3523 3725; x_wconf 85' lang='lat' dir='ltr'><strong>fue-</strong></span> 
     </span>
    </p>
   </div>
   <div class='ocr_carea' id='block_1_95' title="bbox 1942 3735 3525 3823">
    <p class='ocr_par' dir='ltr' id='par_1_95' title="bbox 1942 3735 3525 3823">
     <span class='ocr_line' id='line_1_95' title="bbox 1942 3735 3525 3823; baseline 0.018 -36"><span class='ocrx_word' id='word_1_709' title='bbox 1942 3743 2070 3789; x_wconf 89' lang='lat' dir='ltr'><strong>runt</strong></span> <span class='ocrx_word' id='word_1_710' title='bbox 2104 3735 2381 3807; x_wconf 82' lang='lat' dir='ltr'><strong>legislator</strong></span> <span class='ocrx_word' id='word_1_711' title='bbox 2407 3741 2624 3808; x_wconf 86' lang='lat' dir='ltr'><strong>omisit;</strong></span> <span class='ocrx_word' id='word_1_712' title='bbox 2671 3745 2958 3817; x_wconf 78' lang='lat' dir='ltr'><strong>designans</strong></span> <span class='ocrx_word' id='word_1_713' title='bbox 3000 3752 3199 3823; x_wconf 83' lang='lat' dir='ltr'><strong>quippe</strong></span> <span class='ocrx_word' id='word_1_714' title='bbox 3232 3770 3525 3815; x_wconf 82' lang='lat' dir='ltr'><strong>conversa-</strong></span> 
     </span>
    </p>
   </div>
   <div class='ocr_carea' id='block_1_96' title="bbox 1941 3823 3523 3908">
    <p class='ocr_par' dir='ltr' id='par_1_96' title="bbox 1941 3823 3523 3908">
     <span class='ocr_line' id='line_1_96' title="bbox 1941 3823 3523 3908; baseline 0.02 -30"><span class='ocrx_word' id='word_1_715' title='bbox 1941 3823 2149 3880; x_wconf 88' lang='lat' dir='ltr'><strong>tionum</strong></span> <span class='ocrx_word' id='word_1_716' title='bbox 2178 3828 2529 3898; x_wconf 59' lang='lat' dir='ltr'><strong>didercntias,</strong></span> <span class='ocrx_word' id='word_1_717' title='bbox 2560 3841 2615 3888; x_wconf 90' lang='lat' dir='ltr'><strong>et</strong></span> <span class='ocrx_word' id='word_1_718' title='bbox 2639 3838 2931 3896; x_wconf 87' lang='lat' dir='ltr'><strong>ostendens</strong></span> <span class='ocrx_word' id='word_1_719' title='bbox 2971 3844 3128 3899; x_wconf 90' lang='lat' dir='ltr'><strong>nobis</strong></span> <span class='ocrx_word' id='word_1_720' title='bbox 3161 3846 3277 3903; x_wconf 83' lang='lat' dir='ltr'><strong>vias</strong></span> <span class='ocrx_word' id='word_1_721' title='bbox 3296 3849 3351 3903; x_wconf 91' lang='lat' dir='ltr'><strong>in</strong></span> <span class='ocrx_word' id='word_1_722' title='bbox 3372 3851 3523 3908; x_wconf 86' lang='lat' dir='ltr'><strong>obla-</strong></span> 
     </span>
    </p>
   </div>
   <div class='ocr_carea' id='block_1_97' title="bbox 1940 3914 3520 4011">
    <p class='ocr_par' dir='ltr' id='par_1_97' title="bbox 1940 3914 3520 4011">
     <span class='ocr_line' id='line_1_97' title="bbox 1940 3914 3520 4011; baseline 0.021 -43"><span class='ocrx_word' id='word_1_723' title='bbox 1940 3914 2085 3972; x_wconf 84' lang='lat' dir='ltr'><strong>tione</strong></span> <span class='ocrx_word' id='word_1_724' title='bbox 2123 3918 2538 3990; x_wconf 81' lang='lat' dir='ltr'><strong>sacrificiorum,</strong></span> <span class='ocrx_word' id='word_1_725' title='bbox 2565 3925 2762 3995; x_wconf 84' lang='lat' dir='ltr'><strong>quibus</strong></span> <span class='ocrx_word' id='word_1_726' title='bbox 2789 3943 2888 3985; x_wconf 86' lang='lat' dir='ltr'><strong>nos</strong></span> <span class='ocrx_word' id='word_1_727' title='bbox 2912 3942 3159 4002; x_wconf 73' lang='lat' dir='ltr'><strong>oporteat</strong></span> <span class='ocrx_word' id='word_1_728' title='bbox 3184 3946 3520 4011; x_wconf 84' lang='lat' dir='ltr'><strong>conversari.</strong></span> 
     </span>
    </p>
   </div>
   <div class='ocr_carea' id='block_1_98' title="bbox 1938 4010 3523 4108">
    <p class='ocr_par' dir='ltr' id='par_1_98' title="bbox 1938 4010 3523 4108">
     <span class='ocr_line' id='line_1_98' title="bbox 1938 4010 3523 4108; baseline 0.021 -47"><span class='ocrx_word' id='word_1_729' title='bbox 1938 4016 2064 4077; x_wconf 86' lang='lat' dir='ltr'><strong>post</strong></span> <span class='ocrx_word' id='word_1_730' title='bbox 2088 4010 2193 4067; x_wconf 88' lang='lat' dir='ltr'><strong>hoc</strong></span> <span class='ocrx_word' id='word_1_731' title='bbox 2222 4016 2531 4071; x_wconf 87' lang='lat' dir='ltr'><strong>necessarie</strong></span> <span class='ocrx_word' id='word_1_732' title='bbox 2554 4021 2773 4089; x_wconf 82' lang='lat' dir='ltr'><strong>exponit</strong></span> <span class='ocrx_word' id='word_1_733' title='bbox 2795 4020 2997 4081; x_wconf 82' lang='lat' dir='ltr'><strong>Christi</strong></span> <span class='ocrx_word' id='word_1_734' title='bbox 3033 4030 3382 4101; x_wconf 77' lang='lat' dir='ltr'><strong>sacriﬁcium,</strong></span> <span class='ocrx_word' id='word_1_735' title='bbox 3422 4052 3523 4108; x_wconf 87' lang='lat' dir='ltr'><strong>per</strong></span> 
     </span>
    </p>
   </div>
   <div class='ocr_carea' id='block_1_99' title="bbox 1934 4099 3521 4193">
    <p class='ocr_par' dir='ltr' id='par_1_99' title="bbox 1934 4099 3521 4193">
     <span class='ocr_line' id='line_1_99' title="bbox 1934 4099 3521 4193; baseline 0.021 -43"><span class='ocrx_word' id='word_1_736' title='bbox 1934 4099 2080 4167; x_wconf 89' lang='lat' dir='ltr'><strong>quod</strong></span> <span class='ocrx_word' id='word_1_737' title='bbox 2111 4101 2267 4157; x_wconf 87' lang='lat' dir='ltr'><strong>nobis</strong></span> <span class='ocrx_word' id='word_1_738' title='bbox 2294 4113 2641 4172; x_wconf 83' lang='lat' dir='ltr'><strong>peccatorum</strong></span> <span class='ocrx_word' id='word_1_739' title='bbox 2681 4112 2932 4168; x_wconf 86' lang='lat' dir='ltr'><strong>remissio</strong></span> <span class='ocrx_word' id='word_1_740' title='bbox 2974 4124 3030 4170; x_wconf 86' lang='lat' dir='ltr'><strong>et</strong></span> <span class='ocrx_word' id='word_1_741' title='bbox 3056 4099 3521 4193; x_wconf 71' lang='lat' dir='ltr'><strong>redemptiocon-</strong></span> 
     </span>
    </p>
   </div>
   <div class='ocr_carea' id='block_1_100' title="bbox 1936 4194 3519 4281">
    <p class='ocr_par' dir='ltr' id='par_1_100' title="bbox 1936 4194 3519 4281">
     <span class='ocr_line' id='line_1_100' title="bbox 1936 4194 3519 4281; baseline 0.018 -38"><span class='ocrx_word' id='word_1_742' title='bbox 1936 4204 2089 4246; x_wconf 87' lang='lat' dir='ltr'><strong>cessa</strong></span> <span class='ocrx_word' id='word_1_743' title='bbox 2117 4200 2221 4247; x_wconf 91' lang='lat' dir='ltr'><strong>est.</strong></span> <span class='ocrx_word' id='word_1_744' title='bbox 2247 4194 2391 4250; x_wconf 83' lang='lat' dir='ltr'><strong>Ante</strong></span> <span class='ocrx_word' id='word_1_745' title='bbox 2413 4196 2517 4252; x_wconf 90' lang='lat' dir='ltr'><strong>alia</strong></span> <span class='ocrx_word' id='word_1_746' title='bbox 2546 4213 2676 4271; x_wconf 87' lang='lat' dir='ltr'><strong>ergo</strong></span> <span class='ocrx_word' id='word_1_747' title='bbox 2696 4202 2801 4257; x_wconf 91' lang='lat' dir='ltr'><strong>hoc</strong></span> <span class='ocrx_word' id='word_1_748' title='bbox 2827 4220 2971 4261; x_wconf 81' lang='lat' dir='ltr'><strong>nunc</strong></span> <span class='ocrx_word' id='word_1_749' title='bbox 2995 4210 3230 4277; x_wconf 90' lang='lat' dir='ltr'><strong>primum</strong></span> <span class='ocrx_word' id='word_1_750' title='bbox 3270 4214 3519 4281; x_wconf 76' lang='lat' dir='ltr'><strong>intende.</strong></span> 
     </span>
    </p>
   </div>
   <div class='ocr_carea' id='block_1_101' title="bbox 1937 4282 3519 4375">
    <p class='ocr_par' dir='ltr' id='par_1_101' title="bbox 1937 4282 3519 4375">
     <span class='ocr_line' id='line_1_101' title="bbox 1937 4282 3519 4375; baseline 0.018 -40"><span class='ocrx_word' id='word_1_751' title='bbox 1937 4282 2065 4352; x_wconf 91' lang='lat' dir='ltr'><strong>quia</strong></span> <span class='ocrx_word' id='word_1_752' title='bbox 2092 4293 2315 4353; x_wconf 87' lang='lat' dir='ltr'><strong>peccata</strong></span> <span class='ocrx_word' id='word_1_753' title='bbox 2339 4287 2475 4343; x_wconf 80' lang='lat' dir='ltr'><strong>dixit</strong></span> <span class='ocrx_word' id='word_1_754' title='bbox 2499 4304 2621 4346; x_wconf 90' lang='lat' dir='ltr'><strong>esse</strong></span> <span class='ocrx_word' id='word_1_755' title='bbox 2662 4294 2875 4360; x_wconf 75' lang='lat' dir='ltr'><strong>animm,</strong></span> <span class='ocrx_word' id='word_1_756' title='bbox 2906 4297 3127 4366; x_wconf 83' lang='lat' dir='ltr'><strong>quidam</strong></span> <span class='ocrx_word' id='word_1_757' title='bbox 3151 4302 3298 4356; x_wconf 88' lang='lat' dir='ltr'><strong>enim</strong></span> <span class='ocrx_word' id='word_1_758' title='bbox 3320 4319 3519 4375; x_wconf 86' lang='lat' dir='ltr'><strong>corpus</strong></span> 
     </span>
    </p>
   </div>
   <div class='ocr_carea' id='block_1_102' title="bbox 1938 4373 3516 4452">
    <p class='ocr_par' dir='ltr' id='par_1_102' title="bbox 1938 4373 3516 4452">
     <span class='ocr_line' id='line_1_102' title="bbox 1938 4373 3516 4452; baseline 0.018 -29"><span class='ocrx_word' id='word_1_759' title='bbox 1938 4373 2093 4440; x_wconf 89' lang='lat' dir='ltr'><strong>quasi</strong></span> <span class='ocrx_word' id='word_1_760' title='bbox 2122 4375 2337 4431; x_wconf 89' lang='lat' dir='ltr'><strong>causale</strong></span> <span class='ocrx_word' id='word_1_761' title='bbox 2360 4380 2570 4446; x_wconf 84' lang='lat' dir='ltr'><strong>peccati</strong></span> <span class='ocrx_word' id='word_1_762' title='bbox 2595 4392 2874 4449; x_wconf 77' lang='lat' dir='ltr'><strong>accusant,</strong></span> <span class='ocrx_word' id='word_1_763' title='bbox 2899 4387 2992 4441; x_wconf 88' lang='lat' dir='ltr'><strong>sed</strong></span> <span class='ocrx_word' id='word_1_764' title='bbox 3015 4403 3123 4444; x_wconf 83' lang='lat' dir='ltr'><strong>non</strong></span> <span class='ocrx_word' id='word_1_765' title='bbox 3149 4391 3223 4446; x_wconf 88' lang='lat' dir='ltr'><strong>ita</strong></span> <span class='ocrx_word' id='word_1_766' title='bbox 3249 4402 3353 4449; x_wconf 86' lang='lat' dir='ltr'><strong>est.</strong></span> <span class='ocrx_word' id='word_1_767' title='bbox 3378 4373 3516 4452; x_wconf 76' lang='lat' dir='ltr'><strong>Nam</strong></span> 
     </span>
    </p>
   </div>
   <div class='ocr_carea' id='block_1_103' title="bbox 1938 4461 3513 4542">
    <p class='ocr_par' dir='ltr' id='par_1_103' title="bbox 1938 4461 3513 4542">
     <span class='ocr_line' id='line_1_103' title="bbox 1938 4461 3513 4542; baseline 0.017 -27"><span class='ocrx_word' id='word_1_768' title='bbox 1938 4461 1983 4515; x_wconf 91' lang='lat' dir='ltr'><strong>si</strong></span> <span class='ocrx_word' id='word_1_769' title='bbox 2010 4476 2140 4517; x_wconf 87' lang='lat' dir='ltr'><strong>sana</strong></span> <span class='ocrx_word' id='word_1_770' title='bbox 2170 4464 2240 4518; x_wconf 86' lang='lat' dir='ltr'><strong>sit</strong></span> <span class='ocrx_word' id='word_1_771' title='bbox 2277 4466 2478 4532; x_wconf 86' lang='lat' dir='ltr'><strong>anima,</strong></span> <span class='ocrx_word' id='word_1_772' title='bbox 2509 4469 2645 4524; x_wconf 90' lang='lat' dir='ltr'><strong>nihil</strong></span> <span class='ocrx_word' id='word_1_773' title='bbox 2683 4470 2759 4527; x_wconf 89' lang='lat' dir='ltr'><strong>illi</strong></span> <span class='ocrx_word' id='word_1_774' title='bbox 2790 4474 3005 4530; x_wconf 89' lang='lat' dir='ltr'><strong>nocebit</strong></span> <span class='ocrx_word' id='word_1_775' title='bbox 3045 4480 3228 4537; x_wconf 84' lang='lat' dir='ltr'><strong>carnis</strong></span> <span class='ocrx_word' id='word_1_776' title='bbox 3251 4481 3513 4542; x_wconf 81' lang='lat' dir='ltr'><strong>luxuries.</strong></span> 
     </span>
    </p>
   </div>
   <div class='ocr_carea' id='block_1_104' title="bbox 1938 4550 3519 4646">
    <p class='ocr_par' dir='ltr' id='par_1_104' title="bbox 1938 4550 3519 4646">
     <span class='ocr_line' id='line_1_104' title="bbox 1938 4550 3519 4646; baseline 0.019 -42"><span class='ocrx_word' id='word_1_777' title='bbox 1938 4550 2110 4618; x_wconf 80' lang='lat' dir='ltr'><strong>Quam</strong></span> <span class='ocrx_word' id='word_1_778' title='bbox 2141 4554 2187 4608; x_wconf 91' lang='lat' dir='ltr'><strong>si</strong></span> <span class='ocrx_word' id='word_1_779' title='bbox 2214 4557 2508 4612; x_wconf 84' lang='lat' dir='ltr'><strong>secundum</strong></span> <span class='ocrx_word' id='word_1_780' title='bbox 2532 4575 2691 4631; x_wconf 89' lang='lat' dir='ltr'><strong>quem</strong></span> <span class='ocrx_word' id='word_1_781' title='bbox 2715 4573 2928 4633; x_wconf 88' lang='lat' dir='ltr'><strong>oportet</strong></span> <span class='ocrx_word' id='word_1_782' title='bbox 2963 4569 3183 4626; x_wconf 82' lang='lat' dir='ltr'><strong>modum</strong></span> <span class='ocrx_word' id='word_1_783' title='bbox 3215 4585 3365 4646; x_wconf 83' lang='lat' dir='ltr'><strong>regat</strong></span> <span class='ocrx_word' id='word_1_784' title='bbox 3402 4578 3519 4633; x_wconf 86' lang='lat' dir='ltr'><strong>ani-</strong></span> 
     </span>
    </p>
   </div>
   <div class='ocr_carea' id='block_1_105' title="bbox 1942 4646 3519 4735">
    <p class='ocr_par' dir='ltr' id='par_1_105' title="bbox 1942 4646 3519 4735">
     <span class='ocr_line' id='line_1_105' title="bbox 1942 4646 3519 4735; baseline 0.02 -40"><span class='ocrx_word' id='word_1_785' title='bbox 1942 4658 2048 4708; x_wconf 88' lang='lat' dir='ltr'><strong>ma,</strong></span> <span class='ocrx_word' id='word_1_786' title='bbox 2081 4646 2287 4721; x_wconf 86' lang='lat' dir='ltr'><strong>recedit</strong></span> <span class='ocrx_word' id='word_1_787' title='bbox 2317 4659 2374 4703; x_wconf 87' lang='lat' dir='ltr'><strong>et</strong></span> <span class='ocrx_word' id='word_1_788' title='bbox 2404 4660 2599 4707; x_wconf 86' lang='lat' dir='ltr'><strong>cessat.</strong></span> <span class='ocrx_word' id='word_1_789' title='bbox 2652 4652 2709 4709; x_wconf 89' lang='lat' dir='ltr'><strong>Si</strong></span> <span class='ocrx_word' id='word_1_790' title='bbox 2750 4664 2931 4713; x_wconf 86' lang='lat' dir='ltr'><strong>autem</strong></span> <span class='ocrx_word' id='word_1_791' title='bbox 2958 4660 3113 4730; x_wconf 87' lang='lat' dir='ltr'><strong>dicis,</strong></span> <span class='ocrx_word' id='word_1_792' title='bbox 3144 4666 3292 4735; x_wconf 89' lang='lat' dir='ltr'><strong>atqui</strong></span> <span class='ocrx_word' id='word_1_793' title='bbox 3329 4668 3519 4725; x_wconf 78' lang='lat' dir='ltr'><strong>nolen-</strong></span> 
     </span>
    </p>
   </div>
   <div class='ocr_carea' id='block_1_106' title="bbox 1940 4739 3514 4815">
    <p class='ocr_par' dir='ltr' id='par_1_106' title="bbox 1940 4739 3514 4815">
     <span class='ocr_line' id='line_1_106' title="bbox 1940 4739 3514 4815; baseline 0.019 -30"><span class='ocrx_word' id='word_1_794' title='bbox 1940 4739 2047 4786; x_wconf 88' lang='lat' dir='ltr'><strong>tem</strong></span> <span class='ocrx_word' id='word_1_795' title='bbox 2074 4748 2194 4789; x_wconf 88' lang='lat' dir='ltr'><strong>eam</strong></span> <span class='ocrx_word' id='word_1_796' title='bbox 2237 4752 2467 4807; x_wconf 86' lang='lat' dir='ltr'><strong>peccare</strong></span> <span class='ocrx_word' id='word_1_797' title='bbox 2495 4741 2651 4809; x_wconf 77' lang='lat' dir='ltr'><strong>dixit,</strong></span> <span class='ocrx_word' id='word_1_798' title='bbox 2687 4755 3058 4805; x_wconf 86' lang='lat' dir='ltr'><strong>verumtamen</strong></span> <span class='ocrx_word' id='word_1_799' title='bbox 3109 4768 3212 4808; x_wconf 82' lang='lat' dir='ltr'><strong>non</strong></span> <span class='ocrx_word' id='word_1_800' title='bbox 3262 4769 3450 4813; x_wconf 85' lang='lat' dir='ltr'><strong>coacta</strong></span> <span class='ocrx_word' id='word_1_801' title='bbox 3482 4776 3514 4815; x_wconf 90' lang='lat' dir='ltr'><strong>a</strong></span> 
     </span>
    </p>
   </div>
   <div class='ocr_carea' id='block_1_107' title="bbox 1937 4828 3516 4919">
    <p class='ocr_par' dir='ltr' id='par_1_107' title="bbox 1937 4828 3516 4919">
     <span class='ocr_line' id='line_1_107' title="bbox 1937 4828 3516 4919; baseline 0.018 -42"><span class='ocrx_word' id='word_1_802' title='bbox 1937 4837 2125 4890; x_wconf 87' lang='lat' dir='ltr'><strong>carne,</strong></span> <span class='ocrx_word' id='word_1_803' title='bbox 2161 4828 2255 4882; x_wconf 90' lang='lat' dir='ltr'><strong>sed</strong></span> <span class='ocrx_word' id='word_1_804' title='bbox 2302 4828 2603 4899; x_wconf 82' lang='lat' dir='ltr'><strong>ignorantia</strong></span> <span class='ocrx_word' id='word_1_805' title='bbox 2631 4835 2783 4902; x_wconf 84' lang='lat' dir='ltr'><strong>boni,</strong></span> <span class='ocrx_word' id='word_1_806' title='bbox 2808 4854 2969 4908; x_wconf 86' lang='lat' dir='ltr'><strong>quam</strong></span> <span class='ocrx_word' id='word_1_807' title='bbox 2996 4857 3062 4897; x_wconf 78' lang='lat' dir='ltr'><strong>ex</strong></span> <span class='ocrx_word' id='word_1_808' title='bbox 3101 4846 3428 4919; x_wconf 80' lang='lat' dir='ltr'><strong>negligentia</strong></span> <span class='ocrx_word' id='word_1_809' title='bbox 3458 4860 3516 4906; x_wconf 90' lang='lat' dir='ltr'><strong>et</strong></span> 
     </span>
    </p>
   </div>
   <div class='ocr_carea' id='block_1_108' title="bbox 1939 4919 3510 5003">
    <p class='ocr_par' dir='ltr' id='par_1_108' title="bbox 1939 4919 3510 5003">
     <span class='ocr_line' id='line_1_108' title="bbox 1939 4919 3510 5003; baseline 0.018 -34"><span class='ocrx_word' id='word_1_810' title='bbox 1939 4919 2237 4973; x_wconf 79' lang='lat' dir='ltr'><strong>mutatione</strong></span> <span class='ocrx_word' id='word_1_811' title='bbox 2258 4920 2586 4978; x_wconf 86' lang='lat' dir='ltr'><strong>deteriorum</strong></span> <span class='ocrx_word' id='word_1_812' title='bbox 2619 4928 2843 4996; x_wconf 86' lang='lat' dir='ltr'><strong>patitur,</strong></span> <span class='ocrx_word' id='word_1_813' title='bbox 2878 4945 2976 5001; x_wconf 88' lang='lat' dir='ltr'><strong>per</strong></span> <span class='ocrx_word' id='word_1_814' title='bbox 3000 4949 3162 5003; x_wconf 87' lang='lat' dir='ltr'><strong>quam</strong></span> <span class='ocrx_word' id='word_1_815' title='bbox 3191 4939 3353 4993; x_wconf 85' lang='lat' dir='ltr'><strong>etiam</strong></span> <span class='ocrx_word' id='word_1_816' title='bbox 3383 4957 3510 4996; x_wconf 88' lang='lat' dir='ltr'><strong>sua-</strong></span> 
     </span>
    </p>
   </div>
   <div class='ocr_carea' id='block_1_109' title="bbox 1937 5007 3509 5090">
    <p class='ocr_par' dir='ltr' id='par_1_109' title="bbox 1937 5007 3509 5090">
     <span class='ocr_line' id='line_1_109' title="bbox 1937 5007 3509 5090; baseline 0.02 -31"><span class='ocrx_word' id='word_1_817' title='bbox 1937 5007 2023 5061; x_wconf 89' lang='lat' dir='ltr'><strong>via</strong></span> <span class='ocrx_word' id='word_1_818' title='bbox 2071 5023 2135 5063; x_wconf 86' lang='lat' dir='ltr'><strong>ea</strong></span> <span class='ocrx_word' id='word_1_819' title='bbox 2170 5026 2291 5080; x_wconf 62' lang='lat' dir='ltr'><strong>quae</strong></span> <span class='ocrx_word' id='word_1_820' title='bbox 2339 5022 2466 5067; x_wconf 88' lang='lat' dir='ltr'><strong>sunt</strong></span> <span class='ocrx_word' id='word_1_821' title='bbox 2510 5017 2670 5071; x_wconf 82' lang='lat' dir='ltr'><strong>noxia</strong></span> <span class='ocrx_word' id='word_1_822' title='bbox 2704 5021 2957 5077; x_wconf 65' lang='lat' dir='ltr'><strong>aestimat.</strong></span> <span class='ocrx_word' id='word_1_823' title='bbox 3013 5023 3120 5080; x_wconf 86' lang='lat' dir='ltr'><strong>Sed</strong></span> <span class='ocrx_word' id='word_1_824' title='bbox 3152 5037 3208 5083; x_wconf 89' lang='lat' dir='ltr'><strong>et</strong></span> <span class='ocrx_word' id='word_1_825' title='bbox 3252 5030 3354 5086; x_wconf 89' lang='lat' dir='ltr'><strong>hoc</strong></span> <span class='ocrx_word' id='word_1_826' title='bbox 3386 5034 3509 5090; x_wconf 87' lang='lat' dir='ltr'><strong>vide</strong></span> 
     </span>
    </p>
   </div>
   <div class='ocr_carea' id='block_1_110' title="bbox 1934 5100 3507 5180">
    <p class='ocr_par' dir='ltr' id='par_1_110' title="bbox 1934 5100 3507 5180">
     <span class='ocr_line' id='line_1_110' title="bbox 1934 5100 3507 5180; baseline 0.018 -30"><span class='ocrx_word' id='word_1_827' title='bbox 1934 5100 2205 5166; x_wconf 87' lang='lat' dir='ltr'><strong>quomodo</strong></span> <span class='ocrx_word' id='word_1_828' title='bbox 2229 5101 2281 5155; x_wconf 91' lang='lat' dir='ltr'><strong>in</strong></span> <span class='ocrx_word' id='word_1_829' title='bbox 2305 5104 2490 5160; x_wconf 90' lang='lat' dir='ltr'><strong>multis</strong></span> <span class='ocrx_word' id='word_1_830' title='bbox 2515 5109 2848 5164; x_wconf 83' lang='lat' dir='ltr'><strong>sacerdotem</strong></span> <span class='ocrx_word' id='word_1_831' title='bbox 2868 5115 3178 5180; x_wconf 85' lang='lat' dir='ltr'><strong>permiscet.</strong></span> <span class='ocrx_word' id='word_1_832' title='bbox 3208 5118 3298 5173; x_wconf 82' lang='lat' dir='ltr'><strong>Ait</strong></span> <span class='ocrx_word' id='word_1_833' title='bbox 3326 5123 3467 5176; x_wconf 88' lang='lat' dir='ltr'><strong>enim</strong></span> <span class='ocrx_word' id='word_1_834' title='bbox 3493 5140 3507 5179; x_wconf 90' lang='lat'><strong>:</strong></span> 
     </span>
    </p>
   </div>
   <div class='ocr_carea' id='block_1_111' title="bbox 1928 5191 3508 5267">
    <p class='ocr_par' dir='ltr' id='par_1_111' title="bbox 1928 5191 3508 5267">
     <span class='ocr_line' id='line_1_111' title="bbox 1928 5191 3508 5267; baseline 0.018 -28"><span class='ocrx_word' id='word_1_835' title='bbox 1928 5191 2115 5241; x_wconf 81' lang='lat' dir='ltr'><strong>Anima</strong></span> <span class='ocrx_word' id='word_1_836' title='bbox 2149 5207 2268 5243; x_wconf 88' lang='lat' dir='ltr'><strong>cum</strong></span> <span class='ocrx_word' id='word_1_837' title='bbox 2296 5197 2578 5260; x_wconf 82' lang='lat' dir='ltr'><strong>peccauerit</strong></span> <span class='ocrx_word' id='word_1_838' title='bbox 2593 5208 2639 5249; x_wconf 87' lang='lat' dir='ltr'><strong>et</strong></span> <span class='ocrx_word' id='word_1_839' title='bbox 2660 5202 2721 5259; x_wconf 79' lang='lat' dir='ltr'><strong>de</strong></span> <span class='ocrx_word' id='word_1_840' title='bbox 2740 5201 2995 5258; x_wconf 76' lang='lat' dir='ltr'><strong>universis</strong></span> <span class='ocrx_word' id='word_1_841' title='bbox 3009 5211 3278 5266; x_wconf 79' lang='lat' dir='ltr'><strong>mandatis</strong></span> <span class='ocrx_word' id='word_1_842' title='bbox 3299 5211 3508 5267; x_wconf 87' lang='lat' dir='ltr'><strong>Domini</strong></span> 
     </span>
    </p>
   </div>
   <div class='ocr_carea' id='block_1_112' title="bbox 1929 5286 3506 5370">
    <p class='ocr_par' dir='ltr' id='par_1_112' title="bbox 1929 5286 3506 5370">
     <span class='ocr_line' id='line_1_112' title="bbox 1929 5286 3506 5370; baseline 0.017 -38"><span class='ocrx_word' id='word_1_843' title='bbox 1929 5297 2048 5345; x_wconf 68' lang='lat' dir='ltr'><strong>qua!</strong></span> <span class='ocrx_word' id='word_1_844' title='bbox 2068 5286 2316 5353; x_wconf 78' lang='lat' dir='ltr'><strong>prtecepit</strong></span> <span class='ocrx_word' id='word_1_845' title='bbox 2341 5297 2394 5338; x_wconf 89' lang='lat' dir='ltr'><strong>ut</strong></span> <span class='ocrx_word' id='word_1_846' title='bbox 2423 5303 2527 5341; x_wconf 85' lang='lat' dir='ltr'><strong>non</strong></span> <span class='ocrx_word' id='word_1_847' title='bbox 2552 5289 2757 5358; x_wconf 73' lang='lat' dir='ltr'><strong>ﬁerent,</strong></span> <span class='ocrx_word' id='word_1_848' title='bbox 2789 5298 3060 5363; x_wconf 78' lang='lat' dir='ltr'><strong>quippiam</strong></span> <span class='ocrx_word' id='word_1_849' title='bbox 3090 5301 3289 5370; x_wconf 83' lang='lat' dir='ltr'><strong>fecerit.</strong></span> <span class='ocrx_word' id='word_1_850' title='bbox 3318 5303 3381 5357; x_wconf 91' lang='lat' dir='ltr'><strong>Si</strong></span> <span class='ocrx_word' id='word_1_851' title='bbox 3414 5321 3506 5357; x_wconf 82' lang='lat' dir='ltr'><strong>sa-</strong></span> 
     </span>
    </p>
   </div>
   <div class='ocr_carea' id='block_1_113' title="bbox 1930 5374 3503 5460">
    <p class='ocr_par' dir='ltr' id='par_1_113' title="bbox 1930 5374 3503 5460">
     <span class='ocr_line' id='line_1_113' title="bbox 1930 5374 3503 5460; baseline 0.016 -34"><span class='ocrx_word' id='word_1_852' title='bbox 1930 5374 2113 5429; x_wconf 83' lang='lat' dir='ltr'><strong>cerdos</strong></span> <span class='ocrx_word' id='word_1_853' title='bbox 2138 5379 2228 5446; x_wconf 89' lang='lat' dir='ltr'><strong>qui</strong></span> <span class='ocrx_word' id='word_1_854' title='bbox 2254 5387 2332 5431; x_wconf 81' lang='lat' dir='ltr'><strong>est</strong></span> <span class='ocrx_word' id='word_1_855' title='bbox 2364 5396 2548 5436; x_wconf 79' lang='lat' dir='ltr'><strong>unctus</strong></span> <span class='ocrx_word' id='word_1_856' title='bbox 2605 5390 2913 5452; x_wconf 84' lang='lat' dir='ltr'><strong>peccaverit,</strong></span> <span class='ocrx_word' id='word_1_857' title='bbox 2947 5392 3211 5460; x_wconf 86' lang='lat' dir='ltr'><strong>siquidem</strong></span> <span class='ocrx_word' id='word_1_858' title='bbox 3245 5400 3503 5450; x_wconf 80' lang='lat' dir='ltr'><strong>sacerdos</strong></span> 
     </span>
    </p>
   </div>
   <div class='ocr_carea' id='block_1_114' title="bbox 1930 5466 3499 5541">
    <p class='ocr_par' dir='ltr' id='par_1_114' title="bbox 1930 5466 3499 5541">
     <span class='ocr_line' id='line_1_114' title="bbox 1930 5466 3499 5541; baseline 0.015 -24"><span class='ocrx_word' id='word_1_859' title='bbox 1930 5466 2021 5537; x_wconf 84' lang='lat' dir='ltr'><strong>qui</strong></span> <span class='ocrx_word' id='word_1_860' title='bbox 2045 5476 2238 5523; x_wconf 89' lang='lat' dir='ltr'><strong>unctus</strong></span> <span class='ocrx_word' id='word_1_861' title='bbox 2255 5475 2611 5540; x_wconf 69' lang='lat' dir='ltr'><strong>estpeccavit,</strong></span> <span class='ocrx_word' id='word_1_862' title='bbox 2628 5476 2858 5534; x_wconf 78' lang='lat' dir='ltr'><strong>similem</strong></span> <span class='ocrx_word' id='word_1_863' title='bbox 2880 5481 3005 5536; x_wconf 84' lang='lat' dir='ltr'><strong>dicit</strong></span> <span class='ocrx_word' id='word_1_864' title='bbox 3023 5482 3145 5537; x_wconf 85' lang='lat' dir='ltr'><strong>aliis</strong></span> <span class='ocrx_word' id='word_1_865' title='bbox 3164 5484 3499 5541; x_wconf 76' lang='lat' dir='ltr'><strong>sacerdotem</strong></span> 
     </span>
    </p>
   </div>
   <div class='ocr_carea' id='block_1_115' title="bbox 1929 5562 3499 5639">
    <p class='ocr_par' dir='ltr' id='par_1_115' title="bbox 1929 5562 3499 5639">
     <span class='ocr_line' id='line_1_115' title="bbox 1929 5562 3499 5639; baseline 0.016 -31"><span class='ocrx_word' id='word_1_866' title='bbox 1929 5573 2026 5627; x_wconf 87' lang='lat' dir='ltr'><strong>pro</strong></span> <span class='ocrx_word' id='word_1_867' title='bbox 2051 5562 2290 5629; x_wconf 82' lang='lat' dir='ltr'><strong>peccatis</strong></span> <span class='ocrx_word' id='word_1_868' title='bbox 2317 5563 2656 5633; x_wconf 68' lang='lat' dir='ltr'><strong>oﬂ&#39;erentem,</strong></span> <span class='ocrx_word' id='word_1_869' title='bbox 2693 5571 2818 5639; x_wconf 81' lang='lat' dir='ltr'><strong>quia</strong></span> <span class='ocrx_word' id='word_1_870' title='bbox 2846 5582 2897 5626; x_wconf 87' lang='lat' dir='ltr'><strong>et</strong></span> <span class='ocrx_word' id='word_1_871' title='bbox 2935 5573 3184 5628; x_wconf 83' lang='lat' dir='ltr'><strong>Christus</strong></span> <span class='ocrx_word' id='word_1_872' title='bbox 3232 5575 3384 5629; x_wconf 89' lang='lat' dir='ltr'><strong>nobis</strong></span> <span class='ocrx_word' id='word_1_873' title='bbox 3438 5594 3499 5633; x_wconf 87' lang='lat' dir='ltr'><strong>se</strong></span> 
     </span>
    </p>
   </div>
   <div class='ocr_carea' id='block_1_116' title="bbox 1923 5647 3495 5734">
    <p class='ocr_par' dir='ltr' id='par_1_116' title="bbox 1923 5647 3495 5734">
     <span class='ocr_line' id='line_1_116' title="bbox 1923 5647 3495 5734; baseline 0.014 -35"><span class='ocrx_word' id='word_1_874' title='bbox 1923 5647 2151 5702; x_wconf 86' lang='lat' dir='ltr'><strong>similem</strong></span> <span class='ocrx_word' id='word_1_875' title='bbox 2186 5651 2436 5720; x_wconf 66' lang='lat' dir='ltr'><strong>praebuit,</strong></span> <span class='ocrx_word' id='word_1_876' title='bbox 2470 5661 2535 5709; x_wconf 83' lang='lat' dir='ltr'><strong>de</strong></span> <span class='ocrx_word' id='word_1_877' title='bbox 2564 5658 2972 5728; x_wconf 75' lang='lat' dir='ltr'><strong>ipsoquippeait</strong></span> <span class='ocrx_word' id='word_1_878' title='bbox 3001 5660 3199 5715; x_wconf 76' lang='lat' dir='ltr'><strong>Paulus</strong></span> <span class='ocrx_word' id='word_1_879' title='bbox 3234 5666 3495 5734; x_wconf 87' lang='lat' dir='ltr'><strong>:Propter</strong></span> 
     </span>
    </p>
   </div>
   <div class='ocr_carea' id='block_1_117' title="bbox 1921 5740 3492 5818">
    <p class='ocr_par' dir='ltr' id='par_1_117' title="bbox 1921 5740 3492 5818">
     <span class='ocr_line' id='line_1_117' title="bbox 1921 5740 3492 5818; baseline 0.015 -28"><span class='ocrx_word' id='word_1_880' title='bbox 1921 5740 2061 5806; x_wconf 86' lang='lat' dir='ltr'><strong>quod</strong></span> <span class='ocrx_word' id='word_1_881' title='bbox 2095 5740 2270 5796; x_wconf 78' lang='lat' dir='ltr'><strong>debuit</strong></span> <span class='ocrx_word' id='word_1_882' title='bbox 2305 5749 2590 5813; x_wconf 76' lang='lat' dir='ltr'><strong>peremnia</strong></span> <span class='ocrx_word' id='word_1_883' title='bbox 2616 5750 2875 5817; x_wconf 80' lang='lat' dir='ltr'><strong>fratribus</strong></span> <span class='ocrx_word' id='word_1_884' title='bbox 2892 5751 3082 5806; x_wconf 79' lang='lat' dir='ltr'><strong>similis</strong></span> <span class='ocrx_word' id='word_1_885' title='bbox 3097 5769 3226 5818; x_wconf 84' lang='lat' dir='ltr'><strong>esse,</strong></span> <span class='ocrx_word' id='word_1_886' title='bbox 3251 5767 3307 5811; x_wconf 89' lang='lat' dir='ltr'><strong>ut</strong></span> <span class='ocrx_word' id='word_1_887' title='bbox 3337 5761 3492 5813; x_wconf 79' lang='lat' dir='ltr'><strong>mise-</strong></span> 
     </span>
    </p>
   </div>
   <div class='ocr_carea' id='block_1_118' title="bbox 1922 5833 3486 5917">
    <p class='ocr_par' dir='ltr' id='par_1_118' title="bbox 1922 5833 3486 5917">
     <span class='ocr_line' id='line_1_118' title="bbox 1922 5833 3486 5917; baseline 0.014 -34"><span class='ocrx_word' id='word_1_888' title='bbox 1922 5834 2084 5885; x_wconf 82' lang='lat' dir='ltr'><strong>rieors</strong></span> <span class='ocrx_word' id='word_1_889' title='bbox 2102 5833 2267 5901; x_wconf 81' lang='lat' dir='ltr'><strong>ﬁeret.</strong></span> <span class='ocrx_word' id='word_1_890' title='bbox 2297 5834 2359 5888; x_wconf 81' lang='lat' dir='ltr'><strong>Et</strong></span> <span class='ocrx_word' id='word_1_891' title='bbox 2383 5838 2556 5905; x_wconf 80' lang='lat' dir='ltr'><strong>ﬁdelis</strong></span> <span class='ocrx_word' id='word_1_892' title='bbox 2583 5843 2826 5896; x_wconf 82' lang='lat' dir='ltr'><strong>sacerdos</strong></span> <span class='ocrx_word' id='word_1_893' title='bbox 2854 5844 2907 5897; x_wconf 89' lang='lat' dir='ltr'><strong>in</strong></span> <span class='ocrx_word' id='word_1_894' title='bbox 2930 5843 3008 5899; x_wconf 78' lang='lat' dir='ltr'><strong>Itis</strong></span> <span class='ocrx_word' id='word_1_895' title='bbox 3024 5862 3141 5917; x_wconf 70' lang='lat' dir='ltr'><strong>qua:</strong></span> <span class='ocrx_word' id='word_1_896' title='bbox 3179 5852 3249 5904; x_wconf 82' lang='lat' dir='ltr'><strong>ad</strong></span> <span class='ocrx_word' id='word_1_897' title='bbox 3319 5851 3486 5906; x_wconf 84' lang='lat' dir='ltr'><strong>Deum</strong></span> 
     </span>
    </p>
   </div>
  </div>
