3956 6176
422 462 516 517 ὶἨ

422 584 549 631 sunt
586 571 655 625 ad
711 562 1099 621 reconcilianda
1138 566 1346 626 pccrata
1408 546 1585 619 populi
1632 540 1839 615 (Hebr.
1886 552 1920 590 ιι

429 625 657 739 plurima
695 658 858 713 nimis
883 653 1044 723 hujus
1070 625 1203 720 legis
1231 646 1282 699 in
1321 640 1537 698 Christo
1569 644 1868 703 exponens.
1890 625 1997 680 S.-d

435 719 547 829 [jam
572 760 761 808 suntet
778 743 1075 818 quarreuda
1090 719 1374 808 sequentia
1398 747 1413 786 :
1430 745 1555 786 nam
1575 739 1702 782 ecce
1725 719 2000 792 legislator

1106 827 1117 829 -
1184 824 1195 829 ·
1433 827 1440 829 Α
1612 810 1740 829 ηηιε
1778 804 1975 829 -......ιι.

465 780 547 812 ςιηι
572 780 761 808 ξυιιιιςι
820 780 1075 802 “sx-unua
1095 780 1374 808 ωηεν-ηπ...
1399 780 1413 786 -
1430 780 1554 786 --.η-η
1586 780 1597 782 -
1619 780 1659 782 _,
1778 780 1808 792 ν

434 780 712 915 :ieceatum
736 780 906 905 ipgius
928 824 1230 886 sacerdotis
1257 827 1540 894 peccatum
1563 810 1743 883 populi
1774 804 2012 876 appella—
2113 796 2324 851 diceret
2366 789 2628 844 Dominus
2657 799 2670 838 :
2701 780 2881 845 Pater,

1197 913 1207 915 Α
1256 913 1287 915 Η
1524 907 1538 915 ⁸
1730 909 1740 915 ‘
1828 913 1837 915 ‘
1862 913 1872 915 *
1894 907 2012 915 μμ*
2121 887 2354 915 “na-“un-
2398 897 2566 915 νηοί-ηπ
2596 875 2726 915 {Lup
2775 886 2881 915 γῖιι

2116 887 2356 959 spiritum
2398 897 2569 935 meum
2596 875 2748 945 (Luc.
2775 868 2957 942 χχιιι).
2987 867 3199 921 Ponere
3229 868 3407 916 autem
3430 872 3552 913 eum
3582 868 3702 909 ma-

2120 951 2247 1035 num
2272 990 2434 1045 super
2462 979 2624 1043 caput
2654 965 2828 1029 vituli,
2861 970 2916 1017 et
2938 957 3188 1031 jugulare
3213 951 3442 1008 vitulum
3485 960 3703 1018 praece—

2121 1073 2218 1142 pit.
2248 1042 2416 1124 Nemo
2446 1064 2589 1120 enim
2611 1061 2761 1115 illum
2789 1053 3000 1116 obtulit,
3034 1049 3131 1105 sed
3158 1060 3261 1102 nec
3291 1042 3575 1099 immolare
3606 1054 3708 1109 po-

435 907 535 997 vit,
570 928 695 1000 quia
725 922 1004 994 negligens
1049 913 1322 971 sensibilis
1352 907 1624 966 sacerdos,
1652 909 1748 957 aut
1782 907 2015 969 peccans

438 1025 553 1092 ipse
592 1026 685 1074 aut
732 1029 838 1070 non
871 1008 1149 1065 vindicans
1194 1004 1248 1057 iu
1285 996 1688 1072 peccatoribus,
1724 988 1875 1045 illicit
1914 997 2019 1043 ,eos

441 1090 531 1191 qui
559 1116 716 1171 rudes
753 1116 878 1165 sunt
905 1106 973 1160 ad
1011 1101 1230 1158 similia.
1280 1090 1640 1163 lntelligibilis
1686 1093 1867 1140 autem
1914 1093 2019 1133 nec

443 1170 559 1281 ipse
598 1210 875 1278 peccatum
916 1195 1064 1259 fecit,
1106 1205 1206 1247 nec
1256 1203 1358 1242 nos
1396 1183 1481 1239 vel
1511 1193 1702 1251 parum
1750 1170 2016 1245 neglexit;

1256 1279 1287 1281 η
1398 1276 1409 1281 -
1645 1270 1716 1281 -.
1798 1280 1801 1281 ν
1860 1261 1991 1281 μιν.

446 1261 536 1374 εἶσὶ
568 1261 689 1354 cum
723 1295 838 1365 lege
867 1288 1020 1344 nobis
1060 1279 1292 1339 naturali
1340 1276 1503 1333 etiam
1554 1270 1814 1338 scriptam
1850 1261 2018 1323 dedit,

446 1353 500 1450 ἐι
527 1405 632 1446 non
659 1387 775 1442 sine
806 1376 1131 1439 testimonio,
1158 1373 1297 1427 sicut
1319 1368 1395 1422 ait
1419 1361 1640 1425 Paulus,
1669 1353 2025 1421 semetipsum

448 1436 682 1549 reliquit.
736 1436 1127 1527 Verumtamen
1177 1460 1304 1530 quia
1354 1457 1473 1510 haec
1510 1450 1680 1520 ligura
1722 1436 2027 1511 coaptando

451 1663 633 1719 omnia
663 1641 912 1727 imaginis
940 1644 1280 1705 consumitur
1310 1638 1481 1701 color,

453 1764 537 1810 est
575 1708 873 1807 secundum
900 1739 1045 1812 quod
1073 1737 1293 1807 dignum
1323 1737 1408 1784 est
1454 1722 1671 1795 Christo
1709 1708 2036 1782 intelligibili

456 1835 1003 1900 sacerdoti-debemus
1031 1826 1295 1894 accipere.
1326 1819 1384 1874 Si
1416 1816 1561 1872 enim
1590 1809 1687 1865 Dei
1713 1800 2037 1875 longanimi-

459 1941 569 1987 tate
595 1942 703 1984 nou
740 1921 970 1980 volentis
1011 1891 1352 1987 peccatorem
1381 1904 1614 1977 perdere
1647 1898 1849 1953 abusus
1876 1891 2035 1947 fuerit

457 2020 599 2090 quis,
646 1982 874 2070 videtur
915 1982 1190 2064 illi—Deus
1237 1999 1517 2055 licentiam
1574 1992 1709 2047 dare
1754 1982 2038 2059 peccandi,

462 2072 683 2181 propter
708 2103 854 2176 quod
892 2098 1061 2155 Isaias
1103 2095 1184 2149 ait
1206 2111 1227 2146 ε
1261 2090 1437 2157 Quare
1488 2098 1670 2140 errare
1705 2095 1801 2134 nos
1849 2072 2043 2147 fecisti,

460 2199 705 2263 Domine,
732 2195 796 2249 de
817 2193 911 2248 viis
943 2189 1068 2254 tuis,
1092 2185 1353 2241 indurastt
1376 2195 1467 2234 cor
1491 2185 1728 2230 nostrum
1757 2187 1819 2224 ne
1848 2168 2045 2221 timere-

462 2305 578 2343 mus
624 2297 673 2341 te
698 2286 723 2339 ?
753 2281 889 2356 (Isa.
938 2276 1117 2348 unt.)
1167 2273 1419 2329 llabacuc
1467 2267 1632 2322 etiam
1673 2258 1874 2317 similia
1912 2269 2046 2325 quo-

469 2374 754 2432 dammodo
794 2369 1061 2441 queritur,
1090 2346 1265 2430 Quare
1290 2375 1394 2417 non
1427 2356 1638 2427 respicis
1675 2362 1832 2423 super
1873 2346 2049 2415 inique

468 2475 701 2537 agentes,
715 2473 760 2516 et
776 2435 934 2523 tdces,
954 2458 1230 2510 deuorant:
1254 2449 1413 2519 impio
1427 2445 1705 2516 justiorem
1728 2457 1802 2505 se,
1823 2447 1871 2491 et
1884 2435 2048 2504 [acies

469 2554 703 2610 homines
725 2549 875 2621 quasi
898 2547 1063 2618 pisces
1088 2542 1337 2604 maris,et
1363 2536 1514 2609 quasi
1530 2530 1709 2601 reptile
1734 2545 1839 2583 non
1854 2525 2048 2580 habens

472 2616 800 2716 principem?
823 2616 1050 2710 (Hahae.
1072 2632 1138 2704 ι.)
1162 2631 1362 2700 Aperte
1383 2640 1515 2697 ergo
1542 2622 1757 2678 videtur
1777 2616 2052 2687 legislator

479 2706 631 2791 illum
646 2706 989 2789 sacerdotem
1034 2719 1343 2793 signiﬁcare
1376 2717 1464 2773 cui
1496 2715 1700 2771 dictum
1730 2719 1814 2766 est
1846 2726 1858 2763 :
1892 2706 1971 2761 Tu
1998 2722 2052 2759 es

473 2825 717 2882 sacerdos
736 2824 791 2877 in
809 2831 1061 2877 aeternum
1080 2813 1368 2871 secundum
1387 2808 1621 2864 ordinem
1649 2799 2051 2864 Melchisedech,

474 2932 599 2975 eum
623 2914 717 2985 qui
742 2928 774 2967 a
799 2911 963 2966 Patre
984 2914 1178 2963 unctus
1200 2911 1304 2968 est,
1331 2901 1402 2957 ad
1426 2914 1587 2970 quem
1612 2894 1785 2951 David
1807 2890 2051 2949 dicebat:

479 3008 639 3065 Sedes
683 3016 797 3070 tua,
832 3002 997 3066 Deus,
1026 3000 1083 3053 in
1105 2994 1358 3053 sarculum
1388 2989 1590 3053 saeculi,
1624 2989 1771 3058 virga
1802 2994 1944 3040 recta
1979 2992 2055 3038 est

479 3101 622 3170 virga
644 3094 787 3166 regni
811 3093 909 3157 tui,
931 3087 1161 3170 dilexisti
1177 3083 1444 3156 justitiam
1464 3089 1512 3135 et
1531 3078 1687 3135 odisti
1705 3074 2053 3146 iniquitatem,

486 3156 760 3251 prapterea
796 3176 945 3228 unxit
974 3188 1021 3227 te
1053 3156 1191 3226 Dius
1218 3170 1355 3223 Deus
1390 3177 1511 3220 tuus
1569 3162 1740 3235 (Psal.
1768 3177 1881 3226 αι,
1937 3158 2053 3229 44).

492 3272 593 3326 ilic
606 3283 733 3337 ergo
750 3280 846 3333 pro
864 3263 1097 3333 peccatis
1117 3271 1230 3316 nost
1243 3260 1313 3313 ris
1330 3274 1430 3312 con
1441 3256 1714 3311 venit-nter
1724 3252 2052 3309 sacriﬁcium

485 3363 699 3428 obtulit,
727 3362 792 3416 de
811 3374 918 3431 quo
943 3355 1145 3412 Paulus
1184 3351 1427 3407 Hebrteis
1455 3348 1643 3405 scribit
1671 3366 1684 3402 :
1717 3345 1805 3401 Sic
1830 3353 1877 3399 et
1902 3342 2058 3398 Chri-

486 3473 596 3520 stus
622 3457 778 3516 semel
800 3456 1004 3510 oblatus
1028 3452 1096 3507 ad
1125 3448 1407 3505 multarunt
1437 3442 1798 3501 exhauriendo
1825 3449 2062 3513 peccata,

490 3549 719 3609 secundo
765 3549 877 3603 sine
908 3552 1116 3617 peccato
1146 3538 1415 3611 apparebit
1444 3534 1861 3608 exspectantibus
1909 3549 1963 3588 se
2008 3534 2065 3588 in

487 3642 710 3698 salutem
760 3635 947 3713 (Hebr.
987 3634 1089 3706 ts).
1126 3632 1327 3689 Oti‘eret
1360 3638 1543 3685 tamen
1593 3642 1653 3684 se
1698 3642 1796 3697 pro
1843 3634 2066 3697 peccato

488 3749 608 3798 suo,
640 3729 784 3786 LXX
838 3736 1017 3783 autem
1062 3724 1288 3789 addunt,
1317 3720 1457 3794 quod
1482 3720 1734 3793 peccavit.
1778 3717 2066 3773 Peccatum

490 3833 665 3879 autem
695 3821 832 3890 ejus,
882 3819 1022 3873 sicut
1056 3815 1148 3887 qui
1196 3813 1365 3869 semel
1419 3812 1548 3867 illud
1598 3812 1653 3866 in
1705 3824 1765 3865 se
1810 3808 2066 3877 suscepit,

492 3921 738 3969 nostrum
765 3917 1046 3981 peccatum
1072 3905 1298 3969 dicitur;
1325 3902 1467 3957 unde
1495 3909 1551 3956 et
1577 3898 1778 3954 Paulus
1805 3899 2019 3953 dicebat
2050 3913 2064 3948 :

495 4003 841 4057 Obsecramus
869 4013 961 4069 pro
1009 3994 1217 4052 Christo
1252 3990 1580 4047 reconciliari
1607 3989 1736 4053 Deo,
1765 3999 1813 4043 et
1852 3989 1941 4059 qui
1982 4004 2071 4041 ne-

494 4091 688 4147 sciebat
716 4097 1005 4161 peccatum,
1054 4092 1322 4156 peccatum
1376 4096 1469 4152 pro
1502 4079 1649 4133 nobis
1679 4079 1800 4148 fecit
1827 4076 1910 4149 (Il
1944 4074 2067 4130 Cor.

494 4186 570 4255 v).
620 4181 856 4238 Vitulum
884 4186 1065 4235 autem
1109 4173 1511 4231 immaculatum
1539 4170 1790 4235 Domino,
1821 4169 2073 4225 videlicet

495 4276 663 4340 Patri,
685 4272 876 4329 oﬂ’eret
896 4282 1116 4325 carnem
1137 4280 1324 4331 suam;
1352 4261 1756 4318 immaculatum
1779 4274 1925 4326 vero,
1949 4258 2074 4331 quia

495 4374 763 4432 peccatum
794 4377 897 4416 non
922 4358 1062 4430 fecit,
1088 4373 1181 4412 nec
1209 4355 1362 4411 dolus
1392 4354 1629 4410 inventus
1658 4360 1731 4407 est
1757 4352 1813 4406 in
1842 4366 1931 4405 ore
1959 4349 2074 4419 ejus

501 4452 553 4522 (I
598 4450 742 4506 Petr.
770 4449 855 4522 ιι).
888 4448 1103 4505 Vitulus
1133 4457 1315 4502 autem
1344 4454 1428 4500 est
1454 4444 1581 4515 quia
1609 4442 1663 4497 in
1694 4456 1855 4497 cruce
1880 4437 2077 4494 intelli-

498 4543 688 4615 gibiles
712 4550 926 4596 nostros
950 4539 1200 4594 inimicos
1221 4536 1519 4592 ventilavit.
1550 4533 1703 4601 Quod
1727 4542 1906 4587 autem
1929 4527 2073 4584 LXX

1094 443 1154 497 Β.
1190 435 1439 495 RABANI
1476 429 1688 487 Μωω
1724 417 2043 479 ARCHIEP.

2158 401 2414 464 OGUNT.
2456 392 2741 455 OPEBUM
2779 386 2961 446 PARS
2990 383 3036 439 ῐ.

1951 532 1993 601 )⁹
2034 534 2085 594 Α
2110 524 2177 579 ad
2215 514 2614 575 inhabitandam
2644 508 2780 582 (Isa.
2826 505 2937 577 XL).
2969 502 3163 557 Coram
3192 493 3428 551 Domino
3478 501 3686 556 autem,

2111 615 2237 685 quia
2280 607 2597 679 inspiciente
2646 601 2808 656 Patre
2835 588 3313 652 consummabatur
3345 582 3524 639 crucis
3564 595 3688 651 my—

2112 667 2439 766 steriutn,.in
2474 702 2685 750 tantum
2714 699 2774 745 ut
2812 687 2978 743 etiam
3003 676 3287 752 aspicienti
3322 674 3510 742 utique
3540 667 3696 725 Patri

3572 374 3681 431 επ

2932 777 2990 831 in
3014 787 3202 828 manus
3249 778 3368 823 tuas
3391 761 3698 821 commendo

2125 1129 2284 1223 terat,
2316 1156 2417 1211 nisi
2455 1151 2807 1220 semetipsum
2841 1147 2956 1216 ipse
2998 1142 3066 1196 ad
3095 1135 3411 1210 patiendum
3442 1129 3706 1187 tradidis-

2125 1260 2230 1312 set;
2260 1220 2480 1320 prepter
2505 1240 2650 1312 quod
2702 1251 2808 1291 non
2859 1233 3035 1290 solum
3093 1225 3350 1284 dicebat:
3388 1220 3713 1276 Potestatem

2126 1309 2289 1398 habeb
2333 1309 2557 1404 ponendi
2603 1332 2835 1386 animam
2866 1338 3055 1386 meam,
3110 1330 3157 1375 et
3199 1322 3499 1388 potestatem
3542 1309 3716 1364 habeo

2126 1435 2315 1487 iterum
2359 1424 2597 1481 sumendi
2636 1436 2750 1475 eam
2782 1417 2963 1487 (Joan.
3018 1412 3093 1485 Χ),
3124 1410 3220 1465 sed
3251 1415 3309 1462 et
3348 1402 3713 1476 praeveniens,

2137 1701 2294 1757 docet
2323 1672 2535 1751 Paulus
2566 1691 2633 1746 ad
2679 1689 2934 1744 Hebraeos
2961 1684 3150 1739 dicens
3180 1696 3195 1732 :
3229 1677 3467 1732 Christus
3491 1672 3724 1727 existens

2138 1787 2376 1862 pontifex
2429 1785 2731 1856 futurorum
2781 1778 3036 1832 bonorum
3065 1787 3158 1843 per
3198 1765 3424 1838 amplius
3463 1774 3511 1819 et
3549 1761 3729 1833 perfe-

2065 1888 2112 1948 B
2138 1850 2272 1933 ctius
2284 1850 2687 1931 tabernaculum
2706 1884 2808 1922 non
2832 1862 3220 1932 manufactum,
3243 1857 3298 1911 id
3320 1863 3418 1920 est,
3439 1869 3540 1907 non
3560 1850 3730 1920 hujus

2145 1969 2444 2032 creationis,
2488 1981 2580 2019 nec
2630 1977 2722 2034 per
2766 1956 3079 2028 sanguinem
3120 1960 3392 2004 taurorum
3442 1953 3491 1997 et
3530 1940 3733 1996 uitulo-

2144 2078 2286 2126 rum,
2316 2058 2406 2113 sed
2448 2072 2540 2127 per
2570 2051 2839 2125 proprium
2868 2044 3175 2116 sanguinem
3216 2037 3447 2093 introivit
3484 2031 3641 2088 semel
3668 2031 3735 2085 in

2142 2122 2344 2213 sancta,
2387 2122 2584 2203 (eterna
2635 2139 2985 2209 redemptione
3036 2133 3245 2188 inventa
3282 2126 3442 2199 (Heb.
3508 2125 3608 2194 rx).
3657 2122 3738 2176 Et

2146 2256 2336 2301 rursus
2369 2258 2382 2295 :
2413 2237 2595 2309 Neque
2636 2234 2774 2290 enim
2799 2234 2856 2286 in
2893 2224 3201 2295 manufacta
3243 2216 3425 2275 sancta
3462 2218 3740 2286 ingressus

2147 2345 2221 2390 est
2247 2333 2485 2389 Christus
2536 2328 2763 2397 formam
2803 2334 3064 2382 verorum,
3109 2313 3201 2368 sed
3249 2315 3304 2366 in
3338 2311 3507 2380 ipsum
3546 2305 3742 2360 caelum

2150 2426 2218 2480 ad
2253 2420 2629 2479 ostendendum
2674 2431 2730 2470 se
2779 2410 2944 2469 vultui
3002 2407 3095 2462 Dei
3137 2421 3232 2475 pro
3270 2401 3439 2456 nobis.
3474 2398 3571 2453 Hic
3601 2410 3744 2466 ergo

2151 2511 2559 2572 tabernaculum
2583 2503 2877 2563 testimonii
2901 2500 3119 2563 caelum,
3146 2497 3344 2567 quippe
3372 2492 3500 2563 quia
3524 2491 3576 2544 in
3617 2489 3745 2557 ipso

2152 2605 2400 2662 habitare
2452 2601 2620 2656 Deum
2657 2594 2935 2667 prophetae
2987 2587 3261 2648 testiﬁcati
3302 2591 3428 2638 sunt
3476 2579 3749 2649 intelliga-

2153 2709 2276 2750 mus
2306 2714 2318 2748 :
2350 2692 2455 2759 Qui
2476 2689 2677 2744 habitat
2701 2686 2757 2739 in
2782 2682 2945 2747 caelis,
2969 2679 3163 2749 inquit,
3192 2674 3428 2730 irridebit
3452 2688 3539 2727 eos
3561 2668 3745 2742 (Psal.

2154 2786 2241 2860 ιι),
2269 2793 2344 2850 et,
2385 2782 2553 2837 Nemo
2601 2775 2832 2833 ascendit
2881 2775 2938 2827 in
2991 2770 3175 2826 caelum
3221 2768 3322 2822 nisi
3348 2767 3438 2837 qui
3475 2764 3752 2818 descendit

2155 2853 2220 2931 de
2247 2873 2372 2929 caelo
2406 2871 2587 2946 (Joan.
2638 2866 2749 2939 ιιι),
2791 2862 3115 2946 Unigenitus
3156 2860 3223 2915 de
3263 2855 3555 2925 semetipso
3604 2853 3755 2909 dixit

2156 2942 2485 3024 hominibus.
2514 2960 2593 3016 Ibi
2615 2944 2929 3030 sanguinem
2961 2949 3280 3014 introduxit,
3303 2946 3431 3017 quia
3457 2942 3755 3000 cicatrices

2157 3069 2381 3130 portans
2425 3052 2762 3123 passionum,
2805 3062 2837 3100 a
2867 3042 3097 3099 mortuis
3151 3041 3473 3101 resurrexit,
3504 3034 3648 3088 unde
3692 3039 3757 3087 et

2162 3127 2318 3209 suum
2349 3163 2546 3219 corpus
2571 3143 2900 3216 palpandum
2936 3139 3157 3194 Thomas
3184 3133 3439 3206 pmbuit,
3470 3137 3634 3200 atque
3670 3127 3758 3183 ita

2085 3241 2130 3304 C
2162 3246 2215 3302 in
2244 3244 2412 3300 caelos
2438 3239 2700 3296 ascendit.
2729 3235 2971 3290 Probant
3004 3238 3188 3285 autem
3231 3223 3513 3294 sequentia
3542 3239 3555 3274 :
3585 3219 3760 3274 Cum-

2159 3353 2258 3410 que
2277 3332 2549 3389 intinxerit
2576 3329 2797 3399 digitum
2825 3326 2881 3378 in
2920 3321 3197 3392 sanguine,
3225 3323 3458 3387 asperget
3492 3311 3556 3366 de
3582 3327 3643 3365 eo
3669 3326 3762 3363 se-

2160 3428 2291 3500 pties
2318 3438 2496 3479 coram
2534 3419 2761 3474 Domino
2805 3422 2989 3468 contra
3016 3408 3185 3464 velum
3215 3402 3527 3460 sanctuarii.
3562 3399 3761 3457 Multis

2161 3515 2473 3574 nominibus
2504 3522 2722 3566 carnem
2752 3503 2968 3560 Domini
3006 3498 3261 3570 appellat,
3312 3494 3440 3564 quia
3469 3499 3527 3547 et
3551 3488 3763 3545 multas

2164 3605 2507 3678 operationes
2554 3597 2820 3670 implevit,
2851 3594 2993 3649 unde
3022 3600 3079 3646 et
3118 3590 3235 3660 ipse
3287 3585 3548 3640 Dominus
3589 3581 3763 3636 modo

2166 3696 2383 3769 quidem
2439 3690 2789 3759 semetipsum
2861 3680 3211 3749 sacri/icium,
3276 3676 3435 3731 modo
3486 3682 3756 3744 pastorem

2169 3788 2321 3862 (Luc.
2343 3786 2442 3856 ιι).
2472 3782 2675 3837 Deinde
2697 3792 2886 3834 rursus
2899 3775 3133 3839 vitem,et
3146 3784 3333 3842 panem
3359 3767 3502 3831 vitm,
3529 3779 3763 3835 granum

2168 3881 2328 3936 tritici
2373 3854 2555 3951 (loan.
2598 3889 2687 3938 xv,
2718 3886 2794 3936 v1,
2827 3867 2950 3939 xu),
2992 3872 3297 3936 Opportune
3341 3854 3764 3928 dispensatoriis

2168 3975 2352 4030 verbis
2407 3969 2625 4026 varians
2680 3979 2808 4019 suas
2861 3958 3257 4032 appellationes
3315 3948 3634 4007 nominavit.
3689 3946 3765 4001 Et

2171 4079 2317 4122 nunc
2357 4077 2488 4133 ergo
2532 4059 2714 4115 velum
2741 4055 2858 4125 ejus
2883 4066 3102 4108 carnem
3129 4045 3451 4119 appellavit;
3508 4041 3766 4097 dubitare

2172 4156 2316 4211 enim
2345 4154 2449 4209 hoc
2489 4166 2596 4205 non
2644 4135 2952 4220 possumus,
2997 4141 3164 4196 Paulo
3205 4139 3274 4193 ad
3321 4134 3765 4206 explanationem

2174 4249 2334 4320 hujus
2362 4243 2605 4318 mysterii
2632 4242 2851 4297 dicente
2900 4256 2915 4293 :
2957 4232 3460 4304 Habentes.fratres,
3485 4226 3762 4296 conﬁden—

2174 4340 2303 4395 tiam
2350 4315 2729 4391 invintroitum
2773 4338 3078 4386 sanctorum
3126 4325 3182 4379 in
3224 4321 3482 4393 sanguine
3537 4315 3761 4382 Christi,

2175 4444 2331 4503 quant
2379 4425 2607 4483 initiavit
2658 4423 2806 4478 nobis
2856 4421 2992 4476 viam
3046 4431 3258 4481 novam,
3290 4424 3337 4469 et
3382 4414 3635 4467 viventem
3669 4426 3767 4481 per

2177 4521 2432 4586 velamen,
2459 4519 2513 4572 id
2534 4526 2632 4582 est,
2658 4530 2868 4570 carnem
2889 4528 3065 4577 suam,
3094 4518 3142 4564 et
3164 4505 3488 4563 sacerdotem
3512 4517 3764 4573 magnum

502 4590 687 4615 ο--ι--η
712 4590 922 4596 mw"
1180 4590 1194 4593 -
1235 4590 1241 4591 κ
1268 4590 1279 4592 τ
1560 4590 1597 4601 ..

502 4631 716 4686 vitulum
756 4630 821 4684 de
863 4630 1020 4684 bobus
1067 4628 1270 4700 legunt,
1301 4626 1424 4681 ideo
1466 4624 1829 4693 intelligemus
1872 4623 2073 4675 dictum
2099 4595 2232 4667 Din
2276 4612 2490 4665 domum
2515 4607 2612 4662 Dei
2643 4608 2964 4661 introeamus
2987 4617 3104 4656 cum
3123 4614 3257 4671 puro
3280 4595 3437 4650 corde
3461 4595 3517 4647 in
3545 4590 3768 4660 satisfa-

502 4723 569 4778 de
610 4720 804 4785 bobus,
851 4719 979 4790 quia
1008 4718 1301 4774 secundum
1327 4729 1548 4770 carnem
1588 4729 1656 4768 ex
1684 4713 1929 4783 patribus
1974 4709 2077 4765 fuit

504 4814 594 4884 qui
640 4813 705 4867 de
730 4811 889 4882 Legis
916 4810 1238 4867 exstiterant
1258 4803 1468 4875 iustitia
1494 4802 1734 4875 gloriosi.
1770 4801 1871 4856 Ubi
1895 4809 2077 4855 autem

504 4905 697 4961 oll‘eret
749 4903 999 4968 vitulum,
1031 4900 1083 4956 id
1105 4907 1208 4965 est,
1244 4911 1465 4953 carnem
1505 4894 1698 4951 suam?
1748 4892 1831 4948 Ad
1878 4892 2076 4947 ostium

508 4992 841 5051 tabernaculi
890 4989 1183 5046 testimonii
1231 5003 1414 5043 coram
1468 4985 1717 5051 Domino,
1766 4984 1835 5039 ad
1877 4983 2079 5038 ostium

511 5088 729 5161 quidem
773 5093 833 5140 ut
860 5080 1185 5140 sacriﬁcium
1215 5078 1416 5135 Christi
1465 5076 1763 5132 secundum
1806 5074 2083 5130 doctrinas

505 5191 562 5237 et
613 5179 929 5235 traditiones
976 5173 1341 5244 apostolorum
1367 5166 1573 5230 factum
1617 5169 1786 5225 fuisse
1814 5167 2076 5239 intelliga-

510 5287 653 5338 mus,
676 5271 775 5325 bas
799 5268 944 5322 enim
973 5278 1093 5320 esse
1134 5265 1273 5321 ostia
1305 5262 1632 5320 tabernaculi
1663 5258 1959 5316 testimonii
1987 5274 2079 5314 su-

511 5364 695 5436 perius
746 5358 1102 5421 ostendimus,
1150 5364 1211 5410 ut
1261 5363 1388 5424 pote
1440 5354 1508 5409 ad
1554 5352 1749 5407 coelum
1801 5349 2083 5405 introitum

513 5453 829 5526 pnebentia,
857 5448 1001 5520 quod
1028 5446 1435 5502 tabernaculum
1464 5454 1548 5526 est
1586 5442 1899 5507 testimonii,
1926 5441 2083 5495 babi-

513 5557 630 5601 tare
675 5546 819 5601 enim
858 5542 947 5598 hic
999 5541 1050 5594 in
1106 5521 1478 5594 tabernaculo
1518 5535 1809 5591 testimonii
1866 5533 2090 5588 docetur

517 5647 681 5707 atque
736 5637 1012 5707 probatur.
1064 5630 1237 5686 liabet
1284 5630 1427 5684 enim
1475 5628 1641 5684 Isaias
1687 5625 2085 5697 apertissimum

516 5728 812 5781 testimonii
850 5724 1224 5794 probationem
1264 5721 1451 5776 dicens
1498 5737 1511 5774 :
1558 5718 1662 5784 Qui
1690 5717 1918 5772 extendit
1952 5715 2087 5769 velut

518 5813 736 5868 nilulum
781 5815 951 5879 caelos,
981 5823 1027 5868 et
1069 5811 1316 5884 expandit
1367 5826 1454 5865 eos
1511 5809 1644 5863 sicut
1688 5804 2083 5869 tabernaculum

2180 4705 2349 4759 ctione
2385 4702 2510 4774 ﬁdei
2536 4698 2723 4773 (Hebr.
2754 4696 2835 4769 ι),
2866 4702 3153 4766 pr0pterca
3184 4699 3239 4746 et
3264 4686 3556 4744 sanctuarii
3581 4683 3767 4740 velum

2182 4795 2509 4866 appellatum
2530 4799 2634 4856 est,
2659 4789 2884 4859 figuram
2906 4786 3102 4856 quippe
3129 4782 3311 4838 carnis
3337 4778 3524 4835 Sancti
3546 4784 3769 4832 sancto-

2183 4865 2302 4941 rum
2325 4884 2563 4953 gerebat.
2592 4880 2729 4947 Quia
2756 4892 2885 4949 ergo
2912 4875 3111 4947 digitus
3142 4872 3236 4927 Dei
3267 4871 3441 4926 virtus
3478 4866 3596 4936 ejus
3624 4865 3767 4920 dici-

2185 4988 2291 5043 tur,
2326 4976 2711 5032 convenienter
2735 4971 2966 5042 digitum
3008 4969 3064 5023 in
3087 4965 3401 5037 sanguinem
3432 4961 3672 5032 intingit,
3707 4965 3769 5013 ut

2184 5069 2501 5127 ostendatur
2541 5069 2668 5136 quia
2715 5064 2995 5135 passiones
3025 5062 3208 5117 carnis
3234 5056 3529 5113 Dominicaa
3558 5054 3766 5109 virtute

2186 5160 2484 5218 divinitatis
2532 5167 2667 5213 acta:
2693 5164 2839 5211 sunt.
2866 5154 3004 5209 Nam
3044 5151 3313 5223 quomodo
3339 5152 3594 5219 poterant
3639 5143 3771 5198 talia

2190 5264 2319 5308 tunc
2342 5251 2482 5315 tieri,
2512 5250 2563 5304 id
2593 5257 2697 5313 est,
2723 5246 2853 5303 solis
2877 5260 3144 5308 recessus,
3180 5248 3539 5302 terrmmotus,
3573 5235 3774 5292 scissio

2186 5355 2486 5418 petrarum,
2541 5351 2595 5396 et
2636 5339 2868 5397 similia?
2908 5337 3009 5392 llic
3046 5351 3176 5406 ergo
3223 5334 3421 5388 virtute
3466 5328 3777 5385 divinitatis

2189 5437 2498 5508 passionem
2540 5431 2866 5502 suscipiens,
2906 5427 3140 5498 aspersit
3180 5424 3397 5495 quidem
3443 5436 3600 5477 suam
3650 5435 3781 5475 car-

2190 5545 2347 5595 nem;
2382 5527 2615 5599 aspersit
2640 5533 2820 5578 autem
2871 5522 3095 5592 septies,
3138 5519 3266 5589 quia
3306 5531 3408 5586 pro
3447 5511 3777 5568 remissione

2191 5624 2294 5678 hoc
2320 5627 2687 5691 peccatorum,
2716 5622 2770 5667 et
2790 5628 2888 5682 pro
2908 5606 3367 5672 subministrando
3393 5603 3547 5659 nobis
3578 5609 3780 5656 sancto

2193 5714 2398 5784 Spiritu
2444 5710 2593 5773 fecit,
2643 5715 2932 5776 utrumque
2963 5706 3107 5761 enim
3156 5700 3449 5774 prtedictus
3486 5694 3780 5764 designare

2193 5800 2470 5860 consuevit
2498 5813 2771 5854 numerus.
2818 5796 2954 5863 Quia
2980 5803 3159 5849 autem
3200 5792 3523 5863 sanguinem
3554 5791 3779 5857 oportet
