3954 6176
285 168 395 233 273

1213 177 1708 235 EXI’OSITIONES
1747 178 1814 234 IN
1857 177 2254 236 LEVITICUM.
2295 211 2366 222 —-—
2401 181 2531 237 LIB.
2567 181 2608 236 ῐ.

3442 185 3548 239 278

282 313 385 354 nos
423 297 479 351 in
506 297 758 368 passione
781 295 896 365 ejus
932 298 1201 369 accipere,
1251 302 1486 372 probant
1510 300 1668 355 Pilati
1691 308 1748 356 et
1775 298 1869 355 Ju—
1896 296 1948 356 Α
1971 296 2132 354 liceat
2189 298 2391 353 Christi
2435 298 2761 354 sacriﬁcium
2812 298 3036 366 imitari,
3068 300 3120 356 id
3157 309 3261 367 est,
3313 310 3421 358 tam
3462 302 3549 360 his

283 389 529 442 dazorum
583 389 785 453 turbae;
837 389 963 444 dum
1009 393 1154 447 enim
1185 394 1492 450 traderetur
1533 396 1705 459 cruci,
1755 394 1869 465 ipse

283 479 508 546 quidem
557 480 830 535 clamabat
875 498 887 533 ε
944 481 1177 538 Mundus
1228 502 1344 539 sum
1381 502 1413 539 a
1450 486 1703 556 sanguine
1734 485 1870 555 justi

280 569 445 640 hujus
473 568 694 640 (Matth.
727 569 923 643 XXVII).
952 571 1036 627 Illi
1057 584 1236 628 autem
1265 591 1277 628 :
1314 574 1543 645 Sanguis
1570 575 1684 645 ejus
1714 590 1871 644 super

281 676 376 714 nos
400 670 449 714 et
476 677 636 731 super
677 660 819 729 ﬁlios
859 672 1065 718 nostros
1098 663 1308 737 (Ibid.).
1341 666 1511 735 Hujus
1540 666 1870 737 aspersionis

280 761 336 807 et
372 752 573 807 Petrus
611 754 666 808 in
702 754 968 811 catholica
998 756 1226 827 epistola
1268 758 1536 823 meminit,
1574 757 1870 827 apostolum

280 860 339 899 se
393 845 682 900 nominans
728 846 1015 901 secundum
1050 849 1431 918 prtrscientiam
1476 849 1571 904 Dei
1593 848 1775 905 Patris
1814 851 1870 904 in

278 935 696 1004 sanctiﬁcatione
725 935 962 1006 spiritus,
998 937 1052 991 in
1071 938 1415 993 obedientiam
1440 950 1487 994 et
1517 941 1870 1010 aspersionem

276 1027 556 1097 sanguinis
578 1026 703 1081 Jesu
730 1025 927 1082 Christi
950 1027 1002 1098 (1
1025 1027 1172 1083 Petr.
1205 1032 1269 1099 ι).
1302 1029 1571 1102 Ponetque
1599 1031 1665 1085 de
1687 1031 1868 1085 eodem

275 1118 537 1187 sanguine
567 1134 727 1187 super
756 1134 959 1171 cornua
981 1117 1169 1172 altaris
1197 1119 1557 1190 thymiamatis
1581 1121 1869 1189 gratissimi

276 1206 531 1271 Domino,
560 1208 700 1277 quod
746 1217 821 1261 est
850 1209 905 1261 in
930 1208 1272 1263 tabernaculo
1310 1210 1615 1264 testimonii.
1649 1210 1748 1266 Hic
1792 1210 1870 1265 al-

277 1309 399 1354 tare
429 1300 612 1354 sedem
651 1299 769 1365 Dei,
812 1302 915 1356 hoc
936 1309 1019 1355 est
1046 1301 1345 1367 cherubim,
1388 1302 1687 1373 signiﬁcat;
1724 1303 1868 1372 quod

275 1390 424 1445 enim
457 1399 585 1445 sunt
611 1391 785 1446 altare
815 1392 980 1447 Isaias
1017 1407 1115 1463 per
1156 1393 1423 1448 visionem
1464 1394 1736 1464 seraphin:
1760 1409 1869 1448 ma-

279 1478 587 1546 nifestavit,
618 1480 697 1536 ait
721 1482 863 1536 enim
890 1499 904 1535 :
931 1481 997 1535 Et
1025 1481 1212 1537 volavit
1250 1485 1319 1537 ad
1357 1501 1439 1538 me
1468 1501 1604 1539 unus
1629 1486 1694 1539 de
1716 1502 1865 1539 sera-

271 1571 444 1640 phim,
476 1573 601 1626 etin
642 1589 804 1626 manu
843 1572 956 1642 ejus
1000 1572 1236 1629 calculus
1258 1592 1409 1647 quem
1452 1575 1647 1647 forcipe
1674 1576 1867 1630 tulerat

276 1668 342 1716 de
362 1662 526 1715 altari
550 1661 685 1733 (lsa.
717 1660 815 1733 vr).
840 1662 1156 1734 Thymiama
1199 1676 1381 1720 autem
1420 1666 1562 1721 sicut
1602 1665 1745 1721 LXX
1773 1666 1858 1721 di—

274 1760 410 1806 euut
433 1754 872 1823 compositiones,
905 1756 1351 1825 compositionem
1372 1758 1613 1813 omnium
1639 1759 1781 1813 sicut
1806 1760 1860 1813 in

270 1843 632 1913 thymiamate
661 1846 921 1901 virtutum
948 1845 1082 1901 dicit
1113 1865 1127 1901 :
1174 1848 1301 1918 quia
1349 1855 1476 1903 sunt
1522 1848 1860 1920 intelligibile

276 1937 601 2006 thymiama,
644 1938 735 1992 ubi
764 1939 962 2009 quippe
1014 1939 1168 1995 decet
1203 1942 1450 2006 virtutes,
1480 1942 1585 1997 nisi
1628 1942 1683 1997 in
1732 1943 1861 1997 sede

275 2029 374 2083 Dei
406 2044 527 2083 esse
572 2031 901 2099 compositas
935 2049 947 2084 :
979 2031 1032 2085 in
1063 2032 1258 2101 quibus
1289 2042 1346 2087 et
1387 2034 1432 2087 si
1466 2033 1518 2087 in
1556 2041 1700 2088 terra
1730 2049 1861 2089 con-

270 2119 512 2175 versatio
552 2130 656 2186 est,
696 2122 762 2176 de
810 2122 950 2177 casio
977 2132 1157 2177 tamen
1203 2123 1573 2190 descendunt,
1625 2127 1767 2181 unde
1806 2134 1860 2181 et

267 2210 475 2266 Paulus
531 2212 599 2267 de
641 2213 727 2267 his
767 2213 858 2283 qui
924 2214 978 2268 in
1040 2215 1336 2269 virtutibus
1397 2217 1861 2271 conversabantur

269 2303 411 2357 dixit
438 2321 451 2353 :
490 2302 687 2358 Nostra
715 2314 889 2359 autem
921 2308 1245 2361 conversatio
1290 2308 1343 2360 in
1368 2307 1508 2362 caelis
1537 2318 1610 2362 est
1634 2306 1856 2379 (Philip.

268 2391 380 2465 tu).
410 2391 646 2449 Iacobus
669 2410 799 2449 vero
827 2395 940 2449 ait:
974 2396 1106 2462 Quae
1146 2407 1321 2451 autem
1350 2398 1626 2454 desursum
1660 2408 1737 2454 est
1767 2416 1859 2453 sa-

264 2483 491 2552 pientia,
540 2485 770 2554 primum
818 2487 1024 2556 quidem
1070 2487 1290 2558 benigna
1320 2498 1397 2542 est
1446 2489 1589 2560 (Jac.
1619 2488 1724 2560 tu).
1761 2488 1857 2544 Sa-

266 2574 532 2645 pientiam
579 2575 766 2631 dicens
800 2593 960 2631 uuam
987 2576 1055 2632 de
1102 2578 1441 2646 generalibus
1487 2594 1610 2634 esse
1644 2580 1862 2634 virtuti-

264 2667 393 2720 bus.
433 2666 564 2721 Post
592 2666 731 2721 hanc
750 2667 893 2721 enim
927 2665 1210 2733 fortitudo,
1246 2677 1302 2724 et
1326 2668 1563 2737 justitia,
1590 2676 1651 2723 et
1674 2670 1858 2725 chari-

266 2765 375 2820 tas,
404 2757 578 2812 multo
620 2758 794 2829 magis
835 2765 891 2813 et
932 2767 1145 2814 cetera:
1191 2775 1315 2813 cum
1363 2761 1465 2815 hac
1513 2761 1856 2827 ordinantur,

263 2864 387 2918 quae
412 2848 542 2903 dum
570 2856 697 2903 sunt
722 2857 977 2918 quatuor,
1003 2857 1063 2903 ut
1088 2848 1346 2914 arbitror,
1372 2850 1705 2905 excellenter
1734 2865 1856 2905 cor-

262 2955 373 2994 nua
405 2938 652 3009 prtedicti
691 2938 902 3003 altaris,
934 2939 1057 3008 quia
1090 2954 1289 3008 genera
1329 2948 1458 2994 sunt
1483 2940 1713 2994 aliarum
1744 2940 1853 2994 vir-

262 3039 444 3086 tutum
513 3030 922 3095 convenienter,
988 3030 1357 3084 nominantur.
1410 3029 1503 3084 Ait
1557 3039 1738 3085 autem
1798 3039 1855 3085 et

256 3120 435 3176 Isaias
471 3139 484 3175 :
514 3120 898 3175 Misericordia:
925 3120 1137 3175 Domini
1163 3121 1498 3175 memorabor
1518 3121 1853 3177 reminiscens

259 3215 520 3267 rirtutum
549 3213 684 3283 ejus.
712 3212 825 3267 llas
854 3213 1114 3267 Dominus
1144 3213 1295 3283 ungit
1318 3213 1540 3282 proprio
1568 3214 1851 3284 sanguine,

259 3305 524 3359 virtutem
552 3305 633 3359 eis
660 3313 925 3374 praestans
954 3303 1217 3373 majorem
1243 3303 1754 3376 perfectioremque,
1796 3315 1856 3362 ιιι

259 3404 457 3451 contra
469 3395 905 3451 adversariorum
922 3395 1068 3450 vires
1080 3395 1376 3466 praevalere
1388 3397 1534 3467 possi
1543 3398 1722 3452 ιιι.οω
1730 3414 1853 3453 nem

188 3482 189 3485 “
261 3487 535 3557 reliquum
589 3487 909 3557 sanguinem
958 3486 1112 3541 vituli
1152 3485 1301 3542 fundi
1333 3488 1477 3543 circa
1505 3488 1679 3543 basim
1714 3490 1852 3545 alta-

260 3578 345 3634 ris
394 3577 721 3643 bolocausti,
773 3580 919 3649 quod
965 3579 1133 3634 estin
1165 3581 1517 3636 tabernaculo
1559 3584 1851 3639 testimonii

260 3671 545 3742 praecepit.
610 3669 797 3726 Altare
863 3672 1346 3729 holocaustomatis
1412 3691 1603 3732 rursus
1649 3675 1853 3732 Christi

261 3781 469 3835 corpus
516 3763 901 3835 intelligamus.
956 3764 1109 3820 Sicut
1152 3765 1296 3820 enim
1340 3766 1455 3836 ipse
1511 3768 1765 3841 sacerdos
1802 3776 1856 3823 et

260 3853 596 3909 sacriﬁcium
628 3861 732 3918 est,
763 3853 843 3908 sic
870 3862 926 3908 et
951 3854 1122 3908 altare
1144 3862 1257 3920 est;
1288 3855 1333 3910 si
1365 3863 1547 3912 autem
1594 3857 1646 3911 iu
1671 3857 1854 3914 multis

259 3945 577 4002 nouiinibus
630 3961 797 4000 unum
860 3953 946 4000 est
995 3944 1139 4016 quod
1192 3945 1549 4017 signiﬁcatur,
1616 3949 1852 4005 diximus

261 4038 467 4107 quippe
495 4051 619 4091 eum
647 4045 902 4107 oportere
932 4037 1157 4107 intelligi
1184 4038 1349 4093 etiam
1379 4039 1579 4107 velum,
1611 4041 1745 4097 nihil
1768 4050 1854 4101 cst

260 4128 409 4198 quod
440 4144 507 4182 ex
553 4127 656 4182 hoc
683 4128 857 4196 possit
884 4128 1182 4194 obsistere;
1221 4131 1347 4185 dum
1369 4132 1511 4186 enim
1535 4134 1717 4188 multae
1744 4134 1853 4190 sint

262 4220 319 4274 in
351 4219 472 4289 ipso
514 4219 881 4289 operationes,
913 4220 1301 4276 convenienter
1325 4223 1488 4277 etiam
1530 4224 1697 4279 multa
1727 4232 1851 4279 sunt

1972 385 2065 457 qui
2101 384 2374 441 inferioris
2393 395 2520 442 sunt
2546 387 2998 450 conversationis,
3023 389 3105 444 eis
3131 390 3327 460 quippe
3348 406 3547 447 eouve‘

1970 478 2088 532 nire
2110 476 2461 546 paciﬁcorum
2509 477 2748 533 diximus
2786 478 3132 544 sacriﬁcium,
3168 496 3329 550 quam
3355 481 3547 538 altiora

1969 566 2325 635 sapientibus,
2353 566 2553 637 quibus
2582 567 2785 622 imitari
2815 567 3030 633 suﬁicit,
3062 585 3184 639 qua:
3211 579 3510 639 sequuntur
3528 588 3548 628 :

1972 657 2169 713 Pellem
2195 675 2314 713 vero
2352 667 2400 714 et
2423 675 2599 715 omnes
2621 676 2805 714 carnes
2833 677 2952 714 cum
2991 662 3160 732 capite
3179 671 3228 717 et
3264 662 3478 733 pedibus
3497 678 3547 720 et

1970 749 2252 815 intestinis,
2301 760 2350 804 et
2396 751 2522 820 [imo
2581 760 2630 806 et
2671 750 2870 823 reliquo
2917 769 3135 824 corpore
3175 754 3353 824 e/feret
3399 765 3549 811 extra

1969 849 2166 894 castra.
2197 839 2349 907 Quod
2372 842 2632 912 praecepit
2651 850 2713 897 ut
2735 858 2842 898 non
2868 842 3145 899 Christum
3182 843 3411 911 dividas,
3442 846 3550 901 sic-

1970 938 2029 985 ut
2068 932 2290 1002 quidam
2317 932 2565 988 dividunt
2603 932 2855 989 dicentes
2882 951 2895 987 :
2926 934 2989 989 Is
3018 935 3111 1005 qui
3150 935 3217 991 de
3246 935 3414 991 Maria
3440 943 3550 1004 est,

1969 1035 2162 1090 passus
2202 1031 2308 1087 est,
2339 1023 2430 1091 qui
2460 1031 2641 1079 autem
2663 1025 2729 1078 de
2757 1024 2866 1079 Deo
2889 1024 3052 1082 Patre
3090 1035 3193 1092 est,
3224 1042 3419 1096 passus
3441 1044 3551 1084 non

1968 1123 2073 1168 est.
2115 1114 2281 1171 Nobis
2306 1115 2452 1170 enim
2481 1132 2622 1171 unus
2664 1116 2926 1172 Dominus
2951 1115 3108 1173 Jesus
3151 1118 3420 1183 Christus,
3452 1135 3550 1189 per

1969 1221 2129 1275 quem
2159 1207 2361 1272 omnia,
2399 1211 2490 1277 qui
2523 1206 2676 1279 [Ms.,
2704 1208 2882 1280 quia],
2922 1210 3218 1266 secundum
3246 1212 3390 1280 quod
3409 1211 3551 1267 Pau-

1968 1295 2052 1350 lus
2090 1297 2227 1380 (ﬁxit
2251 1340 2266 1351 .
2295 1297 2430 1353 Cum
2461 1306 2521 1352 ut
2549 1299 2712 1353 homo
2751 1300 3314 1369 pateretur,miracula
3366 1309 3546 1358 tamen

1968 1384 2023 1440 in
2068 1386 2411 1457 passionibus
2441 1389 2770 1457 operabatur
2804 1398 2865 1444 ut
2898 1389 3041 1445 Deus
3068 1388 3255 1461 (Hebr.
3289 1386 3375 1463 ιι).
3405 1391 3548 1448 Caro

1968 1477 2113 1532 enim
2142 1478 2194 1532 in
2218 1478 2447 1533 Domino
2467 1478 2646 1534 omnis
2667 1479 2783 1550 ejus
2811 1479 3142 1542 humanitas,
3165 1481 3290 1550 quia
3326 1479 3545 1537 Verbum

1966 1584 2092 1622 caro
2140 1569 2341 1639 factum
2382 1578 2489 1636 estr
2513 1570 2743 1636 dicitur,
2788 1579 3011 1641 propter
3056 1571 3201 1641 quod
3227 1580 3289 1627 et
3325 1588 3546 1629 carnem

1890 1648 1935 1707 B
1962 1658 2079 1729 ejus
2102 1674 2221 1713 cum
2252 1660 2431 1730 capite
2471 1669 2529 1716 et
2564 1662 2790 1732 pedibus
2811 1662 2895 1716 vel
2922 1678 3046 1717 cum
3072 1663 3251 1732 capite
3287 1672 3344 1719 et
3370 1675 3545 1722 extre-

1964 1752 2089 1817 mis,
2116 1751 2367 1809 videlicet
2407 1753 2660 1823 pedibus,
2700 1753 2782 1809 sic
2801 1754 2948 1808 enim
2980 1755 3164 1809 caeteri
3188 1755 3545 1826 interpretum

1959 1841 2269 1908 ediderunt,
2286 1841 2452 1912 jussit
2482 1844 2695 1899 incendi
2723 1852 2783 1899 ut
2804 1859 2905 1915 per
2927 1845 3186 1915 praedicta
3203 1847 3392 1913 verba,
3421 1862 3547 1903 eum

1961 1934 2053 2003 qui
2094 1948 2195 2002 pro
2231 1934 2388 1988 nobis
2422 1949 2618 2003 passus
2643 1943 2727 1990 est
2767 1951 2887 1990 esse
2915 1952 2946 1989 a
2974 1936 3262 2007 principio,
3291 1945 3347 1993 et
3369 1938 3425 1993 in
3452 1956 3546 1994 no-

1959 2023 2199 2079 vissimis
2251 2024 2697 2095 intelligeremus,
2723 2026 2791 2081 de
2819 2042 2928 2096 quo
2971 2027 3042 2082 ait
3078 2027 3299 2094 Paulus,
3325 2032 3451 2101 quia
3488 2033 3545 2086 in

1956 2115 2071 2184 ipso
2095 2124 2270 2169 creata
2291 2125 2413 2171 sunt
2442 2117 2620 2171 omnia
2653 2134 2771 2188 qua:
2789 2118 2847 2174 in
2877 2121 3039 2183 caelis,
3067 2131 3117 2177 et
3152 2139 3272 2193 qum
3291 2123 3346 2176 in
3380 2131 3567 2186 terra,,

1959 2208 2187 2264 visibilia
2211 2220 2258 2264 et
2284 2210 2587 2265 invisibilia.
2630 2209 2750 2267 Sive
2778 2214 2972 2279 throni,
3005 2216 3111 2270 sive
3141 2216 3544 2278 dominationes,

1958 2301 2063 2355 sive
2085 2301 2433 2373 principatus,
2471 2304 2591 2357 sive
2609 2313 2912 2374 potestates.
2935 2307 3127 2363 Omnia
3154 2324 3252 2379 per
3272 2309 3473 2379 ipsum,
3495 2319 3545 2364 et

1958 2393 2014 2445 in
2057 2392 2169 2463 ipso
2196 2403 2373 2447 creata
2401 2405 2544 2459 sunt,
2571 2407 2617 2449 et
2646 2395 2755 2465 ipse
2790 2406 2865 2451 est
2897 2407 3019 2453 ante
3051 2401 3254 2465 omnia,
3283 2410 3332 2454 et
3369 2401 3547 2455 omnia

1961 2484 2013 2538 in
2046 2485 2160 2555 ipso
2184 2495 2446 2539 constant.
2478 2484 2545 2539 Et
2574 2487 2682 2556 ipse
2702 2497 2779 2541 est
2820 2500 2975 2559 caput
3012 2492 3246 2556 corporis
3272 2490 3544 2557 Ecclesite,

1959 2575 2052 2645 qui
2099 2586 2174 2629 est
2233 2576 2550 2646 principium
2604 2577 3044 2648 primogenitusa
3073 2580 3318 2646 mortuis,
3371 2589 3426 2633 ut
3478 2590 3546 2635 stt

1958 2667 2069 2737 ipse
2110 2667 2166 2720 in
2210 2668 2451 2721 omnibus
2509 2667 2798 2738 primatum
2852 2678 3033 2724 tenens
3085 2669 3283 2742 (Calas.
3339 2668 3403 2737 ι).
3460 2670 3546 2726 ln-

1959 2772 2123 2826 super
2163 2772 2285 2812 cum
2334 2758 2607 2814 intestinis
2651 2768 2707 2814 et
2749 2758 2910 2821 ﬁmo,
2962 2759 3080 2828 vel,
3120 2760 3263 2817 sicut
3315 2761 3547 2833 Septua-

1958 2851 2127 2919 ginta,
2161 2865 2283 2904 cum
2312 2859 2503 2905 ventre
2528 2861 2581 2905 et
2603 2860 2864 2916 stercore,
2896 2853 2993 2917 ait,
3016 2861 3077 2908 ut
3095 2854 3222 2923 quia
3246 2855 3444 2910 mentis
3465 2856 3548 2910 in-

1958 2941 2250 3011 telligihilis
2281 2950 2472 2997 venter
2500 2942 2725 3012 ﬁguram
2768 2945 2929 3015 gerit,
2965 2946 3105 3000 sicut
3151 2946 3204 3001 in
3254 2947 3541 3002 sacriﬁciis

1957 3032 2183 3086 aliorum
2225 3031 2662 3088 holocaustorum
2707 3034 3062 3098 ostendimus,
3104 3049 3171 3091 ex
3213 3051 3279 3092 eo
3307 3045 3544 3093 mentem

1957 3123 2213 3178 habuisse
2243 3129 2488 3178 nostram
2514 3138 2638 3177 eum
2664 3124 2754 3193 qui
2784 3140 2883 3194 pro
2910 3124 3067 3180 nobis
3096 3141 3286 3196 passus
3308 3135 3414 3192 est,
3444 3128 3547 3182 mi-

1957 3214 2102 3269 nime
2128 3214 2464 3284 ignoramus,
2493 3214 2637 3284 quod
2664 3216 2887 3285 quidam
2914 3216 3294 3272 haereticorum
3322 3227 3540 3290 negant.

1958 3306 2142 3361 Fimus
2167 3315 2347 3362 autem
2378 3316 2598 3378 peccata
2626 3308 2840 3377 generis
2871 3308 3090 3363 humani
3114 3310 3401 3381 signiﬁcat,
3424 3328 3544 3383 quae

1956 3398 2250 3453 cruciﬁxus
2278 3397 2333 3452 in
2377 3414 2435 3453 se
2468 3399 2736 3467 suscepit,
2782 3399 2899 3457 lure
2936 3401 3081 3456 enim
3126 3401 3286 3457 ﬁmus
3329 3401 3544 3459 Domini

1956 3489 2327 3545 verisimiliter
2356 3490 2632 3555 dicuntur,
2657 3490 2819 3546 ﬁmus
2838 3492 3037 3563 quippe
3063 3509 3186 3549 cum
3213 3493 3285 3549 sit
3311 3493 3546 3550 immun-

1956 3579 2079 3643 dus,
2105 3588 2384 3649 gerentem
2416 3595 2521 3634 non
2550 3579 2759 3650 polluit.
2793 3581 2978 3652 Neque
3000 3590 3208 3639 natura:
3235 3592 3435 3640 nostra:
3460 3595 3544 3641 cst

1956 3669 2204 3737 quamvis
2245 3669 2316 3723 sit
2361 3669 2416 3723 in
2448 3669 2626 3735 nobis,
2671 3670 2811 3726 sicut
2853 3679 2909 3727 et
2942 3683 3164 3742 peccata
3202 3684 3386 3732 nostra
3422 3692 3544 3746 quae

1956 3758 2191 3830 portavit
2242 3758 2523 3822 Dominus,
2549 3769 2602 3814 et
2641 3759 2815 3815 aliena
2849 3760 3063 3818 fuerunt
3100 3764 3168 3820 ab
3196 3780 3283 3832 eo,
3324 3773 3380 3821 et
3417 3782 3541 3822 eum

1956 3849 2264 3905 nullatenus
2293 3848 2620 3919 polluerunt,
2652 3853 3115 3920 permansitenim
3146 3855 3263 3911 sine
3295 3866 3538 3926 pet-cato.

1957 3940 2163 3995 Tutum
2198 3956 2328 4011 ergo
2364 3942 2609 4007 vitulum,
2639 3942 2692 3997 id
2727 3952 2833 4008 est,
2862 3952 3033 4001 totum
3063 3946 3357 4013 Christum,
3387 3957 3543 4004 extra

1957 4040 2139 4087 castra
2169 4031 2220 4085 in
2250 4031 2367 4086 loco
2390 4033 2750 4090 mundissimo
2780 4036 2873 4090 ubi
2901 4036 3103 4093 eﬁ‘undi
3134 4039 3347 4096 cineres
3367 4040 3546 4097 solent

1955 4121 2079 4189 ejici
2121 4122 2394 4193 legislator
2437 4122 2627 4192 jubet,
2669 4126 3009 4195 apertissime
3046 4128 3299 4183 sacriﬁcii
3337 4129 3542 4185 Christi

1956 4212 2132 4266 locum
2169 4211 2476 4282 signiﬁcare
2502 4213 2748 4278 studens,
2776 4222 2930 4269 extra
2962 4224 3141 4270 castra
3171 4217 3313 4271 enim
3349 4232 3540 4287 passus

261 4310 507 4365 nomina.
553 4309 689 4378 Quia
719 4318 900 4365 autem
946 4310 1280 4381 intelligibile
1320 4313 1492 4369 altare
1521 4330 1716 4386 corpus
1744 4315 1849 4372 Do-
1874 4334 1927 4392 D
1955 4314 2067 4369 οεῑν
2107 4306 2250 4374 τιυοά
2281 4313 2513 4359 “sum”
2545 4305 2764 4371 Paulus:
2794 4306 2979 4361 dicens
3016 4324 3030 4361 ³
3058 4306 3188 4362 “eo
3219 4317 3268 4361 εί
3297 4308 3457 4364 1⁸³⁸³
3483 4321 3540 4365 ηε

263 4399 422 4464 mini,
455 4409 511 4454 et
548 4400 739 4454 beatus
788 4399 988 4455 Paulus
1034 4401 1285 4473 intelligit
1336 4403 1452 4472 ipso
1486 4404 1699 4462 dicente
1749 4423 1845 4462 co-

260 4504 466 4560 gnosce
489 4506 505 4549 ;
530 4490 609 4544 ait
628 4489 773 4544 enim
804 4507 818 4544 :
853 4489 1122 4545 Habemus
1149 4490 1318 4545 altare
1353 4493 1419 4547 de
1440 4510 1542 4565 quo
1565 4494 1715 4549 edere
1744 4511 1848 4550 non

262 4583 454 4637 habent
484 4592 792 4653 potestatem
814 4582 869 4636 hi
894 4583 985 4654 qui
1021 4583 1358 4637 tabemaculo
1389 4584 1703 4651 deserviunt,
1727 4602 1850 4642 cor-

261 4689 367 4744 pus
397 4672 649 4728 videlicet
685 4671 907 4739 Christi,
950 4673 1016 4728 de
1039 4672 1130 4728 illo
1160 4673 1302 4728 enim
1346 4673 1545 4730 Iudaeis
1568 4677 1848 4733 comedere

261 4762 348 4816 fas
370 4777 476 4815 non
508 4768 612 4816 est.
637 4760 751 4816 [Ioc
773 4760 946 4816 altare
985 4762 1292 4816 necessarie
1327 4762 1380 4817 in
1414 4762 1636 4818 introitu:
1667 4767 1850 4822 taber-

262 4854 446 4911 naculi
493 4854 808 4919 testimonii,
864 4853 916 4908 id
946 4862 1031 4909 est
1074 4855 1126 4909 in
1175 4855 1401 4910 introitu
1444 4856 1707 4912 caelorum
1744 4868 1848 4925 est,

262 4945 390 5014 quia
428 4961 527 5015 per
573 4944 749 5015 ipsum
798 4943 1101 5016 ingressum
1131 4943 1395 5001 habemus
1435 4945 1490 5000 in
1535 4946 1709 5002 ctelis.
1742 4947 1850 5004 Sed

257 5036 370 5106 jam
411 5038 619 5108 reliqua
669 5037 925 5092 sacriﬁcii
972 5035 1131 5106 hujus
1168 5037 1558 5103 discutiamus;
1600 5056 1852 5109 quaecun-

261 5147 370 5202 que
396 5130 542 5184 enim
586 5130 640 5184 in
665 5129 935 5184 sacriﬁcio
961 5128 1312 5199 paciﬁcorum
1338 5145 1433 5199 seu
1460 5131 1683 5186 salutari
1711 5148 1851 5202 prae-

259 5223 433 5293 cepit,
456 5223 644 5279 eadem
676 5220 794 5277 ﬁeri
825 5222 989 5277 etiam
1036 5221 1090 5275 iu
1120 5222 1222 5276 hoc
1264 5222 1523 5293 praecepit
1554 5241 1567 5278 :
1597 5223 1732 5279 duos
1758 5238 1846 5278 re-

263 5316 533 5371 nuuculos
568 5312 963 5385 jubetauferri,
1001 5322 1057 5368 et
1084 5311 1369 5367 reticulum
1396 5314 1539 5383 quod
1578 5322 1663 5369 est
1690 5329 1852 5384 super

264 5422 361 5462 eos
389 5417 444 5463 et
477 5407 691 5476 adipem
713 5404 938 5474 jccoris,
963 5405 1106 5476 quod
1149 5404 1291 5458 LXX
1314 5406 1502 5470 edunt,
1556 5414 1606 5459 et
1634 5407 1850 5476 pinnam

266 5497 497 5567 lupatis,
525 5495 802 5557 etadoleri
825 5512 887 5551 ea
917 5510 1083 5564 super
1108 5495 1279 5549 altare
1300 5494 1845 5560 holocaustomatum,

268 5587 325 5643 in
354 5588 562 5644 duobus
593 5586 920 5656 sacriﬁcium
972 5586 1237 5655 dividens,
1293 5594 1559 5658 quatenus
1598 5586 1853 5651 omnibus

1952 4397 2305 4465 sancti/icaret
2338 4394 2535 4466 plebem
2577 4405 2726 4452 extra
2752 4407 2959 4466 portam
3004 4414 3190 4469 passus
3230 4409 3305 4454 est
3347 4399 3537 4472 (Hebr.

1955 4486 2098 4555 xm).
2131 4485 2263 4552 Quis
2295 4493 2474 4540 autem
2515 4486 2748 4540 mundus
2776 4494 2862 4541 est
2890 4487 3092 4543 cineris
3131 4488 3315 4544 locus?
3342 4490 3538 4563 Golgo-

1955 4578 2049 4632 tha
2076 4575 2348 4641 videlicet,
2382 4584 2438 4631 et
2465 4575 2518 4630 in
2550 4583 2756 4631 tantum
2785 4576 3040 4642 mundus,
3066 4586 3126 4633 ut
3153 4579 3412 4635 mundum
3455 4590 3540 4637 to-

1955 4674 2070 4721 tum
2099 4666 2216 4737 ipse
2259 4667 2583 4732 mundaret;
2631 4667 2832 4722 cineris
2875 4675 3056 4723 autem
3095 4676 3242 4724 recte
3270 4669 3421 4728 locus
3457 4672 3545 4728 di-

1956 4769 2075 4815 ctus
2102 4767 2205 4826 est,
2237 4761 2364 4830 quia
2394 4760 2447 4814 in
2478 4761 2599 4830 ipsa
2622 4760 2892 4815 exstincta
2920 4768 3048 4816 sunt
3071 4770 3294 4830 peccata
3319 4766 3537 4835 generis

1954 4853 2213 4917 humani,
2247 4853 2390 4907 unde
2432 4861 2488 4907 et
2528 4853 2759 4908 mundus
2798 4852 2951 4908 locus
2995 4853 3314 4923 appellatur.
3350 4854 3538 4911 Incen-

1952 4945 2174 5017 dentque
2219 4961 2281 4998 ea
2325 4960 2482 5014 super
2507 4954 2703 4998 struem
2742 4943 3041 5013 lignoruma
3058 4945 3228 5017 Ligna
3256 4954 3438 5002 autem
3478 4946 3533 5000 in

1952 5034 2094 5104 igne,
2121 5048 2309 5089 sacras
2346 5031 2661 5103 Scripturas
2689 5032 2951 5099 diximus;
2981 5048 3317 5104 quaecunque
3350 5041 3531 5088 autem

1952 5126 2007 5179 iu
2055 5123 2283 5179 Domino
2328 5131 2571 5192 tempore
2620 5123 2901 5194 passionis
2923 5132 3075 5195 gesta
3116 5132 3273 5188 sunt,
3318 5124 3388 5179 ad
3425 5123 3532 5177 im-

1952 5216 2145 5288 plenda
2186 5231 2249 5271 ea
2290 5231 2411 5286 quzc
2439 5216 2718 5286 prephetae
2748 5216 3001 5271 dixerunt
3029 5224 3157 5272 sunt
3189 5224 3363 5289 gesta,
3391 5211 3533 5283 quod

1952 5307 2264 5362 manifestat
2286 5306 2570 5371 Dominus,
2596 5306 2813 5377 quando
2837 5320 2868 5359 a
2889 5303 3088 5361 Judmis
3113 5304 3535 5374 comprehensus

1950 5409 2056 5466 est,
2080 5398 2263 5455 dicens
2286 5416 2300 5452 :
2331 5397 2603 5468 Tanquam
2622 5397 2690 5452 ad
2719 5396 2975 5451 latronem
2997 5396 3177 5451 existis
3202 5409 3316 5447 cum
3342 5391 3534 5463 gladiis

1953 5499 1999 5544 et
2033 5488 2257 5559 fustibus
2285 5488 2718 5559 comprehendere
2739 5504 2819 5542 me
2846 5503 2864 5542 :
2894 5486 3126 5557 quotidie
3154 5486 3207 5537 in
3234 5480 3422 5552 templo
3448 5500 3533 5538 se.

1954 5581 2135 5638 debent
2162 5581 2445 5651 docens,.et
2478 5597 2581 5637 non
2615 5596 2696 5636 me
2718 5578 2987 5637 tenuistis:
3009 5576 3104 5632 hoc
3136 5584 3310 5631 autem
3333 5576 3532 5649 factum
