3956 6176
433 204 535 258 273

1102 196 1161 250 Β.
1205 190 1453 249 RABAKI
1495 192 1712 249 MAURI
1751 191 2069 249 ARCHIEP.
2111 189 2429 270 MQGUNT.
2470 186 2756 244 OPERUM
2796 184 2977 242 PARS
3010 184 3051 241 l.

3571 180 3683 237 276

428 328 501 372 est
522 327 576 370 ut
593 308 973 383 complerentur
987 302 1270 378 Scriptura:
1289 306 1654 379 prophetarum
1671 304 1996 378 (Lucam).
2028 309 2077 369 Α
2108 304 2448 370 tradidisset,
2487 304 2542 358 in
2580 310 2789 357 tantum
2823 300 2901 355 uti
2941 298 3257 370 prmdiceret
3292 292 3492 351 Petro:
3525 293 3682 350 Mitte

428 409 493 463 Et
519 416 747 462 rursus:
775 404 929 459 Iesus
953 411 1125 456 autem
1156 401 1336 456 ridens
1368 400 1507 464 quod
1549 401 1724 453 mania
1759 412 2001 452 consum-

426 510 570 554 mata
624 506 821 561 essent,
868 504 923 549 ut
982 493 1281 565 impleretur
1331 490 1634 562 Scriptura,
1680 490 1834 556 dixit,
1865 489 2000 544 Sitio

426 591 612 664 (Joan.
635 589 772 661 xxx).
820 586 925 642 Sed
969 602 1091 641 cum
1119 599 1219 656 per
1262 584 1467 653 singula
1500 581 1669 654 ﬁgura
1708 582 2001 637 Dominieaa

426 683 695 756 passionis
730 687 1008 751 appareat,
1037 687 1217 732 tamen
1245 676 1457 746 planius
1484 674 1761 745 lcgislatur
1790 673 2002 728 videtur

426 777 532 832 boc
577 764 633 828 in
675 770 1021 842 sequentibus
1057 768 1289 838 ﬁgurare
1330 759 1664 836 mysterium.
1721 762 1871 835 (ειν.
1900 761 1999 833 iv.)

430 866 584 934 Quod
612 866 657 920 si
697 862 863 919 omnis
899 861 1053 915 turba
1085 859 1254 915 Israel
1286 858 1620 930 ignoraverit,
1645 867 1693 911 et
1724 874 1816 927 per
1842 857 2003 925 impc-

428 958 607 1011 ritiam
647 953 821 1025 fecerit
855 951 995 1022 quod
1024 961 1205 1004 contra
1239 950 1546 1003 mandatum
1578 949 1792 1002 Domini
1824 957 1920 1012 est,
1951 958 2000 1001 et

428 1059 605 1119 postea
632 1044 945 1101 intellexerit
971 1050 1237 1112 peccatum
1257 1058 1427 1104 suum,
1458 1042 1635 1111 offeret
1663 1040 1880 1094 vitulum
1906 1057 2001 1112 pro

427 1148 658 1213 peccato,
701 1137 1023 1209 adducetque
1065 1153 1183 1189 eum
1223 1136 1294 1189 ad
1335 1135 1524 1188 ostium
1565 1134 1919 1199 tabernaculi,
1954 1143 2002 1188 et

426 1239 615 1284 nonent
642 1229 869 1283 seniores
899 1225 1076 1297 populi
1104 1241 1292 1279 manus
1318 1240 1476 1294 super
1504 1234 1655 1294 caput
1685 1225 1802 1295 ejus
1826 1238 2003 1278 coram

428 1319 674 1382 Domino,
720 1316 1089 1387 immolatoque
1131 1314 1293 1369 vitulo
1328 1316 1383 1368 in
1438 1324 1711 1385 conspectu
1758 1312 2002 1396 Dogtini,

346 1429 350 1438 ·
426 1409 615 1479 inferet
652 1407 896 1483 sacerdos
928 1405 1018 1477 qui
1056 1416 1243 1460 unctus
1279 1413 1353 1458 est
1395 1404 1460 1458 de
1498 1404 1752 1474 sanguine
1796 1402 1912 1472 ejus
1948 1402 2004 1456 in

429 1500 821 1557 tabernaculum
856 1498 1169 1563 testimonii,
1208 1497 1368 1550 tincto
1411 1495 1575 1561 digito
1619 1510 1895 1565 aspergens
1926 1510 2007 1548 se-

428 1594 559 1663 jties
584 1600 765 1646 contra
800 1588 1000 1656 velum,
1042 1598 1294 1660 ponetque
1330 1588 1394 1641 de
1435 1586 1615 1640 eodem
1654 1587 1909 1655 sanguine
1950 1588 2005 1643 in

2101 395 2336 466 gladium
2363 404 2509 449 tuum
2550 394 2603 447 in
2635 393 2898 463 vaginam,
2935 389 3147 444 calicem
3189 404 3340 459 quem
3375 388 3515 441 dedit
3550 388 3686 441 mihi

2104 484 2285 551 Pater,
2313 500 2419 539 non
2463 484 2535 538 ris
2563 492 2617 537 ut
2645 482 2815 536 bibam
2842 479 3027 534 illum?
3057 477 3271 551 (Matth.
3298 477 3468 547 xxvi.)
3501 477 3685 532 Festi-

2102 579 2267 632 nabat
2313 577 2460 633 enim
2496 577 2810 646 dispensare
2856 583 3166 630 nostrorum
3212 582 3556 642 peccatorum
3595 589 3688 629 re-

2102 667 2436 733 missionem,
2467 667 2610 736 quod
2651 665 2957 720 necessarie
2987 665 3041 718 in
3073 663 3159 718 his
3184 678 3303 733 quae
3339 671 3464 717 sunt
3489 663 3554 719 de
3599 664 3689 718 vi-

2101 757 2199 812 tuli
2230 771 2516 835 synagoga:
2543 754 2812 811 sacriﬁcio
2836 762 2920 808 est
2939 752 3359 808 consideratum.
3381 751 3472 806 Ait
3493 751 3639 807 enim
3667 768 3685 807 :

2103 846 2190 904 Sic
2217 848 2371 917 faciet
2398 846 2461 900 de
2489 846 2584 900 hoc
2602 845 2777 914 vitulo
2797 842 3057 915 quomodo
3084 843 3204 909 fecit
3232 851 3281 896 et
3310 844 3475 912 prius.
3500 842 3570 897 Et
3596 859 3691 897 ro-

2101 948 2257 1008 gante
2281 954 2376 1009 pro
2404 939 2478 992 eis
2502 936 2791 1001 sacerdote,
2816 934 3068 1007 propitias
3091 934 3186 987 erit
3222 932 3497 988 Dominus.
3525 931 3692 988 Chri-

2102 1040 2222 1087 stus
2257 1030 2403 1086 enim
2446 1029 2621 1084 lactus
2658 1036 2742 1083 est
2783 1026 2938 1083 nobis
2966 1026 3282 1096 propitiatio
3325 1026 3379 1080 in
3422 1026 3692 1096 sanguine

2104 1137 2225 1188 suo,
2263 1123 2402 1178 sicut
2441 1137 2474 1176 a
2500 1123 2659 1178 beato
2682 1119 2851 1175 Paulo
2876 1117 3137 1173 Romanis
3166 1117 3425 1187 scriptum
3450 1124 3555 1183 est,
3584 1132 3694 1186 per

2105 1228 2264 1284 quem
2292 1214 2346 1268 in
2375 1220 2586 1268 tantum
2614 1218 2835 1282 [necata
2862 1208 3087 1263 remissa
3117 1216 3261 1271 sunt,
3288 1215 3553 1276 quatenus
3580 1207 3691 1276 ipsi

2104 1319 2320 1375 quoque
2348 1301 2723 1358 remissionem
2752 1306 3096 1354 mererentur
3123 1297 3215 1366 qui
3250 1296 3304 1350 in
3336 1311 3400 1350 eo
3426 1310 3693 1365 peccave-

2105 1404 2252 1451 runt.
2295 1393 2373 1449 De
2414 1393 2545 1462 ipsis
2578 1392 2777 1463 quippe
2814 1391 3026 1446 dixerat
3060 1407 3072 1442 :
3109 1387 3289 1452 Pater,
3316 1387 3523 1457 ignosce
3550 1386 3690 1451 illis,

2105 1489 2339 1542 nesciunt
2368 1488 2506 1543 enim
2542 1485 2671 1557 quid
2699 1485 2900 1555 faciunt
2931 1482 3081 1554 (Luc.
3109 1479 3287 1550 mu).
3328 1478 3434 1534 Sed
3461 1480 3589 1550 quid
3615 1480 3693 1536 ad

2108 1581 2270 1636 ﬁnem
2316 1578 2569 1634 sacriﬁcii
2598 1575 2875 1648 legislator
2913 1572 3084 1629 dixit?
3115 1571 3325 1626 Sullicit
3349 1571 3492 1626 enim
3529 1570 3695 1625 nobis

428 1683 672 1737 cornibus
700 1680 906 1747 altaris,
941 1679 1081 1752 quod
1117 1687 1191 1734 est
1220 1694 1396 1732 coram
1432 1676 1658 1731 Domino
1683 1679 1739 1731 in
1764 1677 2008 1732 taberna-
2033 1681 2081 1741 B
2108 1674 2242 1746 legis
2288 1673 2457 1743 ipsius
2504 1671 2778 1727 conclusio
2818 1669 2885 1723 ad
2930 1665 3326 1722 manilestanda
3377 1664 3693 1734 praesentia.

429 1774 550 1828 culo
595 1773 895 1828 testimonii.
947 1769 1221 1840 Reliquum
1262 1777 1438 1821 autem
1478 1767 1781 1837 sanguinem
1826 1766 2007 1837 fundet

422 1869 579 1938 juxta
622 1866 786 1920 basim
816 1863 1000 1919 altaris
1030 1862 1474 1926 holocaustorum,
1495 1860 1634 1931 quod
1666 1869 1741 1913 est
1779 1859 1836 1912 in
1875 1859 2006 1913 ostio

428 1955 752 2011 tabernaculi
785 1953 1084 2018 testimonii,
1123 1967 1427 2021 omnemque
1452 1950 1566 2020 ejus
1596 1950 1801 2019 adipem
1841 1948 2005 2016 tollet,

433 2058 481 2102 et
519 2048 745 2102 adolebit
790 2061 946 2117 super
988 2043 1178 2107 altare,
1222 2042 1299 2097 sic
1333 2042 1488 2111 faciet
1531 2050 1581 2095 et
1609 2041 1674 2095 de
1708 2042 1807 2095 hoc
1846 2039 2007 2094 vitulo

426 2136 685 2206 quomodo
712 2135 831 2206 fecit
858 2144 905 2189 et
939 2135 1105 2205 prius.
1135 2131 1202 2186 Et
1237 2141 1452 2203 rogante
1483 2147 1578 2202 pro
1609 2132 1685 2185 eis
1718 2131 2006 2197 sacerdote,

427 2227 684 2298 propitius
710 2226 807 2280 crit
848 2225 1114 2280 Dominus.
1164 2223 1347 2291 Ipsum
1373 2232 1547 2277 autem
1574 2221 1792 2277 vitulum
1830 2223 2007 2292 efferet

427 2326 577 2370 extra
605 2325 810 2381 castra,
839 2324 993 2387 atque
1032 2314 1322 2379 comburet,
1352 2314 1487 2368 sicut
1524 2322 1573 2367 et
1609 2314 1836 2384 priorem
1876 2314 2010 2368 vitu-

431 2405 572 2471 lum,
609 2405 733 2475 quia
766 2421 860 2475 pro
900 2414 1110 2474 peccato
1138 2413 1214 2456 est
1242 2401 1613 2457 multitudinis.
1656 2401 1799 2456 Nihil
1837 2402 1891 2456 in
1922 2402 2007 2456 bis

431 2494 706 2565 lcgislator
729 2494 1080 2549 commutavit
1106 2493 1247 2563 quod
1275 2507 1394 2547 esse
1431 2494 1603 2562 possit
1637 2499 1788 2547 extra
1814 2492 2008 2562 prmdi-

434 2593 581 2638 ctum
626 2582 985 2647 sacriﬁcium,
1028 2582 1170 2650 quod
1211 2589 1296 2635 est
1336 2582 1599 2653 principis
1643 2583 2002 2637 sacerdotum.

433 2674 577 2731 Idem
606 2674 749 2731 enim
779 2690 809 2729 a
837 2673 992 2731 turba
1028 2673 1192 2729 Israel
1217 2682 1272 2728 et
1300 2689 1328 2727 a
1354 2674 1636 2730 sacerdote
1664 2672 1844 2729 oﬁ'erri
1872 2688 2010 2744 pra:-

432 2769 576 2838 ccpit
598 2807 613 2832 ,
648 2766 872 2820 vitulum
907 2764 1052 2819 enim
1096 2772 1152 2818 et
1188 2764 1277 2818 hic
1323 2771 1380 2818 et
1423 2763 1530 2818 illic
1559 2763 1714 2819 dixit.
1747 2760 2011 2819 Similiter

432 2860 599 2915 etiam
645 2857 963 2927 sanguinem
1012 2856 1066 2909 in
1101 2854 1451 2909 tabernaculo
1486 2854 1778 2909 testimonii
1824 2852 2006 2909 oﬂ'erri

426 2952 611 3023 jubet,
652 2945 881 3003 vitulum
926 2952 1106 3001 autem
1143 2954 1297 3001 extra
1341 2953 1519 3001 castra
1568 2944 1800 2999 incendi.
1829 2944 2007 3014 Atque

2109 1767 2295 1844 Ipsum
2330 1774 2504 1819 autem
2532 1761 2754 1818 vitulum
2779 1761 2956 1830 efferet
2989 1768 3139 1812 extra
3165 1765 3339 1812 castra
3365 1764 3518 1825 atque
3546 1770 3699 1808 cona-

2108 1858 2275 1922 buret,
2307 1856 2439 1910 sicut
2471 1864 2519 1908 et
2557 1854 2784 1923 priorem
2810 1848 3050 1913 vitulum,
3092 1848 3217 1918 quia
3252 1862 3347 1917 pro
3377 1854 3584 1916 peccato
3610 1854 3695 1897 est

2106 1946 2481 2003 multitudinis.
2508 1945 2670 2000 Vides
2692 1940 2960 2011 quomodo
2985 1937 3117 1992 nihil
3145 1935 3341 1991 mutari
3369 1935 3423 1988 in
3450 1933 3697 1987 secundo

2108 2037 2380 2093 sacriﬁcio
2417 2042 2571 2089 extra
2602 2033 2707 2087 hoc
2734 2030 2878 2101 quod
2925 2027 3099 2099 primo
3138 2034 3224 2080 est
3249 2022 3593 2094 prmcipitur?
3620 2022 3700 2079 Et

2109 2126 2499 2201 quamobrem?
2541 2124 2676 2192 Quia
2720 2140 2816 2194 pro
2845 2129 3055 2192 peccato
3083 2128 3180 2183 est,
3214 2117 3407 2186 inquit,
3452 2114 3699 2169 multitu-

2109 2218 2267 2274 diuis.
2300 2218 2442 2286 Ergo
2469 2217 2573 2271 hoc
2607 2211 2956 2267 manifestum
2988 2216 3070 2264 est
3094 2216 3150 2261 et
3177 2204 3698 2273 indubitabile,qo?a

2111 2312 2252 2366 idem
2288 2319 2565 2380 peccatum
2613 2304 2786 2377 plebis
2812 2313 2869 2358 et
2898 2299 3196 2357 sacerdotis
3240 2297 3583 2353 intellexerit.
3622 2296 3702 2351 Et

2110 2412 2397 2474 propterea
2445 2401 2586 2454 idem
2633 2398 2688 2452 in
2738 2406 2967 2463 utroque
3008 2392 3335 2448 sacriﬁcium
3382 2388 3695 2453 ordinavit;

2112 2509 2214 2549 nec
2244 2493 2375 2563 ipsis
2405 2490 2624 2561 quidem
2648 2486 2832 2543 verbis
2860 2485 3101 2541 dividens
3139 2482 3280 2552 quod
3308 2496 3417 2535 non
3462 2477 3697 2541 faceret,

2112 2588 2217 2642 nisi
2249 2587 2433 2657 ﬁgurae
2461 2583 2693 2638 fuissent
2734 2594 2798 2635 ea
2829 2593 2948 2649 qua:
2980 2586 3107 2631 tunc
3135 2574 3383 2644 agebant.
3419 2570 3594 2643 (Ιιιιυ.)
3630 2570 3701 2624 Si

2109 2676 2396 2749 peccaverit
2445 2688 2702 2745 princeps,
2745 2680 2794 2725 et
2829 2669 3006 2740 fecerit
3051 2681 3213 2721 unum
3253 2680 3280 2718 e
3319 2661 3555 2734 pluribus
3599 2676 3700 2731 per

2109 2770 2487 2843 ignorantiam,
2515 2764 2654 2838 quod
2682 2762 2895 2819 Domini
2924 2759 3034 2831 lege
3074 2756 3397 2829 prohibetur,
3436 2763 3483 2808 et
3509 2763 3699 2825 postea

2109 2861 2425 2917 intellexerit
2467 2865 2734 2929 peccatum
2763 2868 2937 2916 suum,
2969 2851 3149 2921 offeret
3181 2848 3404 2901 hostiam
3442 2844 3698 2908 Domino,

2109 2953 2313 3007 hircum
2324 2950 2389 3004 de
2408 2950 2580 3019 capris
2600 2943 3019 3006 immaculatum,
3036 2948 3287 3010 ponetque
3305 2953 3516 2990 manum
3537 2952 3697 3009 suam

432 3042 771 3114 OperliSSime
818 3041 872 3095 ἱῐι
914 3039 1001 3094 ιιὶε
1038 3053 1159 3108 qua:
1197 3038 1341 3093 diem
1381 3046 1507 3093 sunt
1548 3037 1849 3093 ostenditur
1880 3037 2005 3107 qnia
2034 3026 2079 3089 Ο
2109 3057 2266 3110 super
2294 3048 2449 3110 caput
2491 3037 2628 3107 ejus.
2674 3033 2906 3104 Cumque
2943 3026 3283 3084 immolaverit
3325 3042 3441 3080 eum
3487 3023 3541 3077 in
3576 3023 3700 3076 loco

434 3134 625 3189 eadem
647 3138 803 3185 erant
819 3128 992 3199 plebis
1014 3127 1417 3196 sacerdotisque
1437 3135 1681 3196 peccata,
1700 3141 1821 3180 nam
1845 3141 2007 3195 quam

434 3228 505 3282 ob
532 3236 752 3281 causam
794 3218 937 3277 idem
983 3220 1309 3276 sacriﬁcium
1344 3233 1442 3289 pro
1477 3220 1557 3274 eis
1586 3217 1823 3274 oﬁ‘erret.
1855 3218 2007 3285 Quod

437 3325 617 3369 autem
639 3314 704 3369 de
725 3312 994 3368 sacriﬁcio
1020 3311 1360 3364 immutatum
1384 3316 1488 3376 est,
1514 3310 1614 3364 hoc
1639 3310 1809 3380 magis
1830 3309 1894 3362 ad
1922 3310 2013 3360 ﬁr-

439 3404 683 3458 mitatem
711 3402 977 3472 pertinet,
1021 3400 1162 3469 quod
1194 3414 1359 3452 unum
1396 3397 1467 3452 sit
1507 3397 1854 3464 sacriﬁcium,
1885 3412 2008 3451 nam

437 3494 492 3550 lu
524 3495 803 3549 sacerdote
832 3508 938 3548 non
964 3492 1120 3558 dixit,
1145 3492 1190 3545 si
1216 3491 1508 3562 cognoverit
1540 3500 1808 3561 peccatum
1835 3507 2008 3544 suum.

440 3590 548 3645 Nec
573 3588 715 3645 enim
743 3588 1085 3658 ignoraturus
1110 3597 1231 3641 erat
1260 3586 1516 3641 Dominus
1545 3595 1843 3657 peccatum,
1871 3587 2013 3657 quod

440 3690 497 3736 ut
528 3680 827 3750 susciperet
854 3679 1165 3734 incarnatus
1184 3688 1286 3734 est.
1311 3680 1387 3734 De
1417 3680 1574 3734 turba
1601 3689 1799 3739 autem,
1828 3680 1882 3734 id
1908 3688 2012 3744 est,

438 3774 506 3829 de
534 3784 824 3844 synagoga,
862 3770 975 3825 sive
1005 3770 1069 3824 de
1099 3769 1273 3839 plebe,
1312 3769 1530 3823 attende
1557 3770 1686 3840 quid
1716 3771 1828 3824 ait:
1861 3769 2014 3835 Quod

438 3866 485 3920 si
529 3865 697 3919 omnis
730 3862 880 3917 turba
914 3859 1082 3915 Israel
1112 3860 1442 3929 ignoraverit,
1485 3870 1533 3913 et
1566 3877 1657 3929 per
1699 3860 2015 3930 imperitiam

440 3956 620 4027 fecerit
645 3953 782 4025 quod
824 3960 1005 4005 contra
1034 3950 1343 4003 mandatum
1375 3949 1588 4002 Domini
1627 3959 1724 4013 est,
1757 3959 1803 4001 et
1837 3958 2015 4018 postea

441 4045 751 4103 intellexerit
778 4052 1045 4115 peccatum
1091 4057 1264 4095 suum.
1310 4041 1450 4111 Ergo
1496 4041 1562 4096 ab
1602 4040 1758 4095 initio
1799 4041 2016 4110 quidem

440 4152 598 4193 suum
628 4141 911 4206 peccatum
958 4132 1372 4202 ignoraverunt,
1415 4131 1509 4185 sed
1540 4137 1725 4200 postea
1755 4146 2019 4200 cognove-

444 4235 594 4294 runt;
623 4226 805 4281 ethoc
826 4222 1116 4277 ostendunt
1142 4220 1259 4290 ipsa
1284 4219 1447 4275 verba
1475 4219 1705 4287 Domini,
1733 4221 1810 4275 ait
1833 4220 1976 4276 enim
2002 4242 2014 4278 :

450 4320 568 4375 Nisi
599 4319 845 4374 venissem
887 4325 935 4370 et
980 4315 1184 4370 locutus
1227 4315 1299 4369 eis
1341 4312 1575 4383 fuissem,
1605 4324 1874 4385 peccatum
1917 4332 2019 4370 non

443 4410 705 4473 haberent,
736 4414 793 4463 ut
830 4408 1140 4478 ignorantes
1177 4405 1385 4475 utique,
1420 4421 1557 4458 nunc
1591 4415 1765 4459 autem
1801 4422 2021 4459 excusa-

444 4500 634 4552 tionem
660 4514 763 4551 non
792 4497 981 4550 habent
1008 4496 1073 4549 de
1103 4506 1313 4565 peccato
1334 4513 1430 4550 suo
1461 4495 1639 4567 (Joan.
1663 4496 1776 4568 xv),
1804 4505 1864 4549 ut
1895 4505 2021 4565 pote

449 4603 545 4656 per
570 4584 687 4654 ejus
714 4584 1015 4639 doctrinam
1044 4584 1312 4638 discentes
1335 4584 1477 4652 quod
1504 4583 1815 4637 nesciebant
1836 4582 2016 4652 prius;

447 4677 664 4747 quando
697 4690 827 4746 ergo
868 4690 1025 4729 suum
1063 4681 1345 4745 peccatum
1374 4679 1760 4743 cognoverunt,
1791 4682 1919 4726 tunc
1951 4672 2020 4726 ad

448 4766 771 4824 sacriﬁcium
808 4767 1079 4836 Unigeuiti
1108 4781 1167 4821 se
1197 4773 1494 4820 verterunt.
1527 4761 1727 4816 Deinde
1763 4761 1817 4815 in
1854 4760 2020 4815 sacri-

452 4860 571 4915 ﬁcio
608 4859 903 4914 sacerdotis
945 4860 1117 4928 ipsum
1167 4855 1400 4911 diximus
1440 4851 1760 4921 imposuisse
1800 4865 2018 4905 manum

450 4968 611 5023 super
655 4959 816 5021 caput
856 4951 1042 5015 vituli,
1074 4950 1161 5004 hic
1203 4956 1383 5001 autem
1426 4946 1665 5000 seniores
1695 4945 1798 4997 boc
1841 4943 2020 4998 facere

451 5045 602 5104 dicit.
649 5044 946 5112 Utrumque
984 5041 1128 5094 enim
1176 5053 1362 5093 revera
1404 5037 1458 5091 in
1508 5036 1708 5092 Christi
1756 5036 2021 5091 sacriﬁcio

454 5138 729 5214 agebatur,
758 5138 810 5192 id
836 5146 949 5203 est,
992 5134 1115 5204 quia
1159 5140 1214 5187 et
1260 5130 1616 5186 imminebant
1656 5130 1724 5184 ad
1765 5143 2018 5183 consum-

455 5235 708 5292 maudum
737 5231 863 5287 illud
890 5229 1129 5285 seniores
1154 5224 1332 5297 populi
1359 5232 1414 5277 et
1452 5222 1663 5284 scribae,
1694 5230 1748 5275 et
1784 5219 2019 5287 Caipbas

457 5332 707 5405 princeps
743 5323 1115 5387 sacerdotum,
1162 5317 1518 5382 dicebantque
1553 5330 1567 5365 :
1608 5312 1831 5381 Expedit
1879 5308 2019 5364 vobis

457 5433 512 5479 ut
555 5438 690 5478 unus
718 5420 869 5473 homo
896 5415 1154 5469 moriatur
1178 5427 1271 5483 pro
1304 5407 1514 5481 populo,
1543 5415 1591 5458 et
1622 5420 1724 5457 non
1761 5412 1869 5457 tota
1896 5419 2020 5473 gens

457 5524 628 5585 pereat
661 5502 838 5586 (Joan.
867 5505 1000 5575 xvi).
1043 5503 1111 5559 Et
1155 5504 1277 5573 quia
1321 5497 1465 5555 nullo
1512 5496 1669 5551 modo
1696 5494 1898 5563 expleri
1928 5509 2022 5563 po-

460 5584 676 5671 tuisset,
699 5603 742 5659 si
782 5615 887 5657 non
926 5595 1272 5665 semetipsum
1305 5589 1370 5645 ad
1412 5587 1715 5657 passionem
1764 5584 2024 5639 Dominus

2113 3130 2201 3184 ubi
2234 3128 2365 3184 solet
2406 3126 2628 3180 mactari
2668 3123 3033 3178 holocaustum
3078 3133 3254 3172 coram
3290 3114 3538 3178 Domino,
3566 3112 3701 3183 quia

2108 3239 2205 3294 pro
2231 3229 2442 3291 peccato
2479 3225 2578 3283 est,
2609 3217 2767 3286 tinget
2807 3212 3050 3267 sacerdos
3084 3211 3303 3280 digitum
3341 3207 3396 3259 in
3437 3202 3705 3273 sanguine

2109 3292 2293 3370 liostia:
2320 3328 2414 3382 pro
2441 3318 2672 3381 peccato,
2702 3317 2916 3376 tangens
2943 3320 3139 3359 cornua
3165 3299 3348 3356 altaris
3376 3292 3701 3355 ltolocausti,

2111 3416 2160 3462 et
2187 3403 2443 3474 reliquum
2474 3400 2698 3471 fundens
2724 3398 2792 3453 ad
2820 3397 2983 3451 basim
3011 3394 3147 3464 ejus.
3173 3390 3390 3461 Adipem
3416 3401 3533 3441 vero
3564 3384 3704 3474 ado-

2113 3496 2233 3550 lebit
2267 3472 2457 3563 supra,
2486 3492 2620 3544 sicut
2662 3488 2717 3541 in
2759 3484 2977 3541 victimis
3006 3481 3343 3554 paciﬁcorum
3382 3476 3499 3546 ﬁeri
3538 3472 3700 3537 solet,

2115 3585 2418 3657 rogabitque
2437 3599 2531 3653 pro
2558 3596 2616 3634 eo
2641 3587 2689 3633 et
2713 3593 2806 3650 pro
2835 3583 3043 3647 peccato
3070 3572 3206 3642 ejus,
3223 3586 3283 3623 ac
3309 3568 3597 3621 dimittetur
3620 3563 3698 3618 ei.

2116 3675 2269 3743 Quod
2297 3675 2341 3728 si
2375 3652 2658 3744 peccaverit
2695 3671 2873 3722 anima
2902 3681 2993 3736 per
3030 3659 3383 3734 ignorantiam
3410 3656 3473 3710 de
3501 3652 3703 3725 populo

2115 3742 2289 3832 terrm,
2318 3742 2382 3818 uti
2417 3762 2578 3832 faciat
2624 3757 2905 3829 quidquam
2945 3769 3009 3808 ea:
3053 3751 3132 3804 liis
3174 3764 3290 3820 qua:
3334 3743 3547 3801 Domini
3586 3742 3706 3811 lege

2114 3855 2470 3926 prohibentur,
2501 3861 2652 3921 atque
2688 3846 2976 3916 delinquat,
3015 3852 3063 3896 et
3100 3837 3392 3909 cognoverit
3426 3840 3702 3904 peccatum

2115 3964 2291 4012 suum,
2315 3946 2494 4013 offeret
2519 3956 2729 4012 capram
2764 3934 3175 3994 immaculatum,
3203 3938 3454 4002 ponetque
3477 3939 3698 3978 manum

2117 4052 2272 4107 super
2304 4012 2457 4104 caput
2486 4033 2667 4086 hostiae
2692 4044 2808 4099 qua:
2837 4043 2930 4096 pro
2964 4032 3172 4095 peccato
3203 4028 3296 4080 est,
3323 4027 3368 4071 et
3405 4012 3702 4069 immolabit

2117 4104 2231 4182 eam
2252 4127 2307 4178 in
2330 4124 2443 4179 loco
2467 4120 2779 4177 ltolocausti.
2808 4116 3072 4186 Tolletque
3092 4109 3333 4167 sacerdos
3356 4108 3419 4161 de
3441 4104 3707 4175 sanguine

2116 4224 2171 4277 in
2193 4220 2356 4291 digito
2383 4233 2501 4281 suo,
2525 4225 2571 4270 et
2603 4223 2818 4283 tangens
2841 4226 3037 4265 cornua
3064 4205 3271 4268 altaris,
3298 4200 3551 4270 reliquum
3578 4197 3709 4266 fun-

2120 4314 2203 4368 det
2346 4310 2511 4364 basim
2552 4307 2687 4376 eius.
2720 4303 2936 4359 Omnem
2984 4309 3141 4354 auten
3207 4295 3449 4365 auferens
3491 4290 3706 4360 adipem

2124 4403 2277 4459 sicuti
2303 4398 2502 4469 auferri
2544 4395 2671 4451 solet
2699 4394 2763 4447 de
2803 4390 3023 4446 uictimis
3054 4385 3393 4459 paciﬁcorum
3415 4420 3430 4446 ,
3471 4377 3705 4432 adolebit

2124 4509 2281 4565 super
2297 4490 2487 4553 altare,
2510 4489 2565 4541 in
2592 4486 2801 4540 odorem
2821 4480 3092 4537 suavitatis
3130 4476 3371 4539 Domino,
3397 4471 3706 4542 rogabitque

2123 4559 2218 4655 pro
2243 4600 2302 4637 eo
2329 4590 2376 4636 et
2407 4580 2700 4634 dimittetur
2724 4573 2791 4627 ei.
2824 4566 3281 4639 Quemadmodum
3308 4563 3362 4617 iu
3389 4559 3707 4632 spontaneis

2137 4670 2422 4728 sacriﬁciis
2450 4664 2780 4723 diﬁ‘erentias
2818 4662 2869 4715 in
2909 4652 3405 4714 conversationibus
3431 4655 3487 4704 et
3516 4646 3709 4703 condi-

2126 4765 2362 4820 tionibus
2391 4763 2515 4816 vita:
2541 4755 2879 4814 ollerentium
2909 4747 3201 4812 ordinavit,
3232 4747 3304 4800 ita
3349 4756 3567 4797 rursum
3604 4753 3708 4808 pro

2124 4853 2363 4924 peccatis
2396 4847 2660 4905 sacriﬁcia
2690 4842 2914 4913 aequalia
2944 4854 3064 4894 esse
3094 4834 3330 4908 peccatis
3361 4831 3537 4900 jubet,
3568 4844 3709 4898 quo-

2128 4920 2246 5000 rum
2276 4938 2588 5009 magnitudo
2612 4951 2720 4993 non
2767 4933 2940 4988 solum
2978 4947 3044 4987 ex
3082 4928 3293 4983 actione
3335 4921 3575 4994 peccati,
3607 4920 3709 4975 sed

2126 5050 2190 5089 ex
2212 5046 2445 5103 persona
2472 5025 2809 5099 peccantium
2836 5021 3074 5093 ponitur.
3100 5018 3168 5073 Et
3188 5017 3350 5071 nimis
3382 5022 3551 5074 recte,
3574 5010 3709 5080 quia

2126 5140 2183 5185 et
2228 5126 2487 5183 Dominus
2530 5119 2787 5191 apostolis
2818 5116 2955 5171 dixit
2985 5131 2999 5167 :
3034 5112 3228 5168 Servus
3272 5121 3586 5178 cognoscens
3618 5119 3711 5156 co-

2128 5219 2379 5272 luntatem
2414 5212 2610 5267 domini
2637 5210 2741 5275 sui,
2774 5216 2823 5261 et
2852 5223 2955 5261 non
2979 5220 3032 5258 se
3060 5215 3361 5273 pra’parans
3388 5212 3479 5250 nec
3505 5195 3711 5264 faciens

2125 5308 2409 5366 secundum
2458 5304 2773 5359 voluntatem
2802 5299 2936 5369 ejus,
2965 5293 3230 5365 vapulabit
3260 5289 3467 5353 multis;
3495 5288 3587 5357 qui
3615 5301 3720 5338 au-

2127 5412 2230 5457 tem
2258 5416 2361 5455 non
2386 5396 2640 5469 cognovit,
2669 5402 2717 5447 et
2746 5408 2850 5446 non
2876 5388 2994 5460 fecit
3033 5386 3193 5456 digna
3226 5382 3414 5453 plagis,
3442 5377 3717 5451 vapulabit

2128 5494 2307 5566 paucis
2335 5491 2487 5564 (Luc.
2512 5487 2644 5560 xu);
2671 5484 2766 5541 sed
2793 5481 2922 5551 quid
2954 5476 3266 5546 subiunxit?
3296 5474 3394 5529 Cui
3422 5473 3606 5526 datum
3634 5477 3716 5523 est

2132 5562 2371 5647 multum,
2400 5578 2620 5636 multum
2645 5573 2901 5643 quwritur
2934 5568 2997 5624 ab
3031 5585 3123 5634 eo;
3149 5576 3196 5622 et
3224 5566 3309 5621 cui
3343 5562 3601 5619 creditum
3638 5572 3721 5615 est
