3954 6176
275 187 377 246 ξπ

1199 182 1697 242 EXPOSlTlONES
1732 183 1800 239 IN
1839 183 2236 242 LEVITICUM.
2276 215 2344 225 —
2381 183 2511 238 LIB.
2544 182 2586 238 Ι.

3433 185 3542 245 278

274 313 516 374 multum,
535 309 755 364 multant
768 309 1068 377 cxigiturub
1082 326 1142 363 co
1155 309 1306 381 (Luc.
1324 312 1443 385 xu).
1460 311 1613 367 ilunc
1626 310 1860 380 intellige

1977 308 2073 354 Lilla
2096 308 2275 353 autem
2315 307 2543 368 utraque
2571 315 2583 351 :
2619 296 3020 352 immaculatam
3047 297 3313 369 siquidem
3328 309 3546 372 oportet

272 418 395 457 esse
429 402 524 471 qui
555 417 584 454 a
617 401 927 471 legislature
960 400 1135 456 dictus
1165 413 1245 457 est
1284 404 1567 475 princeps;
1601 404 1692 459 hic
1728 418 1859 474 ergo

276 492 325 550 si
351 490 678 561 peccaverit,
712 491 922 549 hircum
946 488 1129 547 oﬂ‘ert:
1152 494 1199 545 si
1219 496 1334 563 quis
1358 504 1530 548 autent
1556 494 1620 547 de
1645 492 1856 564 populo,

277 582 410 638 dicit
453 588 635 635 autem
677 580 918 644 idiotam,
949 581 1063 636 sive
1092 584 1422 652 popularem,
1465 601 1569 640 non
1598 601 1720 641 eun)
1766 585 1859 655 qui

279 681 427 730 Sorte
470 671 754 726 distinctus
785 678 869 725 est
894 670 963 725 ad
999 670 1367 728 meditandam
1412 675 1603 746 legem.
1633 675 1769 729 Nam
1804 682 1863 728 et

282 764 372 819 hic
416 762 603 831 utique
650 763 903 833 princeps
948 764 1342 830 nominaretur,
1379 767 1471 835 qui
1517 781 1615 837 pro
1665 766 1861 821 minori

281 861 504 924 peccato
545 867 762 921 capram
791 851 988 908 offerre
1028 856 1362 925 praecipitur,
1409 857 1861 927 quemadmodum

283 945 370 999 ille
405 944 647 1008 hircum,
685 944 771 998 hic
819 944 1092 1011 feminam,
1126 946 1213 1002 ille
1251 963 1475 1003 marem.
1505 948 1864 1015 Quemadmo-

282 1039 409 1093 dum
435 1051 567 1108 ergo
605 1037 807 1092 oblatio
839 1052 1018 1108 capra:
1064 1039 1391 1095 sacrificium
1418 1056 1517 1111 pro
1543 1052 1765 1111 peccato
1792 1043 1864 1097 si-

282 1137 434 1201 gnat,
464 1129 544 1183 sic
588 1127 773 1183 hircus
799 1137 855 1183 et
886 1143 1050 1199 capra
1072 1145 1197 1184 eum
1238 1131 1309 1185 sit
1354 1130 1598 1186 feminini
1624 1133 1860 1202 generis,

286 1218 472 1273 hircus
517 1217 823 1283 masculini,
868 1217 1120 1275 sacriﬁcii
1160 1219 1551 1290 interpretatur
1584 1222 1713 1276 vim.
1744 1220 1862 1276 Non

285 1307 428 1365 cnim
459 1307 661 1361 frustra
690 1306 793 1361 hoc
820 1306 1096 1377 lcgislator
1128 1308 1377 1373 intendit,
1409 1311 1503 1365 sed
1528 1311 1655 1379 quia
1684 1311 1866 1366 hircus

286 1407 340 1454 et
380 1412 543 1469 capra
584 1412 599 1449 :
649 1398 754 1451 hoc
807 1407 987 1451 autem
1043 1398 1396 1468 Septuaginta
1448 1400 1503 1454 in
1546 1399 1738 1455 Graeco
1786 1400 1865 1457 sic

286 1492 470 1556 edunt,
506 1498 568 1544 ut
601 1492 827 1564 χίμαρον
849 1496 906 1544 et
942 1493 1196 1566 χίμαιραν
1225 1490 1411 1546 dicant
1433 1490 1614 1548 oﬂ'erri
1645 1492 1864 1558 debere,

285 1581 426 1652 quod
461 1579 641 1634 Latini
685 1595 752 1635 ex
797 1579 987 1635 eadem
1031 1579 1268 1636 editione
1313 1581 1655 1651 interpretati
1695 1592 1860 1637 sunt:

1961 403 2081 444 esse
2102 388 2495 459 pmnitentiam.
2516 386 2646 453 Qua:
2669 393 2850 440 autem
2869 383 2987 453 ejus
3009 395 3093 441 est
3112 388 3358 445 macula?
3386 392 3544 447 Vide-

1961 479 2086 534 licet
2110 480 2156 535 si
2188 488 2413 550 peecato
2440 478 2820 548 compatiatur,
2838 477 2923 532 vel
2953 477 3161 533 amicus
3191 479 3545 549 sitptenitens

1960 587 2060 642 pro
2081 588 2189 644 quo
2209 574 2321 645 agit
2340 572 2735 642 paenitentiam.
2754 567 2979 639 Oportet
2998 570 3140 624 enim
3158 585 3281 624 eum
3305 573 3547 641 perfecte

1963 678 1992 716 a
2021 673 2240 733 peccato
2284 663 2473 718 eodem
2515 670 2679 733 atque
2708 659 3104 716 studiosissimo
3140 661 3394 717 recedere
3423 679 3547 732 pro-

1961 754 2156 822 posito.
2191 753 2395 809 Deinde
2439 754 2679 824 imponet
2713 750 2932 807 manum
2980 767 3135 807 suam
3187 768 3351 823 super
3386 766 3549 826 caput

1964 846 2184 911 hostize;
2216 846 2330 916 ipse
2357 862 2454 917 per
2480 846 2832 915 semetipsum
2863 854 3143 915 peccatum
3172 844 3545 912 manifestans,

1962 947 2018 994 et
2053 953 2204 994 suam
2246 936 2480 992 offerens
2504 936 2919 992 confessionem.
2962 937 3080 1008 Ipse
3115 946 3295 993 autem
3335 936 3550 1009 (secun-

1964 1028 2092 1083 dum
2146 1026 2517 1097 Septuaginta)
2549 1042 2656 1082 non
2695 1027 2916 1092 occidit,
2943 1027 3038 1083 sed
3066 1026 3181 1093 alii,
3217 1027 3379 1082 habet
3404 1028 3549 1083 enim

1965 1120 2334 1174 necessarium
2361 1127 2416 1175 et
2455 1118 2685 1174 aliorum
2717 1119 2976 1175 auxilium
3021 1120 3089 1174 ad
3123 1120 3461 1187 orationem,
3494 1130 3552 1177 ut

1965 1211 2294 1281 suscipiatur
2340 1210 2457 1279 ejus
2510 1211 2863 1280 paenitentia,
2909 1212 3051 1267 unde
3096 1227 3198 1268 nec
3240 1212 3552 1267 omnimodo

1966 1302 2279 1379 sacerdotes
2326 1302 2577 1356 occidere
2619 1302 2892 1372 prtecepit.
2936 1302 3026 1357 Ait
3056 1301 3200 1357 enim
3243 1319 3258 1356 :
3300 1299 3552 1356 Occiderit

1965 1406 2084 1444 cum
2120 1391 2178 1444 in
2213 1389 2327 1445 loco
2363 1390 2419 1445 in
2455 1406 2559 1462 quo
2598 1391 2912 1445 occiduntur
2945 1390 3417 1446 holocaustomata.
3449 1391 3552 1457 Qui

1968 1489 2148 1536 autem
2181 1483 2435 1537 occidant
2471 1497 2579 1537 non
2607 1481 2834 1547 addidit,
2869 1483 2997 1537 licet
3026 1483 3181 1537 enim.
3200 1482 3254 1536 in
3285 1482 3555 1538 sacriﬁcio

1968 1573 2301 1643 paenitentia:
2332 1574 2553 1629 alterius
2588 1574 2666 1628 uti
2699 1573 3002 1643 adjutoriis.
3033 1573 3187 1640 Quod
3213 1581 3444 1629 testatur
3469 1573 3553 1628 Jac

286 1669 497 1725 [nedum
531 1685 597 1725 ex
633 1670 813 1739 capris
855 1669 1186 1736 masculum,
1228 1680 1283 1726 et
1327 1686 1547 1742 capram
1590 1671 1659 1727 de
1698 1671 1865 1727 haedis
1895 1673 1940 1732 Β
1967 1664 2135 1719 cobus
2164 1665 2388 1719 dicens:
2430 1664 2592 1718 Orate
2622 1681 2718 1734 pro
2752 1664 3007 1718 alterutro
3045 1674 3099 1717 ut
3138 1662 3409 1718 salvemim'
3437 1662 3554 1734 (Ja-

287 1760 579 1817 femellam.
618 1759 935 1815 Chimarrus
972 1769 1153 1815 autem
1184 1769 1240 1816 et
1277 1761 1549 1816 chimarra
1590 1760 1730 1817 fetus
1771 1776 1866 1817 ca-

285 1866 507 1922 prarum
550 1858 704 1914 sunt,
747 1849 1061 1905 chimerrini
1095 1850 1176 1905 vel
1223 1852 1508 1925 χιμερίνοι,
1538 1851 1592 1906 id
1629 1858 1742 1914 est,
1775 1850 1866 1921 qui

283 1946 431 2000 circa
463 1951 675 2012 tempus
697 1942 895 1998 hiemis
915 1951 1211 1999 nascuntur
1235 1962 1248 1997 :
1276 1960 1399 1998 nam
1433 1945 1513 1999 bis
1541 1957 1641 2013 per
1666 1958 1865 1998 annum

287 2036 464 2105 capris
502 2035 856 2106 parientibus,
906 2035 1126 2105 quidam
1175 2034 1318 2091 fetus
1367 2044 1611 2106 tempore
1650 2035 1868 2099 hiemis,

287 2128 507 2198 quidam
552 2135 732 2181 autem
759 2129 966 2181 aestatis
989 2135 1333 2196 generantur.
1373 2126 1509 2182 Cum
1540 2141 1670 2197 ergo
1706 2125 1779 2179 ita
1809 2139 1868 2180 se

289 2220 544 2283 habeant,
572 2233 670 2287 per
714 2218 947 2273 hiemem
996 2218 1271 2273 tristitiam
1317 2218 1649 2289 pmnitentia:
1678 2218 1865 2282 docet;

290 2313 343 2366 in
371 2311 596 2365 tristitia
622 2311 816 2381 quippe
846 2310 935 2365 hic
963 2318 1019 2365 et
1046 2308 1171 2364 fletu
1216 2309 1358 2365 ﬁlios
1384 2320 1625 2382 generat,
1661 2310 1754 2365 se]
1791 2318 1872 2364 ta-

288 2416 411 2455 men
448 2400 546 2453 lilii
591 2400 709 2470 ejus
752 2415 859 2453 non
901 2407 1028 2454 sunt
1069 2415 1101 2453 a
1137 2399 1406 2455 sacriﬁcio
1446 2400 1679 2471 probati.
1720 2400 1872 2456 Unde

288 2491 543 2547 existimo
563 2489 768 2554 hredos,
794 2488 845 2543 id
869 2498 981 2554 est,
1004 2492 1285 2569 χιμάρους,
1307 2489 1503 2545 olferre
1523 2491 1871 2560 pmnitentes,

290 2588 348 2635 ut
378 2587 508 2650 pote
557 2577 895 2643 ﬂuctuantes,
932 2580 1215 2650 praecepit,
1257 2587 1312 2634 et
1351 2587 1413 2634 nt
1453 2580 1546 2649 qui
1584 2580 1871 2636 diversita-

292 2671 434 2724 tibus
466 2668 735 2723 undarum
764 2684 793 2722 a
821 2670 1058 2739 peccatis
1084 2684 1143 2725 se
1184 2669 1536 2740 erigentibus,
1572 2684 1874 2741 repugnan-

291 2769 373 2815 tes
402 2758 826 2814 misericorditer
844 2759 1065 2813 omnino
1092 2758 1466 2814 salvabuntur.
1496 2757 1553 2814 Si
1583 2759 1729 2813 enim
1753 2775 1875 2828 per-

292 2857 553 2904 maneant
596 2849 653 2904 in
694 2848 1037 2918 ptenitentia,
1081 2854 1137 2902 et
1167 2862 1274 2902 non
1304 2847 1615 2918 desperent,
1644 2847 1790 2902 velut
1820 2848 1872 2902 in

289 2948 615 3011 tempestate
658 2940 1023 3009 relinquentes
1066 2938 1221 2993 navis
1266 2937 1462 2992 anima:
1508 2937 1873 3007 gubernacula

1968 1751 2078 1804 cob.
2107 1753 2184 1820 v).
2215 1751 2321 1807 Sed
2354 1754 2526 1822 magis
2548 1754 2819 1822 justorum
2863 1762 3080 1807 utamur
3114 1751 3404 1821 adiutorio,
3442 1752 3558 1824 ipse

1967 1841 2112 1895 enim
2139 1842 2375 1896 subdidit
2405 1860 2417 1895 :
2450 1842 2678 1896 Multum
2715 1842 2851 1896 enim
2890 1842 3026 1897 valet
3060 1843 3229 1899 oratio
3249 1842 3382 1912 justi
3422 1844 3549 1897 αδεί-

1968 1933 2075 1987 dua
2117 1933 2330 2004 (lbid.).
2374 1934 2473 1990 Ubi
2516 1943 2694 1989 autem
2740 1935 3034 1990 occident?
3075 1936 3218 1991 Idem
3260 1936 3555 1992 secundum

1971 2026 2144 2092 LXX,
2188 2026 2255 2082 In
2288 2038 2563 2097 conspectu
2595 2028 2823 2082 Domini.
2859 2029 2965 2083 Pro
2999 2037 3222 2099 peccato
3261 2030 3463 2100 quippe
3501 2029 3557 2082 iu

1969 2127 2262 2188 conspectu
2307 2119 2521 2174 Domini
2563 2116 2808 2172 conﬁteri
2859 2119 3226 2173 necessarium
3272 2118 3556 2182 habemus,

1971 2218 2192 2279 propter
2232 2208 2376 2277 quod
2416 2207 2554 2262 dixit.
2589 2206 2755 2263 David
2790 2225 2803 2260 :
2843 2203 3126 2260 Peccatum
3165 2223 3338 2260 meum
3381 2208 3560 2276 cogni-

1970 2310 2081 2354 tum
2119 2300 2211 2355 tibi
2250 2300 2380 2369 feci,
2419 2310 2467 2354 et
2507 2300 2798 2370 injustitias
2837 2315 2976 2352 meas
3018 2315 3121 2353 non
3158 2298 3359 2369 aperui.
3397 2296 3521 2351 Dixi
3543 2320 3558 2345 ν

1975 2391 2337 2448 Pronuntiabo
2363 2393 2639 2447 adversum
2660 2407 2743 2447 me
2769 2391 3083 2461 injustitiam
3121 2406 3288 2444 meant
3309 2389 3557 2453 Domino,

1974 2493 2022 2538 et
2063 2494 2121 2538 tu
2160 2486 2407 2540 remisisti
2451 2484 2776 2554 iniquitatem
2822 2481 2995 2536 cordis
3029 2482 3131 2536 mei
3180 2478 3353 2551 (l’sal.
3385 2478 3557 2549 uxr).

1976 2575 2269 2646 Propterea
2312 2576 2400 2631 hic
2445 2574 2725 2647 legislator
2752 2573 2928 2628 intulit
2974 2580 3078 2627 :et
3125 2569 3276 2626 tollet
3311 2578 3371 2625 et
3399 2576 3564 2639 ponet

1976 2668 2229 2727 sacerdos
2258 2668 2575 2739 sanguinem
2618 2665 2823 2736 peccati
2860 2664 3029 2735 digito
3069 2676 3231 2734 super
3258 2677 3458 2717 cornua
3486 2660 3565 2715 al-

1977 2763 2113 2817 taris
2144 2761 2647 2825 bolocaustomatis,
2671 2758 2987 2831 sanguinem
3015 2766 3197 2811 autem
3225 2754 3431 2825 peccati
3468 2767 3563 2823 ap-

1980 2850 2227 2922 pellavit,
2272 2852 2363 2920 qui
2397 2866 2496 2920 pro
2526 2857 2749 2920 peccato
2789 2846 3035 2903 oti'ertur.
3081 2845 3255 2915 Hujus
3294 2842 3565 2914 primitias

1978 2941 2232 2996 sacerdos
2259 2939 2509 2995 Christus
2548 2952 2711 3007 super
2752 2951 2953 2991 cornua
3001 2934 3187 2989 altaris
3223 2933 3566 2988 holocausta-

289 3033 698 3097 liberabuntur;
728 3031 811 3085 sin
839 3039 1020 3085 autem
1057 3029 1484 3099 desperaverint,
1520 3029 1875 3098 quemadmo-
1902 3025 1946 3084 C
1979 3032 2141 3086 matis
2160 3029 2369 3097 oll‘eret,
2399 3030 2647 3085 videlicet
2670 3043 2769 3099 per
2788 3041 3007 3084 crucem
3031 3040 3217 3090 suam;
3245 3025 3290 3080 si
3314 3024 3461 3079 enim
3486 3024 3566 3078 al-

290 3124 420 3180 dum
455 3123 678 3194 quidam
707 3123 1093 3193 gubernatores
1134 3120 1219 3175 vel
1249 3128 1427 3175 nauta:
1453 3120 1653 3189 pavidi,
1694 3119 1877 3174 statim

287 3229 541 3290 pereunt.
569 3216 703 3271 Nam
742 3225 799 3272 et
828 3216 1088 3272 Dominus
1126 3215 1301 3269 dixit:
1343 3212 1504 3269 Orate
1534 3230 1597 3267 ne
1631 3212 1724 3281 ﬁat
1752 3213 1879 3282 fuga

292 3319 461 3363 vestra
489 3308 656 3362 hieme
691 3307 767 3362 rel
791 3306 1008 3361 sabbato
1039 3304 1254 3377 (Matth.
1282 3301 1457 3372 xxrv),
1486 3303 1723 3357 hiemem
1751 3310 1879 3356 tem-

292 3413 397 3467 pus
417 3397 755 3468 poenitentia:
784 3396 993 3460 dicens,
1021 3396 1304 3450 sabbatum
1331 3408 1462 3447 vero
1486 3392 1655 3447 otium
1685 3392 1880 3446 anima:

295 3501 459 3559 atque
497 3490 758 3544 virtutum
804 3489 1161 3545 cessationem
1216 3487 1552 3556 intelligens;
1600 3486 1666 3541 ad
1707 3486 1878 3541 otium

296 3586 564 3656 siquidem
591 3593 755 3654 atque
782 3599 812 3640 a
843 3582 999 3637 malis
1028 3582 1364 3637 vacationem
1394 3580 1587 3635 datum
1623 3588 1709 3634 est
1746 3579 1874 3634 sab-

296 3677 515 3743 batum,
555 3675 650 3732 sed
678 3674 982 3730 Jndeorum
1030 3688 1162 3745 gens
1194 3674 1301 3728 hoc
1327 3687 1359 3727 e
1399 3672 1615 3726 diverso
1642 3685 1740 3724 usa
1773 3677 1877 3724 est.

296 3770 478 3824 Grave
500 3776 682 3823 autem
717 3774 799 3821 est
824 3766 878 3819 in
911 3775 1151 3833 tempore
1187 3778 1293 3832 quo
1319 3761 1623 3816 necessaria
1651 3767 1735 3814 est
1767 3772 1880 3827 pae-

300 3859 566 3925 nitentia,
609 3867 665 3913 et
712 3856 883 3912 multo
923 3855 1141 3925 gravius
1171 3868 1278 3922 quo
1324 3859 1481 3906 vacat
1515 3850 1584 3904 ab
1629 3848 1883 3903 omnibus

300 3949 578 4021 operibus,
596 3962 920 4019 quemquam
946 3944 1167 4009 tentari,
1188 3943 1270 3998 vel
1294 3940 1721 4013 persecutionem
1746 3938 1879 4007 pati,

304 4045 448 4099 unde
475 4043 638 4097 etiam
670 4041 812 4095 sicut
840 4037 1097 4108 majorem
1140 4052 1263 4092 eum
1298 4034 1391 4104 qui
1429 4033 1656 4088 sabbato
1701 4045 1883 4101 perse-

302 4134 578 4189 culionem
603 4132 831 4202 patitur,
862 4129 1210 4185 novissimum
1241 4122 1726 4190 numeravit..Quia
1754 4136 1883 4191 ergo

301 4234 362 4280 et
390 4225 527 4279 hirci
571 4231 627 4278 et
654 4237 831 4291 capra:
859 4220 973 4276 sive
1016 4219 1156 4275 haedi
1184 4218 1440 4271 virtutem
1475 4222 1529 4270 et
1565 4212 1883 4270 differentia:

304 4315 696 4371 sacriﬁciorum
723 4313 939 4368 modum
972 4310 1279 4375 didicimus,
1301 4306 1414 4376 jam
1450 4306 1732 4361 videamus
1759 4318 1879 4372 qum

1983 3132 2097 3179 tare
2140 3122 2624 3178 holocaustomatis
2647 3120 2861 3176 Domini
2889 3134 3089 3189 corpus
3122 3125 3222 3179 est,
3254 3116 3414 3187 hujus
3440 3130 3566 3185 pro-

1982 3215 2069 3269 cui
2103 3214 2267 3270 dubio
2289 3228 2491 3268 cornua
2520 3228 2653 3268 crux
2684 3211 2810 3275 erit,
2848 3210 2914 3265 de
2941 3224 3049 3279 qua
3087 3207 3341 3263 Habacuc
3388 3206 3562 3261 dixit:

1981 3304 2193 3360 Cornua
2241 3294 2363 3359 sunt
2412 3303 2466 3356 in
2503 3302 2744 3356 manibus
2782 3300 2897 3370 ejus
2932 3296 3168 3371 (Hebae.
3217 3295 3333 3368 ιιι).
3364 3294 3568 3351 Oll'eret

1981 3411 2144 3465 wper
2188 3409 2342 3449 suam
2386 3406 2603 3447 crucem
2640 3391 2908 3460 primitias
2952 3387 3262 3443 necessario
3306 3386 3388 3441 sui
3435 3401 3566 3440 sau-

1980 3486 2158 3555 guinis
2192 3485 2283 3555 qui
2318 3499 2415 3553 pro
2449 3489 2673 3553 peccato
2701 3478 2944 3543 offertur,
2975 3477 3098 3547 quia
3139 3492 3277 3547 opus
3307 3475 3487 3530 crucis
3511 3485 3566 3530 ct

1980 3576 2209 3631 cll'ectus
2259 3573 2500 3646 perfecta
2551 3578 2901 3642 peccatorum
2950 3576 3257 3623 nostrorum
3316 3565 3566 3620 remissio

1981 3676 2083 3721 est.
2113 3665 2268 3733 Quod
2296 3674 2476 3718 autem
2506 3662 2637 3717 dicit
2664 3679 2675 3714 :
2720 3658 2995 3729 Reliquum
3034 3656 3341 3726 sanguinem
3382 3654 3565 3724 {undet

1982 3758 2051 3812 ad
2090 3757 2254 3812 basim
2295 3756 2432 3825 ejus,
2459 3767 2674 3809 omnem
2706 3749 3076 3821 paenitentiam
3106 3745 3429 3818 evangelicae
3470 3744 3565 3798 tri-

1981 3849 2100 3904 buit
2126 3846 2519 3918 pratdicationi,
2548 3858 2712 3914 quam
2741 3856 2862 3897 esse
2890 3840 3061 3895 basim
3092 3837 3279 3893 altaris
3306 3835 3561 3891 diximus.

1984 3940 2152 3996 Recte
2178 3947 2359 3994 autem
2386 3935 2758 4007 paenitentiam
2789 3947 3005 3988 omnem
3037 3929 3344 4000 apostolicze
3371 3926 3565 3997 prmdi-

1983 4033 2184 4090 cationi
2216 4030 2427 4094 tribuit,
2455 4028 2581 4098 quia
2607 4025 2784 4082 omnis
2821 4022 2938 4092 eius
2966 4021 3193 4077 intentio
3223 4020 3337 4073 haec
3366 4026 3447 4072 est
3466 4057 3480 4079 ,
3506 4024 3571 4069 ut

1983 4125 2162 4182 onmis
2194 4124 2355 4178 homo
2388 4120 2657 4189 paenitens
2686 4131 2745 4172 se
2787 4114 3104 4184 corrigendo
3145 4111 3400 4174 salvetur,
3440 4121 3564 4176 pro-

1983 4224 2105 4286 pter
2125 4212 2266 4282 quod
2298 4219 2351 4265 et
2380 4209 2608 4279 primam
2640 4205 2785 4259 illam
2816 4217 3001 4257 vocem
3033 4200 3291 4253 Dominus
3318 4194 3565 4266 providet

1985 4308 2040 4360 in
2067 4301 2353 4372 Evangelia
2379 4296 2706 4353 doctoralem
2736 4311 2747 4345 :
2782 4290 3145 4344 Pwnitentiam
3175 4288 3335 4357 agite,
3373 4301 3563 4354 appro—

305 4407 364 4461 in
392 4415 621 4475 utroque
648 4413 879 4476 aguntur
903 4400 1189 4456 sacriﬁcio.
1216 4395 1531 4453 Communia
1561 4393 1703 4448 enim
1733 4399 1885 4451 sunt.
1912 4367 1961 4426 D
1986 4390 2254 4464 pinquabit
2288 4389 2427 4440 enim
2458 4398 2672 4454 regnum
2698 4379 2942 4434 cmlorum
2974 4373 3561 4476 (Matth.‘tv).‘0nmem

304 4495 563 4564 quoniam
599 4491 931 4564 paenitentia:
959 4489 1104 4553 linis,
1132 4496 1190 4543 et
1217 4485 1485 4556 generalis
1511 4482 1733 4538 eli‘ectus
1757 4495 1883 4550 pec-

304 4594 553 4641 catorum
578 4583 825 4638 remissio
846 4590 951 4646 est,
977 4595 1144 4649 quam
1168 4586 1353 4647 aperte
1381 4573 1656 4644 legislator
1680 4569 1882 4639 posuit,

306 4678 495 4736 dicens
529 4694 544 4731 :
577 4675 731 4743 Quod
781 4676 826 4729 si
862 4672 1144 4746 peccaverit
1191 4669 1368 4724 anima
1411 4681 1503 4736 per
1532 4662 1885 4734 ignorantiam

303 4768 377 4824 de
402 4767 594 4840 populo
616 4776 791 4829 terra’,
824 4774 880 4818 ut
916 4764 1077 4833 facint
1112 4759 1395 4829 quidquam
1432 4771 1497 4809 ea:
1532 4754 1598 4807 iis
1629 4767 1744 4822 qua:
1774 4749 1885 4804 Do-

305 4862 438 4917 mini
471 4860 580 4931 lege
619 4859 974 4929 prohibentur.
1008 4854 1124 4908 Non
1155 4851 1285 4905 dicit
1312 4847 1464 4918 quid,
1491 4844 1617 4915 quia
1654 4843 1708 4898 in
1751 4856 1885 4911 quo-

306 4952 441 5007 libet
480 4950 865 5021 praevaricatus
904 4944 1025 5015 quis
1056 4942 1249 5004 fuerit,
1279 4941 1333 4993 in
1373 4945 1540 4992 totam
1580 4933 1751 5004 legem
1793 4933 1886 4986 de-

307 5042 537 5112 linquit,
574 5041 714 5095 sicut
757 5038 945 5092 beatus
972 5034 1203 5089 Iacobus
1232 5030 1344 5084 ait:
1375 5028 1681 5096 Quicunque
1724 5032 1886 5076 totam

307 5133 476 5203 legem
501 5129 805 5192 servaverit,
832 5126 1061 5195 o/fendat
1089 5132 1259 5176 autent
1283 5122 1336 5174 in
1360 5136 1483 5183 uno,
1513 5117 1744 5170 omnium
1772 5129 1887 5165 rcus

307 5221 654 5276 constituetur
678 5216 817 5291 (Jac.
836 5214 919 5287 ιι).
937 5212 1160 5280 Quando
1182 5211 1294 5280 ipse
1319 5208 1406 5276 qui
1435 5203 1675 5275 peccavit
1702 5215 1889 5270 pecca-

312 5324 427 5369 tum
449 5327 605 5368 suum
627 5311 959 5382 cognoverit,
978 5323 1153 5378 neque
1172 5306 1315 5361 enim
1337 5304 1491 5357 aliter
1510 5297 1883 5370 pmnitentiam

307 5420 476 5473 agere
505 5411 683 5474 potest
717 5403 819 5456 nisi
869 5408 1158 5470 cognoscat
1206 5403 1487 5466 peccatum
1542 5405 1720 5453 suum,
1756 5396 1885 5441 tunc

309 5499 460 5553 enim
483 5497 735 5568 princeps
762 5495 968 5549 hircum
993 5494 1104 5547 sive
1126 5491 1490 5548 chimarrum;
1519 5485 1563 5538 is
1588 5491 1769 5536 autem
1791 5479 1883 5548 qui

309 5588 379 5645 de
406 5590 562 5646 turba
588 5596 670 5644 est
699 5584 852 5642 eﬂ‘ert
878 5600 1093 5657 capram
1120 5584 1233 5638 sive
1256 5581 1584 5645 chimarran,
1619 5577 1881 5629 immacu-

1989 4462 2168 4536 autem
2211 4475 2461 4530 auferens
2488 4472 2696 4540 adipem
2729 4467 2868 4524 sicut
2905 4463 3103 4520 auferri
3135 4463 3270 4519 solet
3306 4463 3373 4517 de
3402 4462 3590 4517 victir'

1991 4575 2094 4628 mis
2146 4567 2527 4641 paciﬁcorum,
2566 4570 2625 4616 ut
2671 4557 2983 4632 paenitentis
3029 4570 3187 4611 onme
3234 4553 3559 4610 desiderium

1989 4676 2200 4718 sursum
2232 4657 2502 4727 respiciat,
2533 4653 2584 4707 id
2614 4660 2700 4708 est
2732 4649 2929 4706 caelum
2964 4646 3225 4709 intendat,
3259 4654 3384 4700 utne
3420 4645 3571 4700 enim-

1990 4751 2189 4821 poterit
2216 4745 2589 4819 pamitentiam
2618 4740 2863 4798 oﬂ'crenti
2906 4739 2958 4793 in
3003 4737 3347 4807 paciﬁcorum
3390 4735 3564 4790 sacri.

1992 4839 2114 4893 licio
2158 4833 2419 4906 reputari.
2477 4831 2583 4886 Sed
2611 4831 2733 4902 quis
2767 4829 2837 4883 sit
2878 4827 3001 4882 ﬁnis
3042 4827 3234 4881 horum
3264 4839 3383 4893 qua:
3422 4824 3562 4879 dicta

1991 4936 2136 4991 sunt,
2165 4924 2370 4979 addidit
2402 4939 2416 4976 :
2454 4920 2771 4992 Rogabitque
2814 4935 2906 4989 pro
2937 4934 2997 4972 eo
3038 4916 3280 4971 sacerdos
3308 4922 3357 4968 et
3389 4913 3563 4967 dimit-

1990 5029 2129 5072 tetur
2158 5018 2224 5070 ei.
2271 5014 2454 5083 Neque
2491 5013 2635 5067 enim
2675 5010 2852 5065 idonei
2896 5023 3081 5063 sumus
3111 4996 3332 5077 peccata
3377 5006 3561 5059 nobis-

1994 5106 2237 5177 metipsis
2266 5102 2558 5166 dimittere,
2599 5101 2848 5155 Christus
2890 5106 3069 5153 autem
3116 5097 3271 5152 nobis
3313 5097 3566 5165 propitia-

1993 5204 2192 5256 tionem
2223 5198 2453 5269 perlicit.
2489 5196 2548 5250 Si
2592 5203 2763 5248 autem
2807 5191 2871 5245 de
2910 5190 3181 5261 pecoribus
3211 5188 3449 5243 obtulerit
3484 5187 3561 5240 vi»

1989 5290 2199 5343 ctimam
2235 5302 2328 5356 pro
2361 5294 2589 5355 peccato,
2620 5298 2759 5335 ovem
2800 5280 2992 5333 scilicet
3032 5275 3440 5338 immaculatum,
3471 5291 3564 5343 po-

1992 5396 2073 5438 net
2122 5397 2335 5436 manum
2374 5394 2528 5448 super
2568 5385 2723 5445 caput
2760 5374 2898 5445 ejus,
2937 5383 2985 5427 et
3028 5368 3314 5425 immolabit
3358 5382 3470 5419 eam
3508 5367 3561 5421 in

1990 5477 2102 5529 loco
2133 5473 2219 5526 ubi
2241 5471 2406 5526 solent
2433 5468 2853 5522 Itolocaustorunt
2894 5464 3023 5517 credi
3059 5461 3257 5520 hostia’,
3299 5466 3563 5525 suntatque

1990 5567 2230 5625 sacerdos
2256 5566 2320 5619 de
2366 5561 2614 5633 sanguine
2643 5560 2755 5629 ejus
2790 5558 2951 5628 digito
2977 5571 3091 5616 suo,
3122 5562 3167 5603 ct
3198 5560 3412 5619 tangens
3443 5565 3557 5604 cor-
