3954 6176
405 215 514 267 2ἶ9

1078 207 1137 260 Β.
1182 205 1436 260 RABAN
1480 202 1697 257 MAURI
1736 200 2057 254 ABCHII‘J'.
2102 196 2412 253 MUGUNT.
2453 194 2736 252 OPERUM
2779 193 2959 250 PARS
2993 194 3032 248 Ι.

3571 191 3673 247 280

398 341 504 379 nua
550 322 733 376 altaris
783 319 1074 373 holocausti
1096 358 1113 384 ,
1166 319 1419 388 reliquum
1477 315 1657 386 fundet
1698 314 1766 367 ad
1814 312 1980 366 basim
2008 315 2058 372 Α
2086 310 2152 365 ad
2178 312 2586 383 corrigendum,
2630 310 2744 365 sive
2773 311 2840 365 ad
2868 311 3036 365 Deum
3064 324 3164 381 pro
3193 308 3283 364 illo
3313 309 3673 380 placandum,

396 416 531 485 ejus.
570 413 788 468 Omnem
825 429 1028 483 quoque
1056 411 1301 481 auferens
1341 410 1570 480 adipem,
1612 409 1745 462 sicut
1780 405 1983 475 auferri

396 510 525 562 solet
553 505 712 576 adeps
744 504 922 558 ar’etis
944 504 1034 574 qui
1058 501 1366 557 immolatur
1393 517 1489 572 pro
1516 499 1775 571 paciﬁcis,
1800 507 1848 553 et
1871 513 1985 551 cre-

396 598 559 653 mabit
600 613 757 667 super
786 596 953 651 altare
986 597 1042 650 in
1078 596 1345 649 incensum
1390 593 1623 647 Domini.
1660 590 1986 661 Rogabitque

395 705 492 758 pro
521 704 602 751 eo,
626 697 673 739 et
702 703 797 755 pro
835 695 1046 756 peccato
1080 685 1215 755 ejus,
1247 693 1294 738 et
1325 683 1617 737 dimittetur
1644 681 1745 735 illi.
1772 679 1986 735 Semet-

400 778 576 847 ipsum
605 792 747 831 nunc
780 791 995 847 quoque
1034 790 1267 845 sequens
1293 774 1574 845 lcgislator
1599 772 1861 828 oblationi
1903 787 1989 826 ca-

397 886 528 941 pue,
559 870 675 924 sive
718 870 1004 923 chimarra:
1037 881 1198 938 quam
1233 867 1469 921 diximus
1499 867 1567 920 ab
1602 866 1687 921 his
1725 866 1817 935 qui
1862 872 1988 920 sunt

398 961 468 1015 de
512 959 729 1030 populo,
772 967 825 1014 et
871 960 963 1028 qui
1013 975 1117 1013 non
1161 967 1497 1029 occupantur
1540 958 1591 1011 in
1634 957 1989 1012 meditatione

398 1049 554 1121 legis,
599 1047 780 1104 oll'erri
828 1064 983 1104 ovem
1030 1064 1248 1119 quoque
1295 1047 1613 1117 conjunxit:
1642 1047 1897 1117 quoniam
1932 1047 1986 1100 in

398 1138 597 1209 populo
637 1148 694 1193 et
742 1139 924 1193 idiotis
964 1138 1221 1209 possibile
1266 1145 1352 1193 est
1403 1152 1524 1193 esse
1571 1137 1780 1207 aliquos
1822 1137 1986 1191 etiam

400 1229 674 1299 simplices
716 1230 914 1299 quibus
955 1228 1245 1285 conveniat
1286 1228 1404 1283 ovis
1444 1227 1802 1293 sacriﬁcium,
1846 1227 1988 1297 quod

401 1331 510 1375 tant
552 1321 607 1375 in
643 1319 1125 1375 holocaustomatis
1163 1333 1324 1388 quam
1355 1317 1642 1373 sacriﬁciis
1668 1318 1860 1373 hostia:
1896 1334 1991 1389 pa-

399 1410 677 1466 ciﬁeorum
713 1410 1161 1464 demonstratum.
1197 1408 1400 1479 Aperte
1431 1421 1560 1479 ergo
1598 1407 1875 1479 legislator
1898 1422 1989 1476 ap-

398 1503 633 1574 probare
674 1502 896 1572 cupiens
939 1501 1083 1571 quod
1126 1517 1233 1556 non
1281 1500 1456 1556 solum
1499 1500 1773 1570 princeps,
1815 1500 1869 1554 id
1907 1507 1993 1554 est

401 1591 626 1647 scientia
653 1591 955 1656 sublimior,
981 1606 1083 1645 nec
1114 1600 1319 1646 tantum
1350 1590 1648 1661 popularis,
1673 1588 1766 1648 sed
1796 1605 1841 1645 sn
1868 1590 1989 1659 quis

400 1684 561 1739 estin
590 1682 940 1754 popularibus
968 1682 1216 1753 simplex,
1243 1683 1290 1737 si
1321 1680 1459 1736 forte
1487 1680 1813 1751 peccaverit,
1845 1680 1989 1750 quod
2018 1671 2063 1730 Β

400 1782 457 1827 et
490 1773 580 1828 hic
626 1773 695 1827 ad
744 1772 1173 1842 redemptionem
1209 1779 1560 1841 peccatorum
1596 1770 1789 1825 debeat
1816 1770 1991 1840 paeni-

402 1865 666 1931 tentiam,
710 1865 829 1921 ovis
876 1864 1205 1920 sacriﬁcium
1254 1863 1599 1918 introduxit:
1642 1862 1764 1917 ideo
1808 1868 1989 1917 autem

403 1971 510 2010 non
539 1956 786 2021 arietem,
815 1955 910 2011 sed
939 1970 1119 2020 ovem,
1151 1955 1206 2009 id
1233 1963 1318 2009 est
1341 1954 1621 2019 feminam,
1649 1964 1707 2008 et
1741 1969 1847 2009 non
1877 1966 1992 2008 ma-

402 2044 609 2099 sculum
635 2046 893 2115 pmoepit
913 2044 1117 2111 oﬂ‘erri,
1140 2046 1264 2116 quia
1292 2043 1643 2116 popularibus
1668 2042 1990 2099 feminarum

402 2135 729 2191 sacrificium
760 2136 1070 2206 deputavit;
1104 2152 1199 2191 eos
1242 2136 1332 2191 hic
1372 2135 1464 2206 qui
1502 2134 1676 2205 legem
1720 2133 1994 2204 accipiunt

403 2226 681 2281 cviicntcr
704 2234 1037 2292 contestans,
1063 2235 1121 2281 ut
1147 2227 1456 2297 quicunque
1484 2225 1849 2297 principatum
1878 2238 1995 2278 sor-

404 2317 537 2371 titus
582 2324 683 2379 est,
720 2323 773 2370 et
811 2324 894 2370 est
921 2317 1043 2371 aliis
1072 2317 1358 2373 sublimior
1399 2317 1647 2383 scientia,
1680 2331 1785 2370 non
1818 2315 1990 2371 solum

404 2407 659 2461 exhibeat
678 2407 1078 2477 simplicitatem
1100 2423 1223 2463 cum
1251 2416 1498 2479 oporteat
1522 2423 1645 2463 eum
1674 2408 1839 2462 etiam
1867 2423 1995 2476 pru-

405 2496 613 2550 dentem
641 2512 752 2550 esse
790 2498 922 2550 sicut
966 2508 1276 2568 serpentem,
1310 2499 1763 2568 quemadmodum
1805 2498 1993 2553 Domi—

404 2603 511 2645 nus
537 2589 643 2654 ait;
667 2588 760 2659 qui
789 2604 917 2646 vero
945 2606 1050 2644 non
1079 2599 1164 2645 est
1190 2590 1334 2655 talis,
1359 2590 1413 2644 id
1443 2599 1545 2655 est,
1571 2591 1662 2660 qui
1694 2605 1800 2646 non
1830 2591 1996 2647 abun-

407 2678 501 2732 dat
526 2679 775 2746 scientia,
799 2688 853 2736 et
876 2692 1162 2751 propterea
1190 2682 1242 2735 in
1265 2680 1465 2752 popqu
1488 2682 1667 2754 deget,
1693 2683 1782 2738 hic
1804 2699 1996 2754 quam-

404 2770 489 2825 vis
514 2770 584 2826 sit
609 2771 861 2843 simplex,
888 2772 932 2827 si
960 2772 1239 2843 contingat
1263 2780 1322 2826 ut
1348 2780 1557 2842 peccet,
1588 2788 1690 2828 nec
1717 2773 1836 2843 ipso
1869 2789 1996 2845 pec-

406 2868 532 2914 cato
559 2860 868 2932 ignoscetur
893 2861 996 2916 nisi
1028 2877 1127 2933 per
1152 2862 1479 2918 oblationem
1504 2865 1839 2934 poenitentiae
1870 2880 1995 2935 pec-

406 2957 589 3003 catum
621 2949 860 3006 diluerit.
905 2950 1042 3007 Cum
1072 2966 1202 3023 ergo
1233 2952 1350 3008 hmo
1392 2953 1467 3009 ita
1496 2969 1556 3010 se
1593 2956 1844 3022 habeant,
1885 2973 1991 3012 non

403 3047 567 3108 egent
592 3046 786 3094 extera
813 3021 1169 3109 expositione.
1197 3040 1332 3097 Cum
1358 3043 1504 3098 enim
1536 3044 1864 3101 sacriﬁcium
1892 3062 1993 3116 pro
2022 3021 2067 3082 (ἶ

407 3138 633 3199 peccato
659 3131 751 3196 sit,
776 3131 934 3186 simul
964 3131 1049 3188 hic
1071 3133 1139 3190 de
1160 3149 1323 3203 capra
1349 3144 1404 3190 et
1422 3150 1524 3190 ove
1547 3138 1826 3208 prmcepit,
1853 3139 1994 3195 unde

408 3235 630 3275 necesse
669 3236 776 3275 non
820 3230 936 3289 est,
974 3239 1101 3279 cum
1135 3224 1419 3280 tendamus
1462 3225 1529 3280 ad
1567 3229 1872 3297 sequentia,
1901 3230 1992 3285 diu

410 3308 464 3363 in
495 3311 851 3379 praesentibus
882 3312 1180 3370 immorari.

1018 3428 1246 3486 CAPUT
1290 3430 1396 3487 Vll.

638 3515 715 3571 De
747 3534 806 3572 eo
832 3519 922 3591 qui
957 3520 1104 3573 audit
1121 3520 1394 3592 jurantem
1429 3522 1769 3578 mendaciter.

482 3606 633 3682 (Car.
670 3611 744 3683 v.)
783 3610 845 3667 Si
880 3613 1169 3682 peccaverit
1211 3614 1420 3682 anima,
1457 3625 1504 3669 et
1544 3615 1772 3671 audierit
1821 3634 1994 3672 vocem

403 3695 659 3772 jurantis,
691 3703 934 3775 testisque
959 3703 1117 3774 fuerit
1156 3704 1295 3777 quod
1322 3715 1415 3759 aut
1453 3707 1564 3777 ipse
1593 3708 1721 3762 vidit
1747 3718 1838 3763 aut
1870 3727 1995 3765 con-

412 3794 551 3848 scius
583 3802 679 3859 est,
708 3794 809 3848 nisi
850 3794 1178 3861 iudicaverit,
1212 3795 1439 3867 portabit
1465 3797 1794 3869 iniquitatem
1816 3816 1991 3854 suam.

411 3884 522 3955 (Ex
566 3883 631 3938 ι).
667 3882 1004 3955 Augustino.)
1049 3882 1164 3938 Hoc
1209 3885 1355 3939 enim
1389 3885 1604 3940 videtur
1643 3887 1845 3955 dicere,
1868 3876 1997 3958 pec-

408 3991 540 4031 eare
580 3976 881 4040 hominem,
912 3990 1022 4045 quo
1050 3977 1301 4031 audiente
1335 3977 1485 4048 jurat
1526 3978 1721 4049 aliquis
1766 3979 1992 4047 falsum,

409 4076 466 4122 et
496 4067 600 4123 scit
626 4082 747 4122 eum
781 4065 973 4121 falsum
1006 4065 1195 4135 jurare
1221 4075 1276 4121 et
1307 4075 1467 4135 tacet,
1499 4080 1626 4125 tunc
1661 4081 1844 4126 autem
1870 4073 1993 4140 scit,

407 4161 458 4219 si
503 4161 551 4217 ei
584 4160 659 4217 rei
688 4160 755 4215 de
784 4176 889 4233 qua
911 4159 1131 4229 juralur
1171 4161 1327 4217 testis
1370 4160 1534 4219 fuerit
1579 4171 1675 4218 aut
1700 4164 1865 4228 vidit,
1902 4174 1997 4221 aut

411 4253 662 4309 conscius
691 4251 812 4319 fuit,
843 4253 896 4308 id
918 4259 1002 4308 est
1022 4252 1203 4324 aliquo
1225 4254 1383 4308 modo
1408 4256 1681 4324 cognovit,
1709 4265 1803 4311 aut
1824 4257 1997 4313 oculis

409 4344 525 4399 suis
550 4344 852 4416 conspexit,
880 4352 973 4399 aut
1010 4344 1124 4414 ipse
1167 4345 1259 4416 qui
1294 4346 1463 4417 jurat,
1498 4347 1572 4402 illi
1614 4348 1890 4405 indicavit.
1917 4350 1996 4406 lta

409 4434 557 4488 enim
600 4435 776 4504 potuit
801 4450 923 4490 esse
950 4435 1221 4501 conscius,
1263 4436 1358 4491 sed
1390 4436 1533 4493 inter
1559 4438 1805 4494 timorem
1836 4438 1998 4509 hujus

412 4523 620 4595 peccati
659 4532 715 4578 et
744 4523 994 4578 timorem
1024 4524 1345 4593 proditionis
1382 4525 1659 4581 hominum
1687 4543 1792 4583 non
1830 4543 1996 4597 parva

411 4613 598 4670 existit
630 4613 947 4685 plerumque
971 4614 1229 4680 tentatio;
1258 4630 1545 4684 possumus
1572 4617 1716 4670 enim
1746 4625 1994 4686 paratum

2085 402 2129 457 si
2157 410 2213 456 et
2240 401 2356 471 ipse
2384 400 2742 457 confessionis
2767 400 3018 456 adhibeat
3044 400 3389 456 medicinam.
3414 401 3548 455 Post
3573 401 3677 458 hoc

2085 501 2265 548 autem
2310 492 2518 564 peccati
2549 506 2721 561 genus
2746 491 2890 561 quod
2917 491 2986 546 de
3025 489 3265 561 pcrjurio
3289 490 3522 559 alicujus
3566 505 3679 547 non

2086 583 2325 639 indicato
2366 583 2840 646 commemoravit,
2869 581 3075 636 nullum
3105 596 3205 652 pro
3233 596 3299 637 eo
3342 580 3677 638 sacriﬁcium

2078 680 2244 750 jussit
2269 680 2472 747 oll‘erri,
2498 681 2595 737 sed
2620 679 2815 736 deinde
2838 678 3136 748 subjunxit.

2677 791 2908 848 CAPUT
2948 791 3080 846 Vill.

2089 885 2165 940 De
2207 885 2385 940 anima
2422 900 2539 955 qua:
2584 884 2807 952 tetigerit
2846 882 3047 953 aliquid
3094 881 3459 949 immundum,
3502 893 3599 937 aut
3648 900 3683 937 a

2656 955 2820 1008 bestia
2844 956 3093 1007 occisum.

2161 1049 2413 1121 (lennem)
2450 1049 2642 1103 Anima
2667 1063 2785 1119 qua:
2811 1046 3039 1116 tetigerit
3077 1045 3281 1117 aliquid
3316 1047 3684 1111 immundum,

2088 1144 2196 1198 sive
2222 1141 2362 1212 quod
2407 1141 2633 1194 occisum
2662 1156 2696 1192 a
2727 1139 2888 1192 bestia
2911 1146 3022 1202 est,
3053 1147 3145 1191 aut
3172 1154 3265 1207 per
3289 1155 3345 1192 se
3383 1149 3684 1203 mortuum,

2089 1233 2169 1288 uel
2194 1231 2457 1305 quodlibet
2481 1230 2631 1285 aliud
2659 1228 2860 1300 reptile,
2880 1239 2928 1283 et
2954 1229 3114 1283 oblita
3144 1229 3298 1300 fuerit
3323 1230 3688 1285 immunditire

2090 1339 2223 1387 sua',
2254 1338 2342 1376 rea
2383 1330 2477 1384 est,
2505 1329 2553 1374 et
2578 1318 2850 1390 delinquit.
2887 1318 2953 1372 Et
2982 1320 3029 1373 si
3062 1319 3282 1388 tetigerit
3311 1318 3589 1389 quippiam
3621 1319 3689 1371 de

2091 1412 2424 1468 immunditia
2458 1397 2702 1476 hominis,
2723 1411 2883 1480 juxta
2925 1426 3131 1464 omnem
3170 1410 3527 1479 impuritatem
3574 1427 3689 1479 qua

2091 1503 2255 1575 pollui
2299 1501 2457 1566 solet,
2498 1500 2758 1570 oblitaque
2803 1500 3098 1570 cognouerit
3147 1509 3358 1570 postea,
3384 1500 3689 1570 subjacebit

2095 1595 2302 1649 delicto.
2327 1593 2513 1663 Neque
2533 1592 2623 1647 hic
2651 1590 2977 1646 sacriﬁcium
3003 1605 3103 1659 pro
3124 1589 3215 1645 illo
3240 1605 3436 1661 genere
3468 1593 3690 1659 peccati

2091 1685 2221 1755 quid
2261 1682 2520 1738 offeratur
2558 1680 3024 1743 commemoravit,
3052 1680 3148 1735 sed
3177 1680 3355 1734 adhuc
3382 1679 3593 1749 adjecit
3634 1689 3689 1733 et

2062 1818 2063 1821 η
2093 1776 2206 1830 ait:
2238 1775 2428 1829 Anima
2454 1789 2572 1844 qua!
2594 1772 2853 1843 juraverit
2885 1780 2932 1826 et
2961 1770 3240 1841 protulerit
3266 1769 3421 1824 labiis
3450 1771 3592 1834 suis,
3632 1782 3689 1824 ut

2092 1866 2167 1919 uel
2203 1863 2339 1918 male
2365 1864 2492 1934 quid
2527 1862 2720 1932 faceret
2749 1865 2826 1915 vet
2857 1860 3003 1923 bene,
3029 1870 3078 1914 et
3117 1859 3344 1929 idipsum
3368 1858 3691 1928 juramento

2091 1964 2139 2008 et
2188 1969 2426 2007 sermone
2463 1951 2779 2020 ﬁrmaverit,
2830 1947 3093 2020 oblitaque
3139 1959 3319 2020 postea
3362 1949 3687 2005 intellexerit

2091 2044 2338 2099 delictum
2363 2060 2538 2107 suum,
2566 2052 2687 2113 agat
2713 2042 3067 2113 pmnitentiam
3095 2058 3189 2112 pro
3212 2052 3445 2113 peccato,
3473 2052 3522 2097 et
3552 2046 3690 2114 olfe-

2093 2144 2176 2188 rat
2203 2149 2393 2204 agnam
2420 2132 2485 2186 de
2517 2132 2756 2203 gregibus
2784 2133 2892 2186 sive
2929 2148 3168 2201 capram,
3198 2132 3470 2203 orabitque
3496 2150 3596 2203 pro
3625 2152 3689 2189 eo

2092 2225 2362 2290 sacerdos,
2389 2232 2437 2277 et
2483 2239 2578 2294 pro
2606 2231 2816 2293 peccato
2864 2222 2999 2291 ejus.
3040 2221 3148 2293 (Ea:
3173 2222 3511 2295 Augustino.)
3539 2224 3689 2291 Quid

2092 2330 2177 2373 est
2219 2332 2349 2387 ergo
2373 2317 2516 2386 quod
2543 2330 2642 2386 pro
2666 2314 2833 2371 tacito
2858 2314 3177 2386 cujusquam
3206 2314 3470 2386 perjurio,
3502 2326 3559 2371 et
3585 2332 3692 2388 pro

2093 2424 2160 2463 eo
2202 2408 2345 2478 quod
2384 2407 2621 2478 tangitur
2663 2407 3030 2471 morticinum,
3071 2406 3155 2462 vel
3198 2406 3399 2476 aliquid
3442 2408 3688 2463 immun-

2094 2501 2254 2563 dum,
2301 2497 2508 2552 nullum
2561 2496 2891 2552 sacriﬁcium
2941 2497 3427 2562 commemoravit;
3471 2513 3575 2568 pro
3618 2513 3693 2553 eo

2070 2612 2073 2617 ·
2092 2606 2225 2645 vero
2252 2598 2477 2660 peccato
2498 2588 2589 2643 ubi
2612 2588 2809 2644 falsum
2830 2589 3062 2659 quisque
3083 2589 3332 2644 nesciens
3350 2589 3526 2661 jurat,
3548 2589 3696 2647 dixit

2092 2687 2276 2743 offerri
2308 2701 2504 2757 agnam
2546 2685 2633 2741 vel
2665 2700 2911 2756 capram,
2955 2700 3022 2739 an
3054 2700 3153 2755 pro
3193 2684 3451 2739 omnibus
3492 2701 3693 2755 supra-

2094 2780 2254 2835 dictis
2285 2779 2387 2834 boc
2420 2776 2750 2833 sacriﬁcium
2781 2784 2998 2846 oportet
3027 2774 3288 2846 intelligi?
3323 2775 3498 2829 Voluit
3536 2776 3689 2830 enim

2093 2871 2244 2942 prius
2283 2870 2466 2925 omnia
2516 2883 2863 2933 enumerare,
2892 2876 2950 2922 et
2983 2868 3063 2921 sic
3113 2866 3317 2922 inferre
3352 2881 3462 2936 quo
3507 2867 3689 2922 sacri—

2098 2962 2222 3015 ﬁcio
2250 2960 2420 3032 possit
2453 2959 2685 3030 expiari.
2736 2957 2798 3013 Si
2843 2966 3019 3012 autem
3067 2974 3171 3012 non
3219 2958 3447 3027 potuerit
3494 2958 3693 3027 offerre

2098 3068 2274 3123 pecus,
2315 3050 2502 3120 offerat
2557 3049 2690 3111 duos
2746 3056 2977 3102 turtures
3030 3048 3109 3102 vel
3173 3051 3307 3103 duos
3356 3047 3529 3118 pullos
3592 3065 3693 3102 co—

2097 3142 2394 3196 lumbarum
2428 3139 2694 3195 Domino:
2721 3157 2883 3195 unum
2904 3157 2997 3211 pro
3033 3151 3263 3211 peccato,
3295 3151 3343 3196 et
3374 3143 3598 3196 alterunt
3628 3144 3693 3196 iu

2096 3233 2461 3288 holocaustum
2504 3249 2522 3286 :
2558 3232 2804 3304 dabitque
2841 3249 2928 3287 eos
2971 3233 3268 3298 sacerdoti,
3315 3234 3405 3305 qui
3455 3234 3694 3304 primum

2097 3325 2319 3393 o/j'erens
2347 3341 2442 3395 pro
2471 3334 2701 3395 peccato,
2729 3323 3042 3394 retorquebit
3070 3334 3228 3395 caput
3254 3324 3369 3393 ejus
3394 3324 3462 3378 ad
3490 3340 3699 3394 prunu-

2098 3417 2200 3481 las,
2237 3417 2312 3469 ita
2356 3426 2411 3469 ut
2458 3414 2593 3469 collo
2639 3414 2868 3481 hcereat,
2898 3424 2945 3468 et
2990 3431 3096 3469 non
3141 3416 3346 3485 penitus
3397 3416 3694 3485 abrumpa—

2096 3516 2204 3572 tur,
2243 3515 2292 3560 et
2342 3515 2576 3576 asperget
2614 3506 2679 3559 de
2722 3505 2977 3576 sanguine
3011 3505 3126 3575 ejus
3161 3522 3229 3577 pa
3260 3507 3409 3561 ietem
3457 3508 3694 3571 altaris;

2095 3599 2349 3673 quidquid
2383 3608 2561 3652 autem
2599 3597 2855 3669 reliquum
2892 3597 3081 3668 fuerit,
3123 3597 3281 3668 faciet
3324 3598 3576 3654 distillare
3611 3601 3696 3653 ad

2097 3694 2444 3765 fundamenta
2478 3690 2612 3760 ejus,
2644 3690 2767 3761 quia
2794 3706 2891 3760 pro
2917 3698 3128 3760 peccato
3162 3698 3236 3743 est
3266 3702 3284 3741 :
3315 3688 3535 3743 alterum
3563 3706 3694 3744 vero

2097 3782 2323 3838 adolebit
2352 3780 2718 3836 holocaustum
2748 3788 2805 3833 ut
2836 3778 2954 3848 ﬁeri
2975 3778 3124 3833 solet.
3154 3776 3473 3851 Rogabitque
3498 3796 3593 3849 pro
3622 3796 3691 3833 eo

2096 3873 2363 3937 sacerdos,
2387 3884 2433 3927 et
2462 3888 2558 3941 pro
2580 3880 2789 3943 peccato
2811 3871 2949 3940 ejus,
2974 3878 3023 3924 et
3048 3870 3342 3925 dimittetur
3362 3873 3429 3925 ei.
3459 3870 3611 3937 Quod
3635 3873 3692 3926 si

2098 3982 2202 4021 non
2227 3965 2445 4036 quiverit
2470 3981 2657 4019 manus
2678 3963 2793 4034 ejus
2819 3964 3007 4033 offerre
3026 3963 3159 4018 duos
3181 3973 3429 4031 turtures,
3453 3965 3527 4019 vel
3548 3965 3691 4019 duos

2096 4057 2267 4130 pullos
2295 4057 2589 4120 collumbaz,
2621 4058 2800 4126 oﬂ'eret
2836 4073 2931 4128 pro
2959 4067 3168 4128 peccato
3196 4057 3454 4122 similam,
3482 4068 3689 4127 partem

2097 4148 2215 4219 ephi
2251 4148 2526 4202 decimam.
2565 4147 2689 4201 Non
2725 4148 2888 4201 mittet
2928 4150 2982 4202 in
3013 4165 3129 4203 eam
3156 4147 3359 4215 oleum,
3391 4166 3484 4203 nec
3512 4151 3691 4204 thuris

2098 4240 2299 4313 aliquid
2324 4242 2576 4311 imponet,
2614 4241 2738 4312 quia
2771 4258 2867 4306 pro
2893 4252 3103 4312 peccato
3132 4251 3238 4306 est,
3269 4242 3538 4312 tradetque
3566 4259 3691 4296 eam

2099 4332 2378 4398 sacerdoti,
2414 4333 2504 4403 qui
2530 4331 2740 4403 plenum
2765 4349 2831 4387 ea:
2856 4341 2963 4387 toto
2991 4332 3248 4403 pugillum
3273 4333 3540 4396 hauriens,
3572 4350 3693 4387 cre-

2098 4428 2262 4483 mabit
2297 4443 2455 4497 super
2479 4425 2676 4492 altare,
2714 4427 2771 4481 in
2806 4427 3179 4481 monimentum
3207 4427 3322 4497 ejus
3346 4426 3436 4497 qui
3463 4425 3686 4491 obtulit,

2100 4536 2289 4590 rogans
2310 4535 2405 4590 pro
2432 4518 2525 4571 illo
2554 4527 2603 4571 et
2633 4518 2869 4588 expians.
2903 4515 3174 4587 Reliquam
3204 4534 3321 4572 vero
3343 4527 3547 4588 partem
3576 4518 3689 4587 ipse

2101 4611 2305 4665 habebit
2336 4611 2390 4664 in
2416 4625 2648 4664 munere.
2669 4608 2783 4681 (Ex
2804 4607 3110 4680 Hesychio.)
3139 4606 3275 4662 Num
3302 4608 3490 4663 eadem
3521 4607 3689 4677 legis-

415 4704 482 4758 ad
506 4702 801 4772 perjuriutn
828 4703 1168 4759 admonendo
1195 4704 1276 4759 vel
1302 4704 1636 4774 prohibendo
1658 4721 1688 4759 a
1714 4714 1820 4759 tam
1842 4707 1993 4777 gravi
2020 4687 2074 4747 D
2100 4703 2240 4757 lator
2286 4702 2515 4772 repetit,
2550 4716 2671 4756 cum
2713 4701 2767 4755 in
2813 4699 3103 4770 praeteritis
3139 4698 3369 4754 dixisset
3399 4716 3411 4750 :
3446 4695 3602 4762 Quod
3636 4698 3685 4751 si

412 4805 638 4868 peccato
664 4808 947 4859 revocare;
984 4795 1076 4849 sed
1102 4795 1147 4850 si
1176 4810 1282 4849 non
1310 4795 1560 4859 audierit,
1598 4804 1653 4850 et
1681 4811 1866 4851 coram
1901 4812 1996 4851 no-

415 4888 501 4943 bis
540 4886 607 4941 de
644 4901 703 4941 re
738 4902 899 4958 quam
930 4887 1085 4943 nobis
1118 4887 1311 4943 falsum
1349 4886 1616 4956 juraverit
1654 4896 1835 4943 utrum
1864 4905 1996 4960 pro-

415 4979 624 5035 dettdus
663 4979 755 5045 sit,
785 4979 828 5033 si
864 4980 1107 5049 proditus
1153 4980 1317 5034 etiam
1364 4980 1416 5034 in
1462 4981 1995 5051 periculum‘mortis

414 5070 679 5140 incurrat,
708 5070 1018 5128 dilileillima
1058 5072 1284 5143 quaestio
1320 5081 1428 5140 est,
1465 5072 1558 5129 sed
1596 5075 1740 5145 quod
1772 5091 1877 5130 non
1905 5090 1997 5130 ex-

413 5162 636 5237 pressit,
670 5162 755 5218 cui
786 5162 889 5220 hoc
917 5162 1258 5219 indicandum
1286 5173 1449 5230 esset,
1478 5174 1662 5219 utrum
1690 5164 1764 5219 illi
1788 5165 1874 5220 cui
1904 5167 1994 5221 ad-

407 5250 648 5323 juratur,
669 5264 738 5305 an
760 5250 1048 5317 sacerdoti,
1072 5250 1157 5307 vel
1180 5252 1413 5323 cuipiam
1432 5252 1524 5322 qui
1549 5267 1655 5308 non
1675 5253 1847 5308 solum
1868 5269 1993 5308 eum

413 5342 664 5415 persequi
692 5357 799 5399 non
828 5351 1005 5414 petest
1030 5343 1319 5414 irrogando
1346 5344 1690 5415 supplicium,
1713 5346 1807 5400 sed
1829 5345 1994 5401 etiam

415 5447 574 5488 orare
599 5447 697 5503 pro
720 5432 811 5488 illo
837 5441 1037 5503 potest,
1064 5432 1275 5486 videtur
1300 5432 1432 5487 mihi
1456 5433 1598 5503 quod
1630 5448 1688 5487 se
1710 5433 1871 5488 homo
1891 5433 1996 5488 sol-

419 5534 531 5591 vat,
561 5525 724 5581 etiam
769 5541 798 5580 a
830 5510 1035 5596 peccati
1070 5523 1308 5590 vinculo,
1337 5524 1379 5578 si
1430 5524 1632 5579 indicet
1668 5523 1861 5579 talibus
1903 5525 1996 5594 qui

418 5617 588 5688 magis
620 5626 844 5690 possunt
878 5618 1134 5689 prodesse
1164 5631 1324 5688 quam
1389 5615 1578 5672 obesse
1616 5615 1853 5687 perjuro,
1884 5616 1997 5672 sive

2098 4795 2382 4866 peccaverit
2406 4794 2469 4847 de
2497 4793 2688 4864 populo
2727 4804 2880 4848 terrie
2906 4810 2999 4864 per
3026 4793 3399 4864 ignorantiam,
3433 4804 3488 4846 ut
3517 4793 3687 4862 faciat

2097 4886 2363 4956 quippiam
2401 4900 2465 4938 ex
2502 4886 2584 4938 his
2620 4901 2738 4955 quia
2777 4884 2987 4938 Domini
3017 4883 3126 4955 lege
3161 4885 3502 4955 prohibentur
3526 4895 3689 4956 atque

2098 4974 2406 5044 delinquat?
2442 4973 2765 5045 generaliter
2801 4974 2867 5028 de
2895 4975 3040 5030 omni
3081 4983 3307 5045 peccato
3341 4975 3684 5046 praecipiens,

2100 5075 2155 5121 et
2187 5065 2385 5136 jubens
2425 5080 2545 5135 qua:
2579 5063 2779 5119 debent
2815 5062 3015 5119 oll‘erri.
3062 5065 3288 5132 Quando
3315 5065 3460 5119 enim
3491 5066 3630 5120 dixit
3665 5082 3682 5119 :

2103 5156 2257 5225 Quod
2282 5159 2327 5211 si
2359 5157 2641 5228 peccaverit
2678 5157 2744 5211 de
2768 5156 2958 5228 populo
2989 5168 3143 5212 terra:
3183 5174 3276 5228 per
3305 5159 3686 5231 ignorantiam,

2097 5258 2153 5303 ut
2183 5249 2345 5321 faciat
2382 5249 2646 5319 quippiam
2677 5265 2743 5302 ea:
2776 5248 2857 5303 his
2884 5264 2999 5320 qua:
3026 5247 3236 5303 Domini
3268 5248 3379 5322 lege
3405 5252 3691 5322 prohiben-

2098 5351 2202 5404 tur,
2246 5348 2400 5411 atque
2439 5339 2727 5410 delinquat,
2772 5338 3077 5394 sensibilem
3121 5339 3373 5395 lsraelem
3418 5341 3684 5410 ostendit,

2098 5434 2189 5502 qui
2222 5447 2555 5502 cognoscens
2594 5433 2688 5487 Dei
2724 5434 3010 5496 mandata,
3049 5447 3156 5487 non
3186 5432 3371 5488 debuit
3404 5435 3687 5504 quippiam

2098 5525 2230 5595 legis
2261 5526 2597 5593 transgredi;
2634 5534 3005 5594 transgressus
3032 5534 3211 5579 autem
3245 5525 3468 5595 implete
3497 5527 3686 5582 debuit

2098 5631 2159 5671 ca
2188 5633 2306 5686 qua:
2329 5618 2393 5672 ad
2419 5616 2792 5687 pmniteutiam
2816 5616 3107 5686 pertinent.
3131 5615 3188 5671 In
3212 5617 3469 5687 praesenti
3497 5627 3683 5674 autem
