3954 6176
310 158 407 214 281
462 233 470 240 ο

1246 160 1750 217 EXPOSITIONES
1790 160 1857 216 ΙΝ
1899 159 2296 222 ιΕνιἸιεωι.
2336 198 2409 210 --
2446 169 2579 225 LIB.
2619 170 2663 225 ι.

3479 183 3586 240 289

303 276 494 329 dicens
523 290 538 326 :
570 271 629 328 Si
652 272 938 343 peccaverit
964 273 1165 338 citima,
1197 288 1536 342 nequaquam
1568 274 1794 339 addidit,
1830 274 1896 329 de
1922 273 1973 332 A
1999 281 2297 334 venantium
2339 280 2512 352 (Psal.
2556 286 2769 358 cxxm).
2817 287 2912 344 llic
2953 305 3084 363 ergo
3123 292 3432 355 immundus
3474 317 3583 357 non

302 363 505 435 populo
547 370 727 426 terrae,
775 370 832 416 et
872 364 1197 427 rectissime,
1241 364 1372 418 dicit
1409 366 1553 419 enim
1598 373 1816 433 peccata
1859 381 1889 419 a

301 459 507 528 quibus
552 471 773 511 necesse
821 456 927 523 sit,
974 458 1271 512 secundum
1314 459 1458 527 quod
1506 459 1583 512 ait
1624 456 1885 523 Iacobus,

298 547 460 599 etiam
496 547 593 600 hos
621 547 711 616 qui
738 557 858 601 sunt
894 563 961 601 ex
983 548 1219 619 gentibus
1254 548 1531 611 abstinere,
1568 549 1623 602 id
1650 560 1745 612 est,
1772 550 1890 603 ido-

297 636 530 702 lotliitis,
554 646 601 691 et
627 637 918 706 suffocatis,
949 648 995 691 et
1025 638 1277 708 sanguine
1302 649 1350 692 et
1376 639 1719 709 fornicatione
1743 640 1881 711 (Act.

295 740 390 789 xv,
422 728 561 797 xxi).
605 726 661 782 In
703 728 791 783 his
826 729 971 783 enim
1013 730 1253 784 invenies
1281 732 1559 800 sequentia
1590 747 1885 788 connume-

295 829 440 873 rata.
482 820 684 875 Deinde
726 821 977 891 superius
1003 823 1144 891 quod
1190 832 1273 877 cst
1312 834 1592 892 peccatum
1632 824 1883 878 uniuscu-

286 908 491 980 jusque
519 926 616 981 per
640 913 990 983 semetipsum
1028 913 1407 984 delinquentis,
1446 924 1499 969 et
1524 915 1664 984 quod
1696 931 1795 985 per
1822 930 1881 971 se

290 1003 421 1074 quis
460 1004 630 1073 gessit
667 1005 1014 1074 designatur;
1058 1006 1148 1061 hic
1187 1016 1367 1061 autem
1412 1023 1535 1062 eum
1564 1008 1654 1077 qui
1690 1008 1881 1064 alienis

288 1096 536 1163 peccatis
556 1098 996 1162 communicavit,
1020 1100 1375 1164 demonstrat,
1405 1101 1507 1155 hoc
1526 1102 1669 1156 enim
1702 1111 1877 1158 tactus

288 1186 583 1252 immundi,
614 1195 667 1241 et
691 1188 983 1255 morticini,
1015 1199 1070 1245 et
1097 1205 1127 1244 a
1162 1190 1332 1245 bestia
1361 1193 1504 1263 capti
1541 1193 1736 1258 innuit,
1769 1211 1876 1248 non

285 1290 388 1346 per
432 1277 743 1347 aenigmata,
782 1280 878 1334 sed
922 1288 1106 1350 aperte
1150 1296 1427 1351 exponens
1471 1286 1614 1353 quod
1656 1286 1875 1354 quidam

283 1366 622 1436 despiciunt,
650 1368 703 1423 id
729 1377 833 1435 est,
864 1369 1085 1425 alterius
1113 1371 1164 1424 in
1194 1387 1437 1426 errorem
1461 1373 1742 1437 mittentis,
1768 1391 1871 1429 non

284 1470 524 1532 arguere
568 1472 811 1514 errorem
834 1500 850 1526 ,
904 1461 998 1515 sed
1039 1477 1360 1517 consensum
1408 1466 1667 1533 przchere.
1718 1467 1873 1523 Nunc

282 1563 420 1618 ergo
444 1548 683 1604 ostendit
716 1550 841 1620 quia
868 1558 923 1606 et
963 1551 1018 1606 in
1060 1553 1163 1607 hoc
1201 1554 1548 1619 oblationem,
1573 1572 1692 1612 eam
1722 1558 1872 1612 vide-

1997 376 2103 434 est,
2133 371 2228 423 sed
2258 373 2504 440 quaedam
2536 375 2883 442 dill‘erentize,
2921 380 3060 435 idem
3090 388 3386 442 secundum
3412 389 3579 460 LXX,

1998 460 2408 518 morticinorum
2451 465 2640 534 positce
2668 477 2824 534 sunt,
2861 471 2926 524 de
2954 472 3149 540 quibus
3174 479 3417 544 quaedam
3443 481 3579 537 dixit

1995 564 2114 605 esse
2140 567 2360 621 pecora,
2391 558 2633 626 quaedam
2662 575 2792 616 vero
2837 563 3286 623 abominationes.
3333 569 3577 630 Mottici-

1992 656 2119 696 num
2156 654 2335 698 autem
2382 662 2546 716 pecus
2587 659 2671 705 est
2717 658 2897 711 homo.
2932 655 3023 724 qui
3074 672 3170 726 per
3215 659 3574 730 insipientiam

1988 747 2243 802 peccans,
2286 745 2342 793 et
2386 740 2651 808 pecudum
2701 753 2888 799 contra
2940 746 3112 818 legem
3159 750 3324 805 vitam
3358 753 3574 821 vivens;

1989 825 2416 885 abominationes
2443 839 2625 886 autem
2658 833 2969 904 immundze,
3006 840 3170 894 veluti
3201 856 3366 897 canes
3407 852 3462 898 et
3501 847 3575 900 si-

1988 915 2111 1004 tnim
2138 925 2192 971 et
2220 933 2558 990 quaecunque.
2591 923 2717 977 talia
2757 934 2883 980 sunt
2923 928 2988 982 de
3026 930 3349 986 animalibus
3392 935 3575 1004 appel—

1986 1002 2195 1070 lantur,
2243 1023 2363 1077 qute
2414 1011 2577 1064 etiam
2625 1013 2694 1067 ab
2737 1014 3044 1072 inﬁdelibus
3091 1002 3571 1087 colebanturpvel

1976 1096 2260 1163 quodlibet
2295 1101 2518 1170 reptile,
2548 1103 2599 1157 id
2638 1113 2751 1170 est,
2781 1109 2923 1174 quod
2951 1125 3114 1179 super
3140 1121 3381 1168 ventrem
3411 1131 3569 1171 suum

1986 1189 2237 1244 trahitur.
2272 1192 2413 1263 Ergo
2440 1209 2540 1263 per
2567 1197 2699 1259 haec,
2734 1206 2841 1252 tam
2884 1200 3199 1258 idololatras
3226 1206 3569 1273 apertissime

1981 1279 2248 1350 significat
2270 1298 2428 1352 quam
2461 1286 2513 1339 in
2541 1286 2646 1344 alio
2676 1288 2818 1344 malo
2834 1290 3105 1355 rviventes,
3136 1293 3191 1347 id
3216 1303 3324 1359 est,
3352 1296 3405 1349 in
3428 1296 3567 1351 dolis

1978 1378 2034 1423 et
2062 1371 2113 1425 in
2142 1374 2371 1443 rapinis,
2397 1390 2493 1430 seu
2518 1377 2571 1431 in
2602 1378 2728 1433 aliis
2749 1380 3169 1449 cupiditatibus;
3201 1384 3286 1439 his
3314 1388 3566 1442 omnibus

1977 1463 2022 1518 si
2058 1464 2180 1533 quis
2208 1474 2352 1521 tactu
2378 1469 2885 1533 communicaverit,
2923 1481 2979 1527 et
3003 1473 3201 1528 oblitus
3228 1474 3420 1541 fuerit,
3454 1477 3561 1541 vel,

1976 1555 2118 1608 sicut
2160 1554 2303 1610 LXX
2334 1557 2552 1622 dicunt,
2593 1559 2807 1615 latuerit
2847 1562 3030 1629 illum,
3066 1565 3321 1633 quoniam
3360 1566 3564 1621 oblivio

281 1636 413 1692 licet
440 1654 560 1707 qua:
588 1640 654 1693 ad
686 1641 1018 1709 ptenitentize
1059 1644 1452 1701 absolutionem
1493 1648 1730 1715 pertinet
1774 1663 1869 1703 ne-
1900 1638 1946 1696 B
1975 1643 2188 1707 animae,
2220 1653 2273 1698 et
2294 1645 2600 1703 obscuritas
2629 1651 2849 1716 mentis,
2876 1652 2987 1705 sive
3015 1653 3159 1707 actio
3186 1653 3345 1717 mala,
3377 1654 3558 1723 inqui-

282 1730 577 1783 cessariam
607 1730 923 1787 habeamus.
956 1733 1019 1788 Si
1042 1737 1326 1805 peccaverit
1349 1737 1546 1803 anima,
1571 1748 1619 1792 et
1643 1739 1870 1794 audierit

281 1836 455 1873 rorem
473 1821 728 1891 jurantis,
755 1826 999 1896 testisque
1020 1826 1177 1891 fuerit
1199 1830 1338 1898 quod
1364 1839 1453 1883 aut
1474 1830 1582 1901 ipse
1605 1832 1751 1897 vidit,
1777 1843 1868 1886 aut

279 1912 522 1967 conscius
554 1915 644 1979 sit,
677 1915 730 1969 id
759 1923 863 1977 est,
898 1917 942 1971 si
969 1917 1150 1986 aliquo
1179 1917 1383 1974 furtum
1426 1930 1519 1976 aut
1557 1921 1737 1977 dolum
1782 1925 1867 1977 l'a-

285 2002 480 2069 ciente,
510 2011 567 2058 et
599 2002 979 2073 jusjurandum
1007 2024 1105 2078 pro
1133 2010 1213 2064 eis
1241 2012 1420 2075 dante,
1452 2013 1641 2071 videns
1668 2014 1865 2084 aliquis

282 2095 486 2152 furtum
523 2099 608 2153 vel
650 2100 831 2156 dolum
872 2117 1032 2173 quem
1078 2102 1234 2171 fecit,
1281 2105 1366 2160 vel
1407 2107 1564 2161 aliter
1614 2110 1866 2164 conscius

282 2191 421 2259 quoi
453 2190 592 2246 falso
628 2193 796 2263 juret,
838 2210 944 2249 non
980 2197 1294 2265 prodiderit,
1326 2200 1561 2268 portabit
1603 2201 1862 2271 iniquita-

284 2292 406 2336 tem.
440 2282 509 2337 Et
535 2294 683 2338 recte
710 2304 723 2338 :
757 2301 881 2340 nam
906 2288 991 2341 cui
1019 2287 1171 2342 licuit
1196 2305 1422 2361 arguere
1450 2299 1732 2361 peccatum
1750 2333 1765 2356 ,
1808 2300 1864 2347 et

283 2374 431 2438 texit,
464 2374 680 2443 adjutor
704 2377 820 2447 ejus
847 2379 1034 2448 procul
1064 2379 1228 2434 dubio
1263 2379 1437 2437 factus
1464 2391 1576 2447 est;
1610 2384 1701 2452 qui
1731 2399 1862 2438 vero

278 2464 571 2521 auxiliatus
595 2476 709 2532 est,
748 2467 801 2520 in
837 2470 1183 2538 semetipsum
1210 2479 1491 2541 peccatum
1529 2472 1711 2526 traxit.
1744 2472 1859 2529 Non

276 2555 450 2610 solum
478 2564 657 2611 autem
689 2558 936 2627 praedicti
976 2561 1185 2629 peccati
1217 2561 1614 2615 immunditiam
1645 2562 1855 2617 evitan~

274 2646 397 2699 dam
420 2648 651 2715 putavit,
681 2648 772 2702 sed
803 2657 859 2703 et
886 2650 929 2703 si
962 2650 1084 2718 quis
1112 2651 1346 2720 tetigerit
1375 2666 1590 2705 omnem
1617 2665 1732 2705 rem
1759 2651 1859 2704 im-

270 2740 551 2804 mundam,
581 2749 675 2794 aut
702 2742 1060 2804 morticiuam,
1086 2750 1181 2795 aut
1207 2758 1237 2796 a
1263 2742 1452 2797 bestiis
1476 2750 1711 2811 captam,
1751 2756 1855 2795 non

272 2830 549 2897 corporis,
575 2832 667 2884 sed
692 2831 769 2885 rei
818 2831 1126 2887 immundos
1164 2833 1406 2887 actiones
1447 2832 1735 2886 ostendere
1765 2847 1857 2886 cu-

255 2920 441 3003 piens,
493 2937 595 2976 nec
631 2922 752 2977 illas
794 2923 1161 2978 immunditias
1202 2939 1338 2993 quas
1375 2922 1681 2979 Judazorum
1721 2938 1852 2995 gens

1975 1734 2124 1788 natio
2150 1745 2253 1800 est,
2284 1737 2338 1791 in
2368 1737 2559 1793 horum
2588 1747 2755 1807 tactu,
2784 1742 2836 1797 id
2860 1751 2963 1808 est,
2992 1744 3075 1797 vel
3098 1744 3150 1798 in
3178 1760 3245 1801 eo
3268 1748 3413 1815 quod
3437 1747 3560 1817 quis

1971 1824 2088 1879 hinc
2136 1829 2485 1895 operantibus
2536 1833 2938 1887 conniventiam
2985 1835 3221 1903 praebet,
3269 1836 3352 1891 vel
3394 1837 3447 1891 in
3492 1852 3560 1893 eo

1969 1917 2111 1985 quod
2154 1918 2369 1987 placent
2397 1920 2547 1985 talia,
2579 1923 2754 1978 modis
2783 1926 3035 1980 onmibus
3072 1926 3348 1996 polluitur,
3380 1929 3471 1983 sed
3502 1937 3559 1984 et

1969 2005 2012 2060 si
2043 2007 2280 2078 tetigerit
2307 2010 2583 2079 quippiam
2613 2013 2680 2066 de
2721 2013 3064 2070 immunditia
3104 2017 3339 2073 hominis
3359 2060 3375 2082 ,
3398 2020 3555 2089 juxta

1967 2112 2183 2151 omnem
2229 2099 2595 2168 impuritatem
2637 2117 2741 2171 qua
2785 2104 2947 2172 pollui
2987 2106 3123 2160 solet
3165 2108 3232 2162 de
3272 2110 3418 2163 omni
3461 2111 3558 2163 im-

1968 2188 2226 2241 munditia
2260 2189 2393 2258 ejus,
2426 2205 2802 2262 quamcunque
2835 2203 3058 2265 tangens
3092 2196 3329 2266 pollutus
3367 2198 3552 2253 fuerit.

1966 2274 2107 2329 Dicit
2156 2284 2334 2330 autem
2388 2282 2684 2335 secundum
2737 2281 2971 2337 litteram
3028 2300 3122 2339 eos
3178 2286 3270 2355 qui
3332 2288 3553 2343 seminis

1963 2364 2165 2421 ﬂuimm
2198 2369 2497 2438 patiuntur,
2524 2380 2578 2427 et
2607 2383 2999 2441 menstruatas,
3025 2384 3079 2430 et
3107 2379 3365 2446 quosdam
3394 2381 3550 2445 alios,

1964 2458 2030 2512 de
2056 2460 2252 2527 quibus
2295 2461 2549 2515 subtilius
2579 2464 2693 2533 ipse
2721 2464 2998 2535 lcgislator
3034 2467 3193 2536 paulo
3234 2476 3355 2537 post
3392 2470 3550 2537 dixit,

1962 2549 2015 2604 in
2070 2552 2267 2621 quibus
2326 2554 2521 2609 horum
2574 2557 2966 2626 expositionem
3016 2560 3353 2616 servavimus
3379 2603 3393 2627 ,
3449 2563 3553 2617 hoc

1961 2643 2298 2699 solummodo
2350 2662 2492 2701 nunc
2540 2662 2638 2717 pro
2686 2650 3201 2705 commemoratione
3248 2660 3548 2721 ponentes,

1959 2735 2101 2801 quod
2133 2751 2237 2789 non
2259 2737 2438 2791 omnis
2465 2738 2807 2793 immunditia
2838 2739 3073 2794 hominis
3098 2739 3292 2809 polluit
3322 2750 3547 2812 tangen-

1959 2834 2088 2880 tem.
2126 2827 2359 2897 ldeoque
2393 2829 2536 2883 enim
2567 2831 2703 2884 dixit
2733 2850 2745 2885 :
2770 2832 2928 2901 juxta
2956 2848 3158 2886 omnem
3193 2834 3548 2903 impuritatem

1956 2934 2060 2988 qua
2081 2917 2247 2987 pollui
2265 2917 2413 2972 solet.
2444 2919 2634 2974 Anima
2662 2937 2780 2990 qua!
2799 2921 3060 2989 juracerit
3085 2932 3131 2974 et
3160 2922 3433 2991 protulerit
3466 2921 3548 2975 la-

260 2997 566 3063 exisumar.
615 3010 747 3077 Quae
786 3013 897 3066 sim
933 3022 1113 3068 autem
1160 3012 1402 3069 actiones
1442 3029 1668 3083 quarum
1707 3028 1854 3067 com-
1882 2997 1925 3057 C
1956 3006 2056 3061 biis
2078 3009 2212 3072 suis,
2257 3007 2311 3062 id
2339 3016 2442 3073 est,
2473 3017 2659 3079 aperte
2685 3009 3030 3079 promittens,
3060 3020 3114 3064 ut
3142 3009 3217 3064 vel
3256 3010 3392 3064 male
3418 3010 3545 3082 quid

264 3102 572 3157 municatio
598 3103 737 3157 sicut
766 3103 1163 3160 immundarum
1193 3106 1443 3159 evitanda
1474 3112 1577 3169 est,
1608 3103 1857 3160 Salvator

264 3192 547 3259 apostolos
574 3193 756 3249 docuit
779 3195 966 3249 dicens
996 3212 1011 3248 :
1048 3195 1233 3249 Adhuc
1266 3206 1313 3250 et
1343 3213 1427 3250 vos
1457 3197 1569 3251 sine
1591 3195 1854 3250 intellectu

257 3284 432 3337 estis?
463 3284 689 3340 Nescitis
726 3288 851 3357 quia
891 3304 1042 3342 omne
1076 3289 1215 3359 quod
1253 3289 1546 3359 ingreditur
1582 3290 1635 3343 in
1677 3305 1756 3354 os,
1798 3290 1853 3343 in

259 3385 491 3429 uentrem
532 3376 691 3441 vadit,
733 3386 781 3431 et
810 3379 864 3432 in
895 3395 1151 3433 secessum
1191 3380 1482 3434 emittitur?
1517 3378 1648 3445 Qua:
1676 3390 1853 3434 autem

256 3466 603 3535 egrediuntur
636 3468 701 3521 de
738 3485 849 3533 ore,
881 3469 946 3523 de
983 3469 1137 3523 corde
1166 3478 1371 3532 exeunt,
1398 3478 1445 3522 et
1471 3470 1583 3522 ha'c
1609 3469 1849 3539 coinqui-

1954 3101 2130 3167 facere
2177 3098 2363 3163 vellet,
2412 3099 2492 3153 vel
2537 3099 2681 3154 bene.
2736 3100 2795 3154 In
2847 3100 3043 3169 quibus
3088 3110 3369 3171 peccatum
3420 3110 3540 3161 est.

1955 3190 2171 3259 quando
2213 3189 2261 3244 is
2291 3190 2383 3259 qui
2423 3189 2562 3245 bene
2599 3190 2879 3260 promisit,
2913 3191 3090 3247 facere
3121 3193 3409 3259 mentitur;
3449 3203 3542 3248 aut

1953 3281 2045 3351 qui
2073 3279 2215 3334 mala
2242 3282 2480 3335 minatus
2509 3288 2610 3345 est,
2637 3280 2921 3335 veritatem
2948 3282 3099 3347 dicit,
3128 3283 3272 3352 quod
3300 3291 3357 3337 et
3383 3282 3543 3338 llero—

1952 3375 2047 3429 des
2072 3388 2360 3444 perpessus
2384 3381 2488 3440 est,
2514 3374 2606 3444 qui
2636 3389 2735 3444 pro
2756 3390 2822 3429 eo
2844 3375 2985 3444 quod
3003 3375 3205 3447 juravit
3227 3375 3539 3443 Herodiadi,

1949 3463 2209 3520 Joannem
2239 3464 2536 3534 Baptistam
2558 3466 2735 3534 capite
2766 3464 3107 3520 detruncavit
3141 3465 3357 3538 (Matth.
3384 3466 3530 3539 xiv).

257 3572 394 3610 nam
429 3557 689 3612 hominem
719 3573 737 3609 .'
769 3561 957 3613 etenim
998 3558 1061 3612 de
1102 3559 1256 3613 corde
1293 3568 1480 3613 exeunt
1510 3558 1849 3628 cogitationes
1937 3553 2208 3626 Oblitaque
2248 3566 2426 3625 postea
2476 3555 2786 3610 intellexerit
2829 3554 3075 3609 delictum
3118 3574 3293 3611 suum.
3343 3557 3535 3614 Omnia

258 3649 443 3716 nuder,
474 3650 774 3713 homicidia,
821 3648 1100 3714 adulteria,
1145 3647 1283 3719 falsa
1318 3648 1636 3711 testimonia,
1681 3645 1847 3716 furta,

258 3739 630 3807 blasphemiae,
684 3739 795 3793 Iure
848 3748 967 3792 sunt
1028 3754 1144 3808 qua:
1198 3737 1535 3808 coinquinant
1586 3735 1845 3789 hominem

251 3827 482 3898 (ttatth.
516 3828 629 3897 xv).
662 3825 890 3897 Propter
915 3827 1059 3897 quod
1092 3835 1146 3881 et
1171 3825 1461 3879 immundae
1486 3839 1596 3887 res,
1617 3833 1675 3877 ut
1712 3818 1837 3892 pote

255 3920 568 3988 polluentes
592 3934 686 3972 eos
723 3933 751 3972 a
786 3920 983 3987 quibus
999 3926 1311 3986 tmguutur,
1333 3917 1383 3970 id
1408 3923 1511 3979 est,
1535 3930 1629 3970 eos
1645 3915 1736 3984 qui
1756 3915 1838 3971 eis

254 4011 688 4078 communicant,
709 4029 737 4064 a
756 4010 1055 4076 legislatore
1072 4008 1351 4063 intellectae
1371 4016 1496 4061 sunt
1515 4006 1834 4074 morticina;

262 4105 356 4159 his
380 4105 574 4158 similis
598 4114 679 4158 ert
702 4105 753 4157 in
784 4104 867 4172 pol
895 4102 1092 4164 uendo,
1125 4103 1284 4155 homo
1318 4100 1410 4169 qui
1441 4114 1535 4170 per
1558 4108 1835 4168 peccatum

266 4208 525 4250 mortuus
551 4205 656 4250 est.
683 4195 757 4250 De
775 4195 1027 4261 qualbtts
1052 4193 1310 4247 Dominus
1331 4192 1542 4245 dicebat
1577 4206 1592 4242 :
1621 4188 1838 4243 Dimitte

258 4298 506 4344 intortum
548 4285 764 4353 sepelire
810 4294 1045 4338 mortuos
1073 4299 1196 4338 suo:
1228 4282 1383 4353 (Luc.
1417 4281 1516 4350 ιι).
1573 4280 1619 4334 Δ
1649 4279 1836 4334 bestiis

1947 3645 2065 3700 hate
2086 3646 2335 3701 videlicet
2355 3662 2476 3716 qua:
2498 3648 2643 3702 dicta
2676 3654 2822 3713 sunt,
2861 3649 3230 3719 unusquisque
3253 3663 3375 3703 cum
3408 3664 3534 3704 scu-

1946 3738 2084 3793 serit
2102 3745 2157 3791 et
2184 3737 2516 3808 cognoverit,
2541 3736 2864 3792 conﬁteatur
2893 3746 3175 3807 peccatum
3206 3738 3349 3807 quod
3384 3738 3533 3804 fecit,

1945 3839 1992 3883 et
2036 3828 2221 3897 σπου-αι
2261 3844 2452 3898 agnam
2492 3828 2557 3882 de
2584 3826 2824 3898 gregibus
2865 3827 2979 3883 sive
3017 3843 3257 3897 capram,
3298 3829 3421 3898 quia
3467 3829 3535 3884 de

1944 3918 2127 3988 aliquo
2149 3918 2240 3988 qui
2262 3918 2329 3974 de
2361 3917 2558 3989 populo
2589 3926 2693 3983 est,
2715 3918 2968 3974 videlicet
2987 3918 3053 3973 de
3084 3918 3265 3991 vulgo,
3292 3919 3531 3990 loquitur

1944 4008 2046 4063 hoc
2079 4008 2217 4072 loco,
2262 4009 2405 4064 inter
2426 4025 2562 4079 quos
2596 4009 2854 4080 possibile
2877 4018 2981 4076 est,
3005 4011 3305 4081 simplicem
3343 4027 3531 4083 quem-

1942 4100 2084 4169 piam
2128 4100 2376 4165 inveniri,
2420 4116 2616 4173 agnam
2659 4102 2725 4156 de
2762 4101 3033 4173 gregibus,
3074 4110 3135 4155 ut
3179 4112 3303 4172 pote
3343 4112 3526 4171 aptant

1941 4190 2203 4261 simplici,
2238 4191 2690 4259 quemadmodum
2735 4192 2983 4260 superius
3022 4191 3276 4245 diximus.
3309 4190 3526 4243 Orabit-

1940 4296 2039 4350 que
2072 4296 2166 4350 pro
2202 4297 2261 4333 eo
2300 4280 2545 4334 sacerdos
2584 4288 2632 4332 et
2677 4295 2770 4349 pro
2811 4289 3022 4349 peccato
3061 4279 3195 4347 ejus.
3242 4278 3527 4333 Consuetis

251 4378 438 4418 autem
464 4338 655 4432 captus
674 4373 775 4427 est,
800 4364 914 4432 qui,
937 4372 1192 4433 operante
1215 4338 1269 4418 iii
1290 4380 1353 4419 eo
1377 4364 1608 4429 diabolo,
1635 4373 1839 4420 tractus
1867 4338 1915 4396 D
1942 4372 2112 4424 utitur
2152 4371 2354 4434 verbis,
2402 4370 2456 4423 in
2476 4368 2821 4424 ’memoriam
2869 4376 3107 4423 nostram
3153 4382 3413 4423 revocans
3458 4382 3523 4422 ea

249 4462 341 4505 est
367 4452 435 4506 ad
464 4452 698 4522 aliquam
727 4452 993 4507 actionem
1022 4452 1235 4518 malam,
1267 4454 1717 4522 quemadmo.tum
1743 4453 1838 4508 Ju-

250 4548 355 4600 das
390 4545 459 4597 ad
490 4543 807 4597 tradendum
845 4544 1148 4599 Dominum.
1188 4545 1263 4599 De
1288 4560 1397 4614 quo
1417 4542 1654 4598 Joannes
1674 4561 1837 4599 evan-

250 4638 449 4708 gelista
476 4637 591 4691 ait:
626 4637 692 4691 Et
721 4637 861 4706 facta
903 4653 1064 4697 creua.
1095 4638 1327 4690 mittente
1351 4635 1560 4690 diabolo
1590 4637 1645 4690 in
1680 4638 1835 4693 corde

248 4730 369 4799 ejus
410 4738 464 4781 ut
493 4728 718 4781 traderet
742 4734 861 4780 eum
893 4725 1066 4781 ludas
1090 4725 1317 4781 Simonis
1346 4726 1619 4781 Iscariotis
1648 4727 1830 4800 (Joan.

251 4820 397 4891 xm).
424 4820 575 4886 Quod
600 4831 780 4874 autem
806 4818 858 4872 in
875 4817 1018 4872 LXX
1041 4818 1391 4874 translatione
1417 4834 1524 4874 non
1550 4818 1688 4873 dixit
1706 4821 1836 4875 siut-

247 4912 486 4983 pliciter,
511 4927 542 4965 a
568 4912 738 4967 bestia
763 4925 1000 4980 captum,
1025 4910 1119 4965 sed
1142 4910 1345 4965 addidit
1369 4911 1835 4982 immundum,‘qui

247 5010 339 5058 est
365 5018 396 5055 a
425 5002 595 5056 bestia
624 5011 835 5072 captus,
865 5010 1024 5070 putas
1053 5014 1160 5054 non
1183 5006 1269 5055 est
1310 4999 1620 5054 omnimodo
1644 5008 1700 5054 et
1728 5000 1832 5055 im-

248 5095 523 5151 mundus?
545 5103 600 5149 et
624 5094 853 5157 dicimus
881 5107 1217 5164 nequaquam
1244 5106 1259 5144 :
1288 5106 1464 5162 neque
1489 5092 1631 5146 enim
1658 5093 1834 5149 omnis

244 5185 345 5257 qui
370 5201 402 5239 a
430 5185 601 5240 bestia
645 5183 877 5253 capitur,
913 5182 1028 5252 jam
1068 5180 1377 5237 omnimodo
1401 5181 1468 5237 ab
1496 5197 1557 5235 ea
1588 5189 1644 5235 ct
1680 5181 1825 5237 occi-

244 5278 419 5342 ditur,
452 5276 680 5332 forsitan
706 5276 851 5329 enim
893 5283 947 5330 et
984 5281 1268 5344 postquam
1300 5274 1528 5343 capitur,
1545 5273 1826 5339 liberatur,

240 5368 392 5422 sicut
417 5366 608 5421 Petrus
637 5383 650 5418 :
684 5364 879 5418 Incidit
905 5364 1048 5419 enim
1079 5363 1131 5417 in
1168 5361 1364 5417 diaboli
1394 5362 1664 5432 laqueum,
1694 5371 1832 5417 tem-

240 5472 381 5529 pore
410 5455 727 5527 negationis,
757 5455 851 5510 sed
877 5453 1218 5522 resipiscens,
1243 5451 1434 5506 evasit.
1464 5451 1530 5505 Et
1550 5451 1683 5506 dicit
1705 5468 1827 5507 cum

244 5548 417 5605 David
450 5565 462 5600 :
494 5546 684 5601 Anima
718 5561 830 5599 mea
868 5544 1001 5597 sicut
1029 5558 1210 5613 passer
1243 5551 1416 5611 erepta
1451 5551 1525 5595 est
1554 5541 1618 5596 de
1644 5540 1829 5614 laqueo

1939 4474 2060 4533 qua:
2086 4460 2335 4530 superius
2373 4460 2426 4514 in
2457 4459 2833 4529 deprecatione
2870 4473 2968 4529 pro
3002 4457 3238 4527 peccatis
3267 4458 3522 4529 pneccpit

1937 4552 2154 4622 peragi;
2191 4567 2312 4621 quin
2338 4550 2535 4606 iterum
2563 4551 2762 4615 dicere,
2799 4559 2857 4604 ut
2882 4558 3007 4619 pote
3036 4549 3208 4604 semel
3233 4550 3400 4614 dicta,
3433 4565 3523 4604 ne-

1936 4640 2234 4694 cessarium
2263 4654 2369 4694 non
2399 4640 2680 4695 habemus.
2711 4637 3062 4694 Solummodo
3086 4648 3264 4693 autem
3297 4641 3400 4695 hoc
3431 4639 3521 4694 ad-

1930 4728 2206 4798 jiciamus,
2234 4736 2291 4782 ut
2318 4729 2362 4783 si
2394 4728 2522 4799 quid
2548 4728 2741 4783 borum
2779 4729 3082 4798 peccaverit
3105 4728 3373 4799 princeps,
3407 4727 3519 4782 hir-

1936 4835 2058 4873 cum
2103 4818 2169 4872 de
2213 4818 2393 4888 capris
2421 4817 2645 4883 oﬂ'erat,
2691 4817 3016 4872 oblationem
3058 4817 3159 4873 sibi
3200 4817 3415 4887 dignam
3461 4824 3518 4871 et

1934 4907 2336 4978 paenitentiam;
2387 4922 2488 4962 nec
2534 4907 2708 4977 ipsum
2757 4921 2983 4976 peccare
3029 4914 3363 4976 oportuerat,
3415 4921 3516 4961 nec

1935 4998 2169 5052 alterius.
2185 4997 2587 5052 communicare
2628 4997 2882 5066 peccatis,
2923 5011 3029 5050 non
3068 4996 3213 5051 enim
3250 4995 3316 5049 ad
3343 4996 3514 5050 virtu.

1938 5097 2062 5151 tem,
2116 5087 2212 5142 sed
2261 5087 2328 5141 ad
2378 5086 2720 5156 iniquitatem
2761 5086 3073 5141 :emulantes
3117 5100 3194 5151 se,
3243 5085 3515 5141 invenitur

1931 5178 2233 5248 producere
2279 5177 2392 5232 sive
2434 5190 2730 5246 provocare
2777 5176 3068 5247 subjectos,
3109 5184 3328 5247 propter
3366 5174 3513 5244 quod

1930 5267 2055 5323 illud
2074 5309 2088 5334 ,
2122 5267 2276 5337 quasi
2307 5268 2450 5338 quod
2491 5281 2592 5321 nec
2620 5267 2837 5321 evenire
2860 5267 3111 5332 deberet,
3152 5265 3511 5320 indiscussuut

1931 5360 2169 5429 reliquit.
2202 5358 2309 5414 Sed
2337 5359 2517 5413 ethoc
2541 5357 2836 5412 notandum
2863 5365 2948 5412 est
2973 5357 3097 5426 quia
3128 5355 3381 5410 delictum
3409 5351 3509 5407 ali-

1929 5449 2144 5520 quando
2184 5448 2398 5518 quidem
2437 5447 2722 5517 specialem
2772 5446 3111 5514 iniquitatcm
3152 5456 3271 5511 qua:
3315 5449 3506 5498 contra

1930 5541 2101 5599 solum
2138 5540 2480 5612 pra-sumitur
2508 5538 2697 5606 Deum,
2728 5539 2900 5610 qualis
2925 5546 3007 5593 est
3036 5526 3155 5607 qua:
3185 5535 3238 5590 in
3272 5534 3503 5597 sanctis.
