3956 6176
439 212 546 266 983

1094 217 1151 275 Β.
1196 214 1454 272 RABANI
1492 214 1711 270 MAURI
1753 213 2077 270 ARCHlEP.
2122 212 2434 270 MOCIINT.
2475 212 2767 270 OPERUM
2808 212 2986 269 PARS
3023 213 3063 267 Ι.

3605 214 3717 269 εει

436 334 600 393 atque
629 324 682 378 in
707 321 1083 393 jusjurandum
1112 327 1500 388 committitur;
1532 324 1820 393 aliquando
1847 331 2026 379 autem
2058 326 2103 385 A
2132 324 2266 390 Quia
2307 339 2435 395 ergo
2474 324 2611 378 solet
2653 331 2816 392 caput
2858 338 2958 393 pro
3003 332 3183 378 mente
3227 324 3399 395 accipi
3440 325 3492 379 in
3530 324 3719 383 divina

438 431 600 471 omne
632 425 913 487 peccatum
946 419 1089 486 quod
1127 418 1193 473 ad
1232 419 1519 472 scientiam
1561 416 1831 485 pervenit,
1875 415 2032 484 legis-

431 506 580 563 lator
610 506 865 577 appellat,
909 515 963 560 et
1005 516 1290 578 propterea
1335 511 1401 563 ab
1445 524 1510 563 eo
1556 507 1755 575 ubique
1794 507 2032 578 cognitio

435 600 677 670 peccati,
705 599 820 653 sive
849 607 1231 669 anteponatur,
1263 600 1377 655 sive
1433 597 1824 662 subinferatur,
1857 598 2033 653 modis

438 688 690 743 omnibus
732 688 986 742 delictum
1034 689 1251 753 dicitur,
1297 699 1357 744 ut
1400 692 1655 745 ostendat
1697 689 1823 757 quia
1871 704 2032 743 omne

438 787 756 847 peccatum,
803 787 1087 848 postquam
1132 781 1498 847 cognoscitur,
1540 781 1595 834 in
1642 782 1822 851 ipsum
1864 779 2033 835 delin-

439 871 627 941 quitur
662 871 850 925 Deum.
895 871 957 925 Et
999 871 1120 925 ideo
1161 872 1463 941 appellatur
1503 874 1783 936 delictum,
1830 871 1883 925 id
1925 879 2028 934 est,

439 964 771 1034 πλημμέλεια.
832 961 945 1016 Non
974 963 1118 1016 enim
1148 964 1266 1018 sine
1295 978 1457 1019 causa
1484 964 1758 1035 legislator
1788 966 1892 1017 hoc
1917 977 2032 1015 ser-

439 1069 600 1108 mone
626 1052 935 1122 frequenter
962 1055 1163 1118 utitur;
1222 1070 1346 1109 nam
1371 1063 1427 1109 et
1453 1056 1904 1123 quemadmodum
1930 1050 2033 1105 dif—

437 1144 675 1200 ferentes
707 1144 1145 1199 conversationes
1195 1146 1475 1200 hominum
1523 1146 1578 1199 in
1616 1145 1853 1200 exordiis
1904 1142 2031 1197 libri

439 1252 537 1306 per
565 1235 1029 1292 holocaustomata
1062 1248 1117 1293 et
1147 1238 1414 1294 sacrificia
1452 1239 1707 1294 salutaria
1736 1240 2031 1311 designans

438 1325 735 1398 legislator,
775 1344 881 1383 non
940 1328 1139 1383 frustra
1179 1331 1491 1399 proposuit,
1528 1332 1622 1387 sed
1670 1331 1787 1386 vias
1832 1332 2031 1386 multas

435 1427 496 1472 et
531 1418 726 1489 januas
767 1419 979 1488 aperire
1026 1420 1279 1489 cupiens,
1322 1421 1400 1477 sic
1435 1429 1491 1475 et
1526 1422 1686 1478 modo
1722 1438 1829 1477 non
1866 1437 2027 1475 unam

437 1510 697 1578 speciem,
752 1512 842 1565 sed
891 1511 1088 1566 multas
1132 1511 1200 1566 de
1252 1512 1616 1568 oblationibus
1663 1528 1762 1583 pro
1804 1524 2028 1584 peccato

437 1600 690 1667 sancivit,
719 1609 779 1654 ut
812 1601 1076 1671 plut-iores
1096 1604 1285 1657 modos
1313 1604 1643 1672 poenitentia:
1669 1610 2023 1674 proponeret;

437 1693 564 1763 quia
596 1706 697 1747 nec
724 1706 915 1747 omnes
942 1694 1189 1749 homines
1218 1709 1407 1750 omnes
1432 1697 1621 1751 modos
1655 1695 1875 1765 implere
1902 1709 2028 1764 pos-
2054 1683 2100 1742 Β

440 1792 588 1847 sunt,
619 1798 720 1838 nec
758 1784 934 1837 omnis
967 1784 1159 1839 modus
1186 1785 1520 1855 pmnitentize
1551 1785 1603 1840 in
1630 1786 1773 1841 omni
1805 1792 2027 1855 peccato

438 1874 720 1941 convenit;
761 1875 975 1943 quando
1009 1875 1151 1929 enim
1181 1876 1499 1945 pamitentia
1531 1891 1780 1943 saccum,
1811 1885 1868 1931 et
1888 1874 2028 1947 jeju-

439 1966 609 2029 nium,
634 1973 688 2020 et
717 1966 988 2057 la‘grymas
1018 1974 1071 2021 et
1099 1968 1403 2023 orationem
1433 1969 1742 2023 continuam
1764 2009 1778 2032 ,
1809 1976 1866 2022 et
1893 1967 2030 2040 vigi-

438 2056 541 2110 lias
573 2056 773 2127 exigit,
802 2057 1015 2126 aliaque
1053 2056 1279 2123 similia,
1322 2059 1612 2128 quomodo,
1641 2059 1789 2112 verbi
1830 2058 2024 2130 gratia,

439 2154 737 2211 senectute,
779 2156 871 2200 aut
903 2148 1059 2201 aliter
1096 2162 1321 2218 corpore
1358 2147 1628 2213 inﬁrmus,
1672 2148 1829 2202 talem
1869 2163 2028 2219 agere

438 2238 817 2307 paenitentiam
855 2238 1205 2308 prcevalebit?
1240 2237 1379 2293 Num
1408 2254 1538 2309 ergo
1566 2241 1655 2294 hic
1683 2247 1907 2309 propter
1948 2239 2030 2293 in-

437 2326 749 2381 firmitatem
777 2337 870 2381 aut
898 2327 1121 2383 senilem
1149 2335 1362 2382 aetatem
1386 2329 1726 2409 repellitur‘a
1763 2328 2030 2398 paeniten—

437 2417 548 2471 tia?
586 2415 741 2470 Nullo
778 2419 956 2483 modo,
997 2420 1162 2473 habet
1191 2420 1335 2475 enim
1366 2420 1532 2475 alium
1563 2422 1781 2475 mo’lum
1822 2422 1889 2476 ad
1927 2421 2030 2475 im-

436 2507 756 2575 petrandam
803 2508 1180 2564 remissionem
1218 2518 1585 2580 peccatorum.
1628 2510 1734 2567 Sed
1773 2512 1896 2583 quis
1939 2512 2031 2569 hic

436 2598 528 2663 sit,
560 2599 841 2668 sequentia
871 2600 1268 2655 demonstrant.
1308 2600 1397 2656 Ait
1431 2602 1573 2657 enim
1618 2616 1635 2657 :
1683 2603 1745 2660 Si
1782 2621 1904 2674 ergo
1944 2605 2028 2659 hic

439 2706 543 2744 non
586 2690 810 2760 potuerit
855 2690 1042 2760 θίγεν-γε
1084 2707 1269 2760 pecus,
1317 2693 1499 2761 o/feret
1537 2710 1631 2764 pro
1676 2703 1887 2764 peccato
1933 2710 2029 2747 suo

436 2779 576 2851 quod
609 2781 835 2848 peccarit
867 2780 997 2834 duos
1026 2790 1256 2836 turtures
1286 2792 1376 2836 aut
1404 2782 1537 2837 duos
1565 2782 1737 2854 pullos
1765 2782 2031 2838 columba-

438 2884 556 2922 rum
580 2867 825 2924 Domino.
856 2869 1219 2937 Quamobrem
1248 2874 1616 2930 necessarium
1647 2876 1808 2930 nimis
1834 2883 1919 2930 est
1944 2890 2032 2931 re-

438 2960 650 3015 minisci
682 2976 780 3016 nos
809 2962 935 3032 quia
971 2964 1443 3033 contemplativam
1473 2965 1661 3032 vitam,
1693 2975 1750 3021 et
1776 2967 1831 3022 in
1859 2968 2029 3022 medi-

435 3051 642 3106 tatione
670 3062 1102 3119 conversantem,
1142 3063 1197 3108 et
1234 3056 1491 3110 mundam
1523 3064 1687 3126 atque
1723 3057 2025 3127 simplicem
2056 3038 2101 3098 Ο

412 3140 729 3210 _signiticari
758 3157 858 3211 per
882 3142 1055 3211 pullos
1080 3144 1451 3200 columbarum
1482 3155 1536 3200 et
1566 3154 1837 3202 turturum
1862 3162 2025 3217 supe-

439 3230 553 3284 rius
574 3231 829 3286 diximus.
856 3232 997 3302 Ergo
1022 3234 1112 3304 qui
1146 3251 1249 3289 non
1277 3245 1453 3305 potest
1475 3251 1671 3291 vacare
1694 3238 1749 3291 in
1770 3239 2027 3294 continua

439 3321 727 3378 alllictione
749 3332 806 3378 et
822 3338 1081 3385 atrumna,
1108 3334 1166 3379 ut
1196 3342 1389 3395 panem
1413 3343 1569 3383 suum
1593 3345 1712 3382 cum
1734 3329 1917 3385 cinere
1936 3346 2030 3386 co-

442 3411 645 3477 medat,
669 3422 724 3468 et
748 3422 933 3484 potum
960 3430 1116 3469 suum
1142 3431 1263 3471 cum
1292 3416 1418 3472 fletu
1448 3426 1711 3487 temperet
1735 3415 1906 3489 (Psal.
1929 3419 2025 3488 cr),

437 3503 652 3573 aliaque
694 3505 780 3560 his
815 3505 1012 3560 similia
1042 3508 1312 3577 pocnitens
1348 3517 1489 3580 agat,
1527 3510 1679 3565 verbi
1716 3511 1907 3581 gratia,
1940 3512 2026 3566 in-

439 3597 696 3653 ﬁrmitate
729 3605 823 3652 aut
850 3597 953 3653 alia
983 3614 1310 3671 quacunque
1339 3602 1664 3657 necessitate
1700 3602 2026 3672 prohibitus,

437 3685 528 3741 hic
579 3687 687 3741 alio
738 3688 897 3743 modo
952 3704 1112 3762 agere
1168 3699 1347 3761 potest
1392 3692 1810 3762 pmnitcntiam,
1861 3694 2027 3749 veluti

433 3773 670 3831 offerens
709 3778 1061 3847 semetipsum
1109 3780 1176 3834 ad
1220 3781 1693 3851 contemplandum
1740 3782 1930 3849 Deum,
1973 3792 2030 3838 et

436 3867 507 3920 ad
554 3869 1046 3936 perscrutationem
1093 3870 1226 3940 legis
1273 3870 1421 3940 ejus,
1468 3882 1744 3943 totamque
1786 3883 2023 3929 mentem

435 3969 591 4009 suam
636 3972 963 4013 consecrans
1009 3960 1218 4015 cmlesti
1263 3964 1662 4019 conversationi
1706 3979 1737 4018 a
1792 3966 2045 4022 terrenis.

438 4046 602 4100 rebus
643 4045 955 4116 plenissime
1001 4066 1060 4105 se
1092 4052 1386 4119 cohibens;
1428 4069 1529 4124 per
1570 4057 1672 4112 hoc
1709 4058 1853 4112 enim
1885 4060 1933 4114 ci
1971 4068 2028 4115 et

436 4145 781 4205 peccatorum
808 4140 1056 4194 remissio
1079 4149 1133 4196 et
1155 4141 1479 4210 justiticatio
1503 4157 1844 4217 procuratur.
1873 4149 2026 4205 Unde

436 4243 623 4284 eorum
652 4246 773 4302 qua:
798 4231 1100 4290 otl‘eruntur
1124 4254 1289 4293 unum
1321 4240 1536 4309 quidem
1566 4256 1668 4312 pro
1695 4252 1942 4312 peccato,
1970 4244 2025 4298 id

433 4330 538 4387 est,
572 4324 639 4378 ad
669 4326 1111 4383 emundationem
1139 4332 1366 4400 peccati.
1409 4330 1652 4388 Alterum
1677 4350 1807 4389 vero
1838 4335 1891 4389 in
1924 4336 2023 4390 ho-

436 4410 759 4483 locaustum,
784 4419 939 4488 quasi
966 4419 1021 4473 in
1049 4421 1454 4491 cruciﬁgentem
1482 4424 1854 4494 semetipsum,
1887 4441 2019 4481 con-

435 4507 797 4562 versationem
827 4510 911 4562 vel
938 4512 1122 4575 vitam,
1169 4521 1226 4567 et
1270 4513 1582 4582 plenissime
1627 4516 1737 4571 Deo
1776 4516 2023 4573 tradente

436 4591 767 4649 immolatur.
790 4595 992 4652 Oti‘eret
1019 4611 1201 4655 autem
1229 4602 1343 4657 hmo
1371 4602 1659 4667 sacerdoti,
1684 4603 1901 4658 Christo
1924 4605 2027 4658 uti-

437 4698 571 4753 que;
622 4694 751 4742 tunc
793 4689 938 4744 enim
980 4692 1311 4761 acceptabile
1350 4702 1436 4747 est
1474 4702 1767 4764 utrumque
1805 4695 2022 4764 quando

437 4775 734 4830 secundum
781 4778 1129 4837 intentionem
1181 4784 1546 4848 Dominicam,
1589 4794 1751 4855 atque
1796 4800 1861 4841 eo
1902 4802 2018 4842 me-

436 4863 621 4919 diante
646 4864 973 4936 otl‘eruutur;
1008 4871 1101 4941 qui
1131 4872 1365 4941 primum
1393 4872 1625 4929 offerens
1652 4890 1752 4945 pro
1775 4885 2020 4945 peccato,

437 4950 560 5007 ideo
584 4953 817 5022 primum
855 4973 953 5027 pro
994 4969 1214 5028 peccato
1243 4961 1464 5027 oll'eret,
1494 4963 1621 5033 quia
1654 4979 1811 5020 nemo
1847 4974 2026 5036 potest

438 5041 809 5100 holocaustum
865 5047 1026 5115 ﬁeri,
1095 5050 1199 5105 nisi
1261 5054 1414 5124 prius
1478 5054 1645 5109 fuerit
1706 5071 1737 5111 a
1798 5068 2023 5127 peccato

438 5135 576 5192 liber
610 5135 855 5193 eti‘ectus.
907 5140 1012 5197 Sed
1063 5143 1185 5213 quis
1234 5145 1391 5215 lmjus
1434 5148 1625 5203 modus
1673 5156 1758 5202 est
1803 5149 2024 5205 liberta-

438 5229 546 5284 tis?
587 5226 1014 5303 Retorquebitque
1058 5236 1302 5290 sacerdos
1348 5248 1503 5308 caput
1550 5238 1665 5308 ejus
1710 5240 1779 5292 ad
1822 5243 2016 5311 pinnu-

436 5324 515 5379 las
552 5323 629 5377 ita
682 5332 736 5377 ut
790 5322 923 5379 collo
972 5325 1165 5380 Ita’reat
1221 5339 1269 5383 et
1316 5346 1419 5384 non
1472 5332 1676 5401 penitus
1733 5332 2019 5403 abrumpa—

434 5429 542 5467 την.
600 5413 703 5470 Per
762 5413 958 5471 collum
1013 5418 1157 5486 quod
1206 5416 1346 5474 LXX
1394 5420 1709 5491 spondulum
1756 5422 2020 5494 interpre-

438 5510 536 5564 tati
593 5520 760 5577 sunt,
818 5520 989 5567 totum
1042 5530 1241 5586 corpus
1301 5515 1650 5586 intelligitur,
1711 5517 1835 5587 quia
1894 5518 2017 5573 colli

437 5599 688 5671 tinnitus,
736 5605 939 5663 sanitas
979 5615 1031 5663 ct
1073 5607 1374 5664 substantia
1421 5608 1586 5663 totius
1625 5610 1867 5679 corporis
1912 5620 2012 5667 est.

2047 4385 2101 4445 D

2134 412 2412 483 Scriptura
2452 429 2550 483 pro
2582 428 2648 469 eo
2690 414 2832 482 quod
2872 429 3024 468 mens
3071 414 3430 485 principatum
3473 403 3635 473 tenet
3662 419 3719 473 in

2132 506 2370 570 homine,
2402 506 2543 559 unde
2580 512 2638 559 et
2672 504 2839 559 David
2877 504 3101 560 Domino
3127 505 3341 560 dicebat
3368 524 3381 560 :
3414 505 3492 560 Tu
3517 508 3725 563 contri—

2132 595 2324 649 bulasti
2363 596 2534 665 capita
2571 596 2861 649 draconum
2900 612 3057 666 super
3090 611 3255 666 aquas
3293 593 3465 667 (Psal.
3494 597 3724 669 Luxu),
3756 611 3765 659 ζ

2131 700 2366 745 mentem
2407 690 2681 754 videlicet,
2714 689 2843 744 dum
2883 705 3023 760 aqua
3060 690 3402 761 baptismatis
3441 693 3725 749 remissio-
3755 687 3769 716 ’

2132 796 2255 835 nem
2280 781 2574 849 praebente,
2612 795 2766 836 meus
2796 781 2993 835 diaboli
3027 780 3347 845 conteritur,
3380 783 3729 852 retorquebit-

2130 888 2229 942 que
2254 881 2409 942 caput
2436 872 2551 941 ejus
2588 873 2658 925 ad
2680 874 2961 944 pinnulas;
2992 874 3103 926 vult
3128 887 3227 928 nos
3250 890 3359 928 non
3388 876 3593 929 servire
3622 890 3728 929 nes

2130 977 2235 1031 quc
2256 963 2489 1031 compati
2520 964 2752 1033 corpori,
2777 963 2871 1017 sed
2901 964 3148 1033 abrumpi
3186 963 3273 1019 vel
3314 966 3638 1034 retorqueri,
3664 975 3729 1021 ut

2132 1067 2237 1106 non
2267 1067 2334 1107 ex
2363 1069 2519 1122 aequo
2546 1063 2808 1123 repugnet
2842 1055 2944 1125 legi
2977 1055 3174 1123 mentis
3200 1056 3285 1109 lex
3325 1056 3565 1124 peccati,
3594 1072 3729 1127 qua:

2130 1144 2521 1200 consuetudine
2557 1144 2815 1213 peccandi
2845 1145 2899 1198 in
2931 1147 3187 1200 membris
3212 1146 3423 1201 habitat
3451 1151 3729 1217 corporis,

2131 1249 2307 1302 neque
2344 1234 2617 1305 captivum
2660 1235 2822 1290 ducat
2860 1235 3165 1302 hominem,
3209 1237 3351 1291 sicut
3391 1236 3593 1293 Paulus
3643 1240 3730 1293 ait

2133 1323 2310 1395 (Rom.
2343 1324 2464 1396 vn).
2493 1324 2628 1392 Quia
2659 1333 2841 1381 autem
2870 1341 2978 1380 non
3007 1327 3269 1383 debemus
3290 1343 3354 1382 ex
3386 1338 3497 1384 toto
3517 1347 3731 1399 corpus

2131 1415 2393 1480 aversari,
2425 1430 2525 1469 nec
2547 1424 2856 1472 creaturam
2880 1416 3008 1473 illud
3034 1418 3232 1473 diaboli
3253 1420 3544 1493 :esltimare,
3577 1423 3731 1476 sicut

2130 1506 2350 1575 quidam
2377 1513 2603 1576 putant,
2639 1508 2735 1562 sed
2770 1508 3002 1563 subdere
3034 1508 3165 1565 illud
3200 1512 3402 1575 menti,
3431 1521 3727 1583 propterea

2131 1612 2237 1650 non
2280 1598 2537 1666 prmcepit
2564 1607 2729 1668 caput
2764 1614 2792 1653 a
2835 1598 2974 1654 collo
3013 1601 3286 1669 separari,
3326 1603 3486 1659 unius
3520 1605 3731 1676 quippe

2129 1686 2371 1756 ejusdem
2394 1697 2520 1744 sunt
2545 1699 2777 1760 utraque
2795 1700 3066 1746 creatura.
3095 1692 3201 1747 Sed
3226 1696 3506 1765 sequentia
3536 1696 3730 1751 vidca-

2127 1795 2253 1835 mus
2276 1798 2288 1834 :
2316 1781 2384 1835 Et
2423 1791 2657 1853 aspergat
2682 1782 2748 1835 de
2769 1783 3024 1853 sanguine
3046 1782 3189 1836 illius
3221 1785 3471 1854 parietem
3495 1785 3727 1849 altaris;

2125 1870 2381 1941 quidquid
2425 1880 2600 1925 autem
2642 1870 2897 1941 reliquum
2938 1871 3130 1941 fuerit,
3161 1872 3320 1941 faciet
3350 1873 3610 1928 distillare
3651 1877 3727 1929 ad

2128 1960 2476 2029 fundamenta
2507 1960 2641 2029 ejus,
2672 1962 2797 2032 quia
2821 1977 2917 2031 pro
2943 1970 3153 2031 peccato
3178 1970 3276 2017 est.
3315 1963 3501 2018 Paries
3529 1965 3730 2020 altaris

2126 2068 2324 2122 corpus
2353 2051 2558 2108 Christi
2592 2053 2931 2124 intelligitur,
2968 2056 3034 2110 de
3075 2071 3182 2125 quo
3211 2056 3326 2125 ipse
3362 2055 3612 2111 Christus
3641 2057 3731 2111 di-

2127 2143 2289 2197 cebat
2319 2160 2332 2195 :
2369 2141 2565 2197 Solvite
2600 2142 2845 2213 templum
2876 2145 2974 2198 hoc
3001 2154 3049 2199 et
3084 2145 3140 2199 in
3178 2145 3348 2199 tribus
3378 2144 3559 2200 diebus
3584 2146 3727 2200 (edi-

2126 2234 2297 2304 ﬁcabo
2337 2232 2470 2287 illud
2517 2232 2698 2304 (Joau.
2748 2233 2848 2306 ιι),
2895 2234 3302 2289 fundamentum
3350 2243 3527 2290 autem
3575 2233 3727 2303 ejus,

2127 2326 2262 2391 sive,
2310 2332 2371 2379 ut
2411 2325 2557 2379 LXX
2599 2325 2942 2396 interpretati
2992 2335 3135 2389 sunt,
3180 2326 3367 2392 basim,
3414 2327 3560 2383 basis
3600 2327 3735 2396 ejus

2127 2416 2480 2486 Evangelium
2505 2425 2623 2483 est;
2665 2431 2797 2488 ergo
2836 2420 3132 2472 secundum
3164 2418 3514 2473 intentionem
3551 2422 3739 2475 sacri-

2128 2504 2239 2561 ﬁcii
2264 2503 2467 2562 Christi
2507 2515 2565 2563 et
2589 2508 3202 2579 evangelie'e'doctrinte
3234 2510 3387 2580 jubet
3420 2511 3583 2566 etiam
3615 2513 3737 2567 hoc

2126 2610 2226 2665 pro
2251 2598 2489 2666 peccatis
2507 2596 2835 2653 sacriﬁcium
2857 2597 3062 2665 otl‘crri,
3088 2608 3309 2670 propter
3327 2601 3469 2670 quod
3491 2601 3731 2664 addidit,

2126 2690 2252 2760 quia
2279 2706 2373 2759 pro
2406 2701 2618 2759 peccato
2642 2699 2738 2745 est.
2776 2690 2918 2745 Nihil
2949 2692 3149 2763 quippe
3175 2694 3255 2748 sic
3287 2708 3318 2748 a
3347 2692 3586 2763 peccatis
3612 2693 3731 2747 eri-

2127 2796 2275 2852 pere,
2316 2783 2769 2853 quemadmodum
2805 2782 3007 2839 Christi
3048 2784 3280 2840 imitatio
3320 2793 3376 2840 et
3414 2785 3730 2841 obedientia

2130 2874 2454 2945 evangelica:
2478 2875 2903 2945 praedicationis,
2930 2882 3128 2944 potest.
3161 2875 3259 2931 Cui
3289 2875 3411 2945 quis
3437 2875 3732 2940 obediens,

2130 2963 2358 3019 alterum
2388 2965 2624 3020 adolebit
2653 2965 3064 3031 holocaustum,
3098 2975 3155 3019 ut
3190 2965 3309 3035 ﬁeri
3336 2964 3492 3030 solet,
3533 2965 3585 3021 id
3614 2976 3735 3031 at,

2130 3057 2580 3124 quemadmodum
2602 3066 2816 3127 oportet
2838 3057 3209 3111 holocaustum
3237 3056 3385 3122 ﬁeri;
3412 3057 3552 3126 quod
3574 3054 3733 3111 LXX

2128 3144 2286 3214 plane
2312 3148 2599 3201 secundum
2628 3149 2725 3202 hoc
2753 3148 2938 3213 edunt,
2974 3148 3027 3203 id
3052 3156 3156 3214 est,
3187 3147 3349 3204 faciet
3377 3158 3556 3204 autem
3585 3165 3735 3219 quo-

2131 3236 2290 3291 modo
2342 3236 2519 3291 debet.
2563 3236 2786 3308 Oportet
2829 3239 3028 3310 quippe
3068 3253 3192 3294 eum
3247 3240 3339 3309 qui
3386 3247 3619 3310 patrem,
3670 3250 3736 3297 et

2131 3340 2384 3397 matrem,
2413 3339 2469 3385 et
2495 3330 2713 3398 fratres,
2741 3340 2795 3387 et
2822 3333 3005 3387 omnia
3032 3333 3307 3389 saectdaria
3337 3334 3540 3397 renuit,
3567 3332 3734 3389 holo-

2131 3431 2377 3478 caustum
2410 3423 2559 3488 fieri,
2596 3424 2640 3479 si
2679 3424 2840 3480 modo
2867 3425 2979 3478 vult
3020 3441 3143 3481 esse
3181 3412 3512 3496 acceptabile
3552 3434 3608 3480 et
3642 3426 3733 3481 in-

2130 3513 2406 3584 telligibile
2447 3515 2841 3570 holocaustum.
2886 3515 3012 3571 Haec
3040 3517 3086 3571 si
3116 3516 3310 3583 faciat,
3354 3519 3401 3572 is
3440 3516 3578 3589 [qui]
3611 3534 3730 3573 non

2128 3615 2309 3675 potest
2350 3607 2623 3677 praedictis
2670 3608 2842 3663 nodis
2885 3610 3264 3679 poenitentiam
3307 3625 3487 3679 agere,
3536 3610 3591 3665 id
3638 3620 3731 3666 est

2128 3698 2345 3769 vigiliis,
2380 3708 2435 3753 et
2456 3714 2634 3764 sacco,
2658 3708 2714 3755 et
2744 3700 2864 3756 aliis
2891 3700 3156 3756 similibus
3187 3701 3592 3766 afﬂictionibus,
3624 3720 3723 3758 ro-

2128 3789 2371 3860 gabitque
2406 3806 2502 3861 pro
2530 3807 2589 3845 eo
2617 3791 2862 3845 sacerdos
2895 3791 3265 3863 intelligihilis,
3293 3802 3342 3845 et
3377 3808 3471 3862 pro
3505 3803 3729 3862 peccato

2128 3880 2243 3948 ejus
2272 3888 2323 3933 et
2346 3880 2640 3935 dimittetur
2666 3882 2734 3934 ei.
2767 3880 3115 3936 Admirabilis
3140 3881 3294 3935 valde
3317 3896 3447 3950 ergo
3470 3878 3614 3935 Deus
3638 3891 3730 3937 est

2128 3971 2290 4042 hujus
2323 3971 2465 4026 lator
2504 3972 2667 4043 legis,
2699 3973 2791 4043 qui
2827 3974 3040 4028 veniam
3063 3982 3139 4028 ‘ut
3177 3986 3302 4045 pote
3338 3975 3580 4029 clemens
3622 3975 3731 4029 im-

2126 4061 2407 4116 becillitati
2448 4064 2662 4132 generis
2688 4064 2905 4117 humani
2937 4065 3157 4129 tribuit,
3187 4072 3243 4119 et
3269 4066 3487 4120 modum
3517 4067 3729 4136 reperit

2128 4165 2228 4219 per
2252 4166 2413 4220 quem
2445 4168 2552 4205 non
2594 4152 2805 4207 minora
2835 4156 3091 4223 consequi
3123 4153 3460 4209 infirmantes
3487 4155 3726 4223 possint.

2128 4240 2314 4297 Potest
2366 4243 2434 4297 de
2489 4243 2701 4313 prolato
2745 4240 3091 4313 iuramento,
3142 4255 3197 4301 et
3245 4262 3343 4315 per
3393 4247 3725 4302 oblivionem

2128 4331 2350 4396 omisso,
2368 4339 2423 4385 et
2437 4331 2505 4386 de
2517 4332 2791 4387 oblatione
2805 4348 2902 4403 per
2915 4335 3021 4390 hoc
3031 4349 3185 4405 agna:
3197 4336 3311 4390 sive
3324 4350 3499 4405 capra:
3509 4336 3577 4390 de
3593 4353 3724 4406 gre-

2127 4422 2281 4493 gibus
2306 4422 2419 4477 sive
2450 4423 2722 4478 oblatione
2751 4432 3026 4479 turturum
3060 4427 3144 4480 vel
3173 4426 3544 4481 columbarum
3564 4467 3579 4492 ,
3622 4428 3725 4482 ali-

2127 4512 2382 4581 terjuxta
2412 4514 2673 4569 moralem
2699 4515 3030 4570 intellectum
3056 4517 3265 4572 sentiri.
3293 4517 3402 4589 (Ex
3420 4516 3722 4590 Gregorio.)

2124 4599 2500 4658 Juramentum
2540 4604 2786 4673 proferre
2813 4615 2896 4660 est
2925 4616 3052 4661 voto
3079 4622 3178 4662 nos
3214 4607 3408 4662 divinm
3436 4609 3723 4681 servitutis

2125 4693 2365 4765 alligare,
2404 4706 2610 4752 etcum
2649 4697 2791 4751 bona
2821 4712 2983 4768 opera
3021 4698 3412 4767 promittimus,
3444 4700 3583 4754 bene
3617 4716 3724 4757 nos

2126 4785 2307 4844 facere
2346 4790 2691 4859 spondemus.
2735 4790 2868 4845 Cum
2910 4806 3039 4845 vero
3080 4793 3464 4847 abstinentiam
3504 4794 3723 4848 crueia-

2127 4888 2350 4950 tumque
2396 4881 2576 4935 carnis
2622 4894 2823 4936 nostrae
2860 4899 3139 4948 voventes,
3184 4884 3321 4939 male
3364 4886 3429 4939 ad
3474 4901 3723 4954 prrescns

2127 4987 2227 5026 nos
2257 4973 2412 5026 nobis
2444 4988 2669 5041 parcere
2699 4973 2982 5041 juramus;
3024 4977 3119 5031 sed
3155 4978 3283 5046 quia
3314 4977 3494 5031 nullus
3528 4978 3584 5031 in
3615 4979 3723 5033 hac

2125 5060 2234 5114 vita
2266 5061 2339 5114 ita
2375 5060 2647 5130 perfectus
2683 5072 2767 5117 est
2805 5074 2865 5117 ut
2895 5064 3190 5132 quamlibet
3222 5067 3334 5120 Deo
3367 5066 3598 5122 devotus
3624 5068 3722 5133 sit,

2126 5149 2266 5203 inter
2292 5151 2406 5219 ipsa
2432 5152 2963 5223 quantulumcunque
2987 5154 3073 5224 pia
3102 5165 3223 5210 vota
3250 5173 3353 5211 non
3378 5167 3588 5227 peccet,
3618 5175 3723 5227 pro

2123 5248 2347 5310 peccato
2377 5257 2570 5311 agnam
2612 5243 2808 5298 oil‘errc
2846 5246 2962 5300 sive
3003 5261 3224 5315 capram
3272 5249 3534 5317 praecipit.
3576 5250 3719 5315 Quid

2124 5331 2268 5385 cnim
2306 5348 2403 5402 per
2429 5348 2618 5403 agnam
2639 5376 2653 5400 ,
2685 5336 2787 5390 nisi
2831 5336 3018 5390 activa:
3047 5338 3170 5391 vitae
3188 5322 3544 5393 innocentia?
3576 5339 3721 5406 Quid

2123 5441 2222 5495 per
2246 5442 2463 5496 capram
2487 5469 2500 5494 ,
2532 5445 2653 5498 qua:
2682 5429 2734 5482 in
2766 5431 2992 5485 summis
3023 5446 3163 5501 δεῦρο
3192 5432 3559 5500 extremisque
3585 5424 3751 5500 pen--

2102 5518 2260 5573 'dens
2285 5518 2509 5588 rupibus
2537 5520 2793 5587 pascitur,
2822 5521 2927 5575 nisi
2958 5522 3370 5591 contemplativa
3397 5522 3505 5575 vita
3533 5524 3721 5593 signa—

2088 5648 2091 5649 ν
2128 5611 2253 5664 tur?
2279 5610 2378 5677 Qui
2403 5627 2531 5681 ergo
2556 5625 2611 5665 sc
2637 5612 2897 5681 conspicit
2925 5614 3190 5681 promissa
3216 5629 3277 5668 ac
3299 5615 3576 5687 propesita
3608 5630 3720 5670 non
