3956 6176
216 190 327 250 255

1147 193 1646 252 EXPOSITIONES
1685 195 1751 250 lN
1792 197 2187 259 LEVITICL‘M.
2228 234 2300 265 _——
2337 204 2465 259 LIB.
2502 203 2544 260 1.

3373 211 3481 269 286

214 308 462 380 implere,
482 310 882 366 adsacriﬁcium
899 309 992 364 Dei
1006 326 1123 367 sese
1143 314 1723 379 studiosiusdelet,vcl
1746 315 1798 370 in
1832 317 1871 373 Α
1905 327 1959 371 ut
1996 318 2159 380 Esau,
2196 321 2285 391 qui
2319 329 2531 390 propter
2567 335 2725 372 unam
2765 335 2935 373 escam
2963 323 3191 377 vendidit
3217 326 3480 397 primitiva

214 400 528 458 innocentia
545 403 668 459 boni
689 403 887 474 operis,
903 404 983 458 vel
1002 404 1052 459 in
1067 404 1284 460 sublimi
1298 416 1453 477 pastu
1469 407 1799 477 contempla-

216 492 379 547 tionis
413 494 719 549 ascendere.
743 495 964 553 Etbcne
983 510 1176 566 agnam
1201 496 1266 551 de
1284 497 1553 568 gregibus,
1578 513 1797 568 capram

212 599 348 638 Vero
378 585 572 642 offerre
594 587 659 640 de
675 587 931 657 gregibus
955 602 1058 641 non
1079 587 1319 655 jubetur,
1343 590 1467 659 quia
1492 591 1666 645 activa
1688 591 1799 645 vita

210 678 515 733 multorqu
539 685 639 741 est,
668 677 1080 746 contemplativa
1106 693 1419 748 paucorum.
1442 681 1653 735 Etcum
1683 682 1800 736 haec

210 769 434 840 agimus
449 784 563 838 qua:
585 768 782 822 multos
803 783 961 839 agere
980 775 1034 822 et
1055 768 1231 839 egisse
1250 770 1630 840 conspicimus,
1646 771 1799 839 quasi

216 874 416 929 agnam
450 858 513 912 de
545 857 798 929 gregibus
821 857 1042 925 damus;
1069 859 1162 913 sed
1184 875 1305 914 cum
1328 858 1605 915 offerentis
1626 861 1799 916 virtus

217 950 280 1003 ad
296 963 497 1018 agnam
509 963 835 1017 capramque
854 964 961 1002 non
985 964 1044 1003 su
1053 948 1200 1015 dicit,
1216 950 1268 1004 in
1284 951 1522 1006 remedio
1533 952 1797 1021 pmniten-

219 1046 302 1095 :tze
327 1038 639 1110 adiungitur
660 1047 719 1093 ut
742 1038 851 1093 duo
875 1039 1246 1095 columbarum
1272 1041 1399 1111 pulli
1423 1042 1507 1096 vel
1533 1044 1652 1098 dua:
1683 1052 1798 1099 tur-

214 1139 364 1184 tures
390 1126 705 1183 offerantur.
745 1128 959 1184 Scimus
986 1130 1112 1200 quia
1142 1130 1512 1186 columbarum
1539 1132 1668 1202 pulli
1698 1148 1797 1205 pro

214 1230 375 1277 cantu
408 1223 635 1293 gemitus
660 1223 892 1287 habent;
925 1223 1052 1293 quid
1078 1237 1207 1294 ergo
1233 1239 1330 1293 per
1354 1226 1488 1280 duos
1523 1226 1799 1282 columba-

212 1329 329 1368 rum
358 1313 556 1383 pullos,
580 1311 664 1366 vel
688 1311 826 1367 duos
848 1320 1104 1377 turtures,
1131 1312 1231 1368 nisi
1254 1311 1445 1384 duplex
1468 1316 1798 1383 paenitentiae

210 1411 420 1459 nostra:
466 1403 693 1474 gemitus
738 1402 1084 1473 designatur?
1129 1410 1189 1457 ut
1236 1420 1360 1459 cum
1409 1405 1478 1460 ad
1524 1405 1795 1461 oll‘erenda

210 1493 348 1548 bona
388 1508 552 1563 opera
584 1508 691 1547 non
722 1492 1074 1565 assurgimui,
1115 1496 1477 1564 nosmetipsos
1512 1496 1799 1567 dupliciter

209 1583 525 1649 defleamus,
555 1583 682 1655 quia
712 1591 769 1638 et
797 1593 943 1639 recta
978 1601 1085 1639 non
1117 1585 1361 1646 fecimus,
1389 1595 1445 1642 ct
1474 1603 1641 1657 prava
1666 1603 1797 1658 ope-

1899 423 1999 461 sua
2021 422 2040 460 :
2074 409 2254 462 scitote
2296 410 2433 464 enim
2474 409 2597 479 quia
2641 418 2688 463 et
2730 419 2907 480 postea
2952 411 3127 467 volens
3170 415 3481 474 ha'reditare

1901 497 2324 562 benedictionem,
2368 499 2672 569 reprobatus
2709 511 2820 563 est;
2852 517 2953 555 non
2979 503 3115 556 enim
3154 505 3346 560 invenit
3374 524 3478 578 pa:-

1900 591 2129 643 nitentire
2166 589 2363 653 locum,
2404 608 2702 661 quanquam
2743 608 2860 644 cum
2894 592 3138 664 lacrymis
3177 599 3478 666 eaquisisset

1898 697 2012 734 eam
2042 679 2226 751 (Hebr.
2259 679 2381 751 sn).
2432 682 2572 749 Ergo
2601 682 2726 751 quia
2775 682 2969 737 talibus
3012 701 3117 737 non
3145 684 3317 741 facilis
3342 703 3479 756 pra:-

1898 772 2056 826 bctur
2078 772 2412 841 pmnitentiat
2439 773 2636 836 aditus,
2665 787 2793 826 ecce
2815 789 2960 827 nunc
2984 773 3259 844 legislator
3281 776 3475 840 innuit,

1899 860 1976 914 ait
2013 862 2158 914 enim
2191 878 2203 914 ε
2240 860 2393 925 Quod
2431 862 2477 915 si
2515 877 2616 914 non
2653 862 2871 931 quiverit
2909 878 3098 917 manus
3140 863 3257 933 ejus
3292 866 3480 933 θιγεηέ

1897 952 2030 1007 duos
2055 962 2302 1018 turtures,
2331 953 2408 1007 uel
2437 953 2567 1007 duos
2591 953 2762 1024 pullos
2785 953 3055 1008 columine.
3089 956 3189 1024 Qui
3214 972 3345 1012 vero
3365 958 3479 1013 haec

1898 1059 2002 1098 non
2028 1053 2227 1114 potest,
2259 1045 2568 1099 omnimodo
2598 1060 2697 1100 nec
2722 1045 2932 1100 hazdum
2963 1061 3067 1100 nec
3088 1062 3241 1102 ovem
3267 1056 3478 1117 potest;

1897 1147 2066 1201 quare
2090 1143 2268 1187 autem
2298 1143 2404 1186 non
2431 1135 2646 1202 potest?
2674 1135 2767 1189 sed
2790 1143 2850 1188 ut
2873 1134 3015 1189 LXX
3041 1117 3247 1201 dicunt,
3278 1154 3381 1191 non
3405 1138 3480 1191 in-

1896 1223 2051 1287 tenit,
2092 1223 2217 1291 quia
2255 1222 2459 1277 divitiis
2496 1224 2828 1293 pmnitentite
2872 1226 3010 1280 male
3046 1242 3199 1292 usus,
3242 1243 3350 1280 non
3387 1242 3482 1281 eas

1896 1314 2348 1383 quemadmodum
2382 1315 2663 1384 Oportebat
2690 1315 2964 1386 expendit.
2997 1316 3134 1383 Quid
3163 1333 3294 1386 ergo
3320 1317 3482 1374 faciet

1896 1412 1956 1457 ut
1983 1419 2087 1458 non
2125 1404 2429 1474 desperatio
2467 1405 2517 1459 ei
2556 1421 2718 1460 causa
2755 1407 3072 1477 perditionis
3113 1407 3240 1462 ﬁat?
3283 1409 3479 1477 Offeret

1895 1510 1989 1564 pro
2027 1503 2238 1563 peccato
2273 1511 2367 1548 suo
2392 1494 2619 1548 similam
2638 1536 2652 1560 ,
2690 1505 2891 1567 partem
2921 1498 3040 1568 cphi
3061 1497 3346 1563 decimam,
3375 1515 3481 1553 non

1898 1583 2062 1637 mittet
2085 1584 2138 1637 in
2167 1602 2229 1638 ea
2253 1583 2449 1651 oleum,
2477 1602 2569 1639 nec
2601 1586 2769 1640 thuris
2806 1586 3007 1657 aliquid
3036 1598 3210 1659 ponet,
3232 1590 3356 1660 quia
3385 1604 3481 1650 pro

210 1679 310 1732 rati
348 1691 575 1742 sumus;
615 1676 758 1731 unde
785 1686 841 1732 et
875 1692 1013 1733 unus
1044 1686 1223 1733 turtur
1248 1695 1347 1749 pro
1380 1690 1627 1750 peccato,
1655 1682 1790 1736 alter

1893 1684 2102 1742 peccato
2129 1683 2224 1728 est.
2253 1674 2379 1729 Haec
2404 1688 2534 1745 ergo
2559 1676 2768 1745 species
2794 1677 2843 1732 ei
2870 1679 3202 1747 paenitentiae
3223 1693 3480 1735 concessa

209 1784 337 1824 vero
386 1766 569 1823 oii’crri
610 1768 663 1821 in
712 1768 1086 1823 holocaustum
1122 1770 1376 1839 jubetur,
1426 1771 1797 1826 holocaustum

208 1872 451 1929 namque
487 1864 660 1912 totum
691 1858 970 1913 incensum
1010 1860 1223 1914 dicitur.
1258 1860 1435 1917 Unum
1463 1877 1592 1934 ergo
1624 1871 1796 1918 turtu-

208 1967 322 2006 rem
355 1965 459 2021 pro
485 1959 708 2019 peccato
737 1948 1035 2017 oﬂ'crimus,
1067 1967 1188 2006 cum
1228 1969 1326 2023 pro
1351 1954 1507 2025 culpa
1534 1955 1793 2025 gemitum

210 2044 432 2108 damus;
480 2042 545 2098 de
590 2042 763 2098 altero
803 2057 933 2097 vero
966 2043 1337 2099 holocaustum
1379 2045 1627 2113 facimus,
1670 2064 1793 2102 cum

209 2149 304 2204 pro
329 2149 400 2189 eo
428 2134 566 2203 quod
594 2134 733 2188 bona
770 2133 1127 2204 negleximus,
1162 2136 1520 2207 nosmetipsos
1552 2138 1794 2193 funditus

208 2222 603 2279 succendentes
631 2224 753 2295 igne
778 2224 978 2280 doloris
1013 2227 1283 2285 ardemus.
1329 2226 1440 2283 Nec
1469 2228 1683 2284 silentio
1711 2237 1795 2285 cst

206 2314 674 2382 prretcrcnndum,
728 2312 781 2367 in
832 2313 935 2369 hac
980 2313 1254 2369 oblatione
1303 2317 1530 2373 turturis
1576 2318 1658 2372 vel
1703 2334 1792 2373 co-

206 2402 406 2456 lnmbse
424 2418 543 2472 qua:
571 2418 668 2473 pro
692 2411 916 2473 peccato
931 2404 1152 2474 jubetur
1172 2404 1375 2470 oﬁ‘erri,
1404 2414 1564 2475 atque
1587 2415 1646 2461 ut
1669 2416 1792 2477 post

208 2501 443 2549 mortem
470 2495 656 2549 hostia:
680 2495 895 2566 corpori
927 2502 1085 2565 caput
1111 2496 1393 2560 inhrercat,
1421 2496 1545 2566 quia
1590 2497 1790 2552 Media-

206 2588 352 2641 toris
379 2588 539 2641 nostri
565 2603 796 2656 persona
823 2587 1109 2659 allegorice
1145 2588 1196 2642 in
1235 2603 1298 2642 ea
1324 2596 1503 2657 potest
1541 2588 1786 2659 intelligi.

211 2674 331 2746 (Ex
374 2673 655 2747 Gregorio.)
706 2675 1083 2747 Redemptoris
1123 2677 1267 2731 enim
1315 2677 1484 2732 nostri
1532 2693 1677 2733 mors
1721 2679 1790 2731 ad

203 2766 640 2839 coniunctionem
668 2770 751 2824 sui
781 2770 1048 2839 corporis,
1090 2769 1143 2824 id
1172 2779 1256 2824 est
1287 2770 1784 2849 Ecclesiatvaluit,

204 2875 315 2913 non
345 2859 418 2913 ad
445 2861 857 2930 separationem.
890 2861 1150 2918 Mediator
1171 2862 1373 2918 ctenim
1400 2862 1495 2918 Dei
1525 2871 1579 2918 et
1614 2863 1789 2919 homi-

201 2966 367 3014 num,
400 2950 453 3005 id
480 2958 564 3005 est
599 2960 763 3022 caput
788 2953 1029 3007 omnium
1060 2962 1335 3018 nostrum,
1369 2960 1424 3008 et
1459 2969 1600 3009 vera:
1627 2970 1785 3009 mun-

201 3032 435 3096 dationis
482 3042 688 3106 hostia,
735 3044 880 3098 unde
922 3059 1020 3115 pro
1068 3045 1224 3101 nobis
1268 3054 1499 3101 mortem
1542 3047 1783 3117 pertulit,

200 3132 326 3187 inde
362 3133 523 3189 nobis
549 3135 734 3190 verius
774 3136 1007 3192 inhaesit.
1051 3135 1181 3192 Post
1215 3138 1511 3194 sectionem
1545 3155 1672 3212 ergo
1700 3156 1790 3196 ca-

198 3232 293 3290 put
316 3224 546 3280 turturis
580 3241 679 3281 suo
718 3227 930 3297 corpori
968 3227 1223 3293 inhrcret,
1255 3231 1382 3298 quia
1417 3229 1693 3285 Christum
1721 3231 1788 3286 ab

200 3314 439 3370 Ecclesia
465 3331 568 3372 nec
596 3332 747 3372 mors
779 3318 1142 3376 interveniens
1169 3322 1373 3377 dividit.
1406 3322 1788 3380 Persecutorcs

170 3404 365 3475 igitur
396 3415 729 3478 peregerunt
766 3408 871 3463 hoc
906 3410 1049 3479 quod
1086 3413 1387 3481 perniciose
1418 3415 1585 3471 moliti
1614 3416 1784 3483 'sunt;

200 3496 496 3552 intulenmt
525 3508 788 3565 mortem,
828 3508 889 3555 ut
923 3502 993 3557 ab
1032 3518 1096 3559 eo
1136 3505 1515 3561 abscinderent
1549 3507 1785 3563 ﬁdelium

199 3586 573 3656 devotionem;
626 3589 720 3644 sed
767 3590 892 3646 inde
934 3591 1066 3647 ﬁdes
1114 3595 1318 3661 crevit,
1370 3598 1513 3652 unde
1547 3598 1687 3654 hanc
1728 3615 1786 3655 se

200 3678 547 3749 exstinguere
570 3677 867 3735 inﬁdelium
893 3682 1186 3740 crudelitas
1208 3687 1461 3754 credidit;
1481 3703 1710 3758 cumque
1729 3705 1789 3745 se

197 3767 471 3822 astimant
522 3767 643 3836 ejus
697 3770 954 3826 miracula
1009 3776 1381 3845 persequendo
1428 3778 1783 3846 abscindere,

198 3858 339 3914 hanc
394 3859 655 3913 nimirum
701 3864 963 3933 compulsi
1019 3874 1144 3920 sunt
1199 3868 1488 3923 nesciendo
1536 3870 1783 3927 dilatare.

195 3950 328 4017 Quis
353 3965 592 4019 namque
622 3961 782 4020 caput
802 3963 1043 4008 nostrum
1067 3964 1178 4023 est,
1214 3957 1316 4011 nisi
1344 3958 1670 4029 Redemptor
1696 3976 1786 4032 ge—

195 4044 345 4098 neris
372 4043 636 4097 humani?
664 4044 729 4099 de
754 4061 862 4114 quo
888 4048 1147 4117 scriptum
1173 4059 1258 4105 est
1284 4068 1296 4103 :
1334 4049 1509 4121 Ipsum
1533 4052 1673 4107 dedit
1698 4071 1786 4108 ca-

190 4143 284 4203 put
311 4149 479 4203 supra
505 4148 710 4188 omnem
740 4134 1029 4190 Ecclesium
1057 4137 1215 4210 (Eph.
1245 4138 1304 4211 l),
1336 4156 1456 4210 quae
1484 4151 1564 4196 est
1589 4158 1786 4215 corpus

196 4226 405 4296 ipsius,
452 4241 618 4297 quem
667 4241 787 4281 cum
837 4227 1007 4284 Judaei
1056 4241 1541 4302 persequerentur,
1590 4250 1784 4292 nomen

192 4316 311 4385 ejus
336 4315 530 4371 delere
557 4317 627 4370 de
651 4324 792 4371 terra
822 4319 1000 4373 conati
1031 4331 1174 4387 sunt,
1203 4338 1430 4393 cumque
1460 4340 1583 4379 eum
1613 4326 1788 4379 cruci-

194 4406 363 4462 ﬁxum
392 4418 451 4463 et
488 4409 756 4479 sepultum
790 4411 1076 4477 viderunt,
1110 4427 1233 4468 eum
1261 4429 1321 4469 se
1349 4415 1417 4469 ab
1444 4431 1629 4472 antore
1664 4433 1783 4471 om-

191 4499 346 4552 nium
394 4500 649 4554 divisisse
693 4501 1056 4556 crediderunt.
1107 4502 1212 4558 Sed
1253 4512 1415 4574 caput
1460 4508 1687 4562 turturis
1729 4517 1784 4563 et

191 4589 427 4645 incisum
456 4598 568 4654 est,
608 4598 662 4644 et
694 4599 873 4645 tamen
900 4607 929 4645 a
967 4608 1066 4648 suo
1099 4608 1325 4664 corpore.
1353 4596 1649 4650 abscissum
1677 4611 1783 4650 non

189 4688 298 4744 est,
327 4682 459 4749 quia
485 4695 551 4734 ex
576 4696 644 4735 eo
670 4681 811 4750 quod
836 4698 935 4753 pro
958 4683 1113 4739 nobis
1139 4693 1366 4740 mortem
1392 4685 1645 4755 pertulit,
1670 4702 1786 4742 om-

191 4783 289 4824 nes
323 4785 429 4823 nos
457 4769 562 4823 sibi
596 4770 776 4824 verius
817 4772 871 4825 in
910 4772 1080 4841 ipsam
1112 4789 1265 4828 suam
1304 4785 1533 4830 mortem
1562 4776 1785 4846 conjun-

189 4862 291 4916 xit.
324 4861 439 4931 (Ea:
470 4860 779 4933 Hesychia.)
810 4863 944 4929 Quia
979 4873 1159 4919 autem
1195 4881 1299 4921 non
1327 4882 1487 4923 omne
1516 4867 1672 4924 facile
1701 4879 1785 4924 est

186 4955 257 5007 ad
286 4953 671 5023 ptruiteudnm
712 4961 946 5022 tempus,
987 4954 1098 5009 imo
1138 4956 1423 5026 aliquando
1467 4967 1523 5013 et
1550 4957 1783 5025 diﬁicilc,

186 5044 242 5101 id
268 5054 389 5107 est,
419 5044 640 5114 quando
666 5045 821 5099 abusi
860 5060 1046 5100 sumus
1083 5046 1199 5116 ipsa
1227 5049 1545 5117 poenitentia
1563 5091 1576 5112 ,
1612 5050 1786 5104 virtu-

185 5147 416 5207 temque
439 5136 562 5205 ejus
592 5137 990 5206 quodammodo
1030 5139 1396 5206 abolcvimus,
1439 5141 1581 5210 quod
1608 5141 1789 5196 evenit

184 5229 231 5283 si
275 5230 405 5298 quis
435 5228 580 5282 forte
620 5243 875 5299 peccans,
907 5236 961 5283 et
1002 5230 1268 5299 pmnitere
1310 5245 1368 5285 se
1408 5231 1686 5297 simulans,
1720 5233 1787 5287 ad

182 5318 297 5373 bac
326 5335 519 5374 rursus
541 5320 749 5384 redeat,
785 5320 928 5389 quod
954 5328 1008 5376 et
1028 5321 1223 5376 Petrus
1248 5323 1649 5392 reprehendens
1673 5324 1785 5379 ait:

184 5409 392 5464 Evenit
411 5411 493 5464 eis
515 5426 605 5465 res
626 5410 741 5464 veri
766 5411 1035 5480 proverbii
1063 5431 1075 5465 :
1102 5410 1261 5468 Canis
1288 5430 1519 5469 reversus
1543 5416 1612 5469 ad
1636 5431 1789 5469 suum

181 5504 483 5568 uomitum;
509 5513 559 5557 et
597 5520 690 5557 sus
726 5502 835 5557 lota
865 5505 919 5557 in
948 5504 1217 5560 rolutabro
1243 5507 1371 5561 ca’ni
1411 5505 1495 5578 (II
1530 5504 1675 5560 I’etr.
1705 5506 1787 5577 ιι).

183 5591 305 5649 Sed
337 5603 391 5649 et
415 5593 654 5650 Paulus:
686 5593 767 5648 Ne
790 5595 927 5663 quis,
958 5595 1053 5664 ait,
1085 5596 1370 5652 fornicator
1397 5605 1487 5650 aut
1516 5597 1787 5665 profanus,

1816 3006 1863 3067 C

1894 1773 2006 1829 est,
2034 1780 2193 1835 quam
2225 1767 2361 1821 dixit
2389 1786 2401 1821 :
2434 1768 2647 1822 anxiari
2680 1778 2859 1824 autem
2887 1778 2939 1824 et
2966 1771 3156 1826 timere
3194 1772 3380 1839 debet,
3414 1786 3484 1828 ne

1894 1854 2032 1912 forte
2075 1872 2181 1911 non
2228 1860 2556 1929 suscipiatur
2583 1859 2720 1929 ejus,
2750 1869 2811 1916 ut
2848 1870 2972 1931 pote
3003 1862 3314 1934 frequenter
3340 1864 3483 1934 inju-

1894 1946 2053 2011 riata,
2069 1949 2404 2018 ptenitentia,
2420 1958 2709 2020 pr0pterea
2726 1968 2824 2008 nec
2834 1952 3010 2008 oleum
3028 1953 3388 2023 superfundit,
3404 1962 3485 2010 ut-

1891 2048 2017 2108 pote
2040 2038 2290 2094 dubitans
2314 2054 2381 2094 an
2410 2040 2783 2096 misericordia
2810 2051 2865 2097 et
2891 2045 3265 2114 compassione
3288 2046 3482 2116 dignus

1893 2132 1995 2196 sit;
2047 2132 2141 2187 scd
2193 2147 2293 2187 nec
2338 2133 2514 2188 thuris
2559 2134 2763 2204 aliquid
2802 2134 3059 2204 imponit,
3111 2144 3171 2191 ut
3218 2145 3343 2206 pote
3386 2136 3481 2206 qui

1892 2224 2065 2277 nescit
2102 2232 2284 2276 utrum
2318 2223 2446 2277 boni
2480 2224 2661 2279 odoris
2700 2224 2769 2278 sit
2806 2222 2922 2292 ejus
2963 2226 3135 2280 oratio
3163 2240 3326 2294 quam
3373 2224 3479 2280 free

1892 2321 2122 2382 quenter
2162 2313 2549 2382 pravaricatus
2591 2322 2696 2368 cst.
2745 2314 2899 2369 Unde
2937 2313 3050 2370 Joel
3097 2316 3359 2385 propheta
3412 2314 3480 2368 ad

1891 2402 2102 2473 plebem
2130 2400 2441 2457 Judteorum
2473 2402 2686 2457 dicebat
2726 2421 2741 2457 :
2782 2400 3155 2458 Convertimini
3185 2403 3255 2457 ad
3292 2402 3478 2456 Domi-

1891 2510 2016 2547 nitu:
2044 2493 2212 2547 Deum
2246 2503 2472 2548 vestrum
2496 2534 2510 2560 ,
2534 2495 2659 2565 quia
2695 2495 2945 2567 benignus
2968 2504 3016 2551 et
3056 2497 3351 2550 misericors
3379 2504 3479 2563 est,

1888 2589 2092 2659 patiens
2138 2598 2186 2642 et
2238 2587 2459 2643 multum
2504 2591 2824 2656 misericors,
2872 2600 2921 2645 et
2966 2591 3282 2662 pra'stabilis
3324 2604 3486 2661 super

1888 2677 2114 2731 malitia.
2148 2676 2280 2742 Quis
2309 2679 2405 2732 scit
2440 2679 2485 2732 si
2512 2684 2844 2733 convertatur
2871 2688 2920 2733 et
2945 2680 3212 2749 ignoscat,
3239 2689 3288 2734 et
3316 2680 3480 2733 relin-

1888 2778 2015 2837 quat
2041 2779 2158 2840 post
2200 2787 2256 2823 se
2299 2769 2728 2835 benedictionem,
2769 2771 3091 2839 sacriﬁcium
3139 2781 3189 2824 et
3236 2770 3465 2825 libamen

1887 2856 2114 2912 Domino
2139 2858 2250 2912 Deo
2274 2860 2488 2912 nostra?
2515 2858 2674 2929 (Joel.
2696 2857 2784 2929 ιι.)
2819 2860 2882 2913 Et
2904 2860 3175 2929 quomodo
3201 2860 3481 2915 dubitatur

1893 2950 1960 3005 de
2000 2950 2355 3005 misericorde
2381 2958 2436 3004 et
2469 2950 2731 3019 patiente,
2772 2959 2827 3004 et
2866 2950 3048 3004 multa:
3090 2950 3515 3016 miserationis,‘

1893 3041 1938 3096 si
1964 3049 2316 3096 convertatur
2347 3046 2402 3095 et
2425 3040 2719 3110 ptenitcat,
2750 3047 2805 3093 et
2828 3040 2871 3094 si
2904 3039 3231 3095 sacriﬁcium
3262 3047 3315 3094 ct
3347 3040 3482 3094 liba-

1892 3144 2015 3184 men
2043 3145 2145 3199 pro
2168 3129 2408 3198 peccatis
2430 3127 2698 3199 accipiat?
2720 3127 2833 3183 Nisi
2862 3128 2987 3199 quia
3017 3129 3215 3198 populo
3243 3129 3481 3200 maligno

1891 3234 1947 3282 et
1980 3224 2220 3296 diligenti
2260 3230 2484 3293 peccata
2521 3221 2795 3291 loquitur?
2824 3222 2925 3288 Qui
2958 3237 3085 3297 cum
3113 3236 3253 3291 θωνα
3282 3222 3478 3290 egerit,

1891 3330 2165 3385 nunquam
2202 3314 2439 3384 perstitit
2476 3313 2531 3367 in
2557 3326 2694 3382 pura
2721 3313 3059 3383 pamitentia.
3091 3313 3232 3384 Ergo
3260 3327 3360 3367 nec
3385 3313 3477 3368 de-

1890 3404 2252 3476 sperationem
2284 3402 2390 3457 illis
2421 3401 2599 3457 facere
2633 3402 2778 3467 vult,
2820 3416 2921 3457 nec
2957 3417 3144 3457 rursus
3172 3416 3268 3457 eos
3301 3401 3475 3472 pinni-

1891 3503 2068 3550 tentes
2091 3491 2246 3546 valde
2270 3507 2624 3562 praesumere,
2647 3498 2811 3562 atque
2837 3493 2960 3547 ideo
2982 3493 3164 3547 verbis
3188 3502 3269 3548 est
3297 3493 3478 3548 dubiis

1888 3600 2039 3641 usus.
2094 3584 2163 3638 Et
2208 3584 2558 3651 quamobrem
2609 3598 2717 3637 non
2772 3582 3058 3652 oportebat
3105 3582 3478 3653 praesumptio-

1889 3690 2013 3730 nem
2056 3675 2137 3728 eis
2182 3672 2338 3728 facile
2382 3673 2542 3727 dari?
2584 3672 2663 3727 Ne
2700 3673 2824 3726 data
2868 3673 3220 3743 praesumptio
3263 3675 3330 3727 ad
3372 3674 3476 3727 alia

1889 3780 2080 3820 rursus
2131 3772 2357 3835 peccata
2402 3778 2497 3819 eos
2543 3762 2962 3833 negligentiores
3012 3761 3277 3829 alliceret,
3332 3764 3481 3818 velut

1888 3857 2146 3929 relaxatis
2178 3856 2467 3927 prioribus.
2499 3855 2748 3910 inﬁrmos
2775 3855 2974 3924 quippe
3009 3855 3271 3925 quosdam
3302 3864 3356 3911 et
3388 3855 3475 3909 in-

1888 3958 2201 4007 constantes
2255 3949 2308 4003 in
2358 3948 2651 4003 virtutibus
2707 3946 2984 4015 legislator
3033 3946 3227 4001 innuit.
3284 3946 3475 4000 Tradet

1888 4053 2062 4098 autem
2085 4059 2200 4097 eam
2224 4040 2505 4096 sacerdoti.
2534 4039 2625 4096 ille
2650 4050 2828 4094 autem
2854 4047 2913 4093 ut
2936 4047 3062 4108 pote
3083 4039 3201 4107 pius
3227 4038 3479 4095 Christus

1887 4136 2085 4207 quippe
2119 4143 2230 4197 est,
2264 4134 2355 4205 qui
2398 4133 2562 4188 etiam
2591 4148 2739 4188 nunc
2785 4147 2881 4202 per
2910 4133 3356 4203 signiﬁcationem
3389 4134 3475 4185 in-

1892 4226 2147 4295 telligitur
2193 4224 2509 4288 sacerdotis,
2562 4225 2653 4288 qui
2702 4222 2913 4292 plenum
2961 4238 3025 4276 ex
3075 4232 3182 4276 toto
3216 4222 3472 4291 pagi/lum

1890 4316 2136 4370 hauriens
2162 4314 2410 4369 cremabit
2448 4328 2605 4383 super
2639 4311 2828 4374 altare,
2856 4312 2907 4364 in
2949 4310 3320 4364 monimentum
3358 4311 3472 4379 ejus

1888 4409 1977 4478 qui
2005 4406 2210 4470 obtulit,
2239 4405 2450 4476 species
2470 4402 2757 4459 oblationis
2772 4400 3116 4471 acceptabilis
3137 4408 3240 4466 est,
3263 4401 3385 4470 cphi
3409 4402 3477 4457 si-

1892 4498 2052 4552 mil:e.
2097 4496 2231 4566 Ephi
2260 4503 2440 4550 autem
2474 4508 2728 4548 mensura
2754 4500 2839 4547 est
2881 4493 3045 4546 trium
3075 4506 3473 4559 mensurarum,

1892 4589 1945 4645 id
1996 4597 2112 4652 est,
2157 4596 2267 4642 tres
2300 4585 2512 4641 modios
2539 4584 2775 4655 capiens.
2813 4584 2955 4654 Ergo
2989 4581 3241 4638 Christus
3272 4593 3355 4639 est
3382 4585 3476 4653 qui

1890 4679 2215 4737 sacriﬁcium
2241 4676 2418 4743 oli'ert,
2451 4685 2505 4732 et
2535 4676 2646 4747 ipse
2672 4683 2756 4732 est
2792 4675 3120 4731 sacriﬁcium
3148 4675 3290 4744 quod
3315 4675 3479 4732 offer-

1893 4779 1980 4827 tur
2006 4792 2019 4825 :
2050 4770 2173 4841 cphi
2208 4768 2374 4834 enim,
2405 4783 2529 4823 cum
2555 4768 2625 4821 sit
2665 4780 2917 4821 mensura
2958 4766 3117 4820 trium
3147 4764 3475 4835 modiorum,

1892 4864 2168 4918 evidenter
2193 4860 2517 4916 Trinitatem
2548 4858 2742 4922 innuit,
2784 4873 2904 4928 qua!
2933 4873 3040 4912 una
3073 4858 3291 4928 quidem
3320 4874 3475 4913 men-

1892 4970 2016 5011 sura
2069 4962 2172 5019 est,
2222 4953 2348 5023 quia
2405 4967 2512 5006 una
2556 4951 2612 5005 in
2661 4966 2722 5007 ea
2767 4958 2851 5006 est
2889 4951 3101 5017 deitas;
3157 4959 3267 5006 tres
3295 4958 3477 5006 autem

1891 5046 2057 5100 habet
2086 5059 2400 5110 mensuras,
2432 5043 2485 5098 id
2512 5050 2595 5098 cst
2614 5083 2628 5107 ,
2668 5049 2779 5097 tres
2817 5056 3079 5113 personas
3107 5043 3374 5113 perfectas
3420 5049 3477 5098 et

1892 5133 1972 5195 tot
1999 5139 2397 5205 subsistentias,
2430 5148 2489 5194 ut
2515 5137 2858 5194 manifestum
2887 5140 2956 5195 sit
2986 5157 3091 5195 non
3123 5157 3219 5197 nos
3246 5149 3477 5212 peccare

1893 5231 2008 5301 ejus
2033 5243 2267 5303 partem,
2296 5248 2514 5287 carnem
2543 5231 2754 5286 Domini
2787 5231 3048 5297 dicentes,
3078 5241 3297 5302 propter
3326 5232 3477 5284 inse-

1893 5321 2192 5392 parabilem
2247 5335 2370 5376 cum
2418 5335 2481 5375 ea
2532 5320 2585 5374 in
2637 5319 2902 5375 incarnati
2945 5321 3109 5378 Verbi
3154 5319 3474 5374 unitionem.

1894 5413 2073 5482 Quare
2120 5421 2300 5469 autem
2346 5412 2609 5467 trinitatis
2633 5427 2760 5480 pars
2789 5413 2907 5466 est?
2958 5413 3093 5479 Quia
3136 5407 3476 5464 indivisihilis

1895 5502 2012 5571 ejus
2037 5513 2120 5559 est
2146 5503 2314 5574 gloria
2344 5510 2399 5557 et
2427 5502 2621 5566 virtus,
2649 5501 2722 5555 ita
2756 5510 2816 5556 ut
2836 5501 3033 5556 Paulus
3059 5500 3125 5553 de
3150 5498 3366 5553 Christo
3394 5498 3474 5554 di-

1894 5602 2041 5650 ceret
2086 5611 2099 5647 :
2147 5595 2211 5649 In
2254 5596 2367 5665 ipso
2407 5593 2608 5648 habitat
2655 5593 2823 5648 omnis
2866 5589 3135 5661 plenitudo
3183 5587 3471 5643 divinitatis
