3954 6176
416 258 516 314 287

414 369 759 447 corporaliter
786 363 984 440 (Calas.
1017 361 1105 433 ιι).
1147 358 1255 414 Sed
1284 365 1340 412 et
1364 354 1602 447 Joannes
1637 347 1786 447 z-Qui
1818 352 1991 447 negat,
2021 341 2072 401 Α

417 437 614 536 inquit,
668 437 898 518 Filium,
953 470 1044 508 nec
1082 448 1300 503 Patrem
1349 445 1535 509 habet;
1584 441 1674 513 qui
1707 437 1996 536 conﬁtetur

413 527 600 612 Iesum
619 561 666 607 et
687 550 896 604 Patrem
915 543 1067 598 habet
1093 539 1150 612 (I
1169 537 1330 593 Joan.
1356 534 1441 605 ιι).
1474 533 1616 603 Ergo
1639 529 1764 600 ephi
1781 527 1996 598 quidem

415 649 506 705 hic
537 647 850 700 incarnatus
894 637 1037 690 Deus
1071 631 1326 693 Verbum,
1367 635 1426 680 ιιι
1463 631 1588 695 pote
1616 621 1821 676 habens
1852 617 1905 671 in
1942 630 2001 670 se

417 735 703 796 Trinitatis
724 727 1137 804 plenitudinem.
1162 721 1380 776 Decima
1403 725 1583 771 autem
1603 713 1720 782 ejus
1743 717 1826 804 est
1846 722 1998 804 caro,

415 831 652 900 primum
680 799 896 895 quidem
925 828 985 874 ut
1011 815 1390 872 ostenderetur
1419 807 1720 865 sublimitas
1750 799 2003 900 divinita-

421 892 492 976 tis
516 919 632 989 ejus
661 892 920 985 quantum
965 909 1034 964 ad
1060 904 1476 963 humanitatem.
1509 900 1739 966 Propter
1764 892 1928 989 quod.
1946 899 2005 944 et

420 982 790 1081 pars'dici—tur.
820 1001 1024 1057 Deinde
1053 1014 1152 1068 pro
1177 1011 1242 1051 eo
1274 993 1416 1065 quod
1440 993 1649 1060 integro
1674 985 1895 1081 homine
1916 982 2002 1036 in-

419 1075 676 1158 carnatus
711 1106 794 1153 est
833 1096 974 1150 Deus
1012 1090 1250 1147 Verbum
1289 1093 1344 1140 et
1385 1083 1478 1154 qui
1519 1081 1691 1151 legem
1731 1075 2000 1147 impleret.

421 1193 720 1259 Utrumque
744 1187 888 1243 enim
918 1183 1123 1239 decima
1151 1177 1442 1249 signiﬁcat,
1483 1173 1610 1242 quia
1637 1177 1692 1224 et
1729 1166 2003 1240 perfectus

418 1293 503 1339 est
528 1281 780 1338 denarius
821 1290 1096 1332 numerus.
1149 1273 1347 1327 Decem
1378 1276 1558 1322 autem
1587 1263 1840 1318 mandata
1871 1259 2006 1330 legis

419 1382 566 1439 sunt,
597 1372 738 1428 unde
790 1379 844 1426 et
874 1369 1097 1424 decima:
1139 1363 1401 1420 decimam
1447 1358 1774 1429 praecipuam
1822 1366 2007 1408 sacer-

419 1465 552 1529 doti,
591 1463 808 1518 Christo
837 1459 1106 1522 videlicet,
1135 1455 1221 1510 lex
1249 1451 1549 1522 deputavit,
1573 1456 1632 1502 ut
1659 1457 1784 1518 pote
1811 1457 2003 1498 massm

421 1564 620 1611 nostra:
647 1553 913 1625 primitias
938 1550 1178 1606 habenti.
1220 1547 1537 1615 Quicunque
1573 1557 1704 1613 ergo
1736 1541 2006 1612 paeniten-

421 1647 553 1702 tiam
575 1661 718 1716 smpe
738 1642 1098 1714 prtevaricans
1127 1638 1364 1703 violavit,
1384 1649 1683 1704 rursusque
1705 1633 1822 1686 vult
1847 1645 2005 1701 agere

422 1736 799 1808 pmnitentiam
823 1774 839 1800 ,
871 1732 924 1786 in
968 1745 1062 1801 spe
1103 1728 1304 1784 Christi
1335 1735 1494 1798 agat,
1524 1725 1612 1794 qui
1647 1723 1936 1792 inquisitus
1967 1737 1999 1775 a

422 1829 618 1884 Petro:
639 1825 698 1882 Si.
724 1823 1008 1896 peccaverit
1033 1822 1087 1874 in
1109 1837 1189 1874 me
1205 1819 1369 1888 frater
1392 1833 1556 1881 meus,
1579 1815 1778 1886 quoties
1794 1812 2000 1865 dimitto

423 1921 471 1973 ei
480 1959 494 1981 ,
509 1933 669 1984 usque
694 1914 914 1986 septies?
937 1912 1064 1966 dixit
1084 1925 1101 1962 :
1127 1908 1250 1964 Non
1269 1909 1385 1962 dico
1406 1908 1497 1962 tibi
1517 1922 1676 1977 usque
1690 1905 1895 1975 septies,
1913 1901 2002 1956 sed

424 2026 585 2081 usque
596 2008 887 2079 septuagies
899 2005 1103 2075 septies.
1122 2003 1222 2056 Hic
1238 2017 1366 2070 ergo
1380 2014 1558 2054 sermo
1571 2012 1720 2068 spem
1737 1994 2004 2066 paeniten-

425 2105 511 2158 tiae
540 2103 619 2158 eis
645 2102 841 2172 quibus
865 2097 1209 2167 impossibilis
1235 2096 1467 2160 videtur,
1508 2092 1728 2164 praebet.
1777 2091 2006 2160 Propter

423 2194 564 2264 quod
592 2193 840 2246 hauriens
866 2190 929 2243 de
950 2188 1208 2242 oblatione
1234 2185 1408 2257 implet
1443 2183 1720 2256 pugillum,
1752 2183 1806 2236 in
1837 2183 2007 2236 moni-

424 2294 657 2339 mentum
677 2283 790 2352 ejus
803 2283 891 2353 qui
914 2280 1120 2345 obtulit,
1138 2288 1183 2334 et
1213 2288 1407 2333 cremat
1437 2293 1593 2346 super
1619 2274 1808 2339 altare,
1835 2274 1886 2329 id
1900 2281 2003 2341 est,

426 2388 632 2428 memor
656 2373 737 2428 sui
763 2372 915 2426 verbi
941 2370 1083 2440 quod
1109 2385 1206 2440 pro
1234 2370 1319 2425 his
1339 2369 1610 2424 salvandis
1636 2368 1727 2437 qui
1749 2367 1814 2420 ad
1840 2381 1898 2422 se
1918 2381 2008 2420 ve-

427 2463 650 2518 niebant
671 2461 930 2532 apostolis
957 2461 1092 2516 dixit
1117 2478 1130 2512 :
1163 2457 1288 2513 Non
1310 2460 1548 2529 peribunt
1579 2460 1634 2512 in
1661 2469 1934 2522 aeternum,
1958 2463 2006 2510 et

429 2569 580 2607 nemo
610 2569 698 2606 eas
746 2552 909 2622 rapiet
950 2552 1014 2606 de
1064 2562 1224 2605 manu
1263 2567 1379 2605 mea
1425 2548 1606 2621 (Joan.
1645 2566 1760 2615 xxx,
1807 2549 1891 2619 χ),
1917 2563 2010 2603 ve-

427 2645 666 2699 nientem
693 2645 760 2699 ad
785 2660 842 2699 se
866 2643 1035 2700 salvat
1067 2657 1188 2697 eum
1213 2642 1305 2712 qui
1334 2656 1476 2712 szepe
1504 2641 1729 2711 deliquit
1756 2641 1808 2694 in
1833 2640 2008 2711 poeni-

430 2736 673 2790 tentiam.
707 2733 868 2803 Quid,
902 2753 995 2805 pro
1024 2752 1083 2789 eo
1109 2735 1332 2805 o/ferens
1359 2733 1614 2805 pugillum
1642 2733 1696 2786 in
1724 2733 2010 2787 monimen-

427 2826 576 2880 tum?
611 2825 662 2880 id
697 2835 813 2890 est,
838 2827 1061 2881 verbum
1100 2825 1398 2881 secundum
1445 2825 1588 2893 quod
1628 2824 1879 2894 promisit
1915 2838 2008 2879 eos

431 2918 525 2988 qui
567 2917 734 2974 semel
765 2919 866 2975 sub
905 2933 1064 2974 manu
1096 2916 1212 2987 ejus
1261 2917 1387 2972 facti
1433 2915 1633 2970 fuerint
1669 2931 1775 2970 non
1809 2915 2006 2985 perire.

429 3010 545 3066 lloc
585 3026 712 3082 ergo
750 3010 1137 3066 monimentum
1184 3008 1374 3065 oll‘eret
1412 3023 1574 3076 super
1613 3007 1783 3063 altare
1813 3021 2009 3076 corpus

430 3117 624 3166 suum,
653 3102 796 3171 quod
831 3116 992 3156 omne
1032 3109 1310 3164 peccatum
1351 3098 1620 3166 suscepit,
1664 3097 1828 3150 etiam
1879 3096 2010 3150 illud

430 3197 576 3265 quod
622 3195 906 3250 videbatur
946 3191 1274 3262 impossibile
1323 3205 1482 3259 posse
1528 3188 1760 3252 salvari;
1792 3195 2012 3256 prepter

431 3285 575 3355 quod
595 3284 821 3347 addidit,
854 3283 978 3353 quia
997 3297 1092 3351 pro
1119 3288 1330 3350 peccato
1358 3287 1454 3342 est,
1479 3278 1768 3333 ostendens
1791 3273 1921 3346 quia
1943 3276 2011 3331 ad

433 3372 706 3428 Christum
735 3371 908 3426 solum
938 3369 1174 3439 pertinet
1197 3368 1441 3422 omnium
1467 3375 1688 3436 peccata
1715 3365 2009 3434 suscipere.

434 3466 578 3537 Ergo
606 3463 642 3518 ii
669 3463 759 3534 qui
787 3462 1160 3534 pcenitentiam
1193 3476 1333 3531 saepe
1361 3460 1640 3531 peccando
1673 3459 2013 3529 praevaricati

435 3567 584 3622 sunt,
623 3565 898 3626 postremo
945 3563 1123 3610 autem
1156 3553 1554 3625 pmnituerunt,
1595 3568 1662 3608 ex
1694 3565 1759 3606 eo
1797 3551 2014 3620 quidem

434 3649 579 3720 quod
606 3647 919 3718 frequenter
945 3644 1285 3715 pratvaricati
1312 3653 1469 3709 sunt,
1506 3659 1656 3714 spem
1683 3643 2016 3714 poenitentiae

439 3757 545 3796 non
574 3739 798 3804 habent,
822 3737 1070 3793 Christus
1097 3744 1277 3792 tamen
1310 3736 1474 3790 etiam
1509 3735 1588 3790 sic
1616 3749 1795 3799 orare,
1825 3734 1880 3788 id
1912 3741 2014 3798 est,

438 3830 710 3901 suscipere
748 3828 1143 3898 ptenitentiam,
1187 3834 1409 3898 propter
1448 3841 1604 3882 suum
1649 3825 1852 3896 patitur
1897 3839 2020 3879 ver-

438 3920 566 3975 bum
595 3960 610 3984 ,
657 3919 970 3974 misericors
1010 3925 1096 3972 est
1133 3917 1278 3972 enim
1329 3925 1386 3972 et
1431 3915 1604 3970 ﬁdelis
1649 3913 1904 3970 sacerdos
1953 3913 2020 3967 ad

439 4011 610 4066 Deum
637 4009 730 4079 qui
767 4016 958 4064 exoret
981 4022 1080 4077 pro
1104 4007 1340 4078 peccatis
1364 4004 1576 4076 populi;
1613 4005 1707 4060 sed
1737 4005 1900 4060 etiam
1927 4003 2020 4073 qui

441 4102 566 4158 ﬁnis
612 4102 684 4157 sit
735 4101 896 4172 lmjus
943 4100 1237 4155 sanctionis
1287 4113 1676 4169 cognoscamus
1704 4138 1720 4163 ,
1775 4095 2023 4166 sequitur

439 4195 585 4252 enim
615 4211 629 4248 :
663 4191 937 4264 Reliquam
965 4207 1082 4247 vero
1103 4201 1304 4261 partem
1339 4190 1446 4260 ipse
1471 4187 1676 4242 habebit
1705 4187 1761 4240 in
1786 4202 2020 4251 munere,

439 4285 581 4355 quod
604 4282 747 4340 LXX
768 4283 1086 4339 ediderunt:
1113 4279 1266 4347 Quod
1287 4288 1461 4334 autem
1484 4278 1738 4350 reliquum
1757 4275 1935 4347 fuerit,
1956 4275 2022 4331 sit

1062 243 1126 299 Β.
1165 234 1421 296 RABANI
1455 229 1679 291 MAURI
1714 223 2037 284 ARCHIEP.
2079 222 2387 281 MOGUNT.
2427 217 2710 276 OPERUM
2770 217 2950 273 PARS
2988 217 3028 270 Ι.

2032 1686 2082 1746 Β

3578 212 3694 269 288

2098 341 2257 396 debet
2299 337 2476 393 omnis
2516 337 2698 390 anima
2747 335 2920 390 ﬁdelis
2955 347 3075 388 esse
3113 330 3353 386 scientiae
3388 330 3689 399 plenitudi-

2099 446 2256 494 nem,
2297 437 2351 483 et
2379 435 2701 499 potestatem
2749 423 3053 480 dimittendi
3094 431 3337 494 peccata.
3385 421 3454 475 Et
3483 421 3603 476 ideo
3632 421 3685 474 ei

2099 536 2259 575 omne
2309 518 2637 575 sacriﬁcium
2669 558 2684 584 ,
2729 516 2883 586 quasi
2933 530 3065 570 vero
3109 513 3425 581 sacerdoti,
3474 522 3694 586 oportet

2100 611 2305 668 olferri.

2717 697 2945 754 CAPUT
2987 695 3080 751 IX.

2103 793 2181 848 De
2225 795 2405 848 anima
2445 809 2563 864 qum
2601 793 2911 862 prwvaricat
2962 790 3299 845 ctcremonias
3340 789 3555 845 Domini
3597 806 3706 862 per

2771 879 2887 915 erro
2894 878 3000 915 rem
3007 901 3019 913 .

2174 975 2324 1047 (Car.
2356 974 2432 1046 v.)
2473 974 2704 1030 Locutus
2726 985 2799 1029 est
2821 975 3081 1030 Dominus
3109 976 3178 1029 ad
3211 974 3430 1047 Moysen
3466 977 3649 1033 dicens
3674 992 3698 1031 :

2105 1067 2295 1122 Anima
2323 1072 2368 1122 si
2397 1068 2751 1138 prwvaricans
2773 1067 3108 1121 acrimonias
3138 1084 3230 1138 per
3258 1085 3485 1122 errorem
3517 1070 3572 1122 in
3607 1069 3701 1125 his

2103 1175 2219 1229 qua:
2256 1159 2481 1212 Domino
2515 1157 2636 1213 sunt
2667 1158 3024 1227 sanctiﬁcata,
3049 1160 3356 1230 peccaverit,
3387 1160 3569 1228 oﬂeret
3594 1177 3699 1229 pro

2105 1249 2292 1304 delicto
2317 1267 2411 1304 suo
2438 1251 2653 1303 arietem
2680 1249 3076 1304 immaculatum
3107 1251 3171 1304 de
3195 1251 3455 1321 gregibus,
3483 1254 3571 1324 qui
3587 1254 3700 1306 emi

2105 1351 2267 1410 potest
2298 1341 2499 1395 duobus
2529 1341 2692 1407 siclis,
2717 1342 2876 1410 juxta
2901 1342 3106 1412 pondus
3135 1345 3459 1410 sanctuarii;
3495 1346 3700 1415 ipsum-

2105 1449 2206 1503 que
2248 1433 2387 1503 quod
2424 1431 2600 1486 intulit
2625 1432 2806 1486 damni
2834 1434 3100 1498 restituet,
3138 1442 3186 1486 et
3215 1435 3454 1504 quintam
3489 1448 3699 1506 partem

2106 1533 2268 1594 ponet
2327 1540 2520 1593 supra,
2553 1523 2764 1577 tradens
2795 1523 3089 1596 sacerdoti,
3130 1527 3218 1596 qui
3260 1525 3458 1596 rogabit
3491 1544 3586 1594 pro
3606 1545 3701 1594 eo,

2109 1616 2333 1684 o/ferens
2374 1616 2613 1680 arietem,
2643 1625 2691 1669 et
2718 1615 3011 1669 dimittetur
3033 1617 3101 1669 ei.
3135 1615 3342 1670 Bonum
3367 1618 3586 1686 quidem
3607 1627 3704 1674 est

2110 1710 2178 1764 ab
2223 1709 2368 1763 oumi
2410 1716 2634 1778 peccato
2663 1708 2961 1773 abstinere,
3017 1708 3254 1762 maxime
3292 1717 3472 1763 tamen
3509 1711 3578 1765 ab
3629 1725 3702 1766 eo

2109 1800 2255 1871 quod
2281 1809 2470 1856 contra
2499 1806 2687 1854 saneta
2704 1797 3082 1863 committitur,
3107 1798 3232 1868 quia
3257 1797 3401 1854 Deus
3426 1814 3522 1869 per
3543 1799 3700 1854 illum

2111 1891 2416 1961 iujuriatur.
2462 1890 2736 1957 Quantum
2787 1897 2966 1943 autem
3007 1889 3111 1943 hoc
3146 1899 3202 1943 et
3247 1905 3407 1959 quam
3449 1891 3701 1946 terribile

2110 1980 2202 2046 sit,
2236 1994 2508 2049 praesens,
2538 1994 2700 2047 quam
2735 1979 3010 2050 legislator
3039 1979 3326 2048 exposuit,
3359 1981 3700 2034 demonstrat

2110 2070 2331 2124 oblatio.
2365 2068 2556 2124 Cernis
2584 2068 2782 2138 quippe
2803 2069 2929 2138 quia
2961 2068 3087 2122 dum
3121 2076 3197 2123 tot
3225 2070 3570 2139 prmeepisset
3597 2086 3698 2124 sa-

2111 2161 2316 2216 criﬁcia
2359 2159 2643 2226 celebrari,
2685 2175 2953 2231 nusquam
2993 2159 3059 2214 de
3098 2159 3286 2214 arietis
3326 2161 3596 2216 sacriﬁcio
3638 2163 3697 2216 in

2108 2254 2375 2324 principio
2403 2253 2525 2308 libri
2567 2251 2726 2321 hujus
2746 2294 2760 2319 ,
2791 2251 3003 2307 Domini
3033 2253 3100 2307 ad
3141 2252 3356 2323 Moysen
3398 2253 3709 2322 loquentis,

2111 2345 2216 2399 nisi
2249 2353 2458 2398 tantum
2489 2343 2540 2398 in
2576 2343 2679 2398 hoc
2707 2342 2825 2398 loco
2856 2343 3185 2397 mentionem
3214 2341 3361 2406 fecit,
3389 2343 3576 2398 volens
3600 2359 3705 2397 ne-

2111 2434 2419 2488 cessitatem
2459 2441 2515 2488 et
2548 2432 2839 2486 utilitatem
2881 2433 3135 2488 sacriﬁcii
3177 2431 3337 2502 hujus
3381 2434 3700 2489 ostendere.

2111 2525 2300 2582 Cernis
2330 2525 2494 2580 etiam
2521 2525 2663 2596 quod
2687 2541 2794 2579 non
2824 2525 3034 2579 hircum
3057 2566 3071 2591 ,
3109 2539 3284 2595 neque
3310 2540 3528 2595 capram
3551 2565 3566 2590 ,
3603 2536 3707 2581 aut

2081 2632 2292 2682 ~ovem,
2341 2623 2435 2670 aut
2478 2631 2577 2685 par
2609 2616 2976 2672 columbarum
3005 2656 3018 2680 ,
3053 2616 3144 2670 sed
3178 2615 3400 2671 arietem
3440 2617 3706 2686 prmcepit

2111 2709 2397 2775 olferri,ex
2411 2708 2682 2763 oblatione
2707 2707 2927 2772 docens,
2954 2707 3113 2776 quale
3139 2706 3210 2761 sit
3239 2706 3344 2761 hoc
3367 2716 3652 2776 peccatum
3684 2725 3700 2760 :

2113 2802 2165 2856 in
2193 2802 2359 2872 ﬁgura
2386 2801 2528 2855 enim
2559 2798 2857 2855 Salvatoris
2881 2798 3023 2852 aries
3051 2797 3333 2867 accipitur.
3365 2795 3481 2866 Non
3519 2796 3706 2852 solum

2113 2902 2294 2947 autem
2324 2889 2730 2946 immaculatum
2758 2904 2882 2943 eum
2923 2902 3045 2943 esse
3090 2887 3367 2957 przecepit,
3399 2887 3492 2941 sed
3518 2896 3574 2942 et
3601 2888 3706 2956 qui

2114 2983 2273 3053 pretii
2304 2983 2403 3045 sit,
2433 2983 2548 3037 sive
2585 2981 2691 3036 emi
2720 2981 2894 3051 possit
2924 2980 3131 3035 duobus
3161 2979 3340 3044 siclis,
3373 2979 3456 3034 vel
3498 2995 3702 3034 secun-

2117 3077 2242 3130 dum
2273 3073 2440 3139 LXX,
2466 3075 2666 3143 argenti
2695 3073 3074 3143 quinquaginta
3109 3071 3275 3135 siclis,
3322 3070 3449 3126 siclo
3491 3081 3710 3126 sancto-

2117 3167 2284 3222 Nemo
2331 3167 2529 3236 quippe
2574 3166 2676 3220 sibi
2724 3165 3043 3234 conquirere
3087 3164 3301 3219 Domini
3347 3163 3714 3228 sacriﬁcium,

2115 3258 2217 3312 nisi
2251 3274 2344 3328 per
2371 3256 2631 3329 Spiritum
2655 3265 2900 3311 sanctmn
2931 3265 3129 3326 potest.
3175 3256 3233 3310 Si
3254 3255 3397 3310 enim
3427 3272 3576 3309 nemo
3599 3272 3703 3323 po-

2117 3359 2209 3403 test
2254 3350 2425 3403 dicere
2457 3348 2709 3402 Dominus
2755 3346 2912 3400 Jesus
2955 3344 3216 3412 Christus,
3257 3347 3358 3400 nisi
3403 3347 3458 3400 in
3483 3343 3707 3415 Spiritu

2115 3439 2367 3513 sancto(1
2403 3439 2526 3495 Cor.
2553 3439 2676 3511 xu),
2710 3437 2878 3493 multo
2907 3437 3081 3507 magis
3108 3452 3210 3492 nec
3233 3435 3560 3492 sacriﬁcium
3581 3435 3709 3506 ejus

2117 3534 2334 3603 assequi
2373 3533 2683 3602 quispotest
2729 3531 2846 3585 sine
2891 3529 3205 3599 Operatioue
3247 3526 3500 3597 Spiritus.
3545 3527 3708 3584 Unde

2119 3642 2224 3682 non
2255 3624 2571 3695 simpliciter
2611 3623 2812 3678 dictum
2863 3631 2968 3686 est,
3013 3621 3396 3692 quinquaginta
3425 3620 3704 3686 siclorum,

2118 3717 2355 3773 ostendit
2383 3715 2581 3786 quippe
2616 3714 2707 3769 hic
2731 3729 2990 3768 numerus
3029 3712 3198 3768 sancti
3233 3710 3468 3782 Spiritus
3503 3713 3709 3767 adven-

2121 3817 2252 3870 tum,
2286 3823 2354 3862 ex
2379 3821 2445 3862 eo
2476 3804 2619 3875 quod
2653 3804 2740 3859 die
2769 3803 3111 3868 Pentecoste,
3140 3803 3192 3856 id
3215 3809 3323 3868 est,
3355 3801 3707 3873 Quinquage-

2121 3901 2280 3964 sima,
2320 3899 2388 3954 ad
2417 3897 2689 3968 apostolos
2715 3897 2892 3962 venit;
2931 3897 3024 3952 sed
3045 3903 3099 3951 et
3135 3895 3362 3966 pondere
3382 3897 3710 3960 sanctuarii,

2123 3996 2237 4049 sive
2264 3993 2555 4048 secundum
2582 3992 2747 4058 LXX,
2776 3992 2907 4048 siclo
2949 4002 3151 4057 sancto,
3192 3998 3251 4046 ut
3285 4007 3382 4062 per
3420 3991 3526 4046 hoc
3561 3993 3708 4060 quod

2123 4086 2280 4150 dixit,
2307 4093 2509 4150 sancto,
2533 4086 2842 4138 ostenderet
2868 4084 3040 4139 sancti
3071 4083 3310 4154 Spiritus
3339 4083 3620 4150 virtutem,
3653 4092 3710 4139 et

2122 4176 2512 4248 operationem.
2547 4175 2695 4231 Siclo
2720 4183 2898 4232 autem
2925 4177 3128 4246 quare?
3155 4176 3291 4244 Quia
3316 4176 3481 4232 siclus
3512 4177 3709 4248 viginti

2124 4269 2403 4325 obolorum
2450 4279 2565 4334 est,
2614 4269 2703 4324 hic
2733 4277 2912 4324 autem
2957 4269 3261 4324 vicenarius
3306 4285 3567 4324 numerus
3599 4287 3711 4324 nou

441 4374 726 4429 sacerdotis
752 4413 766 4436 ,
808 4369 1261 4442 quemadmodum
1319 4367 1645 4424 sacriﬁcium
1691 4364 1900 4421 similaa.
1957 4363 2023 4418 Et
2047 4385 2100 4444 ι)
2126 4369 2210 4417 est
2233 4361 2472 4432 peccatis
2493 4359 2792 4426 obnoxius;
2825 4361 2966 4416 unde
2991 4361 3048 4414 hi
3077 4361 3166 4430 qui
3195 4362 3262 4416 de
3295 4359 3531 4432 Egypto
3560 4362 3709 4416 exie-

442 4464 570 4533 quia
593 4463 938 4533 theologiam,
967 4475 1149 4530 supra,
1181 4459 1412 4514 similam
1435 4457 1741 4528 signiﬁcare
1762 4456 2020 4521 diximus,

445 4553 561 4608 haec
605 4563 788 4608 autem
827 4551 1029 4606 oblatio
1073 4566 1180 4606 non
1211 4557 1420 4604 tantum
1451 4547 1731 4618 theologia:
1757 4556 2022 4616 quantum

445 4645 776 4715 paenitentia:
823 4653 930 4707 est,
983 4643 1126 4698 unde
1171 4641 1370 4696 ibidem
1421 4640 1564 4709 quod
1610 4639 1876 4707 reliquum
1925 4636 2027 4690 fuit

447 4737 626 4790 Aaron
652 4745 707 4790 et
734 4735 858 4789 ﬁliis
881 4732 998 4802 ejus
1026 4731 1320 4803 deputavit,
1349 4744 1484 4798 quos
1511 4728 1650 4783 ﬁlios
1677 4726 2024 4794 intelligimus

449 4840 544 4881 eos
570 4840 689 4880 esse
722 4824 813 4895 qui
844 4823 1094 4879 sublimia
1127 4829 1183 4876 et
1222 4821 1403 4875 divina
1434 4817 1731 4888 intelligere
1768 4823 2021 4886 possunt,

447 4915 552 4980 ipsi
581 4916 777 4986 quippe
822 4922 1117 4984 pascuntur
1154 4911 1220 4966 de
1271 4909 1510 4965 scientiae
1553 4907 1828 4977 reliquiis,
1873 4904 2027 4974 cuius

453 5019 624 5066 totum
651 5020 812 5081 atque
839 5024 1106 5065 summam
1133 5007 1186 5062 in
1218 5006 1372 5062 caelis
1393 5004 1642 5060 Christus
1667 5004 1851 5058 habet.
1887 5003 2029 5058 Con-

449 5101 796 5159 siderandum
825 5101 1004 5169 itaque
1038 5107 1122 5153 est
1147 5097 1291 5168 quod
1326 5097 1381 5150 in
1417 5094 1524 5149 duo
1551 5108 1793 5163 prmsens
1819 5090 2029 5146 sacriﬁ-

449 5193 595 5250 cium
638 5191 915 5254 dividitur,
959 5189 1011 5244 id
1049 5198 1153 5254 est,
1181 5188 1235 5243 in
1276 5186 1652 5242 remissionem
1682 5190 2030 5253 peccatorum

451 5284 830 5360 paenitentiam
861 5282 1060 5353 agenti,
1092 5292 1148 5336 et
1176 5281 1228 5335 in
1266 5278 1617 5349 theologiam,
1647 5275 1864 5331 Christo
1894 5293 1906 5329 :
1946 5289 2034 5330 so-

453 5378 559 5434 lius
584 5379 727 5434 enim
753 5376 847 5431 Dei
875 5386 958 5431 est
990 5376 1269 5446 ignoscere
1298 5373 1462 5428 etiam
1491 5387 1555 5426 ea
1583 5386 1811 5442 quorum
1840 5370 2035 5441 impos-

459 5469 632 5525 sibilis
668 5468 881 5522 videtur
917 5465 1186 5528 remissio,
1237 5463 1364 5533 quia
1406 5463 1670 5531 scriptum
1711 5467 1836 5514 est:
1881 5459 2032 5524 Quod

455 5561 770 5632 impossibile
797 5571 873 5615 est
897 5558 1037 5630 apud
1063 5558 1318 5620 homines,
1339 5553 1582 5625 possibile
1608 5562 1679 5608 est
1703 5551 1844 5622 apud
1872 5551 2035 5605 Deum

459 5650 676 5722 (Matth.
722 5669 843 5718 xix;
898 5650 1027 5706 Luc.
1070 5647 1243 5720 xvul).
1286 5647 1340 5702 In
1386 5645 1603 5702 Christo
1639 5645 1781 5700 enim
1815 5643 2037 5699 credere

2127 4461 2254 4508 runt
2299 4467 2422 4508 cum
2467 4451 2656 4522 viginti
2697 4466 2961 4506 annorum
3002 4459 3224 4516 essent,
3270 4452 3475 4522 peccati
3525 4452 3709 4521 populi

2127 4558 2347 4614 pmnam
2385 4558 2494 4598 non
2542 4550 2926 4613 susceperunt;
2966 4543 3198 4599 mundus
3233 4543 3432 4612 quippe
3459 4542 3529 4596 ab
3563 4543 3706 4597 omni

2127 4644 2348 4704 peccato
2380 4642 2464 4689 est
2501 4633 2762 4704 spiritalis
2798 4634 2980 4688 homo.
3008 4631 3128 4688 Non
3157 4633 3328 4688 solum
3353 4645 3536 4687 autem
3563 4633 3706 4687 arie-

2127 4731 2234 4778 tem
2262 4723 2466 4788 oﬁ‘erri,
2500 4723 2593 4779 sed
2615 4731 2671 4778 et
2689 4724 2933 4793 quintam
2961 4732 3168 4794 partem
3191 4723 3389 4779 addere
3408 4725 3705 4794 praecepit:

2132 4818 2178 4872 si
2203 4818 2322 4887 quis
2355 4816 2494 4873 forte
2532 4826 2723 4872 sancto
2751 4817 2866 4871 vasi
2896 4816 2979 4872 vel
3008 4817 3132 4871 cibo
3173 4824 3266 4871 aut
3303 4824 3581 4887 unguento
3621 4815 3712 4869 tali

2133 4911 2334 4966 abusus
2361 4917 2466 4974 est,
2512 4909 2615 4964 hoc
2650 4909 2936 4980 appellavit
2966 4909 3313 4963 commissum
3345 4917 3624 4978 peccatum
3660 4909 3712 4962 in

2135 5011 2344 5057 sancta.
2373 5001 2473 5057 Hic
2511 5015 2640 5073 ergo
2664 5002 2838 5071 ipsum
2865 5001 3066 5062 reddet,
3093 5009 3148 5055 et
3172 4999 3714 5070 insuperqttintamjd

2137 5106 2242 5159 est,
2296 5096 2539 5164 quintam
2589 5093 2706 5162 ejus
2755 5103 2962 5164 partem
3007 5093 3230 5153 tradidit
3277 5093 3566 5147 sacerdoti.
3605 5091 3716 5145 Hoc

2130 5183 2319 5241 autem
2347 5184 2612 5256 signiﬁcat
2654 5193 2715 5239 ut
2748 5185 3002 5254 quoniam
3042 5184 3280 5254 quinque
3313 5197 3507 5237 sensus
3547 5183 3715 5236 habe-

2138 5293 2288 5340 mus,
2319 5275 2364 5330 si
2411 5290 2508 5345 per
2533 5290 2696 5330 unum
2727 5291 2944 5330 sensum
2976 5275 3413 5344 peccaverimus,
3443 5272 3636 5336 veluti,
3670 5262 3714 5314 δί

2137 5369 2350 5426 oculum
2385 5369 2451 5424 ad
2477 5368 2797 5424 adulterium
2827 5368 2880 5422 in
2906 5374 3149 5436 tempore
3187 5374 3244 5419 et
3265 5365 3384 5420 loco
3413 5372 3603 5419 sancto
3629 5379 3720 5417 oc-

2139 5461 2547 5531 cupaverimus,
2599 5467 2690 5514 aut
2724 5459 2906 5529 lingua
2936 5458 2990 5512 in
3021 5457 3384 5520 detrahendo,
3428 5454 3512 5508 vel
3562 5469 3721 5508 aures

2142 5551 2208 5606 ad
2241 5551 2435 5605 malam
2471 5550 2816 5612 locutionem,
2866 5555 2960 5602 aut
2984 5546 3267 5601 odoratum
3301 5545 3366 5599 ad
3406 5544 3723 5614 preat-cptio-

2146 5661 2267 5699 nem
2315 5644 2785 5700 olorameutorum
2833 5639 3240 5694 meretrieorum
3283 5655 3294 5691 :
3359 5645 3450 5691 aut
3505 5646 3721 5689 manum
