3954 6176
252 347 366 407 289

1180 340 1683 400 EXPOSITIONES
1723 338 1788 394 IN
1831 337 2228 395 LEVITICUM.
2269 370 2339 380 —
2376 338 2503 395 LIB.
2542 340 2583 394 1.

3411 345 3516 403 290

250 462 325 518 ad
352 467 554 516 tactum
589 454 873 528 profanum
906 464 963 511 et
1006 454 1294 524 injustum;
1338 454 1571 523 primum
1613 449 1829 521 quidem
1858 450 1908 509 Α
1934 464 2095 502 unum
2120 465 2184 503 ex
2210 449 2291 503 his
2311 466 2427 520 qua:
2456 448 2667 502 Domini
2694 446 2803 517 lege
2827 447 3182 517 prohibentur.
3206 449 3346 521 Ergo
3367 461 3422 507 et
3446 453 3515 509 de

250 551 327 608 ah
365 550 455 605 illo
489 556 711 618 peccato
753 547 977 602 omnino
1023 546 1414 608 abstineamus,
1460 551 1517 599 et
1564 540 1834 612 paeniten-

253 640 387 696 tiam
410 640 477 694 de
502 654 569 694 eo
600 652 699 709 per
729 638 951 693 arietem
978 636 1289 701 offeramus,
1326 637 1380 692 id
1417 643 1523 700 est,
1559 634 1832 690 Christum

255 738 508 801 rogemus
535 738 593 782 ut
619 726 828 797 peccati
864 727 917 781 in
941 742 1000 783 se
1025 726 1299 782 commissi
1324 727 1440 796 ipse
1468 724 1563 780 ﬁat
1585 724 1831 794 ereptio;

254 821 449 877 deinde
498 821 775 891 quintam,
810 820 865 875 id
915 830 1030 885 est,
1071 834 1237 874 unum
1283 820 1666 889 praedictorum
1708 832 1831 873 sen-

255 926 437 975 suum,
464 926 561 979 pcr
580 911 724 979 quod
744 919 1029 980 peccatum
1050 909 1396 966 commissum
1416 917 1518 974 est,
1545 906 1836 963 oneramus

255 999 546 1062 sacerdoti,
573 999 791 1054 Christo
821 997 1095 1062 videlicet,
1138 1004 1198 1051 ut
1222 1011 1566 1068 nequaquam
1595 995 1736 1049 ultra
1768 994 1836 1050 ad

252 1094 528 1147 actionem
574 1106 797 1162 pravam
841 1090 1009 1145 ullum
1054 1104 1379 1158 occupemus
1435 1104 1652 1144 sensum
1679 1128 1693 1153 ,
1741 1086 1836 1143 sed

251 1199 639 1240 consecremus
663 1183 810 1238 illum
836 1181 968 1246 Deo,
992 1182 1072 1238 sic
1095 1183 1238 1236 enim
1266 1194 1368 1251 pro
1394 1189 1622 1251 peccato
1651 1188 1839 1234 nostro

254 1275 658 1347 deprecabitur.
690 1273 969 1341 Quomodo
1001 1282 1182 1327 autem
1218 1272 1424 1341 peccati
1453 1271 1597 1325 aries
1623 1284 1723 1341 per
1752 1284 1840 1324 sa-

246 1368 536 1423 cerdotem
563 1363 839 1428 oﬁ‘eratur,
882 1363 937 1417 in
979 1361 1082 1416 alia
1112 1370 1265 1432 parte
1309 1360 1432 1415 libri
1472 1359 1838 1427 conscriptum

249 1467 368 1525 est,
396 1457 488 1512 ubi
517 1456 844 1512 sacriﬁcium
878 1469 977 1524 pro
997 1461 1221 1524 peccato
1245 1451 1452 1522 aequale
1480 1465 1601 1506 esse
1627 1448 1841 1506 sacriﬁ-

255 1551 345 1605 cio
369 1548 511 1620 quod
536 1563 636 1618 pro
663 1547 857 1601 delicto
891 1545 952 1599 ﬁt
976 1545 1307 1615 praedicavit.
1352 1543 1468 1598 Hoc
1495 1550 1676 1599 autem
1699 1557 1841 1598 nunc

256 1637 622 1707 adjiciendum
669 1644 754 1692 est
801 1636 943 1705 quod
1006 1635 1258 1691 delictum
1306 1634 1584 1705 legislator
1633 1633 1845 1688 duobus

254 1729 438 1784 modis
467 1728 544 1782 uti
585 1743 679 1782 seu
708 1741 911 1796 ponere
935 1725 1146 1789 solens,
1177 1733 1231 1780 et
1257 1723 1516 1779 delictum
1551 1721 1840 1793 appellare,

256 1838 406 1878 nunc
433 1820 646 1890 quidem
673 1826 956 1890 peccatum
983 1816 1126 1888 quod
1149 1815 1217 1870 ad
1255 1814 1537 1870 scientiam
1571 1810 1791 1882 perveni

255 1921 315 1967 et
351 1924 690 1979 nequaquam
708 1908 821 1979 jam
844 1908 1085 1979 ignotum
1107 1914 1195 1962 est
1223 1905 1462 1976 peccati;
1489 1918 1633 1959 nunc
1660 1912 1840 1958 autem

255 2001 407 2073 quod
428 2001 483 2055 in
510 2000 620 2056 Deo
649 2000 764 2069 ipso
783 1998 1132 2054 commissum
1156 2004 1259 2062 est,
1285 1995 1450 2051 veluti
1468 1992 1839 2066 jurejurando,

255 2104 358 2150 aut
379 2094 544 2150 etiam
573 2094 627 2149 in
650 2094 874 2157 sanctis,
902 2107 1008 2148 non
1038 2092 1156 2147 sine
1172 2105 1336 2147 causa
1364 2089 1466 2145 hoc
1495 2087 1726 2159 appellat
1751 2087 1844 2142 de-

259 2186 481 2252 lictum;
522 2185 617 2240 sed
646 2193 707 2239 ut
744 2193 800 2238 tu
838 2198 1134 2254 cognoscas
1162 2181 1411 2237 similiter
1446 2180 1500 2235 in
1540 2178 1709 2234 Deum
1749 2191 1843 2233 ex-

257 2278 412 2333 tendi
441 2284 723 2348 peccatum
755 2275 897 2346 quod
929 2276 985 2330 in
1025 2274 1252 2330 scientia
1294 2280 1349 2327 et
1374 2271 1519 2342 quod
1549 2271 1604 2326 in
1628 2266 1844 2339 jureju-

257 2370 436 2425 rando
450 2410 466 2436 ,
494 2377 550 2424 et
568 2369 713 2439 quod
737 2366 793 2422 in
813 2366 1016 2423 sanctis
1040 2363 1418 2421 committitur.

893 2496 1120 2553 CAPUT
1157 2496 1224 2551 Χ.

256 2612 345 2672 De
365 2615 629 2671 oblatione
656 2628 750 2684 pro
774 2623 1017 2684 peccante
1051 2628 1143 2684 per
1176 2612 1553 2682 ignorantiam,
1583 2619 1675 2665 aut
1708 2626 1845 2681 pra:-

820 2681 1083 2738 varicante
1108 2681 1289 2753 legem.

336 2797 517 2870 ante.)
554 2798 747 2853 Anima
775 2796 822 2851 si
845 2795 1128 2868 peccaverit
1173 2811 1265 2865 per
1300 2793 1682 2865 ignorantiam,
1712 2790 1846 2861 fece-

262 2896 437 2965 ritque
488 2908 649 2945 unum
690 2906 756 2944 ea:
797 2889 878 2943 his
935 2904 1052 2959 qua:
1098 2886 1308 2941 Domini
1348 2886 1458 2956 lege
1481 2883 1843 2957 prohibentur,

1933 540 2154 595 indocto
2192 549 2245 595 et
2279 540 2346 594 de
2387 541 2622 595 habente
2652 538 2970 604 scientiam,
3010 552 3111 594 nec
3139 555 3244 594 non
3271 542 3337 595 de
3363 543 3515 599 omni

1933 639 2157 700 peccato
2201 639 2347 686 recte
2381 632 2484 685 hoc
2509 628 2653 700 quod
2681 628 2885 683 dictum
2915 637 3033 694 est,
3064 630 3353 699 accipitur;
3388 632 3515 702 quia

1934 729 2114 775 autem
2145 721 2369 777 arietem
2404 735 2503 790 pro
2561 719 2756 774 delicto
2794 716 2949 787 jubet
2975 717 3187 784 oﬁ‘erri’,
3234 722 3515 789 apertissi-

1934 827 2082 866 mum
2124 820 2209 867 est
2252 812 2379 881 quia
2439 810 2694 866 delictum
2748 810 2835 864 hic
2875 808 3148 881 legislator
3185 810 3516 868 intellectum

1934 910 2214 972 peccatum
2244 902 2452 971 posuit,
2484 908 2708 971 propter
2730 900 2873 970 quod
2900 901 3106 965 dicens,
3136 918 3227 972 per
3257 901 3509 972 ignoran—

1935 996 2085 1058 tiam,
2117 993 2391 1049 subdidit:
2423 1003 2472 1048 et
2495 995 2694 1065 peccati
2726 1009 2815 1047 rea
2851 993 3161 1049 intellexerit
3187 994 3516 1063 iniquitatem

1935 1101 2120 1148 suam;
2158 1084 2250 1153 qui
2281 1092 2461 1138 autem
2496 1085 2825 1141 intellexerit
2844 1098 3147 1156 peccatum,
3181 1084 3269 1138 hic
3304 1082 3433 1137 illud
3462 1081 3516 1136 in

1938 1186 1997 1227 se
2029 1172 2240 1237 relidit,
2280 1181 2336 1227 et
2371 1172 2677 1227 sordidatur
2701 1174 2770 1228 ab
2794 1188 2860 1229 eo
2890 1174 3004 1228 sive
3031 1180 3291 1226 oneratur
3310 1211 3325 1236 ,
3353 1184 3520 1239 quan-

1938 1264 2026 1318 diu
2056 1278 2153 1334 per
2177 1264 2493 1334 praedictum
2522 1264 2851 1321 sacriﬁcium
2880 1264 3056 1321 oratio
3082 1279 3181 1336 pro
3208 1278 3273 1319 eo
3300 1261 3416 1318 ﬁat.

2535 1393 2763 1450 CAPUT
2807 1393 2897 1449 XI.

1940 1504 2020 1560 De
2044 1507 2220 1560 anima
2249 1522 2367 1577 quae
2395 1514 2682 1577 contempto
2712 1505 2822 1560 Deo
2854 1506 3054 1577 negarit
3082 1506 3392 1577 depositum,
3425 1514 3518 1560 aut

2237 1575 2440 1646 aliquid
2468 1578 2746 1630 extorserit
2767 1592 2859 1647 per
2891 1575 3231 1631 calumniam.

2018 1690 2081 1763 (C
2094 1707 2178 1744 AP.
2207 1688 2306 1762 vx.)
2341 1688 2564 1743 Locutus
2588 1698 2661 1743 est
2688 1687 2944 1743 Dominus
2972 1688 3042 1742 ad
3072 1687 3289 1760 Moysen
3310 1686 3521 1741 dicens:

1799 1779 1838 1875 ιζ
1873 1788 1918 1845 Β
1946 1786 2135 1840 Anima
2177 1799 2293 1855 qua:
2336 1783 2642 1854 peccaverit,
2670 1791 2719 1836 et
2750 1791 3041 1852 contempto
3084 1779 3216 1846 Deo,
3262 1779 3522 1850 negaverit

1943 1874 2237 1946 depositum
2264 1871 2502 1942 proximo
2534 1887 2629 1925 suo
2654 1871 2793 1943 quod
2831 1870 2958 1940 ﬁdei
2985 1870 3098 1941 ejus
3127 1868 3382 1923 creditum
3404 1868 3522 1938 fue-

1944 1965 2036 2030 rit,
2066 1962 2144 2019 vel
2175 1964 2221 2017 vi
2263 1961 2465 2034 aliquid
2493 1960 2801 2027 extorserit,
2839 1969 2930 2015 aut
2964 1959 3284 2014 calumniam
3321 1957 3520 2028 fecerit,

1944 2056 2050 2111 sive
2094 2069 2202 2108 rem
2258 2052 2519 2124 perditam
2579 2050 2869 2117 invenerit,
2923 2058 2971 2105 et
3026 2048 3272 2118 inﬁcians
3312 2046 3526 2117 insuper

1935 2145 2218 2216 juraverit,
2268 2151 2317 2197 et
2362 2141 2625 2214 quodlibet
2675 2140 2822 2195 aliud
2863 2156 2928 2195 ea:
2956 2139 3195 2210 pluribus
3233 2136 3432 2208 fecerit,
3468 2136 3525 2190 in

1942 2234 2130 2306 quibus
2151 2248 2363 2304 peccare
2389 2230 2554 2287 solent
2575 2231 2826 2293 homines,
2858 2231 3091 2284 convicta
3113 2227 3309 2289 delicti,
3335 2225 3514 2281 reddet

1946 2326 2121 2382 omnia
2157 2342 2274 2397 qua:
2305 2340 2397 2396 per
2435 2322 2675 2394 fraudem
2730 2320 2886 2376 voluit
2929 2319 3159 2375 obtinere
3194 2319 3430 2389 integra,
3470 2325 3522 2370 et

1945 2418 2182 2491 quintam
2216 2417 2428 2488 insuper
2455 2423 2656 2486 partem
2696 2413 2907 2467 domino
2941 2412 3027 2466 cui
3055 2410 3305 2464 damnum
3329 2406 3520 2462 intule-

1945 2520 2047 2565 rat.
2083 2509 2190 2564 Pro
2214 2517 2424 2580 peccato
2452 2516 2627 2561 autem
2655 2521 2750 2560 suo
2792 2504 2975 2573 offeret
3005 2502 3221 2556 arietem
3261 2499 3521 2553 immacu-

1945 2602 2110 2658 latum
2138 2602 2202 2657 de
2228 2618 2402 2673 grege,
2441 2610 2490 2655 et
2518 2600 2664 2653 dabit
2690 2614 2807 2652 eum
2832 2595 3089 2652 sacerdoti
3101 2594 3264 2666 juxta
3293 2591 3523 2648 testimo-

1946 2695 2137 2749 tionem
2188 2709 2588 2763 mensuramque
2629 2689 2805 2745 delicti
2848 2702 2866 2741 :
2917 2686 3007 2760 qui
3067 2684 3270 2757 rogabit
3320 2701 3414 2755 pro
3462 2700 3522 2738 eo

1947 2800 2123 2838 coram
2141 2782 2384 2847 Domino,
2407 2792 2454 2839 et
2469 2779 2873 2837 dimitteturilli.
2896 2779 3088 2836 Cernis
3102 2777 3244 2848 quod
3265 2778 3318 2832 in
3341 2777 3530 2831 eodem

1944 2875 2134 2931 ordine
2160 2884 2217 2929 et
2241 2883 2520 2945 peccatum
2548 2874 2691 2943 quod
2716 2873 2769 2926 in
2794 2879 3000 2935 sancta,
3032 2877 3088 2924 et
3113 2868 3167 2923 id
3194 2868 3338 2939 quod
3382 2865 3534 2935 jure-

261 2996 313 3039 et
348 2957 548 3053 peccati
593 2997 710 3045 rea,
740 2957 1048 3034 intellexerit
1087 2977 1416 3049 iniquitatem
1450 2992 1621 3039 suam,
1664 2974 1843 3043 offeret
1938 2963 2174 3035 iurando
2238 2964 2627 3029 committitur,
2686 2962 2908 3033 Spiritus
2973 2960 3067 3015 Dei
3132 2959 3313 3014 tradit.
3373 2957 3531 3012 Patet

265 3072 485 3126 arietem
524 3067 923 3123 immaculatum
968 3066 1032 3121 de
1076 3065 1314 3136 gregibus
1352 3063 1646 3128 sacerdoti,
1680 3062 1842 3133 juxta

1947 3064 2127 3111 autem
2154 3070 2221 3109 ex
2249 3071 2313 3110 eo
2343 3055 2486 3126 quod
2515 3055 2570 3108 in
2597 3061 2858 3122 utroque,
2886 3051 2938 3105 id
2964 3057 3075 3115 est,
3114 3048 3301 3104 arietis
3320 3046 3530 3105 sacriﬁ-

265 3135 1724 3229 mensuramcestimationemquepeccati:quiorabitpro
1751 3153 1843 3208 illo
1871 3135 1918 3198 (ἶ
1949 3148 2122 3209 cium,
2175 3144 2355 3202 oﬁ'erri
2401 3144 2657 3215 prtecepit
2702 3158 2716 3197 :
2764 3141 3115 3213 quamobrem
3171 3140 3316 3193 enim
3368 3136 3527 3208 paulo

264 3252 409 3325 quod
440 3250 670 3305 nesciens
702 3248 900 3319 fecerit,
927 3257 974 3302 et
1003 3247 1293 3301 dimittetur
1318 3248 1389 3311 ei,
1426 3246 1549 3316 quia
1583 3261 1676 3315 per
1703 3260 1849 3299 erro-

269 3358 382 3396 rem
422 3339 642 3411 deliquit
669 3339 726 3393 in
755 3337 998 3392 Domino.
1035 3335 1207 3391 Habet
1240 3350 1478 3406 praisens
1516 3334 1665 3390 locus
1696 3349 1846 3404 qure-

268 3433 503 3489 stionem
530 3445 635 3487 non
668 3428 952 3493 modicam,
984 3426 1411 3483 consideratione
1445 3426 1681 3497 dignam,
1720 3424 1847 3495 quia

269 3541 372 3598 pro
412 3524 654 3596 peccatis
694 3538 793 3592 pro
828 3523 1022 3592 quibus
1048 3537 1268 3592 capram
1302 3522 1510 3591 pridem
1537 3520 1720 3576 oﬁ‘erri
1755 3528 1849 3575 aut

270 3631 427 3671 ovem
452 3613 738 3685 praicepit;
768 3613 845 3667 ait
872 3613 1016 3667 enim
1052 3627 1068 3666 :
1103 3610 1257 3677 Quod
1284 3612 1331 3665 si
1356 3612 1638 3681 peccaverit
1668 3610 1732 3663 de
1759 3626 1853 3680 po-

270 3707 397 3779 pulo
420 3717 574 3761 terra:
602 3723 695 3777 per
721 3704 1105 3773 ignorantiam,
1147 3712 1205 3757 ut
1255 3703 1418 3773 faciat
1462 3701 1747 3773 quidquam
1787 3716 1853 3754 ea:

273 3801 357 3854 his
381 3815 497 3870 qua
524 3797 743 3852 Domini
778 3795 886 3866 lege
915 3794 1252 3865 prohibentur
1288 3803 1441 3864 atque
1470 3792 1765 3861 delinquat,
1803 3801 1852 3847 et

275 3887 569 3960 cognoverit
595 3896 867 3958 peccatum
905 3901 1093 3949 suum,
1128 3884 1307 3954 offeret
1350 3899 1564 3952 capram
1600 3883 1854 3935 immacu-

275 3977 480 4041 latum;
508 3991 652 4031 nunc
671 3975 941 4044 'tanquam
978 3973 1178 4029 oblitus
1215 3987 1280 4028 ea
1327 3987 1447 4043 quze
1481 3978 1849 4044 praeceperat:

279 4066 345 4123 Si
372 4068 550 4121 anima
577 4064 697 4136 (ait)
731 4065 1017 4135 peccaverit
1051 4079 1143 4134 per
1170 4062 1547 4133 ignorantiam,
1577 4061 1856 4132 feceritque

280 4174 441 4211 unum
469 4174 535 4211 ex
566 4157 645 4211 his
672 4172 790 4226 quia
814 4154 1026 4208 Domini
1056 4153 1164 4224 lege
1190 4153 1547 4224 prohibentur,
1579 4162 1626 4207 et
1661 4151 1860 4224 peccati

287 4263 394 4313 rea,
414 4245 727 4300 intellexerit
760 4244 1086 4315 iniquitatem
1114 4259 1285 4306 suam,
1314 4243 1492 4312 offeret
1517 4243 1733 4297 arietem
1759 4244 1859 4295 im-

288 4336 604 4390 maculatum
633 4335 696 4389 de
715 4334 952 4407 gregibus
982 4332 1259 4386 sacerdoti.
1300 4332 1367 4386 Et
1396 4332 1621 4387 multum
1646 4330 1859 4386 videtur

285 4426 503 4482 dill‘erre
547 4426 689 4480 inter
730 4426 833 4480 hoc
860 4422 1185 4479 sacriﬁcium
1224 4430 1279 4476 et
1322 4421 1450 4474 illud
1477 4420 1622 4490 quod
1656 4421 1856 4474 dudum

285 4516 562 4586 praecepit.
594 4514 701 4571 Sed
732 4529 905 4585 neque
927 4513 1126 4569 oblitus
1156 4521 1239 4568 est
1266 4511 1536 4567 anteriora
1556 4551 1571 4577 ,
1600 4526 1700 4565 nec
1729 4525 1857 4565 con-

287 4608 454 4662 traria
484 4608 564 4662 eis
596 4607 853 4678 pmcepit
892 4624 905 4660 :
936 4605 1061 4675 quia
1085 4605 1229 4661 enim
1264 4603 1481 4658 nomine
1507 4602 1701 4657 animae
1729 4618 1859 4672 gen-

289 4699 435 4753 tilem
455 4699 692 4754 diximus
721 4696 1045 4769 signiﬁcari,
1084 4697 1173 4752 hic
1211 4704 1393 4751 autem
1431 4694 1659 4749 forsitan
1700 4696 1859 4766 igno-

289 4804 417 4844 rans
443 4791 693 4843 mandata
717 4788 850 4859 legis
877 4788 1178 4859 transgredi
1209 4794 1442 4858 poterat,
1467 4796 1689 4857 propter
1716 4787 1860 4857 quod

291 4879 457 4944 dixit,
496 4888 545 4933 et
588 4896 681 4951 per
703 4879 1075 4950 ignorantiam.
1127 4879 1295 4934 Recte
1321 4878 1674 4950 intelligibilis
1695 4879 1857 4944 aries,

293 4970 541 5027 Christus
566 4971 835 5036 videlicet,
867 4970 1025 5039 hujus
1060 4981 1341 5041 peccatum
1388 4972 1443 5026 in
1472 4970 1740 5026 sacriﬁcio
1764 4985 1862 5040 pro

294 5077 361 5116 eo
406 5062 620 5119 oblatus
661 5062 856 5128 diluit;
905 5076 1033 5132 ergo
1059 5063 1103 5117 si
1132 5062 1253 5130 quis
1278 5069 1435 5117 extra
1474 5061 1631 5116 ﬁdem
1662 5059 1860 5117 Christi

299 5154 617 5208 constitutus
629 5151 960 5217 est,Jud:eus
980 5150 1121 5206 forte
1142 5160 1239 5205 aut
1260 5166 1520 5222 paganus,
1540 5152 1666 5206 licet
1694 5151 1867 5220 poeni-

301 5252 413 5298 tere
439 5259 497 5299 se
524 5244 590 5299 de
611 5243 845 5314 peccatis
870 5241 982 5296 suis
1011 5256 1107 5311 per
1141 5241 1601 5296 conversationem
1630 5248 1684 5295 et
1701 5240 1868 5294 vitam

298 5333 649 5400 demonstret,
694 5333 1062 5387 remissionem
1086 5347 1191 5387 non
1222 5331 1538 5397 merebitur,
1565 5330 1691 5399 quia
1720 5329 1864 5383 arie-

306 5431 406 5478 tem
431 5422 647 5490 oﬁ'erre,
682 5423 733 5478 id
774 5430 876 5489 est,
916 5421 1113 5477 Christi
1147 5420 1504 5484 sacriﬁcium,
1532 5434 1639 5472 non
1666 5426 1864 5489 potest.

304 5511 661 5577 Quamobrem
702 5512 1028 5584 generaliter
1067 5512 1133 5566 de
1175 5511 1428 5566 omnibus
1472 5507 1869 5578 quodammodo

303 5604 513 5659 sancire.
558 5605 803 5675 cupiens,
845 5620 951 5659 non
996 5603 1131 5658 dixit
1180 5623 1193 5658 ;
1237 5602 1294 5657 Si
1339 5602 1515 5657 anima
1554 5600 1618 5655 de
1653 5600 1865 5672 p0pulo,

306 5694 399 5749 led
456 5696 505 5749 si
566 5696 785 5762 anima,
845 5694 1161 5764 simpliciter
1223 5695 1543 5765 peccaverit,
1593 5702 1639 5745 et
1691 5690 1867 5760 fecerit

1950 3246 2076 3295 ante
2106 3238 2160 3293 in
2189 3237 2336 3292 omni
2364 3244 2584 3308 peccato
2615 3235 2841 3288 arietem
2913 3230 3074 3301 jussit
3109 3228 3291 3285 olferri
3315 3269 3330 3295 ,
3360 3243 3466 3284 non
3498 3244 3529 3283 a

1950 3332 2108 3387 nobis
2135 3328 2487 3399 conjicieutes
2514 3368 2529 3394 ,
2578 3326 2671 3381 sed
2703 3324 3061 3379 intentionem
3095 3319 3418 3397 legislatoris
3444 3334 3529 3375 se-

1951 3429 2183 3494 quentes
2210 3418 2464 3475 diximus.
2496 3415 2605 3471 Cur
2631 3422 2810 3469 autem
2843 3421 3124 3484 peccatum
3166 3411 3307 3482 quod
3326 3407 3535 3479 jureju-

1952 3512 2122 3567 rando
2149 3517 2254 3575 est,
2281 3516 2337 3562 et
2365 3504 2508 3577 quod
2552 3506 2607 3561 in
2637 3504 2868 3569 sanctis,
2901 3502 3248 3571 coniunctum
3277 3500 3524 3571 putavit?
3602 3564 3611 3573 ν

1952 3603 2088 3670 Quia
2117 3598 2426 3654 omnimodo
2450 3606 2740 3666 utrumque
2767 3595 2834 3649 ad
2864 3594 3031 3649 Deum
3062 3592 3317 3664 pertinet,
3349 3599 3405 3646 et
3435 3590 3529 3661 qui

1947 3690 2323 3764 jusjurandum
2362 3686 2776 3758 transgreditur,
2822 3700 2929 3739 non
2962 3683 3133 3738 solum
3158 3683 3404 3753 proximo
3431 3696 3532 3736 no-

1954 3792 2060 3850 cet,
2089 3782 2181 3839 sed
2221 3789 2277 3836 et
2321 3781 2424 3851 ipsi
2452 3780 2583 3845 Deo,
2617 3794 2778 3851 quem
2814 3777 3165 3833 mediatorem
3199 3773 3358 3838 fecit,
3391 3769 3534 3840 inju-

1954 3877 2091 3931 riam
2120 3874 2266 3930 facit.
2308 3872 2426 3929 Non
2454 3872 2603 3945 enim
2640 3871 2792 3943 parvi
2821 3878 3003 3926 reatus
3036 3874 3121 3925 est
3155 3868 3209 3924 in
3236 3872 3529 3936 conspectu

1957 3969 2053 4026 Dei
2091 3977 2279 4025 contra
2318 3966 2707 4023 conscientiam
2748 3978 2899 4019 suam
2929 3961 3224 4033 quemlibet
3258 3974 3355 4032 per
3388 3957 3536 4013 frau-

1957 4063 2079 4117 dem
2104 4060 2406 4132 depositum
2426 4057 2674 4128 proximo
2698 4070 2799 4111 suo
2819 4054 3107 4123 abnegare,
3134 4058 3227 4105 aut
3253 4049 3306 4104 vi
3331 4044 3535 4116 aliquid

1957 4152 2025 4207 ab
2048 4166 2113 4206 eo
2134 4157 2459 4218 extorquere
2489 4152 2583 4199 aut
2626 4142 2976 4207 calumniari,
3005 4148 3097 4194 aut
3124 4155 3237 4193 rem
3266 4136 3534 4209 perditam

1959 4258 2081 4297 cum
2131 4239 2402 4295 invenerit
2455 4236 2703 4307 proximo
2758 4248 2856 4288 suo
2901 4229 3188 4287 inﬁciando
3233 4226 3530 4298 periuram.

1961 4333 2068 4406 (Ex
2101 4328 2368 4401 Origene.)
2408 4326 2560 4383 Multi
2598 4326 2741 4380 enim
2769 4323 2888 4378 sine
2920 4328 3143 4393 peccato
3173 4327 3365 4391 putant
3391 4332 3530 4381 esse,

1960 4425 2006 4480 si
2034 4423 2263 4477 alienum
2299 4419 2443 4491 quod
2468 4416 2773 4472 invenerint
2802 4420 3058 4469 teneant:
3096 4411 3239 4466 Deus
3260 4409 3409 4473 mihi,
3444 4408 3532 4463 in-

1960 4517 2096 4589 quit,
2128 4515 2293 4580 dedit,
2331 4514 2418 4569 cui
2454 4512 2628 4568 habeo
2662 4508 2928 4565 reddere:
2957 4506 3165 4561 discant
3187 4517 3316 4574 ergo
3344 4516 3537 4573 pecca-

1964 4618 2075 4664 tum
2119 4606 2224 4661 hoc
2255 4619 2400 4669 esse,
2440 4601 2613 4658 simile
2664 4599 2866 4669 rapime
2891 4638 2907 4663 ,
2953 4597 2998 4652 si
3032 4594 3153 4665 quis
3181 4595 3397 4648 inventa
3426 4608 3532 4647 non

1962 4699 2169 4755 reddat.
2205 4696 2328 4750 Hac
2359 4692 2653 4749 secundum
2683 4688 2985 4744 historiam.
3024 4686 3311 4748 Caeterum,
3341 4697 3535 4737 secun-

1961 4791 2087 4845 dum
2124 4785 2465 4857 allegoriam,
2510 4780 2668 4836 altior
2692 4793 2883 4833 sensus
2907 4775 3033 4830 huic
3059 4772 3177 4828 loco
3208 4772 3531 4827 inserendas

1962 4888 2063 4935 est.
2120 4879 2230 4948 Ego
2268 4883 2400 4947 puto
2445 4873 2586 4944 quod
2632 4879 2687 4926 et
2720 4870 2891 4939 ipsam
2932 4858 3165 4920 animam
3196 4871 3438 4919 nostram
3482 4870 3537 4916 et

1965 4986 2160 5041 corpus
2214 4967 2520 5038 depositum
2575 4962 2883 5032 accepimus
2911 4973 2942 5012 a
2971 4956 3112 5022 Deo,
3151 4964 3207 5011 et
3244 4955 3327 5010 vis
3353 4953 3536 5009 videre

1966 5060 2137 5129 majus
2166 5058 2309 5113 aliud
2346 5055 2651 5126 depositum
2687 5052 2829 5122 quod
2876 5047 3127 5118 accepisti
3178 5063 3209 5101 a
3251 5046 3384 5110 Deo,
3429 5043 3531 5114 ipsi

1968 5152 2160 5206 anima:
2196 5158 2300 5203 tuae
2328 5146 2471 5200 Deus
2516 5143 2803 5214 imaginem
2847 5154 2999 5194 suam
3035 5146 3089 5193 et
3131 5134 3532 5192 similitudinem

1970 5234 2383 5297 commendavit.
2409 5232 2554 5288 Istud
2583 5246 2711 5302 ergo
2736 5228 3039 5299 depositum
3065 5235 3174 5281 tam
3204 5226 3408 5294 integre
3436 5221 3534 5275 tibi

1973 5328 2363 5387 restituendum
2409 5332 2511 5390 est,
2542 5337 2701 5392 quam
2738 5337 2768 5376 a
2807 5330 2861 5376 te
2899 5327 3111 5375 constat
3157 5330 3276 5370 esse
3319 5324 3539 5381 suscep-

1974 5430 2084 5475 tum
2120 5437 2134 5473 :
2174 5419 2219 5474 si
2247 5417 2392 5472 enim
2432 5415 2507 5469 sis
2549 5412 2886 5476 misericors,
2929 5411 3063 5464 sicut
3104 5404 3267 5459 Pater
3317 5409 3438 5455 tuus
3482 5400 3539 5455 in

1973 5509 2111 5564 caelis
2149 5506 2438 5562 misericors
2466 5513 2540 5558 est
2565 5500 2715 5574 (Luc.
2743 5500 2844 5573 vn),
2868 5500 3040 5567 imago
3069 5492 3162 5547 Dei
3189 5492 3241 5544 in
3275 5498 3325 5542 te
3350 5494 3456 5552 est,
3483 5495 3539 5541 et

1973 5599 2241 5668 integrum
2268 5594 2570 5665 depositum
2610 5603 2795 5647 servas
2812 5628 2827 5653 ,
2859 5587 2904 5642 si
2936 5583 3205 5655 perlectus
3230 5595 3291 5635 es
3315 5577 3458 5633 sicut
3483 5585 3541 5633 et

1973 5688 2133 5744 Pater
2162 5694 2283 5741 tuus
2312 5683 2548 5739 caelestis
2575 5680 2845 5753 perfectus
2869 5682 2970 5741 est,
3009 5671 3259 5741 imaginis
3282 5668 3379 5725 Dei
3404 5668 3460 5725 in
3486 5676 3539 5723 to
