3954 6176
369 370 465 428 I9!

1020 366 1078 423 B.
1119 363 1373 422 RABANI
1413 365 1631 422 MAURI
1671 364 1985 420 ARClllEP.
2029 365 2335 424 MOGUNT.
2378 364 2662 423 OPERUM
2699 365 2878 422 PARS
2912 366 2953 421 l.

3522 370 3635 425 9.99.

367 483 673 555 depositum
716 489 914 535 manet.
947 478 1206 534 Similiter
1230 487 1284 533 et
1308 486 1501 532 cmtcra
1535 477 1713 531 omnia
1754 477 1944 546 ipsius,
1975 479 2023 539 Λ
2054 493 2167 539 rem
2194 479 2462 548 perditam
2486 520 2499 544 ,
2529 494 2624 534 seu
2653 479 3017 547 perditionem,
3050 486 3109 530 ut
3132 477 3184 530 in
3210 475 3354 530 LXX
3373 477 3633 546 habetur,

366 575 413 631 si
431 575 633 643 justus,
666 574 711 627 si
734 582 975 638 sanctus,
1004 573 1049 625 si
1076 572 1305 625 mundus
1324 570 1508 635 corde,
1544 579 1599 625 et
1622 571 1800 625 omnia
1826 586 1947 640 qua:

366 665 423 721 in
453 665 564 720 Deo
608 672 806 735 prazsto
841 671 966 719 sunt
998 678 1095 733 per
1130 670 1399 726 naturam,
1437 662 1482 716 si
1517 661 1613 715 tibi
1640 675 1740 731 per
1768 661 1948 715 imita-

368 762 568 818 tionem
598 759 912 823 subsistant,
942 757 1243 828 depositum
1273 755 1414 826 apud
1446 763 1499 811 te
1526 754 1720 809 divinze
1758 753 1949 824 imagi-

367 851 454 908 nis
477 851 684 907 salvum
713 857 816 905 est.
858 848 917 904 Si
938 863 1067 902 vero
1088 862 1119 902 e
1143 846 1418 902 contrario
1455 859 1609 916 agas,
1639 851 1693 899 et
1719 858 1820 915 pro
1847 844 1948 898 mi-

367 939 640 996 sericorde
664 939 918 1004 crudelis,
947 954 1046 1008 pro
1074 938 1163 1006 pio
1191 937 1406 1007 impius,
1439 950 1538 1005 pro
1565 934 1797 1004 benigno
1832 934 1950 989 vio-

366 1028 564 1095 lentus,
604 1044 704 1098 pro
747 1028 931 1098 quieto
979 1027 1335 1090 turbulentus,
1379 1041 1478 1096 pro
1519 1024 1724 1079 liberali
1764 1033 1951 1094 raptor

367 1121 590 1185 existas,
623 1118 830 1188 abjecta
853 1120 1087 1191 imagine
1105 1115 1224 1184 Dei,
1265 1117 1464 1173 diaboli
1494 1118 1549 1172 in
1580 1125 1630 1171 te
1660 1118 1948 1189 imaginem

367 1209 675 1280 suscepisti,
707 1217 758 1262 rt
803 1209 1006 1263 bonum
1038 1208 1360 1279 depositum,
1386 1207 1819 1262 commendatum
1853 1207 1949 1263 tibi

365 1299 642 1363 divinitus,
669 1299 967 1369 abnegasti.
999 1299 1106 1352 Aut
1134 1314 1238 1353 non
1264 1299 1367 1352 hoc
1394 1305 1514 1352 erat
1538 1298 1680 1367 quod
1704 1298 1805 1352 sub
1833 1312 1950 1367 my-

365 1388 531 1444 sterio
578 1387 869 1457 Apostolus
907 1387 1081 1453 electo
1124 1386 1389 1457 discipulo
1439 1386 1728 1440 mandabat
1776 1385 1953 1439 Timo-

366 1479 491 1533 theo
532 1479 720 1532 dicens
748 1495 760 1530 :
794 1477 838 1531 0
872 1476 1160 1543 Timothee,
1191 1478 1382 1532 bonum
1417 1477 1709 1548 depositum
1743 1476 1949 1531 custodi

366 1568 420 1640 (Ι
455 1568 589 1621 Tim.
620 1565 743 1638 v1)?
769 1567 881 1637 Ego
910 1566 1073 1620 etiam
1097 1566 1228 1621 illud
1252 1566 1391 1621 addo
1424 1566 1568 1636 quod
1593 1575 1648 1620 et
1674 1564 1949 1620 Christum

365 1656 652 1710 Dominum
678 1656 978 1726 depositum
1006 1657 1365 1726 suscepimus,
1403 1665 1458 1711 et
1493 1665 1743 1711 sanctum
1775 1655 1948 1726 Spiri-

364 1756 479 1801 tum
507 1746 807 1817 depositum
840 1746 1124 1803 habemus.
1203 1748 1504 1802 Videndum
1527 1763 1656 1819 ergo
1680 1748 1834 1802 nobis
1865 1757 1948 1803 est

363 1852 431 1893 ne
472 1838 574 1892 hoc
602 1846 793 1892 sancto
831 1837 1076 1906 deposito
1116 1852 1220 1891 non
1252 1846 1434 1891 sancte
1468 1846 1705 1904 utamur,
1724 1838 1786 1892 et
1816 1842 1939 1891 cum‘

363 1927 529 1982 nosin
551 1941 871 1982 consensum
892 1926 974 1981 sui
1001 1934 1219 1996 peccata
1244 1926 1553 1988 sollicitant,
1572 1924 1818 1995 juremus
1843 1942 1940 1981 nos

362 2032 468 2072 non
492 2017 793 2088 suscepisse
819 2016 1141 2087 depositum,
1182 2016 1323 2087 quod
1356 2016 1541 2088 utique
1569 2017 1615 2071 si
1647 2016 1941 2072 habeamus

361 2105 415 2159 in
445 2103 600 2160 nobis
628 2113 850 2176 peccata
877 2145 893 2171 ,
926 2106 1230 2161 consentire
1258 2122 1365 2161 non
1395 2121 1682 2176 possumus
1716 2124 1729 2159 :
1762 2106 1857 2160 sed
1886 2114 1941 2161 et

361 2198 477 2270 ipse
505 2215 697 2255 sensus
722 2199 1061 2254 rationabilis
1086 2200 1177 2269 qui
1205 2200 1258 2254 in
1284 2215 1371 2255 me
1391 2205 1496 2266 est,
1534 2198 1942 2255 commendatus

362 2291 496 2346 mihi
524 2299 607 2346 est
644 2301 706 2347 ut
731 2306 797 2348 eo
822 2300 943 2347 utar
972 2293 1039 2347 ad
1070 2291 1479 2364 intelligentiam
1502 2291 1826 2347 divinorum.
1855 2289 1942 2344 ln-

362 2381 579 2451 genium
601 2381 749 2447 item,
774 2384 1057 2449 memoria,
1073 2381 1357 2451 judicium,
1382 2383 1542 2449 ratio,
1570 2390 1626 2438 et
1647 2396 1835 2438 omnes
1848 2382 1939 2452 qui

362 2472 503 2527 intra
533 2487 620 2527 me
658 2482 786 2528 sunt
816 2482 1023 2538 motus,
1054 2474 1417 2528 commendati
1457 2474 1589 2528 mihi
1631 2473 1884 2529 videntur
1908 2487 1941 2527 a

362 2563 493 2628 Deo,
520 2569 581 2616 ut
615 2562 696 2617 eis
733 2569 859 2616 utar
885 2564 937 2617 in
971 2564 1057 2618 bis
1080 2577 1201 2633 qua:
1224 2565 1482 2634 praecepit
1511 2564 1598 2620 lex
1632 2562 1855 2630 divina;
1894 2564 1942 2619 si

361 2667 492 2706 vero
514 2651 582 2706 ad
610 2650 778 2708 malas
805 2661 973 2718 artes,
1004 2653 1176 2710 solers
1195 2665 1251 2710 et
1277 2654 1560 2725 perspicax
1579 2662 1826 2709 vertatur
1855 2655 1939 2709 in-

360 2745 609 2815 genium,
636 2752 691 2800 et
713 2748 877 2801 rebus
900 2745 996 2801 Dei
1026 2747 1315 2801 abutamur
1346 2748 1398 2801 in
1427 2748 1511 2803 his
1536 2763 1657 2818 qua:
1692 2762 1799 2802 non
1826 2746 1942 2801 vult

361 2837 522 2902 Deus,
573 2838 675 2893 hoc
697 2848 780 2898 est
809 2837 1061 2907 abjurare
1092 2839 1416 2910 depositum,
1445 2847 1501 2895 et
1528 2839 1787 2895 benelicia
1818 2853 1943 2894 ver-

361 2936 478 2983 tere
523 2928 575 2983 in
597 2930 901 2999 perfidiam.
927 2928 1058 2987 Post
1089 2930 1193 2987 hoc
1227 2932 1295 2987 de
1328 2931 1517 3002 rapina
1545 2931 1762 2987 dicitur.
1802 2930 1942 3001 Rap-

363 3030 507 3076 tores
551 3028 677 3076 sunt
713 3021 866 3087 mali,
896 3032 1025 3077 sunt
1061 3030 1115 3078 et
1140 3023 1270 3079 boni
1306 3040 1319 3076 :
1362 3023 1491 3078 boui
1520 3023 1739 3092 quidem
1766 3022 1842 3076 illi
1874 3022 1942 3077 de

359 3111 556 3180 quibus
590 3110 722 3166 dicit
753 3110 1020 3175 Salvator,
1067 3113 1155 3182 qui
1186 3128 1402 3182 regnum
1435 3112 1689 3182 diripiunt
1720 3109 1936 3181 (Matth.

2052 581 2157 621 non
2196 568 2491 637 incongrue
2518 582 2801 636 possumus
2826 567 3124 638 intelligere
3152 568 3481 633 testimonia,
3508 586 3639 639 qua:

2049 669 2210 725 prave
2235 656 2589 725 interpretata
2619 656 2689 710 ab
2719 656 2988 710 luereticis
3018 655 3323 711 invenimus
3351 674 3365 710 :
3395 657 3638 714 multum

2048 744 2194 800 enim
2221 744 2460 798 haeretici
2481 745 2802 815 perquirunt
2830 745 2884 799 in
2910 742 3207 814 Scripturis
3229 744 3431 800 divinis
3457 755 3521 801 ut
3547 748 3640 802 in-

2050 836 2266 891 veniant
2305 837 2684 908 perditionem,
2715 833 2860 890 unde
2879 842 3128 890 astruant
3149 850 3306 890 suum
3335 850 3580 893 errorem
3618 857 3635 893 :

2048 928 2144 984 sed
2171 929 2218 983 si
2251 928 2391 984 forte
2420 928 2615 997 aliquis
2655 927 2844 981 borum
2878 927 3103 981 audiens
3145 926 3199 980 in
3242 927 3485 982 Ecclesia
3531 928 3637 985 Dei

2050 1021 2214 1075 verba
2239 1020 2503 1075 catholice
2525 1018 2771 1084 tractari,
2810 1018 3096 1087 resipiscat
3130 1026 3186 1072 et
3212 1018 3475 1089 intelligat
3502 1020 3638 1090 quia

2049 1112 2193 1177 quod
2215 1096 2514 1175 invenerat,
2531 1108 2762 1177 perditio
2783 1114 2886 1173 est,
2901 1108 3249 1178 reddatquod
3275 1108 3503 1172 invenit,
3526 1109 3640 1164 hoc

2046 1209 2160 1264 est,
2198 1215 2304 1255 non
2338 1201 2439 1255 sibi
2461 1200 2696 1254 vindicet
2722 1213 2966 1254 errorem
2999 1198 3256 1263 alienum,
3297 1198 3392 1253 sed
3417 1200 3637 1254 auctori

2052 1305 2151 1345 suo
2172 1290 2321 1345 illum
2352 1289 2607 1345 dimittat.
2637 1288 3019 1343 Abstineamus
3046 1302 3177 1358 ergo
3205 1302 3304 1342 nos
3335 1287 3463 1342 totis
3489 1288 3633 1343 viri-

2051 1381 2153 1436 bus
2177 1396 2207 1435 a
2233 1380 2446 1435 fallacia
2465 1421 2481 1445 ,
2518 1379 2774 1449 quoniam
2807 1378 2948 1432 Deus
2976 1393 3073 1447 per
3101 1376 3374 1432 fallaciam
3402 1376 3638 1446 injuria-

2052 1480 2157 1536 tur,
2191 1471 2281 1542 qui
2306 1472 2507 1525 veritas
2531 1478 2636 1525 est.
2673 1468 2975 1523 Caveamus
3009 1474 3064 1522 et
3086 1469 3394 1531 avaritiam,
3425 1485 3547 1538 qua:
3577 1470 3637 1524 in

2050 1560 2240 1615 fraude
2262 1560 2451 1615 zelata:
2476 1558 2719 1629 pecunia:
2742 1557 2823 1612 vel
2848 1570 2944 1626 per
2969 1557 3077 1610 vim
3101 1566 3270 1626 rapta:
3290 1557 3634 1628 designatur,

2050 1650 2175 1720 quia
2208 1648 2490 1718 Scriptura
2521 1655 2659 1702 teste
2692 1665 2704 1700 :
2743 1645 2981 1699 Avaritia
3008 1654 3081 1698 est
3108 1644 3370 1698 idolorum
3409 1647 3637 1700 servitus

2051 1743 2193 1816 (Gal.
2226 1745 2301 1816 v).
2331 1742 2508 1811 Atque
2536 1741 2690 1794 radix
2716 1741 2949 1793 omnium
2974 1738 3235 1793 malorum
3262 1749 3338 1793 est
3367 1740 3637 1809 cupiditas

2044 1833 2129 1908 (II
2159 1833 2293 1887 Tim.
2319 1834 2416 1905 v1).
2442 1832 2663 1897 Reddet,
2694 1830 2888 1900 inquit,
2918 1831 3093 1884 omnia
3121 1846 3238 1899 qua:
3258 1846 3350 1900 per
3381 1829 3630 1899 fraudem

2041 1926 2204 1982 voluit
2230 1927 2465 1980 obtinere
2490 1926 2715 1996 integra,
2742 1934 2792 1978 et
2816 1925 3055 1995 quintam
3078 1924 3292 1993 insuper
3309 1933 3511 1993 partem
3538 1925 3640 1979 do—

2041 2017 2182 2071 mino
2212 2016 2297 2070 cui
2325 2015 2576 2068 damnum
2606 2012 2855 2067 intulerat
2887 2011 3335 2084 (Ea.Hesycltio).
3362 2013 3638 2080 Quoniam

2042 2107 2197 2162 enim
2219 2120 2346 2161 eum
2372 2120 2439 2160 eo
2464 2104 2559 2175 qui
2587 2101 2959 2173 prarjudirium
3005 2118 3206 2172 passus
3230 2111 3315 2159 est
3347 2091 3404 2157 in
3436 2104 3638 2174 rapina

2041 2196 2124 2274 vel
2147 2200 2203 2251 lu
2226 2195 2487 2265 deposito,
2518 2202 2573 2249 et
2595 2202 2784 2248 contra
2801 2193 2974 2263 ipsum
2997 2206 3212 2262 quoque
3236 2192 3406 2247 Deum
3430 2192 3639 2263 injuste

2041 2284 2125 2359 agi
2148 2302 2243 2358 per
2265 2286 2532 2341 fallaciam
2560 2284 2644 2339 vel
2658 2284 2953 2355 perjurium
2974 2283 3222 2347 dicimus,
3254 2290 3405 2339 recte
3431 2284 3638 2339 borum

2040 2380 2288 2450 quintam
2301 2381 2411 2433 Deo
2434 2378 2548 2433 dari
2558 2376 2713 2449 jubet
2730 2377 2798 2431 ad
2818 2391 2981 2447 quem
3001 2375 3173 2431 tendit
3189 2374 3413 2444 injuria:
3442 2377 3638 2446 quinta

2041 2478 2222 2523 autem
2276 2467 2457 2539 lingua
2505 2474 2609 2522 est.
2664 2466 2798 2521 Esse
2822 2465 2969 2521 enim
3002 2466 3247 2535 quintam
3289 2465 3453 2519 etiam
3488 2467 3638 2521 hanc

2041 2562 2299 2626 diximus,
2350 2575 2477 2615 cum
2524 2558 2600 2613 sit
2645 2574 2754 2612 una
2810 2557 2876 2612 de
2915 2558 3153 2627 quinque
3199 2556 3469 2612 sensibus.
3503 2556 3638 2613 Haec

2041 2667 2175 2723 ergo
2224 2650 2452 2706 offertur
2495 2648 2640 2713 Deo,
2682 2656 2745 2703 ut
2789 2648 3047 2718 deinceps
3080 2662 3193 2702 non
3223 2657 3453 2719 peccet,
3502 2648 3639 2718 quia

2039 2756 2137 2814 per
2185 2742 2356 2811 ipsam
2413 2739 2840 2809 unumquodque
2889 2736 3274 2807 praedictorum
3334 2737 3645 2793 committi.

2041 2843 2147 2891 tur.
2199 2833 2504 2889 Notandum
2556 2840 2736 2887 autem
2794 2828 2939 2900 quod
3000 2829 3054 2883 in
3110 2827 3466 2899 Septuaginta
3524 2844 3639 2885 non

2039 2927 2278 2997 quintam
2300 2933 2522 2995 partem,
2552 2922 2646 2978 sed
2665 2922 2873 2992 quintas
2902 2922 3239 2992 superaugeri
3262 2919 3467 2985 debere,
3493 2921 3641 2976 scri-

2040 3022 2194 3085 ptum
2221 3015 2510 3084 reperitur.
2554 3009 2694 3066 Sunt
2723 3010 2814 3080 qui
2848 3010 2923 3064 ita
2951 3017 3249 3078 exponunt,
3284 3018 3343 3064 ut
3372 3024 3480 3064 non
3530 3025 3641 3079 pro

2047 3085 2284 3173 quinque
2310 3100 2461 3157 verbi
2491 3100 2664 3170 gratia
2688 3099 2927 3153 nummis
2951 3098 3267 3164 subtractis,
3293 3114 3404 3153 uno
3420 3098 3635 3163 addito,

363 3176 475 3268 iu);
514 3210 642 3254 sunt
691 3209 871 3255 autem
911 3209 967 3255 et
1005 3176 1131 3255 mali
1177 3176 1455 3272 raptores,
1494 3176 1562 3258 de
1587 3176 1784 3272 quibus
1817 3203 1949 3258 dicit
1972 3176 2019 3237 ο
2051 3194 2105 3248 id
2132 3200 2234 3257 est.
2265 3207 2364 3263 pro
2389 3192 2630 3264 quinque
2657 3206 2752 3247 sex
2786 3190 2992 3245 nummi
3028 3190 3354 3255 reddantur;
3382 3189 3500 3256 sed.
3538 3191 3641 3259 qui

360 3287 627 3358 propheta
675 3306 688 3341 :
735 3288 804 3341 Et
834 3290 1021 3360 rapina
1062 3306 1349 3360 pauperum
1393 3292 1447 3345 in
1476 3291 1717 3347 domibus
1765 3294 1946 3348 vestris

364 3388 438 3431 est
463 3377 599 3448 (Isa.
633 3378 735 3450 ιιι).
784 3378 1074 3450 Apostolus
1100 3396 1229 3436 vero
1263 3382 1488 3452 abrupte
1506 3384 1821 3454 pronuntiat
1862 3384 1948 3439 di-

363 3483 544 3524 cens:
588 3469 767 3545 Nolite
818 3488 1034 3535 errare,
1091 3474 1215 3543 quia
1271 3489 1433 3544 neque
1478 3474 1739 3540 adulteri,
1787 3492 1948 3547 neque

363 3560 567 3627 molles,
585 3578 744 3631 neque
770 3562 1127 3617 masculorum
1157 3565 1515 3619 concubitores
1534 3606 1549 3631 ,
1582 3582 1745 3637 neque
1776 3566 1942 3636 fures,

365 3669 527 3724 neque
557 3670 805 3724 rapaces,
836 3672 1052 3725 regnum
1086 3655 1185 3710 Dei
1222 3656 1556 3727 possidebunt
1592 3656 1643 3729 (ι
1683 3654 1806 3713 Cor.
1846 3658 1944 3732 vi).

364 3742 462 3798 Est
518 3753 696 3799 tamen
755 3745 957 3817 aliquid
1006 3755 1062 3802 et
1109 3749 1403 3804 secundum
1449 3749 1745 3819 spiritalem
1790 3751 1949 3808 intel-

366 3833 641 3904 ligentiam
673 3834 1013 3905 culpabiliter
1049 3853 1271 3908 rapere,
1301 3838 1445 3893 sicut
1482 3838 1558 3893 illi
1604 3838 1951 3895 laudabiliter

366 3923 584 3992 rapiunt
611 3940 773 3995 regna
797 3925 1088 3992 cmlorum,
1115 3935 1175 3981 ut
1209 3928 1358 3982 verbi
1398 3943 1561 3983 causa
1592 3928 1866 3995 dicamus,
1904 3931 1950 3986 si

366 4011 527 4067 homo
554 4014 790 4067 nondum
815 4023 1075 4084 purgatus
1100 4032 1131 4070 a
1155 4016 1321 4082 vitiis,
1362 4016 1603 4072 nondum
1634 4028 1952 4090 segregatus

368 4117 399 4156 a
423 4100 664 4172 profanis
689 4113 744 4159 et
771 4105 1004 4160 sordidis
1024 4106 1256 4172 actibus,
1284 4107 1416 4163 velit
1441 4123 1501 4163 se
1534 4110 1701 4164 ctetui
1739 4122 1953 4167 sancto-

367 4210 487 4249 rum
520 4193 750 4252 latenter
792 4197 1060 4270 ingerere,
1089 4207 1144 4255 et
1169 4215 1473 4256 sermonem
1494 4217 1602 4273 quo
1624 4201 1862 4271 perlecta
1897 4211 1953 4260 et

366 4287 594 4356 mystica
640 4296 939 4343 tractantur
968 4290 1176 4358 audire,
1226 4292 1532 4362 hujusmodi
1572 4295 1736 4349 homo
1775 4310 1953 4351 secre-

369 4384 544 4430 torum
588 4378 644 4432 et
680 4377 1043 4448 perfecturum
1093 4381 1376 4436 scientiam
1418 4398 1523 4438 non
1568 4383 1707 4438 bene
1753 4386 1949 4455 rapuit.

368 4459 675 4517 Meminisse
713 4464 859 4517 enim
906 4474 1120 4534 oportet
1165 4468 1417 4537 praecepti
1458 4468 1777 4537 Salvatoris,
1809 4473 1951 4541 quod

368 4549 498 4603 dicit
526 4568 539 4603 :
575 4549 712 4615 Quia
744 4567 893 4605 nemo
928 4552 1085 4606 mittit
1120 4555 1296 4608 vinum
1326 4572 1514 4611 novum
1542 4559 1596 4612 in
1630 4569 1774 4613 utres
1812 4570 1949 4614 vete-

370 4654 491 4703 res;
537 4639 771 4711 alioquin
826 4650 967 4695 utres
1028 4654 1365 4713 rumpentur,
1420 4655 1470 4699 ct
1526 4648 1702 4701 vinum
1763 4650 1949 4717 peribit

370 4726 585 4799 (Matth.
629 4729 737 4799 ix);
772 4731 1063 4788 ostendens
1091 4732 1234 4803 quod
1274 4735 1469 4789 anima:
1504 4736 1745 4791 nondum
1792 4753 1949 4793 reno-

344 4825 524 4883 vatae,
558 4820 649 4874 sed
688 4820 742 4875 in
763 4830 1033 4877 vetustate
1056 4823 1271 4879 malitia:
1291 4824 1630 4895 perduranti,
1661 4842 1767 4881 non
1791 4843 1949 4898 opor-

370 4916 482 4962 teat
506 4924 768 4965 novorum
795 4913 1196 4983 mysteriorum,
1230 4930 1349 4984 qua:
1371 4930 1468 4985 per
1490 4915 1763 4972 Christum
1792 4936 1946 4975 mun-

368 5000 469 5055 dus
499 5002 733 5072 agnovit,
763 5012 971 5057 secreta
998 5004 1284 5059 committi.
1307 5005 1469 5060 Addit
1494 5007 1748 5077 deinceps
1786 5009 1946 5080 legis-

368 5089 535 5145 lator:
559 5090 665 5144 Aut
684 5094 730 5147 si
745 5094 872 5164 quid
883 5104 1057 5148 nocuit
1068 5097 1326 5165 proximo,
1344 5096 1421 5151 vel
1428 5098 1478 5151 si
1497 5098 1685 5152 invenit
1698 5100 1949 5169 perditio-

369 5196 506 5234 nem.
549 5180 661 5236 Lex
704 5182 903 5237 litterae
944 5185 1047 5240 hoc
1090 5186 1303 5240 videtur
1330 5188 1588 5243 mandare
1628 5199 1687 5242 ut
1730 5189 1775 5243 si
1824 5191 1947 5259 quis

368 5270 573 5327 invenit
604 5274 746 5343 quod
793 5275 931 5331 alius
982 5277 1247 5346 perdidit,
1296 5286 1351 5333 et
1403 5280 1721 5349 requisitum
1762 5279 1944 5346 fuerit,

373 5362 580 5429 reddat,
628 5379 729 5420 nec
774 5364 1014 5435 perjuret
1058 5382 1158 5437 pro
1198 5383 1292 5434 eo;
1337 5376 1497 5424 estet
1527 5370 1643 5425 hare
1679 5371 1826 5426 utilis
1856 5387 1948 5426 au-

370 5451 641 5531 dientibus
693 5454 997 5511 aediﬁcatio.
1056 5456 1189 5513 item
1230 5459 1523 5515 secundum
1576 5459 1880 5531 allegoriam
1926 5476 1940 5515 :

2050 3279 2260 3336 furatus
2305 3280 2376 3335 sit
2411 3279 2649 3350 quinque
2689 3291 2960 3342 nummos,
3008 3277 3154 3347 ipsos
3202 3277 3421 3348 quidem
3473 3279 3645 3333 resti-

1998 3394 2005 3399 π
2051 3382 2204 3427 tuere
2233 3378 2287 3426 ct
2310 3370 2446 3425 alios
2483 3370 2720 3440 quinque
2750 3384 2857 3424 uno
2885 3366 3232 3438 superaddite
3259 3367 3484 3423 reddere
3530 3382 3634 3423 co.

2050 3469 2226 3533 gatur.
2278 3461 2566 3517 Videamus
2604 3474 2734 3530 ergo
2778 3458 2936 3528 juxta
2981 3457 3318 3527 allegoriam,
3362 3456 3643 3525 quomodo

2050 3554 2141 3610 isti
2193 3554 2277 3608 his
2327 3552 2569 3623 quinque
2622 3565 2730 3605 uno
2778 3548 3126 3621 superaddito
3172 3548 3488 3603 reddantur.
3522 3546 3642 3618 (Ea:

2052 3642 2324 3714 Origene).
2389 3640 2827 3710 Quinquenarius
2863 3653 3126 3693 numerus
3160 3635 3495 3707 frequenter,
3524 3637 3643 3692 imo

2051 3749 2190 3805 pene
2218 3746 2451 3802 semper,
2492 3744 2590 3801 pro
2614 3731 2856 3800 quinque
2881 3730 3130 3784 sensibus
3156 3729 3440 3799 accipitur.
3475 3727 3640 3783 Scire

2050 3838 2179 3895 ergo
2199 3823 2456 3878 debemus
2483 3821 2587 3875 hoc
2613 3820 2773 3875 modo
2797 3819 2933 3876 istos
2966 3819 3205 3888 quinque
3242 3819 3448 3874 sanctis
3474 3831 3644 3888 posse

2052 3914 2266 3970 restitui
2285 3953 2300 3980 ,
2331 3921 2391 3968 ut
2418 3912 2464 3967 si
2501 3911 2642 3966 forte
2671 3910 3115 3981 prmsumpsimus
3142 3909 3289 3964 abuti
3319 3909 3401 3964 eis
3444 3909 3498 3963 in
3533 3923 3643 3963 sa:-

2051 4006 2329 4062 cularibus
2358 4005 2588 4071 actibus,
2627 4014 2683 4059 et
2729 4003 3091 4074 impendimus
3135 4017 3292 4058 usum
3342 4016 3530 4057 eorum
3576 4000 3641 4056 in

2054 4099 2139 4155 bis
2187 4114 2309 4169 quae
2347 4114 2456 4154 non
2503 4098 2799 4154 secundum
2848 4099 3016 4154 Deum
3063 4098 3346 4169 gessimus,
3377 4096 3637 4152 restitua-

2053 4205 2208 4255 mus;
2239 4204 2382 4244 nunc
2414 4189 2558 4259 ipsos
2582 4189 2821 4260 quinque
2850 4187 3057 4243 sanctis
3087 4188 3298 4244 actibus
3336 4187 3639 4257 religiosis-

2053 4272 2158 4353 que
2203 4282 2519 4338 ministeriis
2548 4291 2602 4338 et
2648 4282 2783 4338 alios
2807 4282 2886 4339 eis
2914 4282 3154 4352 quinque
3198 4282 3491 4345 addamus,
3539 4282 3639 4350 qui

2056 4382 2182 4430 sunt
2210 4374 2487 4429 interioris
2513 4374 2751 4429 hominis
2795 4389 2985 4430 sensus
3002 4416 3017 4439 ,
3048 4390 3146 4445 per
3174 4389 3310 4444 quos
3336 4373 3419 4430 vel
3447 4373 3642 4430 mundi

2055 4465 2220 4521 corde
2248 4463 2446 4530 effecti,
2479 4463 2647 4519 Deum
2682 4464 2943 4531 videmus,
2975 4464 3059 4519 vel
3092 4479 3253 4519 aures
3276 4465 3537 4519 habemus
3565 4464 3641 4521 ad

1975 4526 2030 4586 Β
2056 4557 2322 4612 audienda
2353 4526 2441 4610 ea,
2463 4572 2583 4626 quae
2612 4556 2771 4611 docet
2794 4526 2953 4612 Jesus
2979 4597 2993 4622 ,
3022 4556 3107 4611 vel
3135 4557 3357 4612 odorem
3392 4557 3643 4625 capimus

2054 4648 2223 4712 illum,
2256 4663 2417 4717 quem
2443 4648 2572 4703 dicit
2595 4647 2904 4718 Apostolus,
2934 4649 3058 4719 quia
3092 4645 3287 4702 Christi
3311 4647 3474 4702 bonus
3500 4651 3647 4700 odor
3686 4700 3692 4707 ,

2052 4755 2233 4793 sumus
2287 4731 2373 4810 (11
2428 4738 2553 4793 Cor.
2597 4738 2692 4809 v);
2746 4739 2831 4793 vel
2884 4739 3049 4793 etiam
3101 4746 3315 4808 gustum
3368 4738 3647 4794 sumimus

2053 4828 2223 4894 illum,
2256 4829 2323 4884 de
2352 4843 2459 4899 quo
2486 4829 2615 4883 dicit
2638 4828 2910 4898 Propheta
2941 4848 2953 4883 ε
2987 4826 3207 4883 Gustata
3238 4838 3286 4883 et
3312 4828 3476 4883 videte
3502 4843 3643 4899 quo-

2052 4918 2195 4971 niam
2226 4919 2399 4972 suavis
2425 4928 2499 4972 est
2540 4918 2796 4973 Dominus
2838 4918 3010 4990 (Psal.
3058 4919 3279 4991 χχχιιι),
3312 4920 3397 4973 vel
3422 4928 3640 4974 tactam

2054 5008 2225 5074 illum,
2259 5024 2419 5078 quem
2446 5008 2579 5064 dicit
2602 5010 2877 5065 Joannes:
2911 5009 3049 5076 Quia
3087 5010 3251 5065 oculis
3292 5012 3486 5065 nostris
3518 5026 3646 5079 per-

2053 5103 2316 5169 speximus
2343 5110 2391 5154 et
2416 5116 2604 5155 manus
2641 5112 2830 5156 nostra:
2859 5101 3197 5172 palpaverunt
3235 5102 3300 5156 de
3330 5103 3479 5157 verba
3514 5101 3642 5156 rita:

2054 5189 2106 5258 (I
2130 5188 2288 5243 Joan.
2316 5189 2377 5259 ι).
2401 5189 2497 5244 llis
2523 5200 2700 5246 autem
2724 5191 2973 5246 omnibus
2998 5207 3162 5246 unum
3196 5192 3633 5262 superaddimus,

2050 5290 2111 5335 ut
2131 5281 2197 5335 ad
2228 5297 2394 5335 unum
2420 5283 2585 5337 Deum
2608 5285 2724 5338 ιιωο
2746 5290 2940 5339 cuncta
2971 5282 3292 5339 referamus.
3324 5283 3464 5350 Quid
3498 5297 3637 5336 vero

2051 5369 2117 5425 de
2162 5371 2346 5427 arietis
2394 5373 2663 5429 sacrificio
2709 5374 2976 5446 agendum
3028 5376 3137 5442 sit,
3196 5390 3355 5444 supra
3405 5372 3633 5443 exposi-

2051 5470 2161 5516 tum
2188 5472 2288 5518 est.
3303 5466 3307 5471 ’

1920 5652 2086 5664 ——-—-
