3956 6176
244 296 351 352 ἐπ

1177 286 1681 359 ΕΧΡΟΒΙΉΟΝΕΞ
1723 304 1786 358 IN
1829 304 2222 369 LEVITICUM.
2265 344 2333 352 —
2373 313 2499 368 ua.
2537 317 2598 372 ιι.

3403 336 3509 393 296

249 424 3497 476 “MM

1396 521 1698 597 LIBER
1774 521 2334 605 SECUNDUS.

756 720 984 778 CAPUT
1020 722 1311 781 PRIMUM.

240 814 312 870 De
336 813 453 883 lege
478 812 772 867 holocausti
799 823 847 866 et
874 814 979 867 ritu
1008 817 1394 885 sacriﬁciorum
1415 828 1462 871 et
1489 819 1815 873 libammum.

302 904 486 980 (ἶβιν.)
537 904 768 959 Locutus
809 914 885 959 est
922 905 1180 961 Dominus
1225 910 1294 962 ad
1342 909 1555 980 Moysen
1604 910 1820 966 dicens:

238 998 476 1067 Prmcipe
500 997 676 1050 Aaron
715 1005 763 1049 et
785 994 912 1065 ﬁliis
938 997 1051 1067 ejus
1080 1011 1097 1049 :
1121 998 1252 1053 [hec
1274 1011 1349 1054 est
1375 1001 1459 1055 lex
1477 1001 1771 1057 holocausti
1799 1015 1819 1053 :

234 1088 566 1146 Cremabitur
591 1088 645 1142 in
677 1086 838 1142 altari
860 1098 970 1143 tota
1001 1100 1148 1145 nocte
1166 1109 1327 1162 usque
1354 1093 1424 1146 ad
1453 1110 1649 1157 mane;
1684 1094 1820 1165 ignis

231 1196 292 1236 ea:
321 1180 508 1235 eodem
542 1178 703 1233 altari
728 1179 848 1233 erit.
892 1176 1150 1234 Vestietur
1168 1183 1411 1237 sacerdos
1438 1185 1619 1238 tunica
1664 1193 1712 1238 et
1742 1184 1819 1254 fe-

231 1268 512 1325 minalibus
557 1268 732 1334 lineis,
786 1268 1032 1340 tolletque
1057 1272 1254 1326 cineres
1295 1290 1427 1344 quos
1447 1291 1637 1329 vorans
1681 1276 1816 1342 ignis

230 1361 453 1425 exussit,
495 1372 541 1414 et
572 1376 766 1429 ponens
800 1359 959 1429 juxta
983 1360 1171 1427 altare,
1217 1363 1528 1433 spoliabitur
1553 1366 1817 1434 prioribus

231 1451 569 1517 vestimentis,
601 1450 922 1521 indutiisque
945 1452 1083 1515 aliis,
1116 1455 1292 1523 efferet
1312 1471 1398 1509 eos
1444 1467 1592 1511 extra
1617 1467 1815 1525 castra,

228 1553 271 1598 et
295 1544 348 1596 in
379 1542 499 1597 loco
516 1541 862 1596 mundissimo
918 1560 1079 1615 usque
1100 1545 1169 1598 ad
1196 1544 1430 1615 favillam
1461 1550 1702 1602 consumi
1729 1548 1817 1619 fa-

228 1636 338 1699 ciet,
379 1643 442 1687 et
465 1642 679 1689 cratera.
723 1630 833 1705 (Ex
858 1630 1163 1706 Hesychia.)
1191 1634 1291 1691 llic
1319 1637 1385 1691 de
1401 1638 1515 1709 jugi
1546 1639 1817 1694 sacrificio

226 1726 303 1782 ie:
327 1724 596 1796 loquitur,
617 1725 759 1795 quod
782 1725 1025 1796 quotidie
1043 1726 1251 1781 inlibro
1275 1728 1443 1784 Exodi
1467 1728 1662 1785 offerre
1686 1745 1818 1801 pra:-

227 1819 361 1888 eepit
385 1815 719 1872 sacerdotes.
749 1817 841 1871 Ait
869 1817 1016 1872 enim
1045 1818 1123 1874 sic
1152 1837 1164 1872 :
1200 1817 1315 1873 Hoc
1343 1822 1579 1893 estquod
1608 1822 1770 1892 facies
1795 1838 1813 1876 :

229 1912 287 1967 In
320 1911 490 1965 altari
532 1929 696 1983 agnos
723 1912 996 1966 anniculos
1015 1912 1145 1967 duos
1167 1930 1258 1984 per
1288 1914 1521 1984 singulos
1542 1916 1652 1970 dies
1664 1917 1813 1987 jugi-

229 2013 300 2055 ter
327 2000 532 2073 (Exod.
565 2000 738 2072 xxtx).
793 2003 857 2056 Et
885 2003 1044 2073 paulo
1071 2013 1192 2074 post
1219 2023 1231 2059 :
1266 2005 1540 2062 Oblatioue
1566 2019 1813 2079 perpetua

1855 727 1902 786 Α
1931 723 2138 780 habiles
2182 726 2517 797 multumque
2538 731 2876 788 cohaerentes
2922 746 3044 793 sunt
3083 740 3280 795 animae
3299 736 3509 809 iustitia

1923 826 1979 869 et
2000 818 2254 883 castitas;
2279 818 2542 889 simulque
2569 820 2671 876 hoc
2691 823 2869 889 docet,
2891 827 3034 893 quod
3053 831 3509 896 quemadmodum

1921 906 2081 962 facile
2103 908 2298 978 cuique
2313 918 2400 964 est
2426 912 2493 964 ad
2514 911 2841 981 habendum,
2864 916 2945 971 sic
2956 917 3184 976 virtutes
3206 922 3514 981 volentibus

1921 1012 2013 1053 eas
2039 1000 2296 1069 consequi
2344 999 2531 1057 faciles
2557 1010 2684 1057 sunt
2732 1013 2790 1059 et
2824 1020 2944 1074 quae
2965 1008 3074 1063 cito
3098 1013 3346 1081 conquiri
3386 1028 3513 1082 pos-

1921 1100 2065 1147 sunt.
2101 1093 2197 1149 His
2224 1104 2405 1150 autem
2442 1096 2689 1152 indutum
2728 1097 2883 1166 jubet
2903 1099 3119 1157 auferre
3155 1105 3369 1161 cineres
3408 1108 3500 1160 ho~

1920 1187 2145 1243 locausti
2193 1205 2328 1259 quos
2384 1191 2521 1261 ignis
2545 1195 2884 1263 consumpsit
2926 1195 2993 1250 de
3018 1196 3196 1252 altari.
3246 1199 3383 1266 Quid
3411 1217 3512 1271 per

1919 1280 2036 1335 btec
2073 1280 2289 1343 docens,
2320 1282 2422 1337 nisi
2452 1291 2511 1336 ut
2538 1285 2991 1353 quemadmodum
3026 1288 3203 1343 hostia
3230 1290 3501 1357 aufertur,

1920 1370 1971 1424 id
2012 1379 2115 1436 est,
2161 1373 2488 1428 sacrificium
2537 1374 2679 1443 quod
2710 1384 2987 1445 peractum
3013 1386 3099 1433 est
3150 1380 3503 1437 holocausto-

1918 1463 2101 1527 matis,
2131 1472 2189 1518 ut
2219 1464 2362 1519 aliud
2402 1467 2594 1520 iterum
2616 1465 2791 1522 simile
2812 1468 3091 1535 offeratur,
3121 1470 3193 1524 ita
3218 1480 3273 1525 et
3296 1488 3396 1527 nos
3424 1473 3505 1530 fa-

1918 1554 2144 1609 ciamus.
2208 1554 2447 1610 Virtutes
2494 1556 2688 1626 quippe
2742 1573 2879 1627 quas
2925 1569 3250 1631 cooperante
3293 1560 3498 1632 Spiritu

1917 1645 2176 1714 gerimus,
2201 1645 2514 1715 singillatim
2541 1646 2800 1701 debemus
2827 1664 3049 1716 ponere,
3074 1657 3134 1703 ut
3154 1650 3290 1706 alias
3312 1667 3504 1708 rursus

1916 1751 2225 1807 operemur,
2259 1746 2439 1792 etnon
2470 1746 2679 1793 tantum
2708 1739 3139 1807 praecedentibus
3161 1744 3400 1798 contenti
3424 1744 3501 1798 si-

1916 1841 2060 1889 mus,
2092 1827 2186 1881 sed
2210 1834 2264 1881 et
2290 1827 2423 1881 alias
2452 1827 2827 1899 adjungamus.
2855 1828 3319 1894 Quemadmodum
3342 1833 3388 1888 is
3410 1834 3504 1904 qui

1915 1915 2107 1980 currit,
2156 1915 2470 1985 relinquens
2500 1926 2833 1984 transcursa,
2889 1920 2957 1973 ad
2986 1920 3191 1991 reliqua
3233 1923 3503 1980 currenda

1916 2006 2213 2070 contendit,
2260 2007 2386 2074 quia
2424 2006 2678 2067 videlicet
2703 2007 2862 2062 aliter
2908 2010 2976 2063 ad
3003 2010 3249 2065 bravium
3274 2028 3378 2066 non
3406 2026 3505 2082 po—

225 2096 274 2148 in
314 2097 682 2167 generationes
707 2106 905 2152 vestras
950 2096 1160 2171 (lbid.).
1194 2099 1336 2155 Dicit
1359 2107 1539 2156 autem
1574 2117 1587 2153 :
1620 2097 1811 2154 Facies
1843 2082 1886 2140 Β
1916 2095 2042 2148 terit
2068 2095 2369 2164 pervenire.
2424 2095 2655 2164 Propter
2680 2095 2826 2165 quod
2850 2111 2971 2152 cum
3003 2098 3207 2154 auferri
3255 2102 3323 2157 de
3343 2101 3501 2157 altari

225 2185 589 2240 holocaustum
633 2203 795 2240 unum
833 2204 1026 2257 agnum
1053 2205 1230 2255 mane,
1282 2199 1330 2243 et
1355 2188 1518 2242 alium
1540 2188 1700 2257 facies
1731 2205 1815 2243 ve-

224 2295 387 2348 spere.
421 2276 529 2332 Per
554 2276 669 2332 huic
707 2293 839 2350 ergo
862 2279 1210 2352 intelligimus
1245 2280 1369 2351 quia
1403 2280 1455 2334 in
1479 2296 1666 2335 eorum
1689 2280 1811 2350 qui-

224 2369 341 2422 dem
368 2366 462 2438 qui
488 2375 614 2422 sunt
639 2367 703 2422 de
722 2368 878 2438 plebe
902 2370 1176 2427 voluntate
1198 2371 1382 2426 datum
1407 2382 1509 2436 est,
1532 2370 1577 2426 si
1605 2370 1807 2433 volunt,

220 2457 420 2513 oh‘erre
440 2457 845 2525 holocaustum,
890 2471 1110 2533 propter
1137 2462 1281 2533 quod
1322 2461 1652 2518 sacrificium
1683 2461 1811 2518 illud

228 2565 429 2605 munus
453 2566 653 2617 eorum,
684 2561 744 2607 ut
770 2562 895 2624 pote
920 2564 1215 2624 spontaneo
1247 2554 1449 2609 oblatio
1471 2554 1807 2609 nominatur.

226 2638 421 2709 Neque
449 2642 585 2696 enim
625 2642 693 2696 ab
719 2642 867 2697 omni
898 2643 1118 2698 homine
1154 2642 1550 2714 perfectissima
1577 2643 1811 2711 exigitur

222 2731 492 2801 sapientia
518 2749 532 2797 ;
560 2733 816 2788 sacerdos
845 2740 1022 2789 tamen
1050 2734 1362 2790 omnimodo
1390 2734 1546 2789 debet
1571 2732 1809 2801 perfecte

222 2835 433 2891 sapere.
470 2819 798 2892 Perpetuum
838 2823 983 2878 enim
1019 2824 1366 2891 sacrificium,
1417 2825 1587 2889 idest,
1630 2823 1806 2878 couti-

220 2924 383 2963 uuum
405 2908 805 2978 holocaustum,
827 2914 1062 2968 secundo
1085 2913 1138 2968 in
1168 2912 1276 2979 die,
1309 2929 1465 2969 mane
1488 2920 1541 2967 et
1562 2926 1804 2982 vespere,

217 3000 413 3057 offerre
438 3003 777 3072 prmcipitur,
818 3012 879 3058 ut
907 3020 937 3058 a
966 3005 1205 3077 perfecta
1229 3004 1493 3076 sapientia
1519 3004 1805 3074 incipiens,

219 3093 482 3147 ineadem
524 3092 702 3160 finiat,
753 3102 808 3149 et
829 3103 995 3149 totam
1030 3110 1184 3150 suam
1211 3096 1374 3149 vitam
1406 3100 1693 3165 componat
1738 3092 1805 3147 ad

1909 2185 2262 2256 praecepisset
2292 2193 2728 2240 consummatum
2770 2185 2893 2255 igne
2924 2187 3321 2255 holocaustum,
3368 2191 3500 2260 poni

1912 2275 2041 2330 illud
2085 2276 2240 2347 juxta
2273 2276 2445 2331 altare
2487 2277 2762 2346 praecepit.
2815 2277 2947 2333 Esse
2988 2288 3172 2335 autem
3219 2281 3496 2336 Christum

1910 2365 2392 2421 holocaustomatis
2432 2366 2605 2420 altare
2636 2366 2890 2422 diximus.
2934 2367 3258 2425 .Aut‘erimus
3286 2385 3417 2441 ergo
3445 2369 3498 2425 ei

1909 2458 2038 2513 olim
2061 2472 2225 2527 opere
2244 2466 2654 2513 consummatas
2678 2459 2929 2526 virtutes,
2989 2461 3208 2530 quando
3234 2461 3498 2516 habemus

1911 2559 2122 2621 tempus
2138 2550 2418 2621 operandi,
2437 2550 2592 2620 quasi
2621 2564 2730 2606 non
2757 2551 2914 2606 nobis
2936 2551 3169 2621 imputet
3194 2552 3498 2621 praeceden-

1908 2648 1991 2695 tes
2038 2639 2453 2710 negligentibus,
2493 2640 2540 2694 si
2581 2655 2687 2695 non
2717 2655 2884 2710 super
2916 2655 3013 2696 eas
3051 2641 3186 2696 alias
3212 2650 3497 2697 construa-

1907 2745 2048 2786 mus.
2106 2729 2307 2785 Servat
2341 2730 2488 2785 enim
2511 2730 2669 2785 nobis
2695 2729 2946 2786 Christus
2966 2730 3146 2799 justus
3164 2731 3331 2802 judex
3349 2748 3498 2802 qua}.

1908 2836 2119 2890 cunque
2146 2821 2286 2875 bona
2320 2820 2618 2889 egerimus,
2669 2819 2716 2874 si
2742 2836 2851 2874 non
2896 2821 3014 2876 haec
3047 2834 3141 2890 per
3160 2822 3378 2891 iniquas
3406 2837 3498 2876 ae-

1907 2912 2079 2966 tiones
2100 2910 2439 2981 praevaricati
2462 2908 2740 2964 fuerimus.
2767 2908 2877 2980 (Ea:
2898 2908 3166 2981 Origene.)
3193 2913 3498 2968 Observan-

1906 3003 2033 3056 dum
2063 3011 2244 3057 tamen
2274 3009 2360 3057 est
2390 3001 2537 3072 quod
2574 3000 2698 3056 aliis
2726 3000 3063 3057 indumentis
3108 3003 3362 3059 sacerdos
3388 3003 3492 3058 uti-

1907 3102 1996 3147 tur
2021 3094 2151 3147 dum
2178 3100 2261 3147 est
2284 3093 2337 3146 in
2366 3092 2758 3147 sacrificiorum
2788 3092 3109 3159 ministerio,
3137 3102 3194 3149 et
3217 3094 3339 3151 aliis
3363 3110 3488 3151 cum

216 3182 630 3252 perfectionem.
680 3183 825 3256 lgnis
848 3184 903 3240 in
932 3185 1091 3239 altari
1135 3200 1348 3255 semper
1368 3184 1601 3250 ardebit,
1643 3198 1805 3254 quem
1904 3182 2148 3253 procedit
2176 3182 2244 3238 ad
2279 3182 2563 3254 populum.
2596 3180 2710 3238 Hoc
2735 3182 2968 3239 faciebat
2996 3192 3052 3239 et
3077 3184 3276 3241 Paulus
3317 3186 3495 3242 scien-

215 3272 419 3329 uutriet
444 3272 748 3338 sacerdos;
784 3283 998 3344 oportet
1026 3274 1222 3346 quippe
1271 3290 1394 3330 eum
1428 3274 1520 3345 qui
1546 3274 1804 3329 holocau-
1907 3273 2151 3329 tissimus
2176 3273 2491 3345 pontiﬁcum
2520 3281 2573 3328 et
2595 3274 2959 3344 peritissimus
2986 3276 3353 3343 samrdolum,
3399 3280 3496 3349 qui

214 3374 373 3432 stum,
410 3366 465 3421 id
491 3364 872 3437 est,perfectae
902 3366 1179 3437 sapientiae
1209 3367 1598 3437 operationem,
1642 3366 1876 3445 debet,n
1907 3382 2031 3421 cum
2043 3375 2192 3422 esset
2216 3367 2270 3421 in
2296 3375 2438 3422 ctetu
2473 3366 2860 3437 pet-tectorum,
2889 3375 3144 3437 tanquam
3185 3369 3330 3425 inter
3354 3369 3493 3426 San-

215 3472 426 3527 semper
469 3435 772 3511 accendere
806 3435 984 3527 ignem
1021 3457 1195 3512 sancti
1227 3435 1459 3527 Spiritus
1507 3467 1563 3513 et
1592 3474 1699 3513 non
1724 3459 1802 3514 si-
1832 3435 1881 3486 υ
1908 3467 1994 3513 cta
2018 3468 2330 3514 sanctorum
2347 3435 2576 3529 positus,
2598 3466 2657 3514 et
2679 3459 2815 3514 stola
2837 3466 2896 3513 et
2916 3435 3255 3528 perfectione
3269 3463 3495 3519 indutus

220 3557 338 3599 nere
361 3543 643 3615 exstingui
670 3562 683 3598 :
708 3544 1071 3615 exstinguitur
1092 3554 1275 3600 autem
1311 3554 1367 3600 et
1391 3560 1580 3600 eorum
1609 3545 1805 3616 quibus
1906 3548 2157 3603 dicebat:
2186 3546 2511 3617 Sapientiam
2532 3549 2797 3617 loquimur
2816 3548 2954 3601 inter
2976 3550 3258 3618 perfectos,
3287 3552 3493 3621 sapien-

218 3636 441 3689 donatus
460 3642 569 3700 est,
596 3633 941 3705 negligentia.
970 3632 1198 3704 Propter
1216 3634 1362 3705 quod
1384 3643 1439 3690 et
1458 3633 1657 3691 Paulus
1683 3635 1759 3689 ait
1785 3654 1798 3691 :

219 3725 469 3795 Spiritum
500 3724 662 3780 nolite
700 3726 1026 3795 exstinguere
1053 3724 1106 3796 (1
1132 3723 1311 3779 Thess.
1346 3724 1431 3797 v);
1458 3725 1603 3780 velut
1623 3725 1677 3780 in
1706 3741 1804 3782 no-

215 3827 319 3870 stra
345 3824 624 3885 potestate
650 3815 721 3870 sit
753 3815 988 3886 positum
1021 3815 1365 3886 exstinguere
1394 3815 1542 3869 illum
1570 3816 1684 3871 sive
1713 3831 1805 3871 ac-

215 3908 463 3962 cendere.
502 3906 640 3963 Tota
664 3914 844 3962 autem
866 3914 1023 3962 nocte
1049 3907 1260 3962 incendi
1284 3907 1460 3978 ignem
1484 3906 1665 3976 jussit,
1694 3923 1801 3964 non

215 3998 357 4067 quod
372 3997 433 4052 in
450 3996 543 4051 die
565 4013 673 4051 non
704 3996 1108 4061 incenderetur,
1132 4010 1258 4050 nam
1274 3996 1541 4066 quomodo
1566 3997 1801 4053 secundo

215 4088 363 4143 ﬁeret
399 4088 599 4145 diebus
627 4087 853 4159 singulis
902 4086 1308 4152 holocaustum;
1342 4086 1435 4143 sed
1469 4087 1596 4157 quia
1626 4088 1802 4143 mani-

215 4182 378 4240 festus
401 4193 529 4239 erat
576 4183 719 4252 ignis
751 4182 997 4247 diurnus,
1041 4190 1366 4238 nocturnum
1406 4182 1799 4254 addidittquia

214 4291 336 4345 ergo
355 4291 465 4329 nos
498 4274 673 4344 caligo
704 4274 933 4328 estvita:
960 4271 1140 4343 hujus,
1170 4272 1221 4328 id
1245 4281 1347 4340 est,
1371 4289 1433 4328 ea
1458 4289 1578 4344 qua:
1598 4273 1800 4329 multos

213 4366 437 4433 obtinet,
493 4365 797 4437 ignorantia
837 4379 853 4417 :
894 4369 959 4423 de
993 4380 1100 4435 qua
1154 4363 1351 4420 Paulus
1380 4363 1638 4420 dicebat:
1674 4364 1800 4419 Nox

212 4461 496 4524 tracessit,
517 4457 631 4512 dies
655 4466 829 4510 autem
850 4456 1280 4527 appropinquavit
1306 4454 1486 4527 (Rom.
1514 4454 1671 4528 xm);
1700 4469 1798 4511 nos

212 4549 486 4621 przecepit,
538 4548 631 4618 qui
674 4545 1047 4601 holocaustum
1074 4545 1169 4600 Dei
1220 4544 1348 4600 facti
1376 4561 1587 4611 sumus,
1635 4547 1797 4601 etiam

216 4643 264 4696 in
288 4650 450 4697 nocte
492 4639 796 4695 accendere
831 4637 1032 4709 ignem,
1062 4646 1123 4691 ut
1160 4652 1281 4692 cum
1308 4636 1397 4693 alii
1420 4637 1592 4709 legem
1625 4647 1798 4693 trans-

1906 3638 2033 3691 tiam
2060 3647 2234 3690 autent
2256 3653 2358 3690 non
2384 3637 2545 3706 hujus
2570 3637 2776 3701 mundi,
2823 3652 2987 3707 neque
3011 3639 3306 3709 principum
3331 3640 3493 3709 hujus

1905 3725 2092 3779 mundi
2132 3728 2225 3795 qui
2246 3725 2609 3789 destruantur,
2652 3725 2742 3778 sed
2766 3724 3032 3796 loquimur
3060 3726 3159 3780 Dei
3178 3728 3490 3797 sapientiam

1902 3818 1958 3870 in
1988 3816 2234 3886 mysterio
2270 3815 2653 3880 absconditam,
2677 3832 2839 3886 quant
2879 3832 3029 3870 nemo
3060 3818 3358 3888 principum
3386 3819 3492 3872 hu-

1895 3903 1989 3975 jus
2013 3903 2194 3958 sa'culi
2235 3906 2517 3976 cognovit;
2553 3904 2600 3958 si
2642 3905 2780 3965 enim
2803 3906 3179 3975 cognovissent,
3218 3923 3486 3978 nunquam

1902 3996 2071 4052 Deum
2112 3996 2405 4067 majestatis
2443 3996 2820 4065 cruciﬁxist
2843 3994 2905 4068 (1
2932 3996 3056 4052 Cor.
3083 3997 3179 4069 ιι).
3212 3996 3318 4054 Sed
3363 4008 3491 4070 post

1901 4090 2019 4146 lucc
2064 4098 2320 4158 tanquam
2350 4088 2416 4142 ad
2444 4088 2700 4158 populum
2724 4088 2935 4153 exiens,
2965 4097 3141 4143 mutat
3168 4088 3385 4153 stolam,
3426 4099 3485 4144 et

1901 4183 2009 4238 alia
2053 4181 2296 4236 induitur
2323 4180 2481 4249 longe
2508 4180 2768 4234 inferiore
2794 4192 2959 4248 quam
2982 4178 3095 4232 illa.
3125 4178 3192 4232 Et
3234 4179 3366 4247 quid
3394 4179 3475 4232 di—

1900 4273 2018 4328 cit?
2042 4269 2194 4323 Nihil
2230 4268 2402 4331 aliud,
2427 4267 2622 4335 inquit,
2674 4283 2756 4321 nte
2769 4266 3008 4336 judicavi
3029 4267 3163 4319 scire
3206 4267 3344 4320 inter
3367 4282 3479 4332 vos,

1900 4364 2002 4418 nisi
2028 4362 2213 4419 Iesum
2235 4361 2502 4415 Christum
2550 4370 2599 4415 et
2625 4360 2763 4414 hunc
2799 4360 3113 4430 cruciﬁxum
3160 4359 3209 4431 (Ι
3218 4359 3349 4429 bid.)
3377 4359 3488 4432 [Ex

1902 4451 2210 4524 Hesychia]
2255 4453 2420 4506 Extra
2444 4459 2626 4507 castra
2657 4457 2840 4506 autem
2888 4451 2943 4505 in
2969 4451 3145 4507 locum
3184 4453 3482 4508 mundissi-

1898 4562 2046 4602 mum
2077 4545 2232 4616 jubet
2274 4544 2475 4608 efferri,
2532 4544 2720 4610 idest,
2761 4544 3092 4614 praemittere
3120 4545 3189 4599 ad
3238 4544 3479 4602 futurum

1890 4640 2176 4711 judicium.
2203 4638 2337 4695 illud
2363 4638 2507 4693 enim
2535 4646 2689 4693 extra
2728 4645 2909 4692 castra
2938 4645 3023 4692 est
3059 4639 3342 4707 pmseutis
3376 4655 3477 4695 sa:-

210 4736 526 4804 grediantur
549 4740 606 4786 et
623 4729 824 4786 terreni
854 4730 983 4794 sint,
1016 4745 1115 4784 nos
1136 4730 1305 4784 simus
1333 4729 1626 4800 spiritales.
1659 4730 1799 4787 Sub-
1824 4798 1864 4804 _
1900 4732 2024 4796 culi,
2071 4740 2128 4787 et
2152 4731 2306 4787 locus
2331 4739 2415 4785 ρει
2451 4729 2705 4795 mundus,
2739 4730 2832 4799 qui
2872 4730 2940 4784 ab
2964 4730 3113 4784 omni
3137 4733 3487 4803 corruptione

209 4798 341 4879 didit
362 4832 549 4878 autem
579 4840 594 4875 :
639 4819 894 4875 Vestietur
920 4819 1162 4874 sacerdos
1184 4798 1437 4875 tunica—et
1460 4821 1794 4890 feminalibus
1824 4798 1875 4858 D
1901 4826 2161 4884 mundum
2202 4832 2288 4879 est
2338 4821 2503 4877 futuri
2532 4822 2714 4878 saeculi
2753 4798 3041 4890 judicium.
3090 4823 3198 4879 Sed
3234 4798 3363 4895 quid
3400 4834 3485 4881 est

210 4915 378 4969 lineis.
421 4912 698 4969 Sacerdos
733 4911 821 4966 hic
862 4910 955 4980 qui
999 4910 1371 4966 holocaustum
1399 4911 1577 4978 offert,
1632 4929 1795 4970 unus-

209 5006 436 5074 quisque
473 5001 721 5074 perfecte
752 5001 972 5071 sapiens
1001 5000 1339 5073 intelligitur,
1376 5003 1503 5074 quia
1534 5005 1792 5060 sacerdo-

210 5096 344 5149 tium
368 5092 729 5166 perfectionis
753 5091 1057 5161 exemplum
1090 5102 1193 5156 est,
1226 5102 1446 5164 propter
1466 5094 1609 5165 quod
1635 5104 1691 5150 et
1710 5112 1793 5150 re-

205 5185 324 5256 gale
341 5184 695 5239 sacerdotium
715 5182 938 5254 populus
957 5183 1129 5252 ﬁdelis
1142 5182 1190 5254 (1
1220 5182 1366 5238 Petr.
1392 5184 1453 5256 ιι)
1475 5185 1792 5257 appellatur,

207 5294 270 5338 ut
292 5294 414 5355 pote
456 5285 633 5356 legem
670 5280 966 5352 perfectam
1007 5281 1281 5353 Evangelii
1314 5283 1636 5352 suscipiens.
1688 5282 1790 5351 Qui

208 5393 340 5449 ergo
366 5377 480 5431 vult
501 5374 700 5431 oﬁ'erre
727 5374 1123 5440 holocaustum,
1144 5374 1347 5440 tunica,
1384 5374 1437 5429 id
1461 5384 1544 5429 est
1559 5374 1796 5444 justitia,

207 5480 258 5522 es
267 5467 627 5539 feminalibus,
651 5464 702 5521 id
713 5475 798 5521 est
817 5465 1083 5531 castitate,
1104 5465 1380 5519 induatur.
1396 5464 1472 5520 De
1490 5464 1596 5519 lino
1619 5476 1798 5521 autem

207 5570 265 5615 et
292 5561 531 5616 tunicam
563 5566 620 5613 et
644 5556 920 5612 fetninalia
946 5556 1059 5610 vult
1079 5571 1199 5611 esse
1248 5573 1353 5611 non
1379 5572 1445 5611 ex
1476 5557 1620 5621 lana,
1672 5557 1797 5626 quia

206 5652 351 5708 linea
378 5654 550 5709 restis
574 5651 772 5706 habilis
797 5649 1117 5720 molliusque
1147 5648 1430 5706 adhaerens
1456 5659 1539 5705 est
1560 5650 1794 5720 corpori.

204 5744 411 5816 Aspera
439 5754 624 5799 autem
654 5758 719 5798 ea
750 5755 868 5810 qua:
889 5755 953 5794 ex
975 5739 1098 5794 lana
1128 5749 1228 5795 est.
1260 5739 1335 5794 Ex
1363 5757 1469 5811 quo
1496 5741 1651 5796 docet
1671 5740 1797 5810 quia
1856 5822 1859 5823 ν

1902 4921 2043 4994 quod
2083 4916 2286 4974 addidit
2320 4934 2333 4971 :
2362 4913 2509 4986 Ignis
2544 4925 2722 4969 autem
2766 4915 2822 4969 in
2843 4914 3003 4969 altari
3036 4932 3240 4987 semper
3262 4918 3480 4982 ardebit,

1901 5029 2051 5085 quem
2075 5010 2267 5065 nutriet
2298 5007 2564 5071 sacerdos,
2591 5007 2876 5077 subjiciens
2904 5006 3048 5078 ligna
3072 5023 3225 5063 mane
3264 5024 3357 5079 per
3380 5009 3485 5062 sin-

1902 5103 2049 5176 gulos
2078 5104 2186 5157 dies
2217 5102 2241 5154 τ’
2276 5098 2740 5167 Quemadmodum
2780 5111 2910 5169 ergo
2946 5100 3172 5154 materia
3202 5098 3339 5168 ignis
3360 5106 3483 5151 sunt

1900 5195 2067 5267 ligna,
2096 5208 2255 5248 mane
2282 5200 2461 5247 autem
2485 5206 2550 5245 ea
2583 5191 2735 5261 jubet
2767 5192 3038 5261 componi,
3076 5192 3155 5247 sic
3182 5191 3338 5245 nobis
3358 5197 3483 5241 sunt

1897 5285 2120 5340 materia
2146 5281 2666 5338 subministrationis
2688 5281 2934 5349 spiritus,
2962 5281 3157 5335 divinae
3179 5279 3310 5347 legis
3334 5276 3482 5329 testi-

1902 5375 2102 5438 monia,
2132 5384 2185 5429 et
2217 5386 2496 5427 sacrorum
2526 5371 2862 5442 eloquiorum
2888 5370 3192 5433 meditatio,
3230 5381 3350 5435 quae
3389 5381 3481 5420 su-

1899 5482 1996 5538 pra
2024 5480 2142 5522 esse
2189 5466 2330 5535 ligna
2359 5464 2613 5519 diximus.
2664 5463 2807 5535 Ergo
2834 5464 2949 5518 haec
2994 5472 3153 5516 mane
3188 5456 3241 5512 in
3278 5455 3480 5511 lumine

1900 5571 2224 5626 componere
2258 5556 2537 5618 debemus,
2566 5554 2619 5608 id
2658 5562 2762 5617 est,
2808 5554 2861 5607 in
2888 5548 3161 5621 vigilantia
3187 5556 3241 5602 et
3274 5548 3479 5603 sobrie-

1902 5655 2010 5702 tate
2040 5646 2255 5699 animze.
2312 5643 2427 5698 Non
2449 5644 2622 5698 solum
2664 5644 2807 5697 enim
2837 5640 3067 5695 nobisin
3091 5639 3178 5693 die
3226 5640 3320 5694 sed
3350 5648 3401 5694 et
3424 5639 3477 5693 in

1901 5746 2077 5804 nocte,
2110 5734 2164 5792 id
2192 5742 2298 5801 est,
2322 5750 2428 5788 non
2463 5732 2637 5788 solum
2673 5732 2726 5787 in
2759 5741 2999 5800 tempore
3027 5730 3356 5798 sobrietatis,
3382 5727 3477 5784 sed
