3954 6176
420 373 526 433 295

1095 367 1155 422 Β.
1197 363 1453 421 ΒᾹΒΛΝΙ
1493 365 1712 423 MAURI
1753 358 2074 417 ARCIIIEP.
2118 354 2428 412 MOGUNT.
2470 350 2756 411 OPERUM
2791 349 2972 405 PARS
3010 356 3050 402 t.

3588 342 3701 392 296

421 503 479 550 et
495 485 816 558 intelligibili
834 483 1092 549 nocte,de
1114 496 1218 550 qua
1247 479 1444 533 Paulus
1465 467 1679 532 dicebat
1698 476 1862 531 :‘Non
1887 490 2007 542 ergo
2041 475 2083 532 Α
2112 468 2450 538 omnipotens
2476 466 2616 521 Deus
2641 481 2746 535 quo
2776 464 2947 536 magis
2977 463 3124 516 visus
3159 460 3341 525 fuerit,
3372 474 3436 514 eo
3461 459 3704 530 amplius

423 582 752 637 dormiamus
781 576 914 629 sicut
969 581 1016 625 et
1061 581 1258 635 ca'tert,
1292 585 1395 621 non
1427 567 1673 620 habentes
1698 580 1864 635 spem,
1916 561 2006 614 scd

429 671 696 743 vigilemus
737 675 784 720 et
813 663 973 718 sobrii
995 662 1200 715 simus:
1253 659 1345 730 qui
1365 657 1501 710 enim
1528 656 1818 718 dormiunt,
1863 667 2010 706 nocte

432 742 718 823 dormiunt,
742 767 788 810 et
812 755 899 825 qui
934 753 1070 808 ebrii
1099 759 1242 814 sunt,
1266 758 1413 802 nocte
1447 746 1576 800 ebrii
1597 753 1717 798 sunt
1742 743 1795 814 (I
1827 742 2007 796 Thess.

435 854 510 923 ν),
553 852 691 921 ignis
731 845 960 901 sutﬁciat
993 837 1511 897 subministrationis
1537 836 1779 906 spiritus,
1824 835 1877 887 iu
1905 850 2012 902 quo

431 941 669 999 ordinari
697 945 910 1008 oportet
941 931 1328 1001 intelligibilem
1347 929 1578 982 hostiam
1609 935 1664 980 et
1689 925 1900 993 adipem
1925 940 2016 992 pa-

432 1035 706 1089 cilicorum
729 1046 742 1093 ;
770 1028 926 1097 ignis,
953 1025 1048 1086 ait,
1080 1033 1163 1078 est
1185 1022 1286 1075 iste
1310 1026 1601 1088 perpetuus
1621 1015 1712 1084 qui
1738 1029 2010 1082 nunquam

431 1122 640 1176 deﬁciet
677 1121 742 1173 de
771 1116 949 1170 altari.
994 1113 1222 1183 Spiritus
1250 1111 1388 1178 enim
1405 1117 1480 1162 est
1513 1107 1674 1170 Deus,
1699 1115 1746 1158 et
1767 1105 1854 1174 qui
1879 1103 2012 1156 ado-

433 1222 549 1265 rant
578 1225 717 1272 eum,
742 1209 797 1261 in
819 1205 1004 1275 spiritu
1036 1214 1082 1257 et
1112 1202 1324 1256 ueritate
1345 1207 1545 1268 oportet
1580 1196 1805 1250 adorare
1829 1192 2012 1263 (Joan.

431 1299 551 1370 tv);
604 1299 742 1352 unde
789 1292 1223 1363 et'intelligihile
1253 1290 1446 1353 altare,
1499 1287 1642 1357 quod
1690 1295 1774 1340 est
1809 1285 2011 1340 Christi

431 1406 647 1459 corpus,
672 1383 1165 1454 inexstinguibilem
1189 1380 1537 1448 habetignem
1561 1375 2017 1431 subministratio-

2114 558 2385 612 diligatur.

2208 575 2387 718 (gitti
2449 646 2579 700 Ha'c
2623 655 2697 698 est
2746 645 2832 698 lex
2878 641 3130 710 sacriﬁcii
3173 650 3220 694 et
3264 639 3702 708 libamentorum,

2112 755 2228 808 qua:
2257 738 2473 806 o/ferent
2509 736 2609 805 ﬁlii
2663 735 2843 787 Aaron
2875 749 3053 786 coram
3078 731 3304 785 Domino
3330 741 3377 784 et
3405 747 3582 784 coram
3607 728 3702 787 αἱ-

2113 831 2236 883 tari.
2287 828 2451 882 Tollet
2480 827 2721 882 sacerdos
2751 825 3007 896 pugillum
3029 822 3238 888 similia,
3267 839 3384 894 qua:
3410 839 3699 892 conspersa

2113 931 2188 974 est
2217 919 2350 984 oleo,
2405 928 2454 972 et
2484 928 2646 971 totum
2675 918 2816 980 thus,
2841 915 2980 986 quod
3022 930 3176 984 super
3195 911 3423 965 similam
3470 913 3701 982 positum

2113 1021 2206 1064 est.
2243 1009 2576 1079 Adolebitque
2600 1007 2730 1062 illud
2761 1008 2816 1060 in
2839 1005 2996 1058 altari
3039 1006 3092 1057 in
3117 1003 3488 1056 monimentum
3518 1002 3703 1057 odoris

2113 1102 2410 1156 suavissimi
2455 1100 2720 1164 Domino;
2768 1098 3022 1168 reliquam
3053 1106 3227 1150 autem
3262 1105 3464 1164 partem
3506 1095 3704 1150 simit'u:

2115 1189 2344 1244 comedet
2385 1189 2563 1241 Aaron
2614 1205 2733 1240 cum
2783 1186 2909 1255 ﬁliis
2933 1186 3044 1239 suis
3091 1185 3286 1254 absque
3329 1185 3607 1253 fermento,
3650 1194 3703 1238 et

2116 1279 2344 1334 comedet
2389 1279 2442 1331 in
2475 1277 2587 1331 loco
2611 1275 2903 1331 sanctuarii
2951 1274 3300 1328 tabernaculi.
3349 1273 3478 1327 Ideo
3521 1284 3704 1327 autem

2116 1391 2218 1426 non
2245 1370 2656 1441 territentabitur,
2680 1368 2802 1440 quia
2841 1384 2964 1437 pars
2987 1366 3101 1435 ejus
3143 1365 3197 1419 in
3228 1364 3440 1418 Domini
3479 1365 3708 1433 oﬂ'ertur

435 1455 916 1550 nis-spiritus.(Ex
945 1473 1239 1544 Gregorio.)
1280 1473 1432 1535 Item,
1486 1470 1785 1526 secundum
1841 1477 2015 1536 tropo-
2112 1464 2402 1516 incensum.
2447 1459 2698 1515 Sanctum
2738 1466 3035 1512 sanctorum
3057 1455 3174 1521 erit,
3201 1455 3334 1509 sicut
3375 1471 3468 1524 pro
3491 1463 3705 1524 peccato

443 1544 639 1642 logiain
681 1589 693 1623 :
725 1544 910 1623 Altare
945 1566 1038 1620 Dei
1057 1544 1156 1620 est
1176 1580 1272 1620 cor
1301 1571 1565 1626 nostrum,
1593 1561 1645 1614 in
1675 1557 2014 1628 quojubetur
2113 1560 2266 1618 atque
2306 1547 2510 1602 delicto.
2561 1547 2970 1642 Mares‘tantum
2991 1544 3192 1642 stirpis
3215 1545 3404 1642 Aaron.
3433 1545 3705 1642 comede-nt

438 1634 580 1737 ignis
609 1676 820 1732 semper
853 1659 1067 1722 ardere,
1106 1656 1232 1725 quia
1258 1669 1477 1710 necesse
1505 1659 1676 1706 estex
1699 1648 1790 1704 illo
1815 1647 1883 1702 ad
1909 1648 2014 1702 Do—
2112 1640 2268 1706 illud,
2290 1639 2572 1710 legitimum
2595 1638 2964 1737 sempiternum
2985 1637 3040 1689 in
3062 1634 3481 1737 generationibus
3495 1636 3703 1736 vestris,

435 1724 655 1814 ηςίηυηι·
681 1724 964 1810 aluimus
991 1724 1262 1804 (laminam
1294 1747 1664 1802 indesinenter
1686 1742 2006 1798 accendere.
2119 1731 2183 1785 de
2203 1729 2478 1798 sacriﬁciis
2501 1729 2734 1782 Domini.
2767 1726 2952 1817 omnis
2984 1727 3074 1817 qui
3097 1725 3319 1817 tetigerit
3347 1724 3464 1791 illa,
3503 1726 3705 1817 sancti-

433 1848 532 1903 Cui
559 1861 654 1915 per
677 1843 918 1912 singulos
943 1841 1060 1894 dies
1085 1838 1338 1894 sacerdos
1353 1835 1496 1906 ligna
1529 1832 1780 1902 subjiciat
1802 1847 1871 1886 ne
1921 1846 2015 1884 ex-
2047 1822 2090 1879 Β
2117 1821 2380 1890 ﬁcabitur.
2411 1819 2518 1915 llis:
2541 1815 2848 1915 Hesgchio.)
2873 1816 3174 1915 Legislator
3195 1815 3408 1915 videtur
3437 1816 3708 1915 reiterans

435 1906 742 2008 stinguatur
763 1906 972 1988 omnis
991 1931 1134 1985 enim
1149 1928 1348 1984 Christi
1367 1926 1690 1998 praedicator
1707 1924 2010 1979 membrum

2132 1928 2233 1982 μηδ
2261 1911 2428 1967 semel
2450 1911 2715 1982 exposuit,
2743 1920 2802 1964 ut
2825 1906 3104 1978 multiplici
3125 1907 3443 1978 repetitione
3463 1907 3706 1962 mandati

443 1998 634 2096 utiqvue
671 2024 865 2080 summi
904 2021 1200 2077 sacerdotis
1219 2018 1442 2074 ellectus
1468 2026 1574 2082 est,
1619 2017 1760 2072 sicut
1802 2014 2016 2070 cunctis
2113 2004 2352 2075 legentes
2400 2005 2466 2057 ad
2493 2001 2811 2096 memoriam
2847 2007 3148 2096 revocaret.
3199 1998 3481 2096 Quatenus
3519 2009 3708 2096 autem

435 2119 684 2174 ﬁdelibus
733 2115 930 2170 Petrus
971 2110 1246 2183 apostolus
1284 2109 1458 2164 dixit:
1504 2107 1602 2162 Vos
1639 2116 1814 2161 autem
1853 2121 2016 2175 genus

436 2209 674 2272 electum,
700 2203 870 2275 regale
893 2202 1244 2258 sacerdotium
1261 2199 1312 2271 (1
1331 2197 1477 2252 Petr.
1494 2197 1589 2268 tt);
1614 2205 1670 2252 et
1692 2195 1835 2250 sicut
1861 2193 2019 2249 Joan-

438 2314 534 2353 nes
553 2296 826 2366 apostolus
853 2294 989 2350 dixit
1014 2311 1026 2346 :
1062 2290 1257 2345 Fecisti
1282 2306 1374 2343 nos
1399 2288 1510 2342 Deo
1538 2297 1714 2341 nostro
1738 2301 1953 2356 regnum
1967 2293 2018 2337 et

439 2390 787 2445 sacerdotium
811 2387 995 2460 (Apoc.
1020 2386 1095 2456 v).
1127 2383 1394 2440 Sacerdos
1423 2397 1553 2453 ergo
1568 2383 1622 2436 in
1649 2381 1820 2434 altare
1841 2378 2020 2448 ignem

442 2484 688 2538 nutriens
709 2482 949 2550 quotidie
971 2481 1113 2550 ligna
1142 2476 1417 2546 subjiciat,
1463 2477 1515 2531 id
1537 2484 1640 2540 est,
1671 2473 1844 2528 ﬁdelis
1874 2472 2022 2539 quis—

440 2588 548 2643 que
577 2587 644 2626 ne
667 2572 719 2625 in
741 2585 806 2626 eo
843 2569 1122 2624 charitatis
1150 2568 1364 2620 ﬂamma
1387 2564 1624 2629 deﬁciat,
1667 2563 1720 2616 in
1743 2561 1904 2616 corde
1921 2574 2022 2617 suo

449 2671 560 2718 tam
599 2661 844 2731 exempla
872 2659 1311 2729 praecedentium,
1338 2672 1499 2727 quam
1524 2671 1691 2711 sacrae
1730 2652 2024 2721 Scriptura:

447 2753 761 2808 testimonia
789 2766 1081 2822 congerere
1111 2765 1220 2804 non
1249 2749 1501 2814 desistat;
1532 2763 1656 2801 nam
1685 2745 1841 2816 quasi
1873 2759 2023 2814 quae-

441 2845 566 2898 dam
608 2843 842 2899 fomenta
875 2843 984 2914 igni
1013 2843 1144 2897 dare
1172 2851 1290 2906 est,
1322 2841 1374 2894 in
1404 2839 1804 2894 exercitatione
1851 2837 2025 2892 chari-

441 2935 592 2998 tatis,
627 2933 709 2988 vel
751 2933 994 3003 exempla
1029 2932 1274 2998 Patrum,
1314 2930 1394 2986 vel
1427 2937 1694 3000 prmcepta
1743 2928 2023 2984 Dominica

443 3026 775 3082 ministrare.
824 3025 960 3092 Quia
995 3025 1138 3080 enim
1185 3024 1396 3078 interna
1431 3023 1645 3078 novitas
1672 3031 1855 3078 nostra
1907 3021 2026 3091 ipsa

443 3115 684 3184 quotidie
725 3114 884 3184 hujus
912 3113 1036 3168 vitxe
1073 3112 1485 3167 conversatione
1524 3113 1832 3176 veterascit,
1885 3111 2025 3181 ignis

2116 2109 2213 2162 per
2236 2093 2608 2161 repetitionem
2637 2091 2772 2162 legis
2795 2090 3219 2145 necessariorem
3246 2089 3497 2144 redderet
3518 2089 3711 2144 lectio-

2119 2201 2268 2251 nem,
2301 2184 2596 2253 interponit
2625 2182 2826 2253 aliqnid
2861 2183 3112 2252 amplius,
3141 2180 3294 2250 cujus
3319 2182 3492 2252 gratia
3517 2197 3712 2236 neces-

2129 2277 2337 2332 sarium
2363 2275 2466 2330 hoc
2490 2275 2801 2328 mandatum
2849 2281 2904 2328 et
2928 2272 3293 2328 inexcusabile
3323 2272 3483 2327 nimis
3509 2273 3714 2327 existe-

2126 2376 2227 2422 ret.
2268 2365 2421 2420 Sicut
2449 2380 2580 2436 ergo
2609 2365 2662 2419 in
2700 2365 3134 2436 praecedentibus
3169 2365 3236 2419 de
3262 2364 3592 2420 holocaustis
3619 2381 3715 2419 sa-

2123 2457 2328 2512 criﬁcia
2358 2456 2594 2522 iteravit,
2643 2455 2975 2524 permiscens
3012 2455 3090 2510 eis
3118 2455 3488 2509 assiduitatem
3517 2455 3710 2525 ipsius,

2124 2558 2184 2604 ut
2204 2558 2289 2604 est
2310 2549 2440 2603 illud
2465 2567 2477 2602 :
2501 2548 2647 2620 Ignis
2668 2550 2754 2618 qui
2783 2548 2837 2603 in
2858 2547 3018 2602 altari
3030 2558 3104 2604 est
3130 2566 3330 2618 semper
3351 2549 3558 2615 ardeat,
3581 2567 3717 2603 nun-

2122 2657 2378 2710 quamque
2393 2639 2637 2708 deﬁciat;
2662 2639 2743 2694 sic
2762 2646 2814 2693 et
2836 2654 2994 2703 nunc,
3027 2655 3149 2694 cum
3171 2639 3496 2693 sacriﬁcium
3518 2641 3714 2694 similze

2125 2731 2437 2786 deduxisset
2465 2731 2534 2785 ad
2562 2731 2823 2799 medium,
2866 2747 2963 2802 per
2985 2747 3148 2802 quam
3179 2731 3475 2802 signiﬁcari
3504 2732 3717 2788 theolo-

2125 2822 2268 2892 giam
2296 2823 2348 2876 in
2384 2821 2547 2893 hujus
2570 2821 2691 2876 libri
2716 2823 2940 2879 exordio
2965 2822 3472 2888 demonstravimus,
3505 2824 3715 2879 addidit

2126 2913 2270 2983 quod
2295 2921 2510 2982 oportet
2538 2928 2658 2966 eam
2691 2913 2743 2966 in
2767 2912 2884 2967 loco
2913 2920 3120 2966 tantum
3149 2921 3338 2967 sancto
3363 2924 3418 2967 et
3447 2928 3477 2966 a
3504 2929 3717 2968 mascu-

2129 3004 2216 3071 lis,
2242 3021 2349 3058 non
2377 3013 2556 3060 autem
2578 3005 2776 3074 ubique
2793 3005 3072 3058 autetiam
3093 3005 3161 3059 ab
3176 3003 3445 3068 omnibus,
3474 3005 3712 3058 comedi.

2127 3097 2204 3151 De
2231 3111 2335 3165 qua
2355 3095 2479 3150 vide
2499 3095 2676 3165 qualia
2702 3095 2863 3149 etiam
2891 3110 3034 3150 nunc
3058 3095 3312 3164 praecepit
3337 3113 3349 3147 :
3376 3093 3506 3148 Hac
3530 3106 3608 3149 est
3631 3094 3716 3149 lex

449 3181 553 3256 {sic
584 3181 842 3256 adhibitis
867 3201 1027 3272 lignis
1051 3201 1372 3255 nutriendus
1397 3209 1500 3265 est,
1533 3209 1590 3254 υι
1611 3215 1734 3254 cum
1754 3216 1850 3269 per
1871 3215 2027 3254 usum
2055 3181 2100 3243 C
2131 3186 2380 3255 sacriﬁcii
2415 3197 2462 3240 et
2501 3185 2918 3249 libamentorum,
2962 3201 3080 3254 qua!
3119 3185 3335 3254 offerent
3382 3182 3483 3252 ﬁlii
3529 3183 3714 3238 Aaron

445 3308 504 3348 se
553 3295 837 3348 vetustatis
883 3301 1068 3347 nostra
1099 3292 1313 3348 novitas
1355 3299 1628 3353 extenuat,
1679 3305 1774 3359 per
1807 3288 2031 3344 Patrum

445 3383 754 3439 testimonia
785 3393 839 3437 et
864 3381 1110 3451 exempla
1137 3381 1442 3436 reviviscat.
1485 3381 1553 3434 Et
1575 3381 1711 3434 bene
1748 3379 1856 3433 illic
1886 3394 2028 3449 pra:-

445 3474 643 3544 cipitur
672 3481 730 3527 ut
759 3487 919 3527 mane
948 3471 1093 3542 ligna
1123 3485 1222 3541 per
1248 3470 1364 3525 dies
1386 3469 1624 3541 singulos
1650 3476 2028 3539 congerantur.

449 3562 576 3617 [hec
595 3562 793 3632 quippe
842 3577 951 3616 non
1005 3561 1140 3616 ﬁunt
1185 3561 1288 3615 nisi
1324 3576 1446 3616 cum
1480 3575 1586 3615 nox
1634 3560 1900 3615 caecitatis
1940 3576 2034 3614 ex-

447 3655 772 3724 stinguitur;
804 3653 890 3708 vel
917 3661 1086 3717 certe,
1114 3653 1238 3723 quia
1275 3669 1434 3708 mane
1455 3654 1629 3722 prima
1652 3667 1780 3722 pars
1793 3653 1898 3707 diei
1923 3660 2031 3716 est,

446 3743 758 3814 postpositis
781 3744 1202 3814 cogitationibus
1227 3745 1350 3798 vita:
1379 3744 1686 3812 prtesentis,
1715 3742 2034 3813 hoc-priore

448 3833 566 3888 loco
593 3834 840 3903 quisquis
866 3833 1100 3889 ﬁdelium
1129 3833 1330 3904 cogitet
1363 3842 1422 3886 ut
1457 3834 1601 3901 quod
1629 3833 1683 3886 in
1729 3848 1788 3886 se
1809 3833 2034 3902 jamque

446 3924 601 3992 quasi
632 3923 852 3988 defecit,
905 3923 1101 3992 quibus
1137 3923 1279 3976 valet
1303 3923 1533 3987 nisibus,
1577 3923 1813 3977 studium
1853 3923 2035 3976 chari-

451 4017 576 4071 tatis
611 4015 926 4070 inﬂammet.
966 4015 1111 4086 Ignis
1140 4016 1284 4070 enim
1306 4015 1408 4068 iste
1436 4015 1492 4068 in
1523 4015 1694 4070 altare
1723 4015 1956 4079 Domini,
1981 4015 2035 4070 id

449 4113 554 4166 est,
583 4105 636 4158 in
666 4103 828 4159 corde
844 4111 1048 4168 nostro,
1075 4104 1234 4159 citius
1262 4103 1643 4173 exstinguitur,
1680 4103 1782 4158 nisi
1809 4102 2036 4158 solerter

451 4196 703 4250 adhibitis
729 4194 990 4264 exemplis
1020 4193 1242 4248 Patrum
1293 4202 1348 4248 et
1384 4193 1676 4247 Dominicis
1704 4193 2034 4248 testimoniis

452 4296 752 4358 reparetur.
776 4286 920 4342 Bene
943 4295 1121 4340 autem
1145 4285 1252 4340 illic
1279 4283 1622 4355 subjungitur
1649 4298 1663 4337 :
1700 4283 1768 4337 Et
1792 4284 2034 4353 imposito

451 4379 756 4434 holocausta
793 4379 1014 4448 desuper
1033 4377 1261 4432 adolebit
1287 4377 1464 4446 adipes
1491 4375 1849 4446 paci/icorum.
1899 4372 2036 4428 Nam

452 4472 766 4540 quisquisin
789 4487 848 4526 se
876 4471 1020 4524 hunc
1041 4470 1216 4538 ignem
1245 4469 1530 4523 charitatis
1556 4465 1821 4530 accendit,
1840 4476 2037 4520 semet-

454 4531 631 4628 ipsum
673 4561 862 4629 utique
909 4531 1286 4613 holocaustum
1315 4558 1550 4625 desuper
1591 4556 1849 4625 imponet,
1904 4556 2034 4624 quia
2066 4531 2112 4588 ι)

455 4664 614 4703 omne
643 4649 830 4702 vitium
858 4648 1002 4717 quod
1039 4647 1094 4701 in
1135 4663 1195 4711 se
1224 4646 1362 4700 male
1396 4645 1612 4699 vivebat
1659 4644 1856 4698 exurit.
1902 4645 2036 4699 Cum

456 4737 601 4790 enim
639 4737 1024 4806 cogitationum
1077 4751 1297 4790 suarum
1338 4735 1550 4788 interna
1599 4733 1930 4799 considerat,
1984 4743 2038 4789 et

457 4827 625 4880 vitam
651 4827 935 4897 reprobam
983 4842 1080 4897 per
1105 4824 1498 4880 immutationis
1529 4823 1766 4894 gladium
1813 4835 2034 4891 mactat,

459 4918 515 4972 in
542 4933 635 4972 ara
664 4933 722 4973 se
745 4919 828 4972 sui
852 4917 1033 4972 cordis
1074 4917 1348 4986 imposuit,
1390 4923 1446 4969 et
1481 4915 1602 4985 igne
1632 4913 1918 4970 charitatis
1955 4916 2038 4970 in-

461 5010 680 5075 cendit;
717 5011 784 5064 de
805 5025 909 5078 qua
955 5009 1144 5064 hostia:
1170 5009 1515 5079 paciﬁcorum
1543 5007 1730 5077 adipes
1771 5007 2032 5076 redolent,

461 5101 588 5171 quia
616 5102 825 5155 interna
850 5117 1002 5156 nova:
1027 5101 1147 5154 vitm
1169 5101 1538 5171 impinguatio,
1563 5115 1749 5169 pacem
1778 5099 1919 5154 inter
1940 5118 2039 5157 nos

461 5202 518 5247 et
549 5192 713 5244 Deum
740 5189 962 5256 faciens,
989 5193 1210 5246 odorem
1241 5191 1308 5246 de
1330 5191 1485 5245 nobis
1507 5189 1888 5245 suavissimum
1918 5192 2038 5246 red-

463 5286 560 5340 dit.
589 5284 722 5351 Quia
754 5299 881 5338 vero
908 5285 1094 5339 eadem
1115 5284 1352 5339 charitas
1382 5284 1436 5338 in
1460 5283 1713 5337 cordibus
1741 5283 2038 5338 electorum

465 5373 917 5445 iuexstiuguibilis
933 5382 1133 5439 manet,
1160 5383 1283 5444 apte
1302 5374 1408 5430 illic
1423 5375 1668 5431 subditur
1697 5396 1709 5431 :
1735 5377 1880 5447 Ignis
1901 5375 2038 5429 enim

463 5465 560 5520 iste
585 5475 882 5536 perpetuus,
921 5465 1009 5536 qui
1032 5480 1297 5534 nunquam
1327 5465 1530 5534 deficiet
1568 5466 1632 5521 de
1659 5467 1838 5520 altari.
1892 5465 2040 5519 Nun-

466 5569 627 5622 quam
655 5553 898 5626 prol‘ecto
917 5554 985 5608 de
1005 5552 1162 5607 altari
1193 5554 1330 5623 ignis
1354 5555 1456 5609 iste
1477 5555 1715 5621 deﬁciet,
1739 5557 1861 5625 quia
1874 5545 2039 5609 etiam

474 5652 596 5712 post
626 5645 763 5699 hanc
804 5645 970 5700 vitam
1012 5659 1198 5700 eorum
1236 5645 1504 5700 mentibus
1537 5645 1716 5700 fervor
1761 5646 2041 5700 charitatis

471 5736 747 5788 accrescit.
796 5735 1019 5791 xEterna
1055 5736 1252 5805 quippe
1297 5737 1744 5806 contemplatione
1765 5736 1939 5804 agitur
1983 5745 2042 5788 ut

2133 3292 2311 3330 coram
2332 3275 2557 3329 Domino
2587 3285 2635 3328 et
2658 3291 2832 3328 coram
2863 3273 3042 3328 altari.
3068 3273 3182 3329 Hoc
3206 3289 3334 3345 ergo
3349 3275 3415 3329 de
3438 3289 3545 3342 quo
3571 3290 3715 3329 nunc

2132 3379 2312 3419 sermo
2334 3374 2416 3420 est
2449 3383 2462 3419 :
2496 3365 2591 3420 ﬁlii
2615 3365 2816 3430 Aaron,
2859 3365 2912 3420 id
2941 3376 3044 3429 est,
3086 3365 3344 3420 sublimes
3371 3365 3423 3420 in
3448 3366 3715 3436 sapientia

2132 3458 2403 3523 homines,
2455 3458 2556 3513 soli
2577 3457 2770 3513 oll'erre
2805 3459 3002 3513 debent
3029 3474 3213 3514 coram
3236 3458 3487 3524 Domino,
3530 3459 3586 3514 id
3609 3469 3710 3523 est,

2132 3551 2427 3605 secundum
2477 3549 2618 3619 quod
2649 3551 2744 3605 Dei
2783 3551 3030 3606 voluntas
3059 3559 3164 3615 est,
3211 3567 3317 3606 non
3341 3552 3614 3622 superﬂuo
3663 3553 3714 3607 in

2133 3641 2316 3697 divino
2357 3641 2714 3711 disputantes,
2765 3640 2859 3696 sed
2885 3656 3220 3711 quaecunque
3262 3642 3416 3697 nobis
3461 3641 3718 3699 Christus

2135 3731 2414 3787 revelabit.
2447 3731 2558 3787 Hoc
2578 3730 2724 3785 enim
2762 3731 3000 3802 intellige
3029 3733 3172 3801 quod
3194 3733 3290 3796 ait,
3327 3748 3504 3785 coram
3529 3732 3714 3786 altari.

2137 3822 2274 3889 Quia
2322 3823 2493 3877 altare
2526 3836 2646 3876 esse
2681 3821 2989 3876 lmmanitas
3033 3820 3306 3890 Unigeniti
3345 3821 3717 3877 demonstrata

2135 3924 2238 3980 est,
2263 3930 2392 3984 ergo
2422 3914 2476 3968 in
2499 3914 2584 3969 his
2615 3913 2937 3984 theologiam
2969 3913 3381 3978 constituamus,
3409 3929 3531 3983 quae
3561 3915 3716 3969 nobis

2137 4005 2450 4060 incarnatus
2473 4006 2692 4060 tradidit
2719 4005 2998 4070 Dominus,
3046 4013 3103 4059 ut
3127 4005 3344 4060 Patrem
3376 4007 3428 4060 in
3457 4021 3522 4061 eo
3562 4017 3618 4062 et
3642 4007 3720 4076 ip-

2135 4111 2253 4150 sum
2272 4096 2323 4150 in
2345 4095 2503 4150 Patre
2524 4096 2842 4165 cogitemus,
2857 4104 2912 4150 et
2935 4097 2999 4151 de
3021 4093 3221 4165 Spiritu
3247 4105 3432 4151 sancto
3457 4099 3716 4161 sciamus,

2137 4187 2264 4255 quia
2310 4196 2366 4240 et
2399 4186 2566 4255 ipsius
2603 4195 2688 4240 est
2721 4185 2866 4252 Filii,
2907 4193 2961 4240 et
2998 4202 3028 4239 a
3059 4187 3218 4241 Patre
3243 4186 3505 4256 procedit.
3551 4186 3718 4241 Tollct

2137 4279 2379 4333 sacerdos
2407 4277 2660 4350 pugillum
2683 4278 2870 4332 simila:
2922 4295 3038 4349 qua:
3068 4294 3345 4347 conspersa
3371 4287 3448 4331 est
3484 4277 3622 4341 oleo,
3669 4288 3718 4332 et

2139 4378 2303 4423 totum
2328 4369 2446 4423 thus
2486 4367 2625 4438 quod
2655 4383 2810 4437 super
2837 4367 3063 4420 similam
3085 4367 3312 4438 positum
3332 4376 3431 4432 est,
3466 4367 3720 4421 adorabit-

2137 4477 2236 4532 que
2264 4459 2398 4514 illud
2443 4461 2495 4512 in
2517 4458 2675 4512 altari
2711 4459 2766 4512 in
2805 4458 3180 4512 monimentum
3220 4458 3396 4512 odoris
3421 4457 3720 4512 suavissimi

2139 4551 2384 4606 Domino.
2416 4551 2550 4607 Cum
2582 4551 2920 4620 eleemosyna
2951 4559 3005 4604 et
3033 4550 3302 4616 oratione,
3327 4550 3443 4604 haec
3479 4551 3628 4604 enim
3656 4549 3717 4604 ﬁ-

2140 4652 2399 4713 gurantur
2418 4657 2516 4712 per
2547 4641 2724 4697 oleum
2756 4649 2810 4695 et
2827 4642 2969 4705 thus,
3001 4640 3199 4709 quibus
3227 4640 3535 4695 necessarie
3566 4641 3720 4695 theo-

2142 4731 2280 4803 logia
2312 4732 2692 4802 conquiritur;
2724 4732 3003 4801 utriusquc
3038 4732 3084 4786 si
3117 4731 3332 4800 quidem
3361 4731 3717 4802 adjutorium,

2139 4833 2198 4877 ut
2236 4839 2341 4878 non
2377 4823 2630 4878 excidant
2666 4838 2733 4877 ex
2762 4823 2990 4877 veritate
3033 4824 3125 4893 qui
3156 4822 3223 4878 de
3250 4825 3358 4877 Deo
3396 4823 3716 4892 loquuntur,

2138 4917 2502 4970 necessarium
2533 4915 2732 4970 habent
2759 4915 2915 4983 hujus
2943 4917 2995 4969 in
3024 4916 3435 4970 monimentum.
3467 4916 3719 4986 Intelligi-

2141 5007 2263 5062 bilis
2293 5006 2548 5061 sacerdos
2581 5007 2828 5062 Christus
2863 5009 3119 5079 pugillum
3150 5009 3307 5073 tollit,
3352 5011 3478 5080 quia
3506 5027 3716 5065 summa

2142 5096 2368 5151 scientia
2399 5097 2539 5166 apud
2567 5112 2690 5150 eum
2725 5108 3026 5166 permanet,
3055 5099 3200 5168 quod
3237 5100 3289 5152 iu
3324 5100 3716 5154 monimentum

2143 5187 2358 5255 quidem
2381 5196 2464 5241 est
2511 5189 2635 5256 quia
2664 5189 2715 5242 in
2741 5199 3059 5258 perpetuum
3089 5192 3193 5245 erit
3223 5207 3575 5260 permansura
3607 5209 3718 5246 me-

2144 5277 2337 5330 moria.
2396 5277 2580 5348 Neque
2610 5280 2775 5343 enim,
2817 5282 3268 5350 quemadmodum
3308 5298 3371 5334 ea
3418 5298 3539 5351 qua:
3577 5299 3718 5337 nunc

2141 5378 2226 5424 est
2245 5379 2426 5424 nostra
2449 5371 2692 5434 scientia,
2712 5382 2966 5443 provectu
2992 5375 3324 5440 destruitur;
3357 5377 3480 5442 quia
3505 5379 3718 5445 quando

2141 5462 2332 5515 venerit
2357 5461 2496 5532 quod
2517 5463 2800 5533 perfectum
2824 5475 2920 5529 est,
2953 5466 3091 5520 sicut
3118 5466 3193 5519 ait
3227 5465 3444 5529 Paulus,
3486 5467 3718 5520 destrue-

2140 5559 2228 5602 tur
2257 5552 2396 5620 quod
2437 5569 2500 5606 ex
2527 5564 2673 5624 parte
2701 5565 2774 5608 est
2806 5553 2857 5626 (I
2888 5554 3010 5609 Cor.
3043 5555 3183 5628 xm).
3224 5557 3408 5626 Itaque
3449 5573 3716 5612 summam

2141 5644 2464 5712 cognitionis
2498 5654 2552 5698 et
2581 5643 2831 5714 perfecta:
2861 5647 3099 5701 scientia:
3127 5663 3246 5702 esse
3277 5648 3415 5718 apud
3443 5647 3717 5702 Christum

2144 5733 2413 5804 legislator
2444 5736 2634 5790 innuit.
2694 5734 2830 5801 Quid
2877 5745 3054 5790 autem
3092 5737 3175 5790 his
3212 5739 3425 5802 subdat,
3476 5735 3713 5798 intende,
