3954 6176
251 293 353 349 297

1164 289 1665 358 EXPOSITIONES
1703 295 1768 351 ΙΝ
1809 295 2202 352 LEVITICUM.
2247 328 2313 337 —
2352 301 2476 352 Lm.
2521 304 2579 352 ll.

3401 306 3502 364 Ωῡὸ

250 406 522 477 Reliquam
570 413 742 458 autent
780 413 978 474 partem
1025 405 1210 460 simila:
1239 407 1466 461 comedet
1490 409 1667 460 Aaron
1703 425 1819 460 cum
1849 417 1898 474 Α
1926 408 2258 462 surrectione
2310 409 2572 477 posuerit,
2612 408 2870 462 continuo
2919 410 3286 467 sanctiﬁcatur
3313 416 3357 469 si
3407 417 3481 472 im

248 499 370 568 ﬁliis
408 500 555 560 suis;
615 504 676 549 ut
721 511 826 549 non
873 511 941 548 ex
983 503 1095 549 toto
1141 511 1171 549 a
1219 496 1483 566 theologia
1527 511 1820 560 cessemus,

1924 498 2155 551 mundus
2177 507 2282 561 cst,
2315 507 2540 552 sanatur
2564 498 2608 553 si
2639 499 2690 552 in
2735 499 2889 570 plaga
2919 510 3020 555 est.
3055 502 3162 572 (Ex
3189 504 3496 580 Hesychia.)

244 604 344 659 pro
381 603 444 640 co
488 586 631 654 quod
675 601 886 638 summa
942 585 1166 639 scientia
1217 585 1271 638 in
1315 585 1551 640 futurum
1604 601 1824 640 conscr—
1922 586 2110 640 Omnis
2140 588 2336 657 quippe
2379 589 2473 642 Dei
2523 593 2967 645 commemoratio
3017 595 3496 655 sanctiﬁcationem

245 688 434 740 vatur;
486 691 604 743 qum
639 684 819 727 autem
860 673 1017 728 nobis
1067 674 1134 727 ab
1171 690 1236 728 eo
1270 675 1458 729 relicta
1493 683 1604 740 est,
1639 675 1690 727 id
1717 684 1817 740 est,

245 767 461 827 tradita,
492 767 628 818 hanc
655 765 941 818 comedere
968 778 1066 818 nos
1089 763 1246 832 jubet
1272 766 1557 819 scientiam
1606 773 1662 818 et
1686 782 1817 834 ope-

242 858 366 910 rari.
401 857 507 909 Sed
542 856 855 908 intuendum
883 855 971 909 ubi
1010 855 1151 910 hanc
1189 865 1243 908 et
1265 856 1534 924 quomodo
1575 864 1820 925 Oportcat

238 947 471 1017 operari.
522 945 778 1014 Sequitur
809 962 822 998 :
857 945 1062 1016 Absque
1101 945 1374 1015 fermento,
1405 957 1453 1000 et
1491 947 1719 1000 comedet
1762 948 1816 1001 in

237 1037 346 1090 loco
373 1038 663 1090 sanctuarii
711 1035 1062 1089 tabernaculi.
1116 1036 1232 1090 Non
1271 1038 1520 1105 coquitur
1561 1053 1681 1090 cum
1711 1035 1817 1090 fer-

236 1138 434 1190 mento,
471 1127 522 1181 id
544 1136 644 1190 est,
678 1127 974 1181 secundum
1005 1125 1281 1180 Judaicam
1310 1127 1612 1180 doctrinam
1639 1142 1813 1196 neque

235 1217 526 1270 secundum
548 1214 748 1285 gentile
776 1215 1117 1281 fermentum,
1143 1217 1268 1284 quia
1298 1231 1402 1270 non
1424 1216 1539 1269 vult
1567 1231 1665 1270 nos
1693 1232 1814 1271 ver-

232 1307 358 1360 bum
389 1306 551 1373 loqui,
579 1306 672 1359 sed
699 1313 758 1358 ut
783 1305 980 1359 munda
1008 1306 1077 1358 sit
1100 1305 1168 1360 ab
1201 1307 1346 1359 omni
1375 1306 1726 1375 permistione
1758 1314 1814 1360 et

231 1399 433 1465 absque
464 1396 608 1449 omni
630 1394 916 1448 fermento.
960 1393 1178 1450 Comedi
1206 1404 1386 1449 autem
1415 1395 1562 1449 illam
1589 1396 1642 1449 in
1668 1396 1810 1449 atrio

233 1486 562 1542 tabernaculi
588 1485 874 1540 testimonii
904 1486 1180 1554 prmcepit,
1207 1486 1259 1540 id
1284 1494 1386 1550 est,
1409 1489 1620 1555 operari
1641 1488 1692 1540 in
1715 1488 1812 1541 Ec-

230 1576 414 1630 clesia.
452 1574 878 1628 Tabernaculum
901 1573 1044 1628 enim
1071 1575 1360 1629 testimonii
1389 1576 1586 1630 emtum
1616 1585 1720 1641 est,
1754 1577 1808 1630 in

228 1683 331 1735 quo
359 1667 504 1735 quod
553 1667 761 1720 habitet
787 1665 951 1730 Deus,
986 1665 1266 1736 Scriptura
1299 1677 1548 1722 testatur.
1594 1667 1806 1722 Atrium

1918 687 2162 746 praestat,
2210 681 2352 748 quod
2391 689 2621 736 testatur
2650 682 2850 737 Paulus
2893 686 3118 740 dicens:
3146 687 3285 753 Quia
3325 696 3493 747 omnis

1919 781 2160 822 creatura
2190 771 2287 822 Dei
2317 771 2449 825 bona
2474 783 2520 826 et
2546 773 2675 826 nihil
2703 776 3043 844 rejiciendum
3068 781 3207 849 quod
3236 799 3352 836 cum
3375 802 3498 854 gra-

1918 861 2110 912 tiarum
2137 862 2341 914 actione
2357 864 2661 932 percipitur,
2681 866 3044 934 sanctiﬁcatur
3071 880 3245 923 autent
3271 889 3364 942 per
3388 892 3497 928 ver-

1918 947 2036 1000 bum
2082 949 2176 1000 Dei
2220 959 2266 1001 et
2303 951 2591 1005 orationem
2643 951 2695 1025 (Ι
2729 954 2863 1009 Tim.
2903 957 3001 1028 tv).
3035 958 3141 1014 Sed
3187 977 3306 1016 cum
3343 965 3493 1032 dicit,

1916 1045 2222 1104 tangentem
2253 1040 2604 1108 sanctiﬁcari,
2636 1043 2792 1112 plane
2822 1049 3059 1102 ostendit
3082 1051 3206 1118 quia
3235 1053 3288 1105 in
3317 1055 3494 1125 dispu-

1917 1133 2080 1184 tando
2144 1133 2209 1187 de
2251 1135 2379 1199 Deo,
2425 1136 2478 1190 id
2521 1145 2622 1204 est,
2673 1139 2725 1192 in
2766 1142 3050 1214 theologia,
3093 1146 3291 1203 suﬁicit
3339 1153 3494 1208 nobis

1914 1221 2080 1274 etiam
2140 1230 2349 1277 tantum
2403 1233 2645 1297 tangere,
2691 1233 3143 1298 quemadmodum
3189 1239 3364 1309 ignem
3399 1245 3489 1312 qui

1911 1310 2027 1362 vult
2054 1310 2324 1378 calefieri;
2353 1329 2478 1366 nam
2517 1315 2562 1369 si
2599 1317 2828 1373 interius
2856 1322 3036 1376 mittat
3063 1340 3281 1381 manum
3304 1310 3491 1399 pret—co

1911 1400 2053 1466 quod
2079 1401 2251 1467 potuit
2277 1402 2535 1470 caleﬁeri,
2564 1408 2925 1476 comburitur,
2960 1413 3040 1467 sic
3063 1423 3119 1469 et
3139 1418 3232 1485 qui
3259 1421 3489 1488 profun-

1912 1489 2032 1544 dius
2059 1491 2139 1545 vel
2181 1490 2342 1547 altius
2373 1494 2438 1548 de
2483 1496 2594 1550 Deo
2628 1498 2906 1568 disputare
2949 1508 3249 1573 praesumit,
3287 1527 3386 1580 pro
3423 1529 3489 1568 eo

1910 1580 2052 1649 quod
2080 1580 2366 1650 gloriosius
2391 1586 2520 1653 quid
2550 1588 2666 1642 vult
2689 1588 2986 1657 oﬁ‘endere,
3015 1595 3070 1648 in
3094 1596 3487 1668 blasphemiam

1909 1672 2074 1733 cadit,
2118 1673 2244 1726 dum
2287 1677 2748 1745 comprehendere
2788 1682 3129 1741 altitudinem
3177 1688 3483 1747 divinorum

229 1766 408 1809 autem
453 1755 784 1809 tabernaculi
834 1755 1146 1820 testimonii,
1175 1755 1228 1809 id
1273 1764 1355 1809 est
1391 1755 1536 1820 cmli,
1564 1755 1806 1811 Ecclesia
1838 1753 1882 1810 B
1909 1760 2223 1830 dogmatum
2254 1779 2358 1820 non
2384 1769 2572 1836 possit.

227 1859 324 1907 est,
366 1862 475 1899 non
515 1845 688 1899 solum
738 1845 880 1898 sicut
919 1844 1174 1898 introitus
1205 1853 1261 1899 et
1289 1846 1611 1899 vestibulum
1638 1846 1804 1900 coelo-

227 1951 366 1998 rum,
401 1936 494 1988 sed
519 1935 685 1988 etiam
712 1934 1164 2004 quemadmodum
1189 1935 1382 1990 domus
1412 1936 1526 1991 Dei.
1554 1937 1627 1992 Ibi
1650 1928 1800 2007 ergo,

227 2028 275 2080 id
308 2037 397 2080 est
438 2028 492 2080 in
524 2042 608 2091 ea,
638 2034 851 2096 Oportet
887 2027 1196 2081 omnimodo
1225 2028 1289 2082 de
1315 2028 1601 2083 divinitate
1631 2029 1799 2098 loqui,

225 2120 334 2172 sive
368 2118 690 2188 theologiam
720 2131 998 2172 exercere.
1030 2116 1099 2171 In
1134 2118 1362 2174 ecclesiis
1384 2121 1657 2192 enim,ait,
1699 2126 1800 2180 .be-

224 2210 442 2264 nedicite
490 2209 774 2262 Dominum
819 2206 992 2279 (Psal.
1027 2210 1217 2280 1.xvu).
1259 2209 1316 2264 Si
1347 2212 1470 2280 quis
1515 2221 1695 2266 autem
1745 2215 1800 2268 in

222 2304 382 2357 domo
414 2302 712 2356 Ecclesiam
736 2301 898 2355 habet
924 2341 936 2353 .
963 2300 1054 2354 Ait
1081 2301 1276 2372 quippe
1300 2301 1498 2356 Paulus
1520 2317 1533 2355 :
1560 2301 1799 2357 Salutate

226 2391 523 2463 Nympham
548 2401 596 2444 et
613 2392 952 2445 domesticam
981 2393 1095 2462 ejus
1119 2391 1411 2446 Ecclesium
1440 2392 1662 2464 (Coloss.
1697 2395 1792 2466 tv).

225 2483 397 2537 Habet
437 2491 620 2535 autem
664 2483 786 2551 quis
830 2483 1182 2537 domesticam
1221 2483 1540 2550 Ecclesiam,
1580 2489 1796 2556 quando

222 2573 571 2642 semetipsum
623 2571 1050 2627 sanctiﬁcaverit
1096 2573 1226 2639 Deo,
1271 2583 1326 2630 et
1372 2592 1402 2630 a
1449 2576 1796 2633 smcularibus

221 2664 516 2718 cessaverit
557 2664 808 2733 negotiis,
855 2665 944 2720 hic
990 2665 1151 2719 etiam
1194 2668 1336 2720 domi
1387 2671 1452 2723 de
1491 2669 1603 2723 Deo
1646 2669 1793 2740 loqui

222 2756 324 2809 sive
368 2753 690 2824 theologiam
719 2769 976 2809 exercere
1001 2765 1195 2825 potest.
1235 2757 1394 2811 Tales
1423 2767 1567 2821 sunt,
1599 2761 1796 2828 quibus

219 2860 337 2912 pars
364 2845 430 2899 de
474 2844 755 2899 sacriﬁciis
784 2845 1018 2911 Domini,
1048 2847 1102 2900 id
1145 2855 1250 2912 est,
1292 2847 1438 2917 loqui
1479 2849 1546 2903 de
1575 2849 1682 2904 Deo
1710 2850 1795 2904 vel

222 2935 487 3004 theologia
540 2935 606 2989 de
653 2935 807 2991 donis
857 2944 911 2990 et
956 2935 1322 2992 oblationibus
1367 2939 1549 3004 datur,
1591 2939 1659 2994 de
1688 2955 1795 3010 quo

221 3026 491 3080 subdidit:
516 3023 766 3079 Sanctum
799 3035 1099 3080 sanctorum
1123 3027 1241 3092 erit,
1282 3028 1408 3097 quia
1440 3029 1614 3084 sancti
1663 3045 1790 3084 san-

218 3126 422 3170 ctorum
455 3115 962 3184 contemplationem
983 3118 1292 3186 possident;
1322 3119 1559 3174 subdidit
1583 3129 1785 3198 autem,

218 3205 340 3257 sicut
371 3222 470 3275 pro
499 3215 710 3276 peccato
745 3217 900 3276 atque
942 3207 1165 3272 delicto;
1202 3208 1378 3265 simile
1422 3209 1554 3266 illud
1602 3211 1788 3269 volens

218 3297 501 3350 ostendere
553 3311 649 3365 pro
681 3307 903 3365 peccato
945 3305 1000 3352 et
1044 3314 1146 3368 pro
1188 3301 1383 3356 delicto
1433 3302 1784 3359 sacriﬁcium.

219 3390 405 3440 Sermo
427 3387 574 3439 enim
600 3387 666 3439 de
689 3388 798 3441 Deo
822 3389 1053 3443 maxime
1079 3390 1146 3444 ad
1167 3393 1500 3460 ereptionem
1522 3400 1578 3448 et
1597 3409 1790 3450 emun-

219 3476 487 3530 dationem
545 3477 738 3532 animae
779 3478 1027 3543 habetur,
1069 3483 1285 3549 quando
1339 3483 1460 3538 oleo
1515 3492 1570 3539 et
1619 3487 1787 3552 thuri,

220 3570 568 3640 cleemosynce
606 3571 854 3627 videlicet
886 3581 939 3627 et
983 3575 1239 3640 orationi,
1279 3577 1608 3632 sacriﬁcium
1638 3580 1788 3633 verbi

221 3659 327 3724 Dei,
363 3663 418 3716 id
466 3671 571 3725 est,
616 3662 897 3733 theologia:
937 3665 1300 3736 coniungitur.
1349 3666 1548 3732 Mares,
1591 3669 1782 3737 inquit,

219 3759 413 3804 tantum
444 3752 622 3822 stirpis
644 3753 823 3806 Aaron
857 3755 1120 3808 comedent
1147 3755 1303 3821 illud,
1331 3755 1621 3827 legitimum
1652 3775 1787 3812 sem-

217 3840 473 3906 piternum
505 3851 580 3894 est
623 3843 678 3896 in
726 3844 1147 3913 generationibus
1179 3847 1358 3899 uestris
1404 3847 1468 3900 de
1511 3848 1786 3916 sacriﬁciis

219 3927 445 3984 Domini.
491 3930 606 3986 Non
647 3947 776 4003 ergo
816 3934 1054 3987 onmium
1094 3942 1178 3988 est
1223 3935 1290 3989 de
1339 3936 1449 3990 Deo
1489 3937 1782 4005 disputare,

2525 1861 2753 1920 CAPUT
2805 1866 2866 1921 11.

1904 1934 1982 1995 De
2000 1944 2183 1999 hostiis
2206 1948 2384 2003 Aaron
2415 1960 2462 2004 et
2480 1950 2717 2016 ﬁliorum
2741 1957 2856 2026 ejus
2878 1959 2931 2012 in
2952 1960 3036 2014 die
3064 1964 3321 2020 unctionis
3347 1984 3478 2021 sua'.

1975 2033 2152 2105 (1mm)
2191 2035 2261 2088 Et
2293 2036 2498 2093 locutus
2526 2050 2602 2094 est
2631 2042 2890 2099 Dominus
2921 2049 2991 2100 ad
3017 2049 3236 2121 Moysen
3269 2056 3481 2109 dicens:

1903 2122 2033 2178 Ha’c
2075 2137 2148 2179 est
2175 2127 2366 2181 oblatio
2400 2132 2582 2184 Aaron
2625 2143 2672 2186 et
2698 2135 2932 2202 ﬁliorum
2963 2140 3078 2209 ejus
3105 2160 3262 2212 quam
3294 2148 3482 2216 o/j'erre

1901 2211 2084 2266 debent
2111 2214 2334 2270 Domino
2357 2217 2411 2271 in
2436 2219 2521 2272 die
2548 2223 2808 2278 unctionis
2828 2243 2958 2280 sum.
2985 2211 3252 2287 Decimum
3277 2211 3482 2304 partem

1899 2303 2015 2371 ephi
2043 2304 2260 2372 oﬂ'erent
2283 2307 2472 2362 simin
2505 2310 2560 2362 in
2587 2313 2851 2381 sacriﬁcio
2874 2318 3184 2387 sempiterno
3208 2335 3226 2372 :
3249 2303 3478 2377 medium

1898 2393 2014 2461 ejus
2046 2412 2198 2448 mane
2230 2405 2278 2448 et
2309 2398 2538 2451 medium
2573 2417 2780 2471 vespere
2801 2420 2818 2467 ;
2840 2421 2957 2474 qua:
2985 2407 3041 2460 in
3078 2412 3344 2480 sartagine
3368 2413 3480 2466 oleo

1899 2501 2178 2554 conspersa
2207 2488 2448 2559 (rigetur;
2479 2491 2674 2562 Oll'eret
2701 2507 2876 2550 autem
2894 2515 3011 2552 eam
3031 2500 3260 2555 calidam
3287 2503 3341 2557 in
3359 2507 3482 2558 ode-

1899 2589 2005 2626 rem
2051 2578 2418 2632 suavissimum
2460 2580 2714 2648 Domino,
2758 2588 3003 2642 sacerdos
3046 2592 3138 2660 qui
3180 2594 3322 2662 patri
3356 2595 3480 2664 jure

1895 2669 2224 2733 successerit,
2258 2678 2306 2724 et
2337 2679 2447 2724 tota
2489 2675 2809 2730 cremabitur
2831 2679 2888 2732 in
2927 2679 3108 2734 altari.
3143 2681 3311 2738 Omne
3340 2687 3476 2740 enim

1897 2757 2217 2824 sacri/icium
2266 2761 2597 2816 sacerdotum
2641 2766 2758 2835 igne
2797 2781 3147 2838 consumetur,
3199 2791 3292 2829 nec
3341 2779 3480 2847 quis-

1894 2859 2054 2912 quam
2084 2848 2315 2902 comedet
2345 2867 2410 2904 επ
2431 2868 2513 2905 eo.
2546 2853 2717 2910 Omne
2745 2860 3074 2915 sacriﬁcium
3106 2867 3250 2932 quod
3294 2869 3360 2920 ad
3391 2884 3478 2922 sa-

1896 2934 2132 2992 cerdotis
2174 2937 2410 2995 refertur
2437 2958 2746 3012 personam,
2799 2948 3074 3020 Unigeniti
3120 2957 3373 3012 sacriﬁcii
3413 2961 3477 3012 ﬁ-

1897 3039 2084 3094 guram
2111 3029 2270 3097 gerit,
2301 3030 2448 3086 sicut
2473 3048 2572 3103 per
2600 3047 2924 3104 praesentem
2961 3041 3368 3102 demonstratur
3399 3050 3475 3104 le-

1893 3131 2037 3186 gem.
2088 3117 2180 3172 Ait
2217 3121 2362 3175 enim
2387 3141 2399 3176 :
2428 3123 2499 3177 Et
2531 3125 2735 3183 locutus
2769 3140 2844 3184 est
2868 3131 3125 3190 Dominus
3147 3138 3219 3190 ad
3258 3139 3474 3211 Moysen

1890 3207 2068 3262 dicens
2089 3222 2107 3258 :
2135 3208 2269 3264 Ηωε
2306 3223 2384 3268 est
2416 3214 2615 3271 oblatio
2651 3219 2830 3274 Aaron
2855 3232 2902 3275 et
2922 3223 3156 3291 ﬁliorum
3179 3229 3296 3298 ejus
3315 3207 3474 3301 quam

1891 3297 2082 3367 oﬂ'erre
2102 3299 2285 3356 debent
2308 3301 2534 3359 Domino
2554 3307 2609 3360 in
2632 3308 2716 3362 die
2741 3311 2999 3367 unctionis
3024 3331 3156 3370 sum.
3184 3297 3473 3374 Multorum

1893 3389 2113 3458 quidem
2146 3395 2488 3450 sacerdotum
2518 3399 2621 3454 hoc
2646 3401 2844 3456 donum
2875 3414 2960 3459 est
2988 3422 3002 3459 :
3031 3408 3106 3462 ait
3134 3411 3332 3481 quippe
3363 3415 3472 3466 Ααέ

1892 3499 1989 3536 ron
2029 3493 2078 3538 et
2112 3485 2348 3554 ﬁliorum
2395 3490 2528 3558 ejus,
2571 3493 2664 3547 sed
2712 3511 2820 3550 uno
2859 3508 3023 3555 uncto
3073 3500 3315 3566 oﬁ'ertur,
3346 3507 3472 3574 quia

1890 3572 2069 3626 omnis
2098 3577 2389 3630 sacerdotii
2419 3578 2596 3649 imago
2621 3589 2678 3636 et
2708 3584 2938 3640 ﬁrmitas
2967 3588 3082 3643 sive
3124 3572 3469 3648 subsistentia

1895 3659 2099 3714 Christi
2121 3664 2448 3718 sacriﬁcium
2478 3677 2582 3732 est,
2607 3669 2723 3738 ipso
2743 3673 2887 3727 enim
2920 3677 3035 3731 solo
3062 3679 3244 3734 oblato
3264 3696 3362 3750 per
3390 3693 3471 3736 to-

1890 3757 2002 3801 tum
2031 3757 2134 3804 est.
2167 3751 2235 3804 Et
2257 3754 2473 3821 quando
2497 3765 2680 3810 actum
2708 3768 2792 3814 est
2818 3760 2918 3815 :In
2939 3764 3024 3817 die
3045 3767 3307 3822 unctionis
3329 3770 3468 3838 ejus,

1891 3839 1945 3894 id
1987 3849 2091 3906 cst,
2147 3851 2388 3914 tempore
2428 3858 2536 3915 quo
2582 3849 2896 3906 incarnatus
2937 3864 3020 3909 est
3049 3872 3060 3908 :
3091 3859 3275 3912 unctio
3321 3861 3465 3916 enim

1886 3931 1942 3994 in
1970 3931 2246 4004 Unigeniti
2280 3950 2511 4005 persona
2550 3940 2855 3998 incarnau‘o
2887 3946 3102 4013 dicitur,
3145 3950 3212 4004 de
3245 3966 3351 4020 qua
3389 3955 3468 4008 ait

1883 4020 2078 4078 Petrus
2102 4042 2115 4078 :
2138 4023 2176 4078 Ι
2179 4042 2322 4079 esum
2350 4026 2694 4085 Nazarenum
2723 4035 2982 4104 quomodo
3006 4042 3296 4094 eumunxit
3322 4041 3465 4095 Deus

1884 4111 2085 4182 Spiritu
2108 4126 2290 4171 sancto
2330 4128 2378 4171 et
2401 4118 2634 4192 virtute(
2678 4126 2796 4178 Act.
2847 4140 2878 4178 κ
2929 4125 2980 4196 );
3013 4126 3128 4181 haec
3159 4143 3286 4184 vero
3326 4146 3462 4199 quo-

219 4203 651 4270 generationibus
689 4220 900 4271 eorum,
947 4206 1001 4261 id
1032 4217 1134 4272 ρει,
1171 4209 1224 4263 ἰη
1257 4219 1576 4279 perpetuum
1603 4220 1784 4266 custo-
1883 4205 2044 4260 modo
2072 4215 2166 4260 aut
2213 4209 2429 4277 quando
2476 4209 2617 4266 fac“!
2645 4213 2775 4278 Sim,
2818 4212 3039 4269 Gabriel
3068 4215 3251 4272 Maria:
3285 4220 3461 4273 dixit:

216 4293 308 4346 diri
339 4293 615 4363 praecepit,
644 4305 702 4348 ut
739 4296 789 4348 in
817 4297 964 4350 omni
994 4307 1234 4367 tempore
1266 4300 1629 4366 intendamus,
1662 4303 1782 4356 nul-
1883 4294 2114 4364 Spiritus
2139 4307 2376 4362 sanctus,
2419 4299 2609 4370 inquit,
2654 4304 2976 4372 superveniet
3011 4306 3068 4358 in
3106 4316 3174 4370 te,
3217 4317 3264 4361 et
3292 4310 3458 4364 virtus

218 4381 420 4438 latenus
460 4384 527 4438 de
562 4384 672 4438 Deo
714 4386 988 4455 disputare
1017 4404 1362 4458 prmsumere,
1405 4395 1641 4460 quandiu
1682 4410 1781 4464 per

1898 4385 2144 4442 Altissimi
2205 4391 2530 4446 obumbrabit
2555 4393 2648 4446 tibi
2681 4394 2830 4464 (Luc.
2857 4395 2898 4467 ι)
2929 4415 2940 4448 :
2967 4412 3129 4467 quam
3155 4413 3288 4470 ergo
3312 4402 3463 4456 obla-

218 4022 303 4075 sed
332 4023 520 4076 talium
550 4023 662 4093 qui,
693 4024 827 4077 nihil
855 4024 1167 4091 femineum,
1211 4027 1345 4082 nihil
1374 4026 1575 4082 ﬂuxum
1606 4028 1660 4083 in
1689 4045 1782 4084 co-

217 4111 563 4178 gitationibus
612 4114 833 4179 habent,
885 4116 1030 4184 quod
1063 4116 1359 4186 legitimum
1404 4129 1666 4174 aeternum
1728 4121 1783 4175 in

216 4477 469 4539 quasdam
499 4476 884 4532 declinationes
909 4478 1208 4536 dililuentes
1233 4482 1316 4537 vel
1339 4484 1626 4540 saeculares
1646 4485 1780 4540 alias

219 4565 522 4630 pbantasias
544 4582 572 4619 a
609 4568 972 4624 masculorum
992 4572 1291 4628 excidimus
1325 4574 1604 4642 dignitate.
1626 4576 1779 4642 Quod

218 4665 387 4709 autem
438 4658 730 4712 novissime
777 4660 843 4714 de
893 4662 1176 4716 sacriﬁciis
1218 4664 1422 4719 dictum
1462 4674 1566 4731 est,
1597 4665 1782 4722 Omnis

213 4749 296 4815 qui
326 4751 546 4821 tetigerit
572 4751 689 4818 illa,
717 4754 1150 4822 sancti/imbitur,
1178 4756 1282 4811 hoc
1309 4759 1604 4813 secundum
1638 4759 1784 4814 litte-

216 4855 322 4894 ram
368 4841 651 4899 Judaicam
694 4860 799 4900 non
840 4856 1018 4916 potest
1059 4856 1222 4903 stare.
1281 4847 1561 4916 Quomodo
1604 4852 1783 4908 omnis

216 4933 299 4999 qui
338 4936 574 5005 tetigerit
609 4937 676 4991 de
714 4936 982 4992 sacriﬁcio
1028 4948 1340 4994 sanctorum
1386 4943 1780 5008 sanctiﬁcatur,

215 5022 258 5076 si
286 5023 554 5079 homicida
586 5027 844 5097 tetigerit,
876 5028 920 5082 si
969 5028 1248 5097 profanus,
1275 5032 1322 5086 si
1373 5033 1603 5099 adulter,
1636 5035 1785 5090 ince-

215 5121 353 5178 stus;
383 5129 488 5168 non
531 5116 678 5170 enim
719 5118 930 5185 excepit
961 5118 1214 5188 aliquem,
1269 5122 1364 5175 sed
1393 5122 1567 5176 dixit;
1601 5123 1783 5178 Omnis

214 5204 297 5270 qui
327 5205 550 5274 tetigerit
580 5223 665 5270 ea,
696 5207 1136 5275 sanctiﬁcabitur,
1178 5212 1498 5278 quaerendus
1525 5222 1610 5267 est
1653 5228 1784 5284 ergo

215 5294 510 5350 intellectus
551 5298 814 5367 mysticus
847 5317 858 5352 :
891 5299 1016 5368 quia
1050 5301 1370 5356 sacriﬁcium
1403 5318 1501 5371 pro
1525 5321 1632 5374 quo
1662 5306 1778 5360 hmc

214 5386 390 5439 omnia
412 5387 678 5442 sacriﬁcia
701 5389 754 5442 in
778 5396 900 5458 typo
922 5400 974 5442 et
1003 5391 1172 5458 ﬁgura
1191 5403 1588 5460 processerant,
1611 5411 1776 5449 unum

216 5483 265 5524 et
308 5473 604 5542 perfectum
653 5476 1006 5540 immolatum,
1041 5487 1124 5533 est
1169 5480 1457 5544 Christus;
1497 5480 1655 5548 hujus
1691 5499 1778 5536 sa-

215 5560 402 5615 criﬁcii
439 5579 658 5617 carnem
686 5564 730 5618 si
772 5566 895 5633 quis
926 5567 1182 5635 tetigerit,
1214 5569 1317 5623 hoc
1354 5577 1458 5633 est,
1488 5569 1533 5623 si
1561 5572 1778 5626 credulo

217 5651 375 5706 corde
400 5661 562 5709 totam
587 5671 735 5724 spem
759 5657 950 5712 salutis
976 5674 1086 5713 suae
1112 5661 1163 5713 in
1193 5661 1308 5730 ejus
1329 5662 1580 5732 passione
1607 5671 1661 5717 et
1686 5679 1775 5719 re-

604 5748 877 5808 ΡΔΤιιοι.
923 5749 1137 5811 CV1".

1885 4478 2088 4534 tionem
2110 4497 2234 4535 cum
2268 4485 2523 4539 sacerdos
2547 4493 2744 4540 unctus
2775 4486 2958 4553 fuerit,
2987 4499 3111 4559 post
3134 4492 3456 4550 incarnatio-

1885 4585 2008 4625 nem
2038 4572 2287 4628 videlicet
2321 4575 2492 4640 verbi,
2526 4575 2800 4645 legislator
2824 4579 3007 4637 oﬁ‘erri
3048 4586 3344 4655 praecepit?
3363 4587 3457 4641 de-

1883 4666 2072 4720 cimam
2091 4677 2294 4737 partem
2317 4669 2432 4738 ephi
2462 4670 2678 4739 oﬁ‘erent
2707 4673 2895 4728 similae
2915 4677 2971 4730 in
2989 4680 3251 4748 sacriﬁcio
3273 4683 3463 4753 sempi-

1885 4763 2054 4820 terno,
2094 4758 2322 4811 medium
2360 4760 2475 4828 ejus
2512 4777 2687 4826 mane,
2731 4773 2778 4816 et
2817 4765 3047 4820 medium
3094 4770 3207 4839 ejus
3233 4787 3456 4842 vespere,

1884 4861 2001 4914 quae
2031 4849 2087 4901 in
2111 4850 2377 4919 sartagine
2424 4858 2537 4905 eteo
2577 4869 2855 4924 conspersa
2891 4857 3131 4927 frigetur.
3165 4860 3272 4916 Sed
3313 4862 3460 4918 deci-

1889 4956 2032 4996 mam
2063 4943 2279 5011 quidem
2307 4945 2431 5014 ephi
2457 4946 2668 5011 similae,
2698 4963 2816 5002 esse
2850 4948 3122 5021 Unigeniti
3145 4952 3457 5008 humanita~

1889 5039 2018 5096 tem,
2076 5033 2131 5087 in
2171 5036 2540 5104 superioribus
2591 5045 2868 5093 ostensum
2903 5049 3008 5106 est,
3056 5057 3178 5098 cum
3239 5051 3294 5098 et
3333 5047 3455 5114 ephi

1887 5130 2073 5190 utpote
2115 5139 2424 5179 mensuram
2473 5133 2588 5182 tres
2631 5129 2840 5184 modios
2875 5131 3208 5200 capientem,
3231 5134 3463 5188 Trinita-

1886 5223 1995 5266 tem
2016 5228 2138 5268 esse
2157 5223 2304 5270 recte
2329 5215 2582 5272 diximus.
2619 5217 2676 5273 Si
2707 5228 2885 5274 autem
2913 5223 3061 5290 ephi,
3090 5224 3300 5278 Domini
3325 5240 3458 5279 caro

1885 5316 2030 5367 esse,
2055 5316 2117 5357 ut
2141 5315 2197 5358 et
2227 5306 2524 5363 divinitatis
2553 5311 3009 5379 supereminentia
3036 5316 3454 5376 demonstretur,

1884 5395 2285 5464 Dominicmque
2313 5398 2496 5453 carnis
2522 5415 2645 5454 cum
2673 5414 2734 5455 ea
2766 5402 3216 5473 inseparabilitas,
3248 5405 3351 5458 hoc
3371 5403 3455 5455 ni-

1881 5485 2176 5542 hilominus
2212 5488 2267 5541 in
2299 5489 2627 5545 sacriﬁcium
2655 5503 2973 5562 perpetuum
3011 5502 3115 5559 est,
3154 5493 3280 5561 quia
3316 5492 3456 5547 sicut

1881 5577 2210 5631 aitPaulus:
2243 5576 2363 5632 Una
2397 5581 2536 5634 enim
2563 5581 2823 5637 oblatione
2837 5582 3210 5637 consummavit
3235 5583 3289 5636 in
3321 5598 3457 5636 sent-

1880 5667 2137 5734 piternum
2173 5671 2548 5739 sanctiﬁcatos,
2592 5673 2729 5727 unde
2764 5682 2811 5725 et
2836 5672 3038 5726 salvere
3067 5671 3120 5726 in
3153 5681 3455 5744 perpetuum

2985 5760 3056 5820 10
