3956 6176
483 319 585 375 299

1144 318 1206 373 B.
1243 315 1492 372 iiABANI
1535 317 1751 375 MAUBI
1781 316 2095 373 ARCIIIEP.
2134 315 2444 372 MOGUNT.
2480 312 2765 371 OPERUM
2804 312 2985 367 PARS
3022 311 3063 367 l.

3593 309 3704 364 3th

483 441 647 502 potest
674 432 973 486 accedentes
1002 447 1095 501 per
1109 440 1440 500 semetipsum
1470 434 1537 485 ad
1574 432 1736 486 Deum
1772 430 1958 502 (Hebr.
1991 433 2107 495 LA
2131 429 2408 483 dimidium
2445 443 2562 482 vero
2584 429 2652 480 ad
2682 442 2963 495 vesperam.
2997 423 3106 495 (lix
3136 419 3404 492 Origene.)
3429 419 3598 490 Quam
3630 425 3713 480 ie-

482 530 599 589 vu).
641 524 871 578 Medium
904 535 1079 587 autem
1106 526 1220 593 ejus
1251 543 1403 580 mane
1431 537 1479 579 et
1516 526 1751 579 medium
1811 541 2040 595 vespere.

484 616 635 670 Mane
656 618 837 686 passio
860 617 1124 687 incipiens
1152 633 1169 674 :
1194 634 1258 671 ex
1287 633 1397 687 quo
1417 620 1560 672 enim
1592 617 1643 670 in
1664 618 1802 671 atrio
1826 616 2047 686 Caipha:

481 710 650 778 alapis
678 709 957 765 ctedebant
988 704 1291 780 alligantEs,
1312 724 1484 778 usque
1507 710 1573 761 ad
1598 723 1879 776 vesperum
1911 724 2035 777 pro-

483 803 641 855 telata
666 808 750 857 est
780 817 794 853 :
822 800 1064 854 tenebris
1094 799 1239 853 enim
1275 814 1392 853 eam
1431 798 1903 867 iuterpolantibus,
1934 807 1989 853 et
2011 812 2043 852 a

480 907 629 951 sexta
670 896 800 948 hora
826 908 993 965 usque
1013 892 1077 948 ad
1102 907 1298 947 nonam
1332 890 1517 954 factis,
1544 890 1846 947 necessarie
1868 889 2041 945 sacri-

481 988 658 1043 ficium
697 986 749 1041 in
780 1000 957 1049 mane,
984 994 1041 1039 et
1073 975 1401 1039 sacriﬁcium
1434 998 1674 1051 vespere,
1708 983 1869 1036 dividi
1897 981 2039 1036 dici-

476 1091 588 1134 tur.
633 1078 761 1133 Ηιεε
785 1087 959 1130 autem
982 1078 1039 1130 in
1066 1076 1385 1145 sartagincm
1425 1074 1536 1129 oleo
1567 1091 1851 1145 conspersa
1884 1075 2039 1146 frige-

476 1183 601 1239 tur;
632 1171 965 1238 sartagiuem
1002 1167 1211 1223 Domini
1242 1183 1457 1222 crucem
1486 1175 1544 1220 ut
1576 1176 1699 1235 pote
1727 1166 1947 1233 fortem,
1972 1182 2039 1222 ex

477 1265 606 1321 nihil
628 1264 696 1319 ab
720 1264 843 1332 igne
857 1262 1219 1317 humanorum
1253 1269 1598 1330 peccatorum
1628 1260 1832 1325 laesam,
1863 1259 2036 1329 accipi

473 1363 708 1425 oportet,
729 1368 850 1423 quae
868 1353 1030 1407 etiam
1052 1349 1523 1420 superimpositum
1547 1348 1886 1403 Dominicam
1914 1361 2036 1403 car-

477 1461 597 1500 nem
626 1445 871 1500 esibilem
899 1444 1208 1498 hominibus
1244 1442 1473 1496 reddidit
1498 1459 1513 1507 ;
1539 1440 1642 1496 nisi
1676 1440 1817 1496 enim
1839 1454 2034 1509 supcr-

464 1524 716 1596 imposita
754 1520 949 1576 fuisset
1001 1515 1170 1581 cruci,
1210 1529 1310 1570 nos
1343 1527 1544 1582 corpus
1587 1510 1788 1567 Christi
1834 1524 2035 1576 nequa-

462 1630 625 1687 quam
654 1611 880 1686 mystice
907 1607 1356 1681 percepissemus.
1400 1604 1527 1657 llaec
1553 1602 1606 1656 in
1632 1601 1750 1656 oleo
1779 1613 2035 1670 consper-

464 1706 629 1775 gitur,
668 1701 794 1772 quia
833 1697 990 1754 nobis
1027 1709 1342 1765 compassus
1380 1701 1484 1757 est,
1526 1689 1876 1761 impassibilis
1913 1701 2035 1757 pas-

2128 532 2247 586 gem
2272 517 2325 570 in
2362 517 2495 571 duas
2521 525 2703 585 partes
2733 515 2898 569 dividi
2938 513 3215 582 praecepit,
3262 512 3318 566 in
3363 512 3594 568 litteram
3623 516 3709 568 vi-

2127 607 2321 662 delicet
2356 614 2411 660 ct
2461 606 2732 674 spiritum.
2778 603 2845 658 Et
2881 602 3160 657 dimidiam
3210 601 3428 671 quidem
3471 613 3708 672 partem,

2128 710 2248 765 qua:
2287 704 2371 749 est
2415 692 2618 758 littera,
2649 692 2834 747 oli'erri
2876 692 3031 762 jubet
3070 706 3251 756 mane,
3286 692 3462 759 primo
3500 692 3713 747 scilicet

2128 784 2263 854 legis
2305 766 2567 853 tempore,
2594 797 2700 852 quo
2752 782 2858 836 illis
2884 781 3082 850 quibus
3120 789 3249 835 tunc
3283 782 3580 836 secundum
3618 781 3715 836 lit-

2127 883 2301 929 teram
2339 874 2463 928 data
2515 880 2620 939 est,
2674 887 2868 927 novam
2917 872 3090 926 lucem
3140 879 3196 925 et
3244 886 3440 924 novum
3481 872 3716 941 protulit

2131 964 2294 1019 diem.
2323 962 2619 1016 Dimidium
2647 976 2777 1016 vero
2799 962 2916 1032 ejus
2957 960 3139 1015 oii'erri
3174 958 3339 1029 jussit
3381 961 3436 1015 in
3460 976 3714 1031 vespera,

2132 1056 2187 1109 in
2215 1069 2439 1125 vespera
2480 1055 2622 1109 enim
2673 1054 2830 1107 nobis
2864 1053 3022 1106 datus
3052 1062 3138 1105 est
3175 1049 3474 1105 Salvatoris
3509 1051 3710 1105 adven-

2132 1156 2241 1211 tus,
2286 1147 2341 1202 in
2385 1160 2490 1215 quo
2528 1160 2657 1215 pars
2699 1144 2791 1198 illa
2840 1128 3087 1208 dimidia,
3125 1143 3229 1197 hoc
3274 1151 3357 1198 est
3404 1157 3595 1197 sensus
3629 1142 3716 1196 vel

2133 1237 2357 1308 spiritus
2395 1236 2550 1307 legis,
2579 1234 2874 1289 secundum
2910 1234 3052 1303 quod
3077 1233 3165 1288 lex
3189 1232 3461 1309 spiritalis
3476 1241 3559 1288 est
3582 1232 3720 1288 olfe-

2133 1334 2305 1380 ratur.
2349 1324 2477 1380 Oleo
2516 1339 2797 1395 conspersa
2840 1333 3055 1387 tenera;
3093 1322 3265 1376 oleum
3310 1322 3376 1377 ad
3407 1322 3721 1377 misericor-

2132 1416 2276 1471 diam
2319 1424 2626 1476 revocatur,
2663 1429 2783 1484 quae
2823 1414 2983 1467 debet
3022 1413 3077 1466 in
3114 1412 3490 1467 sacerdotibus
3529 1413 3711 1467 abun-

2135 1509 2304 1564 dare:
2332 1518 2529 1573 tenera,
2571 1508 2637 1561 ad
2671 1506 2925 1561 subtilem
2970 1514 3025 1560 ct
3068 1521 3258 1575 puram
3294 1505 3715 1577 intelligentiam

2133 1597 2388 1666 pertinet.
2421 1596 2573 1663 Quod
2598 1604 2776 1650 autem
2804 1610 2835 1648 a
2860 1594 3134 1665 sartagine
3162 1595 3383 1660 dicitur,
3413 1604 3543 1664 puto
3565 1597 3718 1666 quod

2133 1687 2466 1757 descriptum
2489 1697 2544 1743 et
2572 1686 2738 1742 multa
2767 1685 3096 1740 continentia
3120 1686 3330 1740 aridum
3366 1693 3420 1740 et
3446 1686 3719 1740 torridum

463 1773 669 1851 sionem
714 1791 972 1854 sustinuit
1014 1788 1197 1843 carnis
1222 1801 1237 1840 :
1265 1800 1428 1841 omne
1476 1792 1656 1841 autem
1696 1783 1799 1837 hoc
1833 1779 2037 1836 saeriti-
2063 1788 2111 1848 Β
2136 1776 2269 1830 velit
2294 1791 2417 1831 esse
2440 1776 2799 1840 sacerdotem,
2826 1774 2880 1828 in
2912 1789 3020 1844 quo
3045 1773 3181 1829 nihil
3207 1775 3495 1830 remissum
3526 1776 3724 1830 haberi

463 1888 606 1944 cium
628 1894 713 1942 est
745 1880 1050 1940 suavissimi
1080 1879 1262 1935 odoris
1288 1878 1534 1943 Domino,
1576 1876 1813 1929 humano
1838 1873 2036 1942 quippe

462 1977 648 2051 generi
671 1975 898 2031 salutem
921 1970 1194 2043 praestitit,
1212 1971 1314 2024 hac
1334 1975 1513 2022 autem
1539 1966 1648 2021 Deo
1663 1972 1723 2019 ut
1740 1971 1865 2034 pote
1887 1979 2039 2018 crea-

464 2079 585 2123 tura
606 2062 886 2140 [creatori]
914 2070 1122 2116 naturas
1145 2058 1279 2114 nihil
1305 2065 1389 2113 est
1413 2056 1648 2111 suavius.
1675 2054 1753 2109 Ad
1776 2052 2038 2123 majorem

462 2165 642 2212 autem
672 2152 1105 2224 explanationem
1135 2149 1277 2218 quod
1309 2146 1584 2219 Unigeniti
1607 2143 1933 2199 sacrificium
1965 2142 2039 2197 si—

462 2246 701 2319 gnificet,
741 2243 961 2301 intende
995 2240 1125 2312 quid
1166 2239 1403 2296 subdidit
1439 2235 1739 2293 :Sacerdos
1776 2237 1865 2307 qui
1898 2236 2046 2306 patri

461 2340 581 2409 iure
612 2338 882 2402 successit,
906 2334 1049 2405 quod
1089 2331 1439 2403 Septuaginta
1471 2332 1545 2385 ita
1578 2330 1868 2385 ediderunt
1893 2346 1906 2381 :
1936 2327 2038 2383 Sa-

464 2428 646 2482 cerdos
678 2435 867 2480 unctus
904 2440 998 2494 pro
1032 2439 1093 2476 eo
1117 2438 1181 2475 ea:
1208 2420 1333 2490 ﬁliis
1361 2420 1473 2489 ejus
1508 2419 1690 2488 faciet,
1731 2428 1788 2473 et
1818 2426 2033 2472 cattera.

464 2517 621 2585 Quia,
651 2516 779 2584 quid
821 2511 1086 2586 [quidem]
1135 2520 1218 2567 est
1242 2511 1494 2566 Christus
1510 2518 1585 2565 ‘ct
1620 2508 1799 2574 Jesus,
1842 2507 2041 2562 Paulus

464 2609 657 2677 probat
681 2607 866 2661 dicens
892 2621 907 2658 :
936 2602 1103 2658 Nobis
1151 2618 1286 2656 unus
1324 2601 1580 2654 Dominus
1613 2598 1769 2654 Iesus
1798 2598 2037 2653 Christus

464 2712 555 2767 per
575 2709 726 2766 quem
765 2694 941 2749 omnia
964 2690 1015 2765 (Ι
1039 2692 1161 2746 Cor.
1195 2689 1334 2762 Vill).
1368 2690 1505 2756 Quia
1557 2690 1701 2744 enim
1732 2703 1833 2759 per
1853 2688 2035 2742 Aaron

465 2794 550 2841 est
582 2801 691 2840 non
733 2784 789 2839 in
832 2783 951 2840 loco
978 2783 1172 2854 ipsius,
1200 2781 1294 2836 sed
1324 2796 1424 2851 pro
1473 2796 1560 2846 eo,
1601 2781 1865 2835 translato
1899 2780 1953 2833 in
1979 2795 2039 2834 se

466 2875 715 2930 videlicet
768 2856 1092 2936 sacerdotio,
1144 2868 1494 2925 manifestum
1533 2877 1616 2924 est
1668 2884 1737 2924 ex
1780 2883 1847 2924 eo
1895 2867 2039 2937 quod

401 3027 415 3041 .
468 2966 582 3034 ipse
615 2962 979 3018 sacerdotium
1004 2959 1324 3029 suscipiens,
1360 2958 1504 3013 illius
1542 2957 1834 3014 sacerdotii
1878 2958 2042 3013 mini:

466 3053 689 3109 sterium
723 3064 939 3107 cessare
969 3048 1117 3103 fecit.
1151 3046 1257 3103 Sed
1295 3055 1350 3101 et
1374 3047 1518 3117 quod
1559 3047 1845 3102 ediderunt
1881 3061 1947 3101 ex
1979 3046 2038 3099 fi-

2140 1869 2210 1929 ad
2239 1869 2531 1935 luxuriam,
2558 1867 2691 1922 nihil
2714 1866 2933 1921 fluitans
2956 1866 3025 1921 ad
3046 1865 3327 1922 libidinem
3347 1866 3540 1938 possit.
3564 1866 3725 1934 Quod

2140 1970 2327 2015 autem
2355 1958 2682 2015 sacrificium
2703 1958 2879 2029 ipsum
2906 1974 2976 2013 ex
2995 1956 3315 2030 fragmentis
3345 1960 3650 2014 nominavit
3670 1961 3728 2014 in

2139 2050 2360 2106 odorem
2389 2050 2693 2116 suavitatis,
2718 2058 2847 2120 puto
2873 2049 3020 2119 quod
3045 2048 3347 2121 fragmenta
3373 2050 3727 2105 sacerdotum

2138 2142 2268 2197 velit
2296 2141 2544 2212 intelligi,
2572 2156 2696 2197 cum
2722 2141 2857 2210 legis
2888 2156 2988 2211 per
3022 2156 3116 2197 eos
3138 2141 3319 2196 littera
3343 2140 3639 2212 frangitur,
3672 2151 3727 2198 et

2139 2232 2293 2287 cibus
2322 2246 2392 2285 ex
2420 2245 2484 2285 ea
2511 2230 2688 2285 latens
2710 2229 3038 2283 intrinsecus
3078 2229 3339 2299 spiritalis
3363 2230 3633 2295 educitur,
3669 2239 3731 2284 ut

2141 2319 2425 2374 audientes
2460 2318 2632 2372 turba:
2681 2316 3019 2382 reficiantur,
3063 2317 3205 2371 sicut
3248 2327 3304 2372 et
3339 2317 3599 2372 Dominus
3650 2316 3733 2373 fe-

2143 2408 2285 2462 cisse
2314 2406 2551 2461 refertur
2576 2407 2630 2461 in
2667 2406 3015 2475 Evangeliis:
3045 2404 3143 2460 Ubi
3179 2406 3440 2461 benedixit
3476 2424 3645 2477 panes
3682 2417 3732 2460 et

2140 2496 2284 2550 dedit
2329 2495 2629 2566 discipulis,
2670 2504 2718 2549 et
2756 2495 3003 2565 discipuli
3043 2496 3426 2567 confringentes
3469 2512 3737 2573 appos‘ue-

2140 2594 2263 2639 runt
2289 2585 2477 2650 turbis,
2517 2593 2566 2638 et
2605 2601 2724 2638 cum
2745 2585 2925 2639 satiati
2957 2585 3177 2654 fuissent
3211 2602 3410 2652 omnes,
3442 2587 3731 2657 superfue-

2141 2682 2287 2739 runt,
2311 2674 2503 2743 inquit,
2536 2672 2945 2743 fragmentorum
2981 2674 3187 2743 copltini
3216 2675 3491 2729 duodecim
3532 2674 3725 2744 (Joan.

2140 2764 2237 2836 vt).
2268 2763 2417 2818 istud
2464 2772 2549 2818 est
2587 2777 2718 2831 ergo
2751 2762 3078 2817 sacrificium
3115 2778 3184 2818 ex
3221 2763 3558 2833 fragmentis,
3595 2779 3731 2818 eum

2140 2857 2449 2912 minutatim
2474 2872 2594 2927 quae
2621 2863 2746 2910 sunt
2778 2855 2913 2926 legis
2931 2863 3119 2910 saneta
3149 2855 3483 2919 discutimus,
3512 2863 3572 2908 ut
3604 2856 3733 2924 Spi-

2143 2950 2357 3005 ritalem
2397 2965 2464 3003 ex
2496 2948 2584 3003 his
2618 2948 2798 3003 cibum
2831 2961 3137 3015 purumque
3171 2945 3478 3014 capiamus;
3509 2954 3558 2998 et
3602 2945 3733 2999 IM’C

2149 3049 2223 3092 est
2233 3079 2247 3104 ,
2273 3038 2468 3107 inquit,
2500 3035 2584 3091 lex
2602 3046 2797 3091 wterna
2823 3048 2841 3086 :
2870 3034 3104 3089 Joannes
3126 3035 3344 3103 quidem
3368 3034 3649 3103 apostolus
3677 3036 3734 3089 in

469 3143 558 3197 liis
583 3143 701 3212 ejus
728 3159 743 3194 :
777 3154 902 3195 esse
929 3155 996 3194 ex
1034 3136 1152 3206 ejus
1190 3138 1313 3192 filiis
1357 3136 1502 3205 juste
1537 3137 1798 3203 creditur,
1826 3144 2039 3205 utpote
2068 3125 2110 3188 C
2140 3130 2461 3200 Apocalypsi
2486 3128 2614 3184 dicit
2652 3142 2772 3182 esse
2812 3126 3161 3197 Evangeiinm
3194 3136 3478 3190 tetcrnum,
3506 3125 3736 3180 inveni-

470 3230 563 3299 qui
610 3243 679 3283 ex
716 3227 881 3281 Jacob
932 3226 1227 3281 femoribus
1285 3226 1686 3281 descendebat:
1713 3226 2040 3281 beatissima:

472 3316 749 3387 genitricis
773 3315 985 3369 Domini
1007 3329 1076 3369 ex
1094 3316 1284 3370 eadem
1312 3314 1455 3368 tribu
1485 3314 1627 3369 linea
1657 3316 2037 3371 descendente.

473 3407 627 3473 Quod
666 3405 737 3461 ad
766 3405 1168 3461 conclusionem
1215 3405 1350 3474 legis
1376 3402 1538 3472 hujus
1567 3405 1832 3475 sequitur,
1864 3405 2043 3459 inten-

473 3497 706 3553 dendum
746 3505 871 3552 est:
914 3494 984 3549 Et
1026 3505 1135 3549 tota
1182 3496 1499 3549 cremabitur
1554 3495 1610 3548 in
1653 3494 1834 3549 altari.
1875 3493 2042 3549 Omne

470 3586 609 3640 enim
654 3586 972 3655 sacri/icium
1007 3585 1336 3639 sacerdotum
1384 3585 1501 3655 igne
1538 3595 1899 3652 consumetur,
1949 3601 2042 3639 nec

473 3676 745 3748 quisquam
777 3675 1007 3730 comedet
1044 3691 1109 3729 ea:
1142 3691 1224 3728 eo.
1248 3674 1388 3741 Quid
1420 3690 1550 3746 ergo
1580 3689 1677 3744 per
1709 3676 1826 3730 haec
1858 3684 2044 3731 conte-

473 3763 718 3819 stamur?
744 3764 849 3819 nisi
883 3772 943 3821 ut
963 3779 1071 3819 non
1098 3765 1311 3819 dicatur
1337 3764 1404 3818 de
1430 3764 1678 3830 Domino,
1706 3764 1848 3833 quod
1877 3765 1925 3819 is
1950 3765 2042 3834 qui

471 3870 539 3912 ex
563 3857 789 3920 muliere
809 3868 969 3913 natus
997 3865 1100 3925 est,
1130 3871 1324 3927 passus
1344 3866 1458 3920 est;
1493 3856 1584 3924 qui
1612 3864 1793 3909 autem
1823 3856 2044 3910 descen-

472 3947 551 4003 dit
592 3947 660 4002 de
691 3947 849 4013 caelo,
880 3962 1072 4017 passus
1108 3962 1216 4003 non
1245 3953 1366 4000 est:
1396 3945 1561 4000 Nobis
1589 3946 1725 3999 enim
1758 3962 1894 4000 unus
1938 3947 2041 4001 Do-

476 4035 646 4087 minus
699 4034 854 4088 Jesus
905 4034 1147 4088 Christus
1198 4050 1290 4103 per
1320 4049 1469 4103 quem
1522 4034 1721 4098 omnia,
1772 4049 1930 4103 quem
1978 4034 2032 4089 hi

473 4125 564 4194 qui
595 4125 982 4180 crucifixerunt
1011 4140 1115 4181 non
1149 4133 1519 4191 cognoverunt
1548 4124 1701 4191 cujus
1735 4135 1880 4178 esset
1903 4126 2021 4195 ἀίει

471 4214 662 4269 uitatis
693 4223 857 4285 atque
889 4215 1128 4269 virtutis.
1173 4214 1234 4269 Si
1292 4216 1427 4267 enim
1456 4214 1844 4280 cognovissent,
1897 4231 2030 4268 nun-

469 4318 627 4373 quam
651 4303 934 4359 Dominum
958 4304 1141 4375 gloria:
1167 4306 1569 4375 cruciﬁxissent.
1600 4306 1770 4376 ipsius
1793 4323 1921 4378 ergo
1959 4315 2043 4364 est

474 4393 632 4449 Verbi
655 4392 923 4450 incantati
942 4395 1144 4464 passio,
1163 4410 1282 4464 qua:
1302 4397 1550 4464 provenit
1572 4397 1627 4451 in
1649 4413 1834 4463 carne,
1859 4414 2042 4468 quam-

2142 3234 2264 3273 mus
2304 3228 2359 3273 et
2383 3220 2471 3274 hic
2499 3219 2761 3289 scriptum
2807 3232 2928 3273 esse
2973 3217 3143 3287 legem
3176 3225 3453 3281 internum,
3492 3217 3585 3272 sed
3632 3217 3735 3271 isti

2142 3309 2233 3377 qui
2272 3307 2444 3377 legem
2485 3308 2779 3363 secundum
2821 3307 3059 3361 litteram
3113 3307 3264 3375 sequi
3300 3306 3508 3372 volunt,
3552 3308 3731 3362 velim

2142 3400 2278 3454 mihi
2323 3414 2465 3454 nunc
2510 3399 2753 3453 dicerent
2801 3399 3069 3468 quomodo
3116 3396 3198 3452 lex
3253 3397 3414 3467 hujus
3459 3398 3728 3452 sacrificii

2149 3506 2270 3546 esse
2298 3492 2469 3561 possit
2501 3491 2749 3546 aeterna?
2783 3490 2917 3545 Cum
2946 3490 3132 3559 utique
3177 3489 3454 3544 destructo
3489 3490 3727 3557 templo,

2154 3585 2412 3639 subverso
2437 3583 2617 3649 altari,
2645 3590 2701 3637 et
2737 3582 2988 3637 omnibus
3019 3597 3141 3650 qua:
3177 3582 3497 3637 dicebantur
3532 3591 3737 3635 sancta

2148 3675 2462 3747 profanatis,
2491 3675 2630 3729 ritus
2651 3675 2754 3729 iste
2784 3673 3179 3729 sacrificiorum
3207 3688 3314 3727 non
3345 3672 3583 3742 potuerit
3600 3688 3735 3742 per-

2146 3784 2388 3834 manere,
2438 3767 2705 3837 quomodo
2735 3780 2863 3833 ergo
2888 3774 3148 3819 :eternum
3189 3764 3390 3829 dicent,
3417 3764 3559 3832 quod
3585 3765 3724 3818 olim

2145 3877 2387 3917 cessasse
2414 3868 2469 3916 et
2496 3859 2704 3913 finitum
2748 3857 2996 3926 essejam
3034 3857 3285 3911 constat?
3312 3857 3499 3911 Restat
3539 3864 3597 3909 ut
3646 3872 3737 3910 se-

2146 3954 2382 4008 cundum
2423 3968 2541 4006 eam
2582 3960 2793 4021 partem
2830 3950 2918 4006 lex
2957 3950 3073 4005 haec
3113 3958 3316 4005 :eterna
3346 3950 3580 4009 dicatur,
3612 3965 3734 4019 qua

2145 4059 2245 4097 nos
2264 4043 2493 4097 dicimus
2520 4042 2690 4112 legem
2715 4057 2835 4097 esse
2862 4041 3180 4110 spiritalem,
3216 4049 3270 4096 et
3295 4056 3393 4111 per
3414 4056 3532 4095 eam
3564 4041 3733 4109 spiri-

2144 4134 2269 4188 talia
2300 4133 2478 4188 ol‘ferri
2507 4147 2664 4201 posse
2686 4132 2953 4187 sacriﬁcia
2972 4173 2988 4196 ,
3012 4147 3134 4201 quae
3157 4134 3332 4201 neque
3368 4132 3597 4200 irrumpi
3630 4148 3732 4188 un-

2145 4237 2327 4293 quam,
2377 4236 2553 4290 neque
2600 4236 2818 4276 cessare
2858 4229 3103 4291 possunt.
3153 4220 3269 4275 Non
3307 4221 3452 4276 enim
3493 4222 3546 4275 in
3596 4221 3727 4277 loco

2146 4313 2386 4383 suntqui
2429 4311 2779 4377 subvertitur,
2810 4319 2901 4365 aut
2931 4312 2984 4365 in
3013 4319 3256 4381 tempore
3282 4311 3424 4381 quod
3460 4318 3722 4374 mutatur,

2145 4405 2239 4460 sed
2267 4405 2319 4459 in
2347 4404 2451 4457 fide
2481 4402 2753 4457 credentis
2786 4409 2841 4457 et
2868 4401 2923 4455 in
2966 4400 3128 4456 corde
3158 4400 3531 4455 sacrificantis.
3575 4399 3726 4456 Sane

470 4482 657 4537 obrcm
682 4491 793 4538 tota
824 4484 1158 4538 cremabitur
1185 4486 1238 4538 in
1269 4486 1448 4539 altari.
1478 4487 1650 4556 ipsius
1677 4503 1808 4560 ergo
1841 4467 1925 4545 est
1952 4492 2040 4561 qui
2066 4467 2119 4527 D
2143 4496 2287 4566 quod
2316 4496 2390 4549 ait
2418 4513 2430 4548 :
2459 4493 2582 4548 Non
2615 4493 2768 4548 detur
2786 4494 2850 4548 de
2877 4480 3136 4562 sacri/icio
3157 4492 3466 4556 sacerdotis,
3506 4492 3599 4545 sed
3633 4493 3725 4546 Iso-

468 4571 798 4639 semetipsum
825 4579 991 4625 totum
1010 4572 1318 4637 eainanivit,
1340 4583 1387 4626 et
1413 4574 1639 4642 formam
1662 4577 1795 4629 servi
1823 4578 2039 4646 accepit,

2144 4585 2439 4639 locaustum
2470 4586 2588 4649 erit,
2621 4591 2825 4638 certum
2874 4591 2957 4638 est
2982 4583 3051 4638 ad
3091 4583 3303 4637 Domini
3339 4593 3394 4637 et
3422 4582 3724 4640 Salvatoris

469 4668 515 4711 et
552 4657 733 4713 habitu
759 4668 835 4715 est
863 4661 1097 4715 inventus
1133 4670 1188 4714 ut
1226 4661 1398 4725 homo,
1431 4663 1824 4734 huiniliavitque
1858 4675 2037 4718 semet-

2145 4680 2319 4733 ncstri
2356 4693 2643 4748 personam
2692 4677 3017 4731 referri:de
3062 4677 3204 4732 illius
3254 4677 3396 4730 enim
3448 4677 3724 4732 sacrificio

468 4748 660 4817 ipsum,
716 4748 957 4803 obediens
1001 4750 1174 4819 factus
1220 4766 1382 4820 usque
1432 4753 1502 4804 ad
1541 4761 1780 4817 mortem,
1824 4764 2040 4808 mortem

2143 4786 2250 4825 non
2286 4773 2498 4837 edetur,
2524 4773 2619 4826 sed
2658 4772 3031 4827 holocaustum
3070 4774 3192 4827 erit.
3241 4773 3353 4827 lloc
3387 4772 3441 4826 in
3488 4770 3610 4827 loco
3637 4788 3724 4827 sa—

471 4848 643 4894 autem
666 4841 837 4896 crucis
868 4840 1033 4913 (Phil.
1066 4842 1149 4913 ιι).
1176 4841 1525 4910 Septuaginta
1562 4842 1816 4897 dixerunt
1842 4861 1855 4896 :
1880 4842 2037 4899 Holo-

2144 4860 2428 4924 crificium,
2446 4863 2668 4915 verbum
2693 4863 2865 4931 ipsum
2885 4862 3255 4935 accipiendum
3278 4870 3427 4917 estet
3446 4860 3725 4927 doctrina,

466 4940 706 4989 onustum
751 4932 840 5000 ﬁet
891 4933 1147 5003 integrum
1177 4946 1196 4984 :
1242 4934 1362 4997 erit,
1426 4932 1620 5003 Aquila
1675 4934 1862 4989 edidit.
1912 4935 2037 4991 Non

465 5040 586 5094 ergo
614 5024 846 5079 comedet
873 5041 938 5078 ea:
962 5040 1022 5081 eo
1048 5024 1344 5095 quicquam,
1372 5025 1425 5079 id
1467 5034 1570 5090 est,
1602 5041 1709 5081 non
1746 5028 2037 5094 dividetur,

463 5123 596 5196 quia
626 5123 868 5178 dentium
898 5131 982 5177 est
1004 5123 1246 5178 dividere
1284 5132 1340 5178 et
1366 5126 1559 5195 partiri
1591 5127 1760 5191 cibos,
1785 5143 1906 5181 cum
1944 5129 2039 5183 aii-

464 5226 548 5273 ter
593 5213 776 5270 ntaudi
819 5229 924 5269 non
965 5215 1196 5282 possint.
1241 5215 1442 5270 Christi
1492 5224 1675 5270 autem
1708 5218 2035 5273 sacrificium

464 5304 787 5362 indivisibiie
813 5305 1243 5360 demonstratum
1275 5314 1381 5371 est,
1419 5313 1476 5361 et
1501 5314 1787 5376 propterea
1823 5308 2033 5363 comedi

460 5414 568 5454 non
599 5406 794 5468 potest.
837 5396 1022 5452 Potest
1038 5406 1096 5455 et
1135 5399 1239 5454 hoc
1270 5397 1596 5454 sacrificium
1624 5413 1724 5468 per
1756 5399 1919 5453 alium
1953 5408 2034 5471 ty-

459 5501 588 5557 pum
624 5489 845 5561 figurari
872 5505 886 5543 2
910 5488 1033 5543 vide
1065 5489 1109 5544 si
1153 5504 1260 5543 non
1299 5496 1359 5542 ut
1396 5504 1499 5559 ego
1540 5490 1788 5558 suspicor
1833 5489 2037 5544 sat-riti-

460 5587 602 5640 ciqu
647 5587 943 5642 sacerdotis
979 5586 1092 5641 llaec
1121 5586 1238 5656 ipsa
1281 5584 1353 5640 sit
1385 5584 1489 5646 lex,
1525 5600 1646 5654 quae
1681 5600 1777 5654 per
1807 5584 2023 5656 Moysen

458 5677 866 5746 promulgatur:
896 5677 1062 5748 Cujus
1100 5675 1375 5730 dimidium
1417 5692 1566 5729 mane
1580 5675 1799 5745 jubetur
1826 5677 2025 5745 o/Terri,

2146 4949 2213 5003 de
2240 4966 2346 5019 qua
2377 4951 2558 5005 nullus
2599 4952 2740 5015 edet,
2778 4952 2881 5007 hoc
2911 4961 2996 5008 cst
3036 4952 3213 5007 nullus
3238 4954 3495 5022 disputat,
3540 4954 3725 5008 nullus

2146 5054 2440 5110 retractat,
2499 5046 2595 5100 sed
2651 5046 3024 5102 holocaustum
3069 5056 3153 5101 est
3195 5064 3209 5100 :
3248 5046 3509 5116 quidquid
3573 5049 3720 5103 enim

2141 5135 2297 5200 dixit,
2330 5137 2587 5205 quidquid
2617 5139 2827 5202 statuit,
2857 5149 3058 5193 aeterna
3088 5139 3497 5193 consecratione
3522 5141 3723 5208 perdu-

2140 5234 2246 5279 rat.
2290 5225 2503 5281 Nullum
2549 5223 2906 5298 6mnipotenti
2944 5230 3053 5283 Deo
3088 5228 3193 5282 tale
3237 5236 3321 5282 est
3362 5228 3719 5294 sacrificium,

2138 5318 2298 5388 quale
2346 5318 2492 5374 zelus
2541 5320 2864 5375 animarum.
2917 5320 3054 5375 liinc
3084 5321 3226 5374 enim
3262 5311 3561 5374 'Psalmista
3594 5320 3671 5374 ait
3697 5336 3715 5372 :

2135 5406 2292 5461 Zelus
2342 5409 2525 5463 domus
2566 5419 2670 5463 lure
2717 5410 2937 5464 comedit
2987 5426 3068 5463 me
3111 5408 3285 5482 (l’snl.
3333 5408 3549 5482 LXVIII).
3605 5408 3721 5484 [Ex

2135 5497 2434 5572 (ἲν-ερονίολ
2467 5499 2736 5566 Quantum
2786 5515 2914 5555 vero
2955 5499 3162 5555 frixura
3212 5500 3414 5565 cordis,
3453 5515 3576 5571 qua:
3616 5515 3719 5572 per

2133 5589 2433 5658 spiritalem
2477 5589 2651 5643 zelum
2706 5590 2906 5660 agitur,
2958 5591 3385 5663 omnipotentem
3422 5589 3720 5644 Dominum

2131 5678 2327 5748 placat,
2353 5686 2535 5747 aperte
2560 5679 2882 5746 ostenditur,
2915 5693 3036 5734 cum
3077 5680 3272 5734 oll'crrc
3300 5694 3396 5749 per
3427 5678 3607 5747 legem
3641 5681 3717 5734 si-
