3954 6176
246 303 341 356 5m

1168 290 1673 350 EXPOSITIONES
1712 289 1778 346 IN
1818 287 2213 344 LEVITICUM.
2257 320 2309 328 —
2364 289 2491 345 LIB.
2533 290 2599 345 11.

3405 291 3510 347 302

248 412 371 469 mila
408 412 465 467 in
513 406 841 464 sacriﬁcium
863 406 1108 475 jubetur,
1138 407 1205 462 de
1244 421 1352 476 qua
1394 406 1653 476 scriptum
1688 412 1773 459 est
1801 421 1813 457 :
1847 405 1895 465 Α
1922 403 2184 471 praedicta
2215 405 2560 471 mandantur,
2586 421 2716 476 quia
2741 405 2938 462 offerre
2961 420 3060 477 pro
3098 418 3321 478 peccato
3342 410 3512 463 sacri-

249 509 313 563 In
334 506 603 575 sartagine
628 503 740 557 oleo
766 518 1046 572 conspersa
1075 500 1377 572 frigetur,et
1399 502 1578 570 offeret
1600 516 1715 554 eam
1740 514 1829 553 ca-

249 598 410 651 lidam
439 596 494 648 in
537 593 749 648 odorem
791 591 1161 646 suauissimam
1197 590 1425 645 Domino
1469 589 1713 644 sacerdos
1739 588 1832 658 qui

249 688 388 759 patri
421 687 548 756 jure
593 682 923 746 successerit,
947 690 996 735 et
1042 690 1154 735 tota
1192 680 1512 735 cmnabitur
1545 679 1602 732 in
1642 677 1826 732 altare.

250 780 403 833 Tunc
426 776 569 830 enim
599 772 777 827 simila
804 772 859 826 in
900 772 1175 841 sartagine
1200 770 1437 841 frigitur,
1470 784 1596 824 cum
1632 768 1831 821 munda

253 867 556 935 niensjusti
595 880 694 935 per
722 864 898 918 zelum
934 864 1106 918 sancti
1134 862 1345 917 ardoris
1383 870 1677 925 crematur,
1713 874 1834 930 qua:

253 958 534 1029 conspergi
566 956 686 1010 oleo
709 954 1043 1024 pnecipitur.
1075 952 1214 1020 Quia
1236 952 1425 1007 Graece
1443 951 1592 1006 oleos
1615 949 1832 1004 miseri-

253 1050 438 1105 cordia
469 1048 685 1111 dicitur,
728 1060 833 1098 non
872 1042 1145 1098 immerito
1177 1056 1273 1112 per
1312 1042 1491 1097 oleum
1526 1040 1835 1095 misericor-

254 1144 339 1197 dia
372 1141 707 1211 designatur,
737 1152 858 1206 quae
887 1136 941 1190 in
980 1145 1276 1203 conspectu
1316 1132 1700 1201 omnipotentis
1729 1131 1836 1185 Do-

254 1232 386 1287 mini
425 1232 578 1283 ardet
616 1236 672 1282 et
716 1227 878 1281 lucet.
906 1224 1308 1295 Conspergatur
1352 1238 1482 1294 ergo
1513 1223 1634 1278 oleo
1685 1237 1837 1277 mens

254 1341 377 1396 qua:
412 1325 467 1378 in
497 1320 773 1389 sartagine
811 1318 1044 1389 frigitur,
1076 1317 1204 1386 quia
1235 1317 1408 1372 sancti
1443 1315 1545 1371 zeli
1569 1315 1837 1370 districtio

258 1430 479 1472 necesse
499 1422 585 1468 est
613 1419 675 1466 ut
717 1409 1106 1465 misericordiae
1133 1408 1338 1462 virtute
1362 1415 1419 1461 et
1443 1407 1633 1463 ardeat
1652 1414 1709 1460 et
1734 1405 1840 1461 cla-

259 1514 435 1562 rescat
462 1524 476 1558 :
502 1511 649 1557 amat
672 1502 817 1556 enim
857 1498 1110 1555 eumdem
1137 1499 1313 1567 ipsum
1338 1512 1501 1569 quem
1524 1496 1737 1566 insequi
1760 1496 1839 1549 vi-

257 1599 447 1660 detur;
479 1595 622 1649 unde
645 1601 703 1648 et
739 1591 913 1647 calida
951 1590 1006 1644 in
1048 1590 1272 1644 odorem
1318 1588 1702 1643 suavissimum
1738 1587 1841 1641 Do-

257 1689 405 1741 mino
434 1684 619 1739 oll'erri
657 1680 988 1752 praecipitur,
1032 1680 1159 1747 quia
1198 1679 1245 1733 si
1282 1690 1523 1734 amorem
1554 1676 1702 1731 zelus
1733 1690 1840 1729 non

1935 493 2138 560 ﬁcium,
2183 493 2237 549 id
2274 503 2360 557 est
2410 496 2811 566 paenitentiam,
2831 496 3143 550 sublimium
3188 504 3243 552 et
3271 512 3512 551 summo-

1934 596 2055 637 rum
2087 593 2192 649 est,
2222 592 2385 656 atque
2406 600 2439 639 a
2461 594 2606 641 terra
2634 586 3056 651 sublevatorum,
3083 589 3227 657 quod
3251 602 3356 641 non
3378 602 3517 656 pra:-

1935 681 2046 729 stat
2086 675 2191 730 nisi
2230 692 2259 729 a
2292 677 2434 732 malo
2474 679 2732 733 recessio.
2781 678 2922 749 Ergo
2959 678 3047 733 ubi
3082 677 3393 733 holocausta
3422 678 3517 731 im-

1937 763 2232 830 molantur,
2278 766 2351 820 ibi
2399 775 2457 822 et
2484 782 2605 837 qua:
2635 783 2734 837 pro
2759 775 2985 838 peccato
3012 776 3140 823 sunt
3174 769 3515 829 occiduntur,

1936 856 2063 924 quia
2092 857 2186 926 qui
2216 856 2377 913 oll'crt
2436 860 2837 928 pmnitentiam,
2867 860 2979 929 jam
3011 860 3258 914 imitatur
3277 873 3401 914 eum
3423 859 3516 928 qui

1937 955 2107 1001 totum
2144 947 2494 1017 semetipsum
2526 949 2720 1003 obtulit
2750 949 2883 1009 Deo.
2914 956 2970 1002 et
2996 949 3308 1003 omnimodo
3340 963 3522 1003 reces-

1937 1035 2010 1090 sit
2038 1051 2067 1090 a
2100 1036 2319 1103 szeeulo,
2349 1038 2492 1093 unde
2524 1047 2582 1093 et
2627 1038 2999 1114 holocaustum
3039 1040 3157 1110 ejus
3191 1040 3515 1111 appellatur.

1937 1125 2289 1182 Conversatio
2322 1137 2379 1184 et
2418 1129 2704 1200 utriusque
2751 1131 2954 1186 oblatio
3007 1132 3061 1186 in
3104 1141 3398 1203 conspectu
3438 1144 3522 1187 est

1940 1216 2151 1272 Domini
2182 1236 2195 1271 :
2226 1219 2420 1288 placita
2464 1221 2609 1275 enim
2660 1229 2745 1277 est
2783 1223 2915 1287 Deo,
2957 1223 3172 1291 quando
3221 1225 3516 1278 secundum

1940 1305 2057 1375 ejus
2095 1310 2449 1365 intentionem
2497 1311 2746 1378 oﬁ‘ertur,
2796 1313 2938 1369 sicut
2971 1323 3151 1368 autem
3181 1315 3378 1383 placita
3410 1316 3521 1372 Deo

1943 1397 2203 1455 Sanctum
2227 1410 2537 1455 sanctorum
2566 1412 2713 1457 recte
2739 1403 3001 1474 appellata
3031 1414 3132 1460 est.
3158 1405 3215 1461 Si
3238 1406 3380 1460 enim
3413 1422 3520 1462 non

1940 1504 2087 1549 esset
2130 1505 2442 1551 sanctorum
2490 1497 2748 1553 Sanctum
2782 1501 3119 1569 poenitentiae
3165 1502 3516 1567 sacriﬁcium,

1942 1600 2220 1654 nunquam
2250 1588 2600 1656 pcenitentem
2649 1591 3041 1647 introduxisset
3080 1593 3133 1646 in
3163 1592 3361 1648 Sancta
3402 1610 3526 1649 san-

1949 1685 2160 1732 ctorum
2187 1692 2331 1743 eum,
2375 1680 2466 1750 qui
2497 1695 2595 1748 per
2619 1691 2899 1750 peccatum
2944 1684 3071 1738 inde
3099 1685 3250 1755 prius
3271 1686 3529 1757 expulsus

259 1779 445 1835 habet.
471 1791 533 1829 ea
561 1788 682 1844 qua:
711 1772 766 1826 in
805 1770 1078 1841 sartagine
1111 1768 1340 1823 oﬁertur
1382 1766 1615 1822 calorem
1664 1766 1840 1821 simila
1870 1752 1915 1812 Β
1943 1774 2045 1821 est.
2086 1766 2343 1822 Sacerdos
2383 1770 2470 1838 qui
2506 1770 2708 1839 offeret,
2751 1771 2981 1827 comedet
3026 1752 3174 1830 eam:
3197 1776 3288 1845 qui
3338 1752 3551 1836 oﬁ‘crct.

259 1869 464 1923 amisit.
493 1866 559 1920 Et
583 1862 875 1918 notandum
920 1860 1043 1930 quis
1074 1874 1140 1915 ea
1167 1858 1362 1913 oﬁ'erre
1400 1857 1733 1927 praecipitur,
1763 1857 1846 1911 vi-

258 1960 458 2015 delicet
486 1955 741 2012 sacerdos
770 1953 860 2022 qui
888 1952 1029 2022 patri
1056 1952 1181 2023 jure
1203 1950 1548 2006 successerit.
1580 1949 1674 2004 ille
1699 1950 1844 2019 enim

260 2049 517 2103 sacerdos
542 2046 683 2116 patri
704 2044 830 2114 jure
851 2042 1110 2109 succedit,
1148 2041 1241 2112 qui
1275 2055 1395 2096 esse
1420 2053 1479 2095 se
1503 2040 1845 2110 omnipoten-

260 2143 328 2195 tis
361 2138 578 2193 Domini
605 2136 775 2193 ﬁlium
808 2135 1050 2188 moribus
1077 2134 1433 2197 demonstrat,
1480 2140 1648 2201 atque
1690 2146 1721 2185 a
1749 2146 1847 2186 no-

261 2230 473 2285 bilitate
507 2227 697 2280 intima
720 2238 946 2294 operum
983 2236 1203 2277 suorum
1236 2220 1570 2291 ignobilitate
1608 2235 1715 2276 non
1742 2221 1848 2275 dis-

259 2330 469 2390 crepat.
512 2320 645 2385 Qum
685 2319 738 2372 in
780 2318 951 2372 altare
983 2324 1098 2371 tota
1135 2314 1371 2371 cremari
1411 2314 1746 2385 praecipitur,
1788 2321 1848 2368 ut

260 2413 515 2468 videlicet
544 2411 922 2466 holocaustum
945 2407 1075 2462 ﬁat:
1107 2406 1480 2461 holocaustum
1501 2406 1648 2460 enim
1675 2415 1847 2462 totum

263 2504 547 2557 incensum
580 2501 798 2565 dicitur,
825 2498 970 2553 unde
998 2496 1132 2551 etin
1167 2494 1520 2550 translatione
1544 2495 1715 2551 altera
1744 2496 1848 2550 hoc

265 2595 313 2648 in
344 2594 486 2657 loco,
516 2593 633 2649 haec
657 2591 848 2646 eadem
872 2587 1048 2644 simila
1069 2602 1190 2657 qua:
1220 2586 1276 2640 in
1301 2585 1579 2657 sartagine
1608 2584 1846 2656 frigitur,

266 2685 643 2740 holocaustum
671 2680 787 2735 ﬁeri
804 2678 1043 2748 jubetur.
1074 2676 1188 2732 Hoc
1217 2685 1401 2730 autem
1427 2675 1569 2729 inter
1594 2674 1850 2729 holocau-

265 2782 408 2827 stum
434 2779 492 2826 et
517 2768 845 2825 sacriﬁcium
871 2767 1057 2830 distat,
1082 2765 1207 2835 quia
1253 2778 1415 2819 omne
1444 2762 1662 2833 quidem
1698 2762 1850 2818 holo-

261 2874 515 2919 caustum
537 2859 865 2915 sacriﬁcium
893 2865 997 2923 est,
1030 2872 1137 2911 non
1167 2869 1297 2911 vero
1320 2868 1482 2911 omne
1518 2854 1849 2911 sacriﬁcium

266 2955 646 3009 holocaustum
670 2970 685 3006 :
709 2958 838 3006 sunt
885 2950 1033 3005 enim
1072 2947 1239 3003 multa
1272 2947 1415 3002 bona
1449 2961 1571 3017 qua:
1618 2954 1852 3017 aguntur

266 3038 561 3102 sacriﬁcia,
590 3037 684 3091 sed
707 3035 1021 3091 holocausta
1048 3048 1157 3088 non
1188 3042 1332 3097 sunt,
1357 3032 1485 3103 quia
1508 3040 1676 3087 totam
1697 3047 1851 3088 men-

266 3136 368 3185 tem
387 3130 444 3183 in
459 3141 700 3182 amorem
713 3124 1012 3196 spiritalem
1025 3124 1247 3180 minime
1260 3123 1570 3181 incendunt.
1587 3124 1688 3193 Qui
1703 3125 1844 3180 enim
1877 3112 1922 3174 C

267 3226 346 3279 sic
362 3230 664 3288 operantur
688 3235 750 3275 ea
780 3235 899 3290 quae
918 3220 1011 3274 Dei
1035 3228 1181 3285 sunt,
1213 3228 1277 3272 ut
1296 3227 1474 3273 tamen
1500 3227 1555 3273 et
1576 3233 1697 3288 quae
1721 3224 1851 3272 sunt
1908 3213 1923 3226 ⁹

264 3313 449 3369 amenti
474 3327 581 3367 non
603 3311 927 3380 relinquant,
944 3310 1199 3364 nimirum
1222 3308 1547 3363 sacriﬁcium
1565 3315 1621 3362 et
1636 3322 1741 3363 non
1760 3308 1852 3361 ho-

266 3404 571 3459 locaustum
598 3400 869 3466 oﬁ‘erunt;
902 3400 995 3470 qui
1016 3413 1144 3455 vero
1164 3406 1359 3454 cuneta
1382 3413 1501 3467 quae
1522 3398 1704 3452 mundi
1727 3405 1855 3452 sunt

267 3497 549 3561 deserunt,
575 3504 629 3548 et
655 3501 768 3547 tcta
792 3500 969 3548 mente
997 3492 1118 3563 igne
1147 3492 1315 3581 divini
1334 3491 1536 3546 amoris
1556 3490 1857 3545 accendun-

270 3594 374 3647 tur,
400 3585 438 3639 ii
464 3583 721 3637 nimirum
738 3581 1093 3651 omnipotenti
1112 3579 1339 3636 Domino
1357 3579 1683 3635 sacriﬁcium
1699 3589 1753 3635 et
1767 3581 1858 3634 ho-

269 3673 572 3729 locaustum
597 3672 750 3726 ﬁunt.
767 3670 952 3726 Simila
979 3671 1160 3740 itaque
1186 3671 1240 3725 in
1264 3670 1536 3740 sartagine
1553 3677 1635 3723 est
1657 3668 1856 3722 munda

273 3781 428 3820 mens
457 3763 616 3833 justi,
649 3763 702 3816 in
730 3761 831 3816 zeli
867 3760 1128 3831 spiritalis
1154 3759 1462 3823 atllictione,
1490 3772 1612 3826 quas
1635 3772 1735 3828 per
1751 3758 1860 3812 sol-

268 3856 606 3911 licitudinem
630 3854 933 3908 animarum
960 3850 1196 3923 frigitur,
1223 3856 1279 3905 et
1309 3864 1417 3904 non
1452 3848 1623 3903 solum
1650 3847 1859 3903 sacriﬁ-

270 3947 435 4009 cium,
465 3946 561 3999 sed
580 3944 744 3998 etiam
767 3942 1135 3997 holocaustum
1157 3939 1388 3995 Domino
1405 3952 1526 3994 esse
1546 3938 1854 4009 deputatur.

274 4095 395 4161 Quo
436 4093 621 4148 ordine
658 4092 842 4146 hostia:
878 4019 1240 4161 ggpljiet'cdit
1275 4087 1465 4144 oblata:
1512 4105 1547 4143 a
1588 4088 1860 4144 sacerdote

870 4169 1253 4227 compleantur.

343 4243 530 4317 (lum)
578 4240 807 4296 Locutus
854 4250 928 4294 est
977 4239 1233 4293 Dominus
1279 4238 1349 4293 ad
1378 4237 1598 4309 Moysen
1640 4239 1858 4294 dicens:

274 4335 511 4406 Loquere
541 4334 717 4387 Aaron
757 4341 804 4384 ct
836 4329 959 4399 ﬁliis
989 4329 1103 4401 ejus
1131 4343 1148 4381 :
1174 4329 1290 4384 Ista
1318 4338 1393 4383 est
1423 4328 1508 4383 lea:
1537 4329 1723 4384 hostia:
1764 4346 1858 4398 pro

273 4436 505 4497 peccato,
538 4427 592 4477 in
633 4424 745 4477 lcco
773 4422 858 4476 ubi
898 4422 1116 4493 offertur
1143 4419 1526 4485 holocaustum,
1562 4419 1860 4474 immolabi-
1883 4461 1936 4520 Β

275 4529 362 4570 tur
388 4532 563 4569 coram
587 4514 831 4577 Domino,
865 4511 1117 4566 Sanctum
1147 4521 1447 4566 sanctorum
1475 4520 1581 4577 est;
1609 4510 1852 4566 sacerdos

273 4601 362 4678 qui
392 4608 595 4677 offeret,
623 4602 851 4658 comedet
892 4620 954 4656 ea
981 4603 1035 4655 in
1064 4600 1177 4656 loco
1218 4610 1415 4665 sancto,
1445 4600 1498 4656 in
1523 4600 1657 4654 atrio
1688 4601 1856 4654 taber-

276 4697 478 4761 naculi,
513 4692 767 4766 quidquid
807 4692 1032 4762 tetigerit
1055 4706 1237 4744 carnes
1279 4689 1393 4758 ejus
1416 4688 1849 4758 sanctiﬁcabitur.

275 4789 338 4842 Si
362 4789 429 4841 de
454 4787 709 4856 sanguine
758 4783 901 4837 illius
945 4783 1102 4837 vestis
1134 4781 1290 4852 fuerit
1323 4797 1555 4852 aspersa,
1596 4780 1854 4834 [arabitur

274 4879 327 4932 in
356 4877 473 4931 loco
495 4887 697 4941 sancto,
732 4892 820 4929 vas
851 4884 1025 4928 autem
1054 4873 1215 4943 ﬁctile
1240 4874 1295 4926 in
1324 4891 1425 4945 quo
1451 4882 1598 4927 cocta
1625 4883 1699 4926 est
1728 4891 1854 4927 con-

274 4968 554 5038 friugetur.
584 4965 742 5033 Quod
769 4966 815 5020 si
849 4983 937 5021 vas
966 4981 1190 5029 teneam,
1229 4963 1598 5035 defricabitur,
1639 4975 1687 5017 et
1716 4963 1860 5019 lava-

276 5058 424 5109 bitur
461 5055 818 5127 aqua.0mnis
844 5051 1114 5109 masculus
1138 5055 1201 5107 de
1227 5070 1411 5125 genere
1433 5052 1751 5108 sacerdotali
1772 5070 1858 5111 ue-~

276 5159 455 5202 scetur
475 5150 536 5204 de
557 5148 807 5202 carnibus
836 5148 973 5218 ejus,
1007 5147 1131 5219 quia
1159 5146 1409 5201 Sanctum
1432 5158 1733 5201 sanctorum
1759 5157 1856 5201 est.

277 5237 473 5291 llostia
510 5240 645 5293 enim
682 5256 798 5310 qua:
829 5239 1034 5292 ceditur
1076 5255 1170 5309 pro
1198 5248 1430 5308 peccato,
1466 5238 1617 5308 cujus
1645 5240 1858 5308 sanguis

274 5313 497 5398 effertur
539 5333 592 5385 in
637 5330 1031 5385 tabernaculum
1067 5329 1368 5394 testimonii,
1406 5329 1475 5383 ad
1514 5331 1855 5399 expiandum,

275 5419 330 5470 in
377 5422 683 5473 sanctuario
730 5436 834 5473 non
878 5419 1191 5481 comedetur,
1239 5417 1329 5471 sed
1372 5419 1703 5471 comburetur
1727 5421 1853 5489 igni.

277 5494 421 5577 (Ea?
450 5508 749 5581 Hesychia.)
791 5510 920 5577 Qum
958 5519 1039 5564 est
1089 5520 1269 5563 autem
1318 5509 1432 5563 hare
1483 5508 1603 5562 lex?
1638 5509 1705 5562 In
1742 5511 1856 5566 loco

277 5601 367 5652 ubi
401 5600 619 5667 o/j‘crlur
639 5602 1003 5655 holocaustum
1033 5599 1388 5656 immolabitur
1413 5616 1590 5653 coram
1611 5599 1854 5665 Domino,

278 5683 540 5742 Sanctum
559 5698 862 5743 sanctorum
880 5695 973 5752 est,
1001 5696 1289 5757 propterea
1312 5687 1493 5742 Aaron
1513 5698 1566 5743 et
1590 5686 1715 5744 ﬁliis
1740 5689 1859 5759 ejus

1940 1858 2038 1911 ait.
2069 1856 2167 1913 llic
2192 1866 2373 1914 autem
2400 1859 2648 1916 Christus
2674 1871 2776 1925 est,
2818 1864 2912 1934 qui
2950 1875 3133 1922 nostra
3159 1877 3379 1940 peccata
3402 1885 3525 1925 sus-

1941 1949 2118 2020 cepit,
2171 1959 2424 2021 recteque
2479 1962 2720 2008 nostram
2762 1955 2953 2011 offeret
3002 1960 3418 2028 pmnitentiam;
3467 1969 3522 2015 et

1945 2042 2214 2111 quomodo
2228 2057 2348 2097 eam
2379 2045 2687 2112 manducet,
2726 2061 2758 2100 a
2788 2047 2910 2104 loco
2934 2064 3201 2121 cognosce
3227 2053 3279 2105 in
3304 2069 3411 2123 quo
3440 2069 3529 2108 co-

1947 2133 2143 2189 medet.
2196 2134 2264 2188 In
2301 2133 2415 2191 loco
2436 2147 2618 2191 sancto
2646 2138 2703 2194 in
2731 2140 2869 2193 atrio
2895 2141 3241 2208 tabernaculi,
3274 2144 3355 2196 vel
3386 2144 3526 2199 sicut

1948 2224 2297 2295 Septuaginta
2329 2227 2652 2283 ediderunt:
2680 2230 2736 2284 in
2762 2231 2899 2286 atrio
2939 2232 3264 2287 tabernaculi
3291 2235 3527 2289 testium-

1947 2317 2042 2371 nii.
2080 2316 2293 2372 Atrium
2338 2328 2517 2374 autem
2569 2321 2900 2377 tabernaculi
2941 2324 3240 2379 testimonii
3288 2325 3527 2381 Ecclesia

1947 2416 2050 2473 est,
2088 2408 2204 2478 ipsa
2246 2410 2444 2481 quippe
2494 2420 2621 2467 ante
2666 2413 2900 2482 cmlum,
2948 2416 3148 2471 atrium
3191 2417 3524 2475 tabernaculi

1948 2501 2249 2556 testimonii
2301 2511 2386 2558 est
2426 2502 2519 2559 ubi
2568 2502 2821 2560 Christus
2864 2506 3244 2578 pmnitcntium
3300 2508 3528 2565 salutem

1948 2602 2226 2665 operatur,
2258 2596 2385 2667 quia
2433 2596 2580 2653 salus
2615 2596 2734 2667 ejus
2777 2597 2943 2653 etiam
2988 2599 3145 2656 cibus
3185 2600 3526 2672 appellatur:

1951 2681 2104 2737 Heus
2139 2684 2277 2738 enim
2320 2686 2464 2740 cibus
2509 2696 2608 2752 est,
2646 2687 2846 2758 inquit,
2893 2697 2950 2745 ut
2975 2689 3173 2759 faciam
3214 2690 3529 2745 uoluntatem

1953 2773 2131 2829 Patris
2174 2777 2274 2830 mei
2304 2776 2486 2845 (Joan.
2535 2778 2633 2851 tv),
2676 2779 2926 2835 voluntas
2961 2791 3142 2835 autem
3186 2780 3304 2851 ejus
3348 2792 3431 2836 est
3476 2792 3531 2838 ut

1951 2872 2205 2933 peccator
2234 2874 2585 2920 convertatur
2607 2875 2663 2922 et
2684 2867 2940 2922 salvetur.
2965 2868 3191 2939 Insuper
3213 2870 3289 2923 ait
3321 2888 3333 2923 :
3367 2870 3531 2936 Quid-

1951 2954 2079 3025 quid
2124 2956 2346 3026 tetigerit
2380 2972 2564 3012 carnes
2592 2957 2708 3028 ejus
2748 2958 3186 3027 sanctificabitur.
3214 2959 3406 3014 Carnis
3439 2975 3528 3014 au-

1953 3055 2062 3101 tem
2099 3048 2434 3118 poenitentiae
2462 3048 2811 3119 intelligimus
2835 3047 3122 3121 jejunium,
3156 3050 3391 3121 vigilias,
3421 3050 3532 3105 cili-

1952 3139 2133 3193 cinum
2164 3139 2572 3205 vestimentum,
2605 3155 2727 3195 cum
2749 3140 3003 3211 laerymis
3040 3141 3369 3208 orationem,
3392 3140 3534 3197 clce-
3581 3211 3587 3217 .

1953 3244 2259 3301 mosynam,
2313 3246 2377 3286 ex
2429 3231 2515 3287 his
2561 3233 2708 3288 enim
2753 3235 3002 3290 consistit
3035 3235 3376 3305 poenitentia,
3414 3253 3534 3306 qua:

1953 3320 2045 3390 qui
2075 3322 2245 3390 tangit
2283 3331 2431 3378 recte
2454 3323 2903 3382 sanctiﬁcabitur.
2940 3325 3006 3380 Et
3030 3326 3077 3381 si
3099 3326 3165 3381 de
3191 3328 3445 3399 sanguine
3472 3327 3536 3381 il-

1955 3410 2058 3466 lius
2088 3414 2238 3468 vestis
2278 3413 2440 3485 fuerit
2488 3432 2724 3486 aspersa,
2775 3416 3036 3474 (arabitur
3077 3420 3133 3473 in
3180 3418 3294 3473 loco
3318 3430 3535 3485 sancto;

1957 3504 2179 3575 sanguis
2198 3505 2534 3573 pmnitentia:
2554 3507 2772 3577 proprie
2799 3509 3095 3578 haptismus
3117 3517 3224 3573 est,
3247 3509 3371 3578 quia
3395 3511 3537 3565 sicut

1959 3595 2068 3648 vita
2107 3595 2283 3648 omnis
2329 3596 2513 3650 carnis
2562 3597 2780 3667 sanguis
2819 3606 2921 3661 Cal,
2960 3600 3039 3654 sic
3075 3609 3131 3653 et
3180 3600 3511 3668 posuitentim

1958 3685 2158 3742 donum
2208 3686 2460 3757 baptismi
2487 3693 2570 3741 est
2595 3705 2607 3740 :
2637 3688 2816 3743 omnis
2842 3689 2985 3743 enim
3012 3691 3105 3760 qui
3134 3691 3245 3762 agit
3270 3693 3538 3762 ptenitcn-

1958 3778 2113 3845 tiam,
2140 3778 2186 3833 si
2215 3794 2323 3833 non
2346 3779 2650 3850 perceperit
2669 3779 3016 3851 baptismum,
3046 3782 3252 3839 inutilis
3274 3784 3325 3839 ei
3353 3794 3458 3851 est,
3483 3792 3537 3843 ct

1960 3869 2079 3924 sine
2123 3869 2301 3938 aliquo
2337 3870 2490 3925 lucro
2518 3871 2861 3942 poenitentia,
2913 3881 3237 3944 mortuaque
3269 3882 3324 3930 et
3350 3876 3537 3932 exani-

1959 3961 2087 4027 mis,
2109 3962 2237 4032 quia
2262 3970 2499 4017 veterem
2532 3963 2742 4035 peccati
2777 3964 3052 4022 hominem
3080 3983 3187 4022 non
3216 3967 3375 4025 aliter
3394 3970 3538 4039 quis-

1958 4053 2103 4124 piam
2133 4054 2235 4109 nisi
2265 4055 2540 4111 ablutione
2575 4058 3002 4126 regenerationis
3029 4059 3285 4131 disponit.
3312 4061 3466 4128 Quod
3490 4063 3536 4117 si

1959 4145 2141 4200 dicas:
2162 4144 2230 4198 Et
2257 4145 2526 4214 quomodo
2553 4147 2646 4216 qui
2676 4148 2805 4202 olim
2842 4147 3104 4219 baptizati
3138 4158 3265 4205 sunt
3290 4151 3538 4209 homines

1958 4235 2335 4305 paenitentiam
2360 4237 2566 4307 agent?
2602 4252 2871 4308 cognosce
2888 4240 3016 4308 quia
3042 4239 3214 4297 virtus
3235 4241 3537 4312 praeceden-

1962 4326 2030 4379 tis
2063 4326 2404 4395 baptismatis
2446 4333 2706 4397 operatur
2751 4335 2807 4382 et
2850 4329 2906 4383 in
2945 4344 3010 4385 ea
3038 4345 3158 4400 quae
3198 4338 3383 4403 postea
3414 4344 3535 4389 acta

1963 4415 2126 4469 fuerit
2170 4416 2512 4487 poenitentia.
2579 4415 2707 4473 Haec
2761 4433 2891 4490 ergo
2941 4428 3024 4476 est
3082 4422 3309 4480 intentio
3375 4423 3539 4496 legis-

1962 4504 2191 4570 latoris,
2251 4496 2394 4576 quod
2450 4509 2901 4578 quemadmodum
2970 4512 3062 4581 qni
3121 4515 3369 4572 comedet
3418 4533 3538 4573 car-

1961 4612 2059 4652 nes
2127 4598 2373 4666 prmdicti
2448 4598 2737 4664 sacriﬁcii,
2809 4603 3057 4672 quamvis
3126 4605 3330 4661 oblatio
3398 4608 3538 4665 alte-

1963 4688 2077 4745 rius
2131 4690 2220 4753 sit,
2274 4689 2664 4757 sanctiﬁcatur,
2697 4706 2795 4760 per
2843 4693 2945 4746 hoc
2981 4703 3162 4749 autem
3209 4699 3535 4765 ostenditur,

1963 4780 2107 4851 quod
2150 4788 2205 4832 et
2247 4779 2293 4832 is
2320 4779 2413 4848 qui
2461 4795 2567 4834 non
2614 4790 2737 4852 eget
2765 4784 3105 4852 pmnitentia,
3134 4786 3179 4841 si
3213 4787 3343 4856 quid
3366 4792 3539 4861 egerit

1964 4871 2180 4936 horum,
2226 4872 2602 4941 patuitentiam
2648 4888 2814 4945 agens
2853 4875 3538 4935 sanctiﬁcaturzsimilitcr

1963 4960 2045 5015 vel
2064 4960 2110 5015 si
2136 4961 2361 5016 multum
2386 4976 2586 5031 parvus
2605 4964 2875 5035 quispiam
2897 4967 3205 5035 baptizatus
3234 4969 3417 5035 fuerit,
3445 4972 3536 5039 qui

1961 5052 2192 5107 necdum
2235 5050 2670 5122 forte‘peccavit,
2720 5057 3035 5123 mundatur,
3083 5066 3138 5114 et
3178 5060 3306 5130 quid
3354 5062 3403 5116 ei
3450 5069 3537 5115 est

1960 5156 2095 5212 Opus
2125 5142 2444 5197 mundatio?
2465 5141 2549 5198 Ad
2594 5144 2698 5197 hoc
2738 5142 2787 5199 ei
2830 5161 2965 5216 opus
2992 5157 3098 5213 est,
3130 5151 3257 5219 quia
3283 5166 3430 5204 neuio
3460 5159 3535 5202 ert

1960 5234 2186 5286 mundus
2223 5250 2255 5286 a
2294 5234 2469 5299 sorde,
2521 5250 2643 5287 nam
2686 5233 2804 5289 licet
2851 5238 3006 5292 unius
3050 5239 3154 5294 diei
3192 5242 3298 5295 vita
3324 5240 3437 5308 ejus
3467 5239 3537 5290 sit

1963 5341 2119 5395 super
2147 5335 2361 5391 terram,
2388 5326 2603 5381 sordem
2632 5334 2815 5381 tamen
2845 5344 3006 5398 quam
3032 5345 3099 5385 ex
3125 5330 3295 5385 Adam
3321 5343 3537 5383 succes-

1964 5415 2114 5469 sione
2142 5423 2196 5468 et
2218 5416 2566 5486 generatione
2593 5416 2756 5471 traxit
2791 5419 3005 5472 retinet.
3053 5419 3118 5472 Et
3149 5420 3267 5472 ideo
3291 5432 3412 5473 eum
3444 5419 3533 5487 qui

1965 5509 2226 5579 sanguine
2265 5508 2597 5580 paenitentiae
2636 5524 2889 5578 aspersus
2930 5518 3034 5573 est,
3078 5524 3180 5562 non
3212 5509 3364 5573 dixit,
3396 5509 3537 5565 sicut

1966 5600 2299 5653 immundum
2344 5599 2535 5663 lavari,
2587 5600 2665 5654 ait
2707 5601 2889 5655 enim:
2918 5600 2976 5654 Si
3007 5599 3071 5651 de
3102 5600 3357 5670 sanguine
3386 5600 3529 5657 illius

1965 5690 2119 5745 vestis
2154 5690 2313 5760 fuerit
2354 5706 2585 5759 aspersa,
2641 5691 2693 5744 id
2742 5698 2847 5753 est,
2892 5703 3053 5753 caro;
3098 5689 3215 5758 ipsa
3263 5701 3348 5748 est
3391 5695 3532 5749 enim
