3954 6176
440 288 543 344 503

1114 281 1172 335 B.
1215 279 1466 335 RABANI
1507 279 1727 335 MAURI
1766 279 2081 341 ARCIIIEP,
2124 280 2430 336 MOGUNT.
2474 281 2756 338 Ol'EllUM
2794 283 2974 338 PARS
3009 272 3051 338 Ιξ

3526 326 3547 357 η
3574 284 3678 341 stu

435 404 603 457 vestis
644 397 918 454 interioris
956 394 1212 459 hominis,
1243 408 1364 461 quae
1399 392 1443 446 si
1471 405 1693 462 aspersa
1721 390 1906 455 fuerit,
1937 391 2010 445 ibi
2039 395 2089 452 Α
2115 391 2375 454 comburi,
2417 406 2590 461 neque
2621 393 2764 446 enim
2795 408 2891 461 per
2917 409 2981 447 ca
3004 409 3102 463 per
3123 408 3243 462 qua:
3270 394 3373 449 sibi
3398 397 3687 465 unusquis-

437 491 697 547 lavabitur
724 490 788 542 in
826 485 939 540 loco
989 494 1205 547 sancto;
1237 484 1291 537 in
1318 483 1477 537 domo
1504 482 1729 559 mystica
1763 480 2008 550 spiritus.

436 585 580 654 Ergo
601 581 646 636 si
671 578 793 648 quis
820 575 953 631 foris
981 575 1126 629 lotus
1154 573 1339 637 fuerit,
1371 574 1513 628 sicut
1536 580 1684 636 sunt,
1714 570 1867 625 verbi
1891 586 2014 640 gra-

438 677 533 740 tia,
573 684 903 743 paganorum
937 666 1297 737 aspersiones,
1329 680 1434 718 non
1464 664 1707 727 lavatur,
1748 661 1875 731 quia
1903 675 2011 714 non

439 767 492 820 in
515 765 634 819 loco
655 769 843 818 sancto
864 760 1251 831 aspersionem,
1284 772 1460 827 neque
1481 756 1815 811 ablutionem
1837 766 2017 809 susce-

440 838 537 928 pit.
587 854 689 909 Vas
720 863 894 908 autem
927 850 1087 921 ﬁctile
1114 852 1169 905 in
1196 868 1297 921 quo
1333 860 1479 903 cocta
1519 857 1594 903 est
1617 847 2011 918 confringetur;

437 946 578 1017 quod
601 946 648 1000 si
677 962 768 999 vas
807 960 1028 1008 wneum,
1057 940 1424 1010 defricabitur,
1471 948 1520 994 et
1554 938 1815 993 lavabitur
1849 955 2008 1011 aqua.

446 1032 596 1098 Quod
610 1040 694 1085 est
710 1042 887 1084 autem
907 1045 998 1084 vas
1021 1029 1180 1083 ﬁctile
1201 1038 1256 1082 et
1281 1027 1584 1096 ubijacens,
1609 1025 1805 1080 Paulus
1823 1035 2009 1077 osten-

442 1128 521 1179 dit
548 1140 667 1178 cum
689 1123 852 1177 dicit:
884 1121 947 1175 In
978 1138 1167 1191 magna
1188 1130 1365 1174 autem
1388 1121 1540 1173 domo
1562 1136 1662 1172 non
1680 1119 1848 1172 solum
1875 1126 1999 1170 sunt

444 1233 569 1272 vasa
607 1232 769 1269 aurea
794 1224 842 1269 et
869 1222 1136 1283 argentea,
1169 1212 1260 1265 sed
1291 1221 1339 1264 et
1381 1211 1553 1281 lignea
1582 1220 1628 1262 et
1659 1209 1847 1277 fictilia
1876 1224 1892 1275 ;
1952 1216 2000 1261 et

437 1309 678 1378 quietiam
693 1307 900 1376 quidem
917 1308 970 1358 in
983 1305 1197 1366 honore,
1217 1304 1458 1373 quwdam
1481 1313 1653 1357 autem
1668 1303 1723 1356 in
1736 1311 2006 1356 contume-

440 1402 510 1454 lia
532 1400 597 1468 (ll
623 1398 758 1452 Tim.
781 1402 867 1465 ιι).
886 1397 945 1450 In
970 1398 1354 1451 contumeliam
1382 1395 1629 1451 videlicet
1654 1410 1716 1449 ea
1735 1410 1855 1464 qum
1877 1402 2004 1450 sunt

440 1491 662 1543 ﬁctilia:
694 1503 944 1558 magnam
968 1498 1142 1542 autem
1171 1489 1388 1543 domum
1420 1496 1478 1540 ut
1514 1494 1637 1556 pote
1662 1502 1782 1556 qua:
1812 1488 2004 1542 domus

438 1581 532 1633 Dei
565 1590 668 1642 est,
702 1579 997 1635 Ecclesiam
1047 1579 1333 1641 intellexit,
1362 1579 1415 1633 in
1448 1593 1742 1647 qua-aurea
1774 1592 1903 1634 vasa
1937 1587 1995 1632 et

437 1672 691 1736 argentea
714 1662 849 1733 justi
886 1661 1070 1715 ﬁctilia
1113 1669 1426 1730 peceatores
1454 1667 1599 1713 sunt.
1639 1658 1784 1713 Dixit
1809 1659 2009 1729 quippe

2114 495 2217 549 que
2263 481 2637 536 remissionem
2669 491 3015 551 peccatorum
3062 484 3312 554 proﬁigat
3357 504 3369 537 :
3416 501 3515 555 per
3545 486 3690 557 jeju-

2114 570 2265 623 nium
2295 572 2443 626 verbi
2483 574 2686 642 gratia,
2731 582 2825 627 aut
2851 573 3079 644 vigilias,
3127 576 3212 629 vel
3253 576 3414 630 aliam
3453 578 3689 633 similem

2116 661 2611 727 conversationem,
2640 676 2739 731 per
2763 663 2880 717 haec
2904 662 3153 719 Christus
3178 665 3386 734 peragit
3412 665 3693 720 remissio-

2115 763 2259 812 nem,
2290 750 2386 803 sed
2420 750 2746 804 auctoritate
2770 758 2826 805 et
2852 750 3052 805 virtute
3089 753 3324 821 pr0pria:
3352 753 3687 808 divinitatis:

2114 839 2318 894 Christi
2360 841 2502 894 enim
2547 841 2858 910 passiones,
2906 856 3005 910 per
3054 858 3192 912 quas
3238 844 3396 898 nobis
3438 844 3692 898 remissio

2113 939 2453 999 procuratur.
2505 947 2613 986 non
2661 933 2897 987 hominis
2942 933 3259 1003 cujusquam
3286 936 3430 1005 puri,
3468 937 3565 990 sed
3592 936 3693 990 Dei

2115 1031 2242 1077 sunt
2283 1023 2571 1078 incarnati.
2599 1023 2827 1092 Propter
2855 1025 2999 1092 quod
3033 1040 3142 1079 non
3171 1034 3255 1080 est
3285 1025 3490 1080 esibilis
3514 1026 3689 1079 homi-

2113 1112 2293 1178 nibus,
2334 1112 2427 1167 sed
2455 1113 2578 1183 igne
2608 1114 2980 1178 consumitur;
3014 1116 3139 1184 quia
3170 1116 3338 1172 solius
3367 1117 3464 1171 Dei
3493 1127 3582 1171 est
3605 1134 3694 1171 re-

2113 1203 2428 1259 missionem
2470 1204 2613 1258 omni
2665 1206 2907 1274 praebere
2936 1221 3033 1261 suo
3068 1207 3339 1275 plasmati,
3379 1224 3543 1278 quem
3594 1225 3697 1278 per

2113 1293 2291 1364 ignem
2319 1291 2586 1362 signiﬁcat
2617 1311 2629 1345 :
2661 1293 2802 1348 Deus
2827 1296 2964 1348 enim
3007 1306 3183 1350 noster
3206 1298 3340 1366 ignis
3380 1314 3695 1352 consumens

2111 1393 2188 1437 est
2238 1382 2426 1454 (Hebr.
2473 1385 2595 1453 xu).
2640 1382 2749 1456 [Ex
2778 1383 3047 1458 0rigene.]
3093 1386 3399 1442 Hostiarum
3442 1389 3697 1456 quaedam

2113 1473 2327 1542 quidem
2358 1481 2485 1529 sunt
2512 1475 2607 1528 Dei
2643 1474 2828 1538 solius,
2868 1474 2944 1529 ita
2971 1484 3032 1530 ut
3058 1476 3238 1530 nullus
3259 1477 3539 1531 hominum
3565 1494 3696 1547 par-

2112 1563 2300 1633 ticipet
2352 1579 2420 1619 ex
2470 1564 2638 1634 ipsis,
2686 1566 2931 1634 qumdam
2983 1574 3107 1620 sunt
3154 1567 3337 1621 Aaron
3388 1568 3697 1623 sacerdotis

2112 1663 2168 1709 et
2204 1654 2437 1711 ﬁliorum
2466 1654 2604 1723 ejus,
2641 1656 2886 1725 quaedam
2920 1656 3090 1726 ipsius
3119 1666 3173 1711 et
3209 1658 3441 1713 ﬁliorum
3473 1667 3528 1713 et
3554 1659 3695 1713 ﬁlia-

435 1764 484 1809 et
509 1754 675 1809 Isaias
704 1753 768 1807 de
797 1749 1099 1806 Jerusalem
1129 1767 1143 1803 :
1187 1748 1361 1803 Veniet
1397 1751 1641 1804 contritio
1661 1750 1774 1819 ejus
1796 1758 1844 1803 et
1866 1766 2009 1803 com-
2033 1736 2082 1796 B
2111 1764 2231 1802 rum
2264 1750 2400 1819 ejus,
2438 1749 2512 1802 ita
2538 1757 2597 1802 ut
2623 1750 2787 1803 etiam
2819 1750 2974 1803 uxori
3006 1752 3307 1806 sacerdotis
3331 1754 3493 1806 edere
3528 1753 3694 1807 liccat

435 1843 700 1897 minuetur
751 1842 887 1894 sicut
939 1839 1226 1894 conteritur
1269 1837 1456 1909 lagena
1504 1838 1655 1909 ﬁguli
1703 1838 2013 1892 contritione

435 1931 722 2001 pervalida,
753 1939 800 1984 et
830 1946 934 1983 non
965 1931 1257 1984 invenietur
1289 1930 1353 1983 de
1386 1929 1694 1998 fragmentis
1730 1928 1843 1998 ejus
1881 1936 2013 1982 testa

434 2019 491 2071 in
514 2035 617 2088 qua
636 2026 871 2088 portetur
887 2016 1147 2088 igniculus
1162 2017 1225 2070 de
1240 2017 1502 2081 incendio,
1526 2025 1617 2070 aut
1634 2016 2015 2086 hauriaturpa—

436 2123 554 2160 rum
577 2123 727 2177 aqua:
748 2106 812 2160 de
834 2107 981 2176 fovea
1001 2106 1133 2178 (Isa.
1151 2107 1255 2176 III).
1279 2107 1420 2176 Ergo
1445 2107 1569 2175 quia
1596 2121 1724 2161 vasa
1747 2106 1800 2160 in
1820 2106 2012 2175 quibus

435 2212 625 2253 carnes
660 2198 912 2253 sacriﬁcii
944 2205 1251 2267 coquuntur
1279 2197 1333 2251 in
1367 2197 1565 2267 templo
1591 2205 1737 2261 sunt,
1768 2211 1892 2250 esse
1922 2211 2014 2250 au-

434 2297 546 2342 tem
570 2289 624 2343 in
656 2289 854 2358 templo
883 2290 977 2344 Dei
1009 2290 1253 2357 quaedam
1293 2288 1506 2343 inﬁrma
1542 2304 1694 2352 vasa,
1726 2303 1795 2342 ex
1823 2286 2013 2356 pracdi-

438 2381 541 2434 ctis
560 2381 739 2435 verbis
770 2380 1082 2447 apostolicis
1099 2381 1456 2436 ostendimus.
1494 2379 1814 2447 Quicunque
1839 2388 1924 2433 est
1958 2379 2010 2431 in

436 2468 636 2539 templo
676 2484 772 2523 vas
801 2468 991 2535 ﬁctile,
1021 2469 1078 2524 id
1103 2478 1206 2534 est,
1239 2467 1487 2523 inﬁrmus
1514 2468 1783 2539 quispiam
1813 2477 1868 2521 ct
1896 2482 2012 2521 sor-

437 2558 612 2624 didus,
636 2567 689 2613 et
709 2559 802 2629 qui
828 2559 885 2613 in
912 2559 1184 2629 peccando
1211 2559 1654 2614 consuetudinem
1684 2557 1836 2623 fecit,
1860 2565 1921 2611 ut
1943 2572 2010 2611 ex

433 2647 539 2703 hoc
575 2647 713 2702 sicut
751 2655 961 2703 amator
1002 2656 1372 2718 peccatorum,
1404 2663 1500 2702 vas
1526 2646 1865 2703 contumelim
1908 2662 2008 2700 no-

436 2738 673 2793 minetur
707 2746 864 2793 eocto
888 2737 1157 2794 sacriﬁcio
1196 2752 1295 2807 per
1321 2740 1464 2807 quod
1506 2745 1851 2809 peccatorum
1895 2737 2009 2791 dis-

430 2838 693 2900 pensatur
731 2830 1004 2896 remissio,
1033 2840 1320 2901 propterea
1363 2828 1722 2900 confringitur
1748 2829 1859 2885 sive
1886 2844 2010 2885 eon-

432 2922 645 2986 teritur,
677 2922 797 2991 quia
831 2937 951 2976 cum
989 2933 1134 2977 esset
1172 2922 1439 2989 inﬁrmus,
1481 2924 1620 2978 bona
1656 2921 1796 2977 male
1823 2936 2007 2991 perce-

434 3011 536 3080 pit,
577 3010 767 3065 vidcns
808 3012 952 3066 enim
997 3021 1217 3081 peccata
1265 3012 1487 3077 dimitti,
1520 3019 1675 3082 putat
1702 3026 1917 3080 semper
1942 3011 2007 3065 li-

429 3114 554 3155 cere
595 3101 830 3170 peccari,
865 3109 919 3155 et
958 3117 1024 3155 ex
1059 3116 1124 3155 eo
1153 3102 1293 3171 quod
1323 3101 1546 3168 juvatur
1575 3102 1746 3156 altera
1775 3102 1923 3157 lassio
1950 3110 2006 3157 et

431 3193 710 3260 contritio,
747 3194 1081 3250 inﬁrmitatis
1121 3195 1393 3251 invenitur
1419 3196 1660 3250 alterius.
1691 3195 2005 3265 Quicunque

429 3296 609 3342 autem
643 3286 797 3342 fortis
817 3296 899 3342 est
920 3296 979 3341 ut
999 3302 1102 3354 aes,
1134 3296 1188 3341 et
1213 3287 1508 3359 aeruginem
1538 3287 1746 3355 peccati
1772 3302 1880 3341 non
1909 3287 2007 3342 ha-

430 3380 587 3445 bens,
613 3379 702 3433 hic
722 3379 965 3434 coctione
986 3379 1317 3448 paenitentiae
1339 3393 1445 3433 non
1469 3386 1800 3445 conteretur,
1829 3393 2005 3448 neque

429 3470 825 3540 confringetur,
867 3469 961 3526 sed
997 3470 1289 3525 defricatur
1322 3471 1436 3526 sive
1464 3470 1779 3539 extergitur,
1816 3469 1869 3523 id
1897 3477 2001 3534 est,

429 3562 681 3629 diluitur;
723 3570 778 3618 et
808 3560 1077 3632 quomodo
1116 3561 1371 3616 diluitur?
1419 3575 1557 3630 aqua
1596 3559 1756 3615 lotus.
1805 3559 2005 3614 Videns

427 3654 573 3708 enim
609 3653 774 3707 alium
813 3652 1189 3722 paenitentem,
1228 3659 1475 3706 movetur
1521 3649 1588 3705 ad
1632 3648 2003 3719 compunctio-

428 3758 551 3797 nem
588 3750 641 3795 et
677 3742 988 3803 mundatur,
1034 3756 1174 3809 aqua
1212 3739 1572 3810 Iacrymarum
1614 3738 1775 3792 lotus.
1819 3735 2004 3791 Omnis

427 3832 692 3884 masculus
740 3831 805 3884 de
857 3847 1039 3900 genere
1094 3829 1410 3883 sacerdotali
1465 3837 1697 3882 rescetur
1754 3826 2002 3881 carnibus

428 3926 567 3994 ejus,
611 3925 733 3994 quia
765 3922 1012 3977 Sanctum
1044 3932 1345 3976 sanctorum
1377 3932 1470 3976 est.
1511 3921 1857 3976 Sacerdotem
1883 3923 2003 3990 qui-

428 4013 550 4067 dem
591 4011 903 4067 oﬁ‘erentem
951 4012 1215 4082 integrum
1263 4011 1589 4067 sacriﬁcium
1626 4018 1681 4064 et
1715 4012 2004 4066 comeden-

428 4110 560 4169 tem,
590 4102 857 4173 intelligas
878 4100 1168 4155 Christum.
1193 4103 1310 4173 Ipse
1339 4113 1521 4158 autem
1547 4113 1793 4158 nostram
1815 4104 2004 4160 olferet

424 4195 825 4266 ptenitentiam,
866 4193 979 4264 ipse
1010 4200 1063 4247 et
1094 4192 1344 4257 comedit,
1373 4193 1498 4263 quia
1543 4193 1719 4249 cibum
1773 4193 1998 4249 salutem

408 4294 774 4355 peccatorum
831 4280 1015 4337 habet.
1067 4280 1271 4336 Carnes
1328 4294 1506 4336 autem
1573 4281 1828 4337 sacriﬁcii
1880 4298 1999 4352 qua:

424 4376 698 4444 pertinent
738 4373 805 4427 ad
846 4371 1242 4442 pmnitentiam,
1286 4372 1462 4426 omnis
1510 4370 1783 4426 masculus
1811 4371 1876 4425 de
1906 4386 1995 4426 sa-
2018 4407 2075 4469 Β

425 4466 730 4520 cerdotibus
753 4463 1015 4527 comedet,
1038 4477 1251 4516 omnem
1282 4460 1650 4516 fortitudinem
1675 4462 1995 4517 convenien-

425 4561 509 4606 ter
535 4554 813 4616 exhibens,
841 4550 927 4605 cui
953 4557 1096 4605 recte
1126 4549 1341 4612 dicitur,
1383 4549 1622 4604 Viriliter
1659 4567 1754 4620 age
1791 4559 1840 4603 et
1867 4567 1991 4604 con-

424 4642 620 4712 fortare
663 4650 709 4695 et
752 4641 947 4695 sustine
992 4639 1276 4693 Dominum
1325 4639 1497 4711 (Psal.
1544 4639 1728 4712 xxvr);
1772 4648 1828 4693 et
1877 4641 1994 4693 haec

424 4731 640 4803 quidem
688 4731 763 4785 ita
806 4745 866 4785 se
911 4730 1164 4786 habeant.
1219 4726 1327 4783 Sed
1366 4729 1683 4784 intuendum
1721 4736 1803 4783 est
1830 4742 1993 4797 quem

421 4821 723 4879 subinl’erat
768 4820 1057 4875 terminum
1086 4838 1100 4874 :
1130 4806 1321 4874 Hostia
1345 4820 1480 4873 enim
1510 4835 1628 4891 qua:
1654 4819 1873 4873 cwditur
1896 4835 1992 4888 pro

421 4920 653 4983 peccato,
684 4909 838 4980 cujus
880 4910 1093 4979 sanguis
1138 4908 1365 4977 infertur
1397 4908 1453 4960 in
1484 4906 1821 4961 tabernaculo
1848 4908 1993 4962 testi-

423 5002 581 5057 monii
623 5000 693 5055 ad
740 5000 1073 5071 expiandum,
1104 5001 1159 5053 in
1192 5001 1495 5055 sanctuario
1532 5016 1633 5053 non
1669 5000 1984 5066 comedetur,

418 5092 511 5148 sed
545 5091 878 5146 comburetur
903 5091 1040 5161 igni.
1132 5090 1301 5162 Cujus
1333 5093 1547 5162 sanguis
1576 5108 1670 5160 pro
1698 5100 1907 5161 peccato
1933 5092 1987 5144 in

420 5191 758 5248 tabernaculo
796 5190 1074 5245 testimonii
1111 5188 1180 5242 ad
1218 5187 1532 5258 expiandum
1575 5204 1666 5241 seu
1706 5187 1989 5257 deprecan-

420 5285 545 5338 dum
568 5284 819 5353 offertur,
846 5279 1233 5347 vituli,scilicet
1258 5279 1712 5350 congregationis,
1729 5280 1841 5335 sive
1868 5295 1991 5350 syn-

420 5390 619 5447 agogm,
661 5381 716 5428 et
754 5372 897 5427 idem
936 5370 1090 5425 vituli
1128 5385 1228 5439 pro
1268 5378 1493 5439 peccato
1531 5370 1829 5440 pontiﬁcis;
1884 5370 1989 5425 hoc

420 5468 564 5520 enim
593 5464 900 5534 plenissime
926 5462 1173 5531 superius
1205 5460 1340 5514 dixit
1358 5478 1375 5519 ;
1393 5461 1518 5529 quia
1544 5473 1672 5530 ergo
1700 5459 1787 5513 illa
1815 5461 1988 5514 sacri-

421 5552 540 5607 ﬁcia
584 5554 764 5608 multis
800 5550 1210 5623 probationibus
1238 5548 1303 5602 ad
1334 5545 1609 5603 Christum
1653 5549 1988 5604 ostendimus

419 5644 711 5710 pertinere,
741 5653 888 5698 recte
932 5655 996 5696 ea
1024 5639 1230 5697 comedi
1281 5654 1387 5695 non
1433 5639 1708 5709 praecepit,
1740 5639 1835 5695 sed
1867 5641 1988 5709 igne

2112 1855 2176 1893 ex
2205 1840 2320 1906 his;
2344 1839 2590 1910 qureda'm
2617 1848 2742 1894 sunt
2766 1841 3106 1895 sacerdotum
3130 1850 3187 1896 et
3212 1842 3444 1896 ﬁliorum
3468 1858 3534 1896 ac
3560 1843 3696 1898 ﬁlia-

2113 1951 2234 1989 rum
2282 1949 2503 1999 earum;
2545 1933 2639 1988 sed
2662 1933 2729 1989 de
2752 1933 2949 2002 quibus
2978 1934 3137 1989 edere
3170 1934 3329 1989 liceat
3353 1936 3518 1990 etiam
3548 1934 3694 1991 ﬁlios

2111 2026 2296 2091 Israel,
2353 2035 2408 2081 et
2451 2027 2504 2079 in
2546 2026 2657 2080 illis
2703 2026 2921 2094 quidem
2971 2026 3163 2081 hostiis
3209 2027 3277 2080 de
3318 2028 3512 2096 quibus
3563 2026 3694 2082 licet

2064 2140 2069 2145 ·
2112 2118 2274 2173 edere
2318 2116 2459 2172 ﬁlios
2506 2117 2689 2183 Israel,
2736 2118 2852 2172 sine
2894 2118 3057 2173 dubio
3098 2118 3300 2174 habent
3343 2119 3692 2189 participium

2111 2210 2275 2264 ctiam
2320 2208 2631 2265 sacerdotes
2676 2216 2732 2263 et
2758 2208 2854 2263 ﬁlii
2884 2208 3245 2273 sacerdotum,
3279 2225 3386 2264 non
3415 2218 3599 2264 tamen
3622 2223 3693 2262 ex

2110 2297 2257 2353 omni
2281 2297 2479 2363 hostia,
2512 2311 2674 2367 quam
2700 2297 2825 2353 edet
2844 2299 3117 2365 sacerdos,
3150 2299 3314 2354 etiam
3342 2298 3484 2355 ﬁlios
3516 2299 3693 2354 Israel

2111 2385 2271 2441 edere
2313 2385 2518 2440 licebit.
2563 2384 2745 2439 Prima
2769 2400 2900 2456 ergo
2931 2395 3016 2441 est
3040 2387 3216 2442 hostia
3238 2386 3645 2443 bolocaustoma
3673 2406 3689 2441 :

2111 2489 2286 2544 neque
2320 2474 2465 2529 enim
2494 2474 2781 2544 oportebat
2819 2474 2981 2530 aliam
3026 2477 3203 2547 primo
3241 2478 3474 2532 hostiam
3512 2478 3691 2533 nomi-

2110 2562 2251 2630 nari,
2298 2564 2404 2619 nisi
2449 2580 2570 2620 eam
2614 2579 2735 2634 quae
2768 2565 3123 2635 omnipotenti
3158 2566 3267 2621 Deo
3311 2565 3688 2634 offerebatur;

2110 2655 2345 2711 secunda
2376 2655 2550 2711 hostia
2585 2664 2686 2719 est,
2729 2669 2851 2725 quae
2899 2655 2968 2709 ad
3006 2656 3271 2710 edendum
3314 2658 3693 2713 sacerdotibus

2110 2745 2474 2815 mancipatur;
2512 2745 2693 2811 tertia,
2732 2746 2798 2800 de
2825 2761 2930 2814 qua
2961 2747 3124 2799 etiam
3175 2746 3313 2802 ﬁlios
3349 2747 3516 2802 Israel
3558 2763 3693 2802 con-

2110 2836 2315 2907 tingere
2341 2834 2426 2889 vel
2454 2835 2635 2901 cdere,
2659 2836 2802 2906 ipsos
2829 2835 3038 2891 scilicet
3064 2838 3156 2905 qui
3177 2836 3428 2903 oderunt,
3462 2837 3545 2892 l'as
3570 2848 3689 2903 est;

2108 2924 2201 2978 sed
2247 2923 2387 2979 ﬁlios
2423 2923 2612 2989 Israel,
2660 2939 2768 2977 non
2796 2939 3004 2989 omnes,
3052 2925 3158 2979 nisi
3201 2926 3321 2981 illos
3352 2934 3561 2981 tantum
3594 2931 3689 2998 qui

2106 3010 2294 3065 mundi
2317 3019 2441 3065 sunt
2466 3030 2479 3065 :
2506 3011 2605 3066 soli
2641 3012 2783 3066 enim
2815 3012 2906 3081 qui
2942 3013 3127 3067 mundi
3160 3022 3286 3068 sunt
3311 3014 3377 3069 de
3398 3016 3695 3073 sacriﬁciis

2106 3100 2269 3155 edere
2303 3099 2581 3168 jubentur.
2628 3099 2831 3154 Verum
2869 3101 3003 3155 istas
3049 3117 3237 3157 omnes
3265 3102 3475 3158 hostias
3505 3112 3562 3157 tu
3593 3107 3689 3175 qui

2106 3192 2162 3247 in
2200 3191 2411 3246 occulto
2445 3190 2661 3247 Judaeus
2702 3206 2762 3246 es
2785 3231 2801 3258 ,
2847 3191 2974 3245 nolo
3003 3192 3058 3244 in
3084 3192 3406 3247 animalibus
3438 3194 3691 3263 requiras

2106 3287 2430 3353 visibilibus,
2463 3302 2564 3342 nec
2607 3287 2662 3341 in
2709 3286 2874 3340 mutis
2919 3286 3207 3355 pecoribus
3239 3286 3472 3341 inveniri
3502 3297 3681 3356 putes,

2105 3394 2242 3448 quos
2275 3377 2460 3433 oﬁ‘erri
2490 3378 2684 3432 debeat
2710 3377 2854 3442 Deo;
2884 3377 3021 3431 istas
3044 3376 3248 3431 hostias
3273 3377 3414 3431 intra
3448 3379 3683 3448 teipsum

2108 3470 2347 3539 require,
2369 3479 2424 3526 et
2447 3470 2692 3528 invenies
2710 3486 2803 3526 eas
2829 3472 2970 3525 intra
2992 3470 3227 3524 animam
3249 3479 3416 3523 tuam.
3440 3469 3686 3540 Intellige

2104 3558 2306 3614 habere
2338 3559 2478 3614 intra
2509 3561 2847 3629 temetipsum
2877 3574 3067 3630 greges
3095 3558 3281 3623 boum,
3314 3558 3439 3613 illos
3463 3559 3560 3627 qui
3585 3559 3682 3614 bc-

2105 3652 2430 3707 nedicuntur
2463 3652 2519 3706 in
2547 3651 2858 3717 Abraham;
2900 3650 3138 3720 intellige
3171 3650 3371 3703 habere
3399 3657 3453 3703 te
3476 3656 3533 3702 et
3562 3662 3684 3718 gre-

2105 3757 2199 3812 ges
2226 3742 2428 3806 ovium,
2460 3749 2515 3795 et
2542 3756 2732 3812 greges
2764 3755 3075 3811 caprarum,
3106 3739 3162 3793 in
3189 3739 3384 3808 quibus
3406 3738 3680 3793 benedicti

2104 3844 2160 3890 et
2184 3834 2528 3906 multiplicati
2569 3841 2693 3888 sunt
2729 3832 3092 3902 patriarchae;
3126 3829 3357 3900 intelligo
3387 3843 3509 3884 esse
3537 3828 3681 3882 intra

2106 3932 2158 3978 te
2187 3924 2351 3978 etiam
2392 3938 2524 3978 aves
2564 3922 2708 3987 caeli,
2747 3936 2850 3976 nec
2884 3921 3101 3976 mireris
3128 3920 3273 3989 quod
3307 3920 3423 3973 haec
3451 3918 3597 3972 intra
3628 3927 3683 3972 te

2103 4028 2223 4068 esse
2265 4013 2524 4078 dicimus;
2581 4012 2819 4082 intellige
2864 4020 2915 4065 te
2944 4010 3112 4065 alium
3155 4009 3412 4063 mundum
3460 4023 3583 4062 esse
3625 4007 3677 4061 in

2102 4117 2290 4173 parvo,
2312 4110 2367 4156 et
2387 4116 2509 4157 esse
2538 4101 2680 4155 intra
2707 4110 2760 4161 te
2785 4101 2971 4165 solem,
3001 4114 3123 4156 esse
3148 4099 3489 4163 Iunam,esse
3509 4099 3677 4153 etiam

2104 4195 2286 4251 stellas
2311 4213 2325 4249 :
2354 4194 2456 4250 hoc
2501 4193 2646 4247 enim
2673 4193 2722 4247 si
2747 4194 2823 4248 ita
2850 4208 2957 4248 non
2987 4200 3152 4258 esset,
3192 4206 3468 4260 nunquam
3511 4190 3678 4245 dixis-

2103 4296 2185 4343 set
2208 4287 2469 4342 Dominus
2507 4287 2574 4340 ad
2614 4284 2889 4339 Abraham
2924 4302 2938 4337 :
2971 4284 3157 4353 Aspice
3183 4282 3253 4335 ad
3279 4280 3462 4335 caelum
3487 4289 3536 4333 et
3560 4280 3675 4334 vide

2102 4376 2279 4433 stellas
2322 4376 2370 4431 si
2404 4376 2729 4430 dinumerari
2767 4382 2984 4445 possunt
3020 4390 3052 4426 a
3077 4370 3411 4425 multitudine
3430 4384 3448 4420 :
3469 4371 3547 4424 sic
3574 4372 3674 4424 erit

2099 4486 2270 4525 semen
2304 4478 2450 4523 tuum
2481 4466 2631 4539 (Gen.
2656 4471 2768 4535 xv).
2800 4464 2912 4520 Nec
2932 4464 3163 4528 mireris,
3201 4463 3442 4534 inquam,
3466 4461 3513 4516 si
3539 4461 3674 4515 dici-

2101 4567 2189 4613 tur
2209 4559 2275 4614 ad
2302 4557 2597 4623 Abraham,
2621 4556 2743 4625 quia
2765 4555 2840 4607 sic
2862 4554 2960 4607 erit
2986 4569 3157 4608 semen
3181 4561 3351 4616 tuum,
3380 4549 3521 4605 sicut
3546 4556 3675 4604 sunt

2101 4647 2266 4702 stella:
2306 4646 2430 4703 cteli
2455 4665 2469 4700 :
2495 4647 2561 4701 de
2592 4645 2698 4701 illis
2726 4644 2935 4699 scilicet
2976 4642 3069 4712 qui
3098 4657 3162 4697 ex
3197 4641 3301 4695 ﬁde
3338 4637 3455 4708 ejus
3500 4639 3674 4711 geniti

2100 4735 2495 4791 rationabiliter
2525 4735 2729 4800 vivant,
2765 4749 2830 4788 ac
2865 4732 3075 4788 divinas
3117 4731 3264 4801 leges
3309 4737 3365 4784 et
3402 4737 3673 4798 praecepta

2099 4828 2425 4883 custodiant.
2484 4825 2625 4881 Audi
2677 4825 2907 4896 amplius
2959 4824 3160 4894 aliquid
3210 4821 3551 4877 Salvatorem
3603 4820 3673 4875 ad

2099 4916 2390 4986 discipulos
2415 4916 2678 4971 dicentem
2706 4934 2718 4970 :
2757 4913 2859 4969 Vos
2880 4910 3002 4969 estis
3025 4913 3117 4967 tua:
3137 4912 3319 4968 mundi
3341 4910 3555 4983 (Matth.
3580 4914 3665 4980 v):

2100 5006 2382 5061 dubitasne
2460 5018 2578 5060 esse
2616 5006 2758 5059 intra
2792 5012 2845 5059 te
2873 5004 3041 5059 solem
3076 5011 3130 5057 et
3165 5001 3372 5064 lunam,
3409 4999 3478 5054 ad
3504 5015 3669 5068 quem

2098 5096 2297 5151 dicitur
2325 5113 2339 5149 :
2366 5094 2504 5163 Quia
2544 5094 2633 5149 lux
2678 5094 2754 5149 sis
2799 5093 3002 5147 mundi.
3062 5089 3156 5146 Vis
3203 5091 3380 5145 adhuc
3435 5089 3670 5158 amplius

2097 5187 2297 5256 aliquid
2330 5186 2398 5241 de
2426 5185 2598 5255 teipse
2641 5183 2861 5239 audire!
2894 5198 2961 5237 ne
3009 5182 3149 5237 forte
3193 5197 3358 5251 parva
3403 5181 3470 5235 de
3505 5190 3562 5234 te
3609 5187 3665 5234 ct

2094 5279 2317 5334 humilia
2367 5278 2913 5349 cogitans,tanquam
2960 5275 3119 5329 vilem
3148 5314 3163 5340 ,
3210 5273 3451 5343 negligas
3498 5272 3666 5325 vitam

2091 5379 2256 5423 tuam.
2281 5367 2456 5422 Habet
2480 5366 2573 5422 hic
2596 5366 2830 5421 mundus
2856 5364 3271 5434 gubernatorem
3294 5377 3470 5424 suum,
3499 5360 3662 5414 habet

2089 5460 2182 5530 qui
2232 5476 2355 5516 eum
2403 5467 2555 5529 regat
2597 5468 2652 5514 et
2691 5459 2898 5513 habitet
2939 5457 2993 5509 in
3041 5456 3192 5524 ipso,
3235 5454 3662 5522 omnipotentem

2091 5552 2279 5618 Deum,
2312 5552 2453 5605 sicut
2479 5550 2592 5618 ipse
2617 5563 2714 5619 per
2749 5547 3075 5616 Prophetam
3121 5545 3251 5599 dicit
3280 5563 3293 5596 :
3326 5543 3513 5597 Nonne
3556 5557 3663 5593 ci:-

2090 5642 2197 5697 lum
2222 5652 2267 5696 et
2296 5650 2487 5695 terram
2519 5655 2610 5709 ego
2633 5638 2801 5709 repleo
2826 5639 2850 5692 ἲ
2875 5639 2999 5692 dicit
3022 5638 3275 5692 Dominus
3299 5634 3434 5705 (Jer.
3462 5631 3655 5701 nm);
