  <div class='ocr_page' id='page_1' title='image "/cluster/home/n/w/nwhite01/storage/ocr_20150623/108/hvd.32044054759733/158.png"; bbox 0 0 3956 6176; ppageno 0'>
   <div class='ocr_carea' id='block_1_1' title="bbox 233 336 341 393">
    <p class='ocr_par' dir='ltr' id='par_1_1' title="bbox 233 336 341 393">
     <span class='ocr_line' id='line_1_1' title="bbox 233 336 341 393; baseline -0.028 0"><span class='ocrx_word' id='word_1_1' title='bbox 233 336 341 393; x_wconf 73' lang='lat'><strong>305</strong></span> 
     </span>
    </p>
   </div>
   <div class='ocr_carea' id='block_1_2' title="bbox 1161 327 2569 391">
    <p class='ocr_par' dir='ltr' id='par_1_2' title="bbox 1161 327 2569 391">
     <span class='ocr_line' id='line_1_2' title="bbox 1161 327 2569 391; baseline -0.006 -2"><span class='ocrx_word' id='word_1_2' title='bbox 1161 331 1658 391; x_wconf 77' lang='lat' dir='ltr'><strong>EXPOSITIONES</strong></span> <span class='ocrx_word' id='word_1_3' title='bbox 1694 330 1759 384; x_wconf 83' lang='lat' dir='ltr'><strong>IN</strong></span> <span class='ocrx_word' id='word_1_4' title='bbox 1799 327 2192 385; x_wconf 79' lang='lat' dir='ltr'><strong>LEVITICUM.</strong></span> <span class='ocrx_word' id='word_1_5' title='bbox 2229 359 2295 367; x_wconf 93' lang='lat'><strong>—</strong></span> <span class='ocrx_word' id='word_1_6' title='bbox 2336 328 2462 382; x_wconf 85' lang='lat' dir='ltr'><strong>LIB.</strong></span> <span class='ocrx_word' id='word_1_7' title='bbox 2507 328 2569 381; x_wconf 94' lang='lat' dir='ltr'><strong>II.</strong></span> 
     </span>
    </p>
   </div>
   <div class='ocr_carea' id='block_1_3' title="bbox 3376 327 3483 383">
    <p class='ocr_par' dir='ltr' id='par_1_3' title="bbox 3376 327 3483 383">
     <span class='ocr_line' id='line_1_3' title="bbox 3376 327 3483 383; baseline -0.019 0"><span class='ocrx_word' id='word_1_8' title='bbox 3376 327 3483 383; x_wconf 73' lang='lat'><strong>306</strong></span> 
     </span>
    </p>
   </div>
   <div class='ocr_carea' id='block_1_4' title="bbox 235 437 3476 519">
    <p class='ocr_par' dir='ltr' id='par_1_4' title="bbox 235 437 3476 519">
     <span class='ocr_line' id='line_1_4' title="bbox 235 437 3476 519; baseline -0.003 -16"><span class='ocrx_word' id='word_1_9' title='bbox 235 448 361 503; x_wconf 67' lang='lat' dir='ltr'><strong>audi</strong></span> <span class='ocrx_word' id='word_1_10' title='bbox 387 462 520 519; x_wconf 88' lang='lat' dir='ltr'><strong>ergo</strong></span> <span class='ocrx_word' id='word_1_11' title='bbox 544 446 657 515; x_wconf 79' lang='lat' dir='ltr'><strong>ipse</strong></span> <span class='ocrx_word' id='word_1_12' title='bbox 698 445 957 498; x_wconf 84' lang='lat' dir='ltr'><strong>Dominus</strong></span> <span class='ocrx_word' id='word_1_13' title='bbox 994 445 1337 513; x_wconf 88' lang='lat' dir='ltr'><strong>omnipotens</strong></span> <span class='ocrx_word' id='word_1_14' title='bbox 1377 444 1504 515; x_wconf 91' lang='lat' dir='ltr'><strong>quid</strong></span> <span class='ocrx_word' id='word_1_15' title='bbox 1544 443 1707 497; x_wconf 87' lang='lat' dir='ltr'><strong>etiam</strong></span> <span class='ocrx_word' id='word_1_16' title='bbox 1746 441 1814 496; x_wconf 91' lang='lat' dir='ltr'><strong>de</strong></span> <span class='ocrx_word' id='word_1_17' title='bbox 1839 443 1892 502; x_wconf 84' lang='grc' dir='ltr'><strong>Α</strong></span> <span class='ocrx_word' id='word_1_18' title='bbox 1915 447 2133 494; x_wconf 87' lang='lat' dir='ltr'><strong>sanctus</strong></span> <span class='ocrx_word' id='word_1_19' title='bbox 2174 446 2255 493; x_wconf 92' lang='lat' dir='ltr'><strong>cst</strong></span> <span class='ocrx_word' id='word_1_20' title='bbox 2299 438 2429 507; x_wconf 79' lang='lat' dir='ltr'><strong>ﬁdes</strong></span> <span class='ocrx_word' id='word_1_21' title='bbox 2468 437 2696 508; x_wconf 78' lang='lat' dir='ltr'><strong>perfecta</strong></span> <span class='ocrx_word' id='word_1_22' title='bbox 2723 447 2771 492; x_wconf 86' lang='lat' dir='ltr'><strong>et</strong></span> <span class='ocrx_word' id='word_1_23' title='bbox 2799 439 3029 493; x_wconf 84' lang='lat' dir='ltr'><strong>charitas</strong></span> <span class='ocrx_word' id='word_1_24' title='bbox 3062 440 3126 493; x_wconf 86' lang='lat' dir='ltr'><strong>de</strong></span> <span class='ocrx_word' id='word_1_25' title='bbox 3150 440 3303 494; x_wconf 88' lang='lat' dir='ltr'><strong>corde</strong></span> <span class='ocrx_word' id='word_1_26' title='bbox 3343 457 3476 509; x_wconf 88' lang='lat' dir='ltr'><strong>puro</strong></span> 
     </span>
    </p>
   </div>
   <div class='ocr_carea' id='block_1_5' title="bbox 240 523 1823 599">
    <p class='ocr_par' dir='ltr' id='par_1_5' title="bbox 240 523 1823 599">
     <span class='ocr_line' id='line_1_5' title="bbox 240 523 1823 599; baseline -0.006 -12"><span class='ocrx_word' id='word_1_27' title='bbox 240 547 322 597; x_wconf 64' lang='lat' dir='ltr'><strong>te,</strong></span> <span class='ocrx_word' id='word_1_28' title='bbox 360 534 468 586; x_wconf 84' lang='lat' dir='ltr'><strong>hoc</strong></span> <span class='ocrx_word' id='word_1_29' title='bbox 490 541 595 595; x_wconf 87' lang='lat' dir='ltr'><strong>est,</strong></span> <span class='ocrx_word' id='word_1_30' title='bbox 628 531 757 599; x_wconf 87' lang='lat' dir='ltr'><strong>quid</strong></span> <span class='ocrx_word' id='word_1_31' title='bbox 789 528 857 581; x_wconf 87' lang='lat' dir='ltr'><strong>de</strong></span> <span class='ocrx_word' id='word_1_32' title='bbox 888 526 1352 580; x_wconf 81' lang='lat' dir='ltr'><strong>hominibusdicat</strong></span> <span class='ocrx_word' id='word_1_33' title='bbox 1388 542 1401 578; x_wconf 92' lang='lat'><strong>:</strong></span> <span class='ocrx_word' id='word_1_34' title='bbox 1428 523 1717 590; x_wconf 85' lang='lat' dir='ltr'><strong>Habitabo,</strong></span> <span class='ocrx_word' id='word_1_35' title='bbox 1744 526 1823 579; x_wconf 90' lang='lat' dir='ltr'><strong>iu-</strong></span> 
     </span>
    </p>
   </div>
   <div class='ocr_carea' id='block_1_6' title="bbox 242 617 1821 694">
    <p class='ocr_par' dir='ltr' id='par_1_6' title="bbox 242 617 1821 694">
     <span class='ocr_line' id='line_1_6' title="bbox 242 617 1821 694; baseline -0.004 -16"><span class='ocrx_word' id='word_1_36' title='bbox 242 627 392 694; x_wconf 88' lang='lat' dir='ltr'><strong>quit,</strong></span> <span class='ocrx_word' id='word_1_37' title='bbox 417 625 472 676; x_wconf 89' lang='lat' dir='ltr'><strong>in</strong></span> <span class='ocrx_word' id='word_1_38' title='bbox 488 623 584 685; x_wconf 86' lang='lat' dir='ltr'><strong>eis,</strong></span> <span class='ocrx_word' id='word_1_39' title='bbox 604 629 652 674; x_wconf 87' lang='lat' dir='ltr'><strong>et</strong></span> <span class='ocrx_word' id='word_1_40' title='bbox 675 621 727 673; x_wconf 88' lang='lat' dir='ltr'><strong>in</strong></span> <span class='ocrx_word' id='word_1_41' title='bbox 753 619 881 688; x_wconf 82' lang='lat' dir='ltr'><strong>ipsis</strong></span> <span class='ocrx_word' id='word_1_42' title='bbox 912 617 1218 671; x_wconf 86' lang='lat' dir='ltr'><strong>ambulabo.</strong></span> <span class='ocrx_word' id='word_1_43' title='bbox 1247 618 1378 672; x_wconf 85' lang='lat' dir='ltr'><strong>Plus</strong></span> <span class='ocrx_word' id='word_1_44' title='bbox 1409 617 1614 687; x_wconf 87' lang='lat' dir='ltr'><strong>aliquid</strong></span> <span class='ocrx_word' id='word_1_45' title='bbox 1642 618 1821 672; x_wconf 87' lang='lat' dir='ltr'><strong>adhuc</strong></span> 
     </span>
    </p>
   </div>
   <div class='ocr_carea' id='block_1_7' title="bbox 242 707 1809 781">
    <p class='ocr_par' dir='ltr' id='par_1_7' title="bbox 242 707 1809 781">
     <span class='ocr_line' id='line_1_7' title="bbox 242 707 1809 781; baseline -0.005 -12"><span class='ocrx_word' id='word_1_46' title='bbox 242 716 464 770; x_wconf 84' lang='lat' dir='ltr'><strong>addidit</strong></span> <span class='ocrx_word' id='word_1_47' title='bbox 502 728 628 780; x_wconf 76' lang='lat' dir='ltr'><strong>erga</strong></span> <span class='ocrx_word' id='word_1_48' title='bbox 667 726 954 781; x_wconf 82' lang='lat' dir='ltr'><strong>personam</strong></span> <span class='ocrx_word' id='word_1_49' title='bbox 981 718 1126 763; x_wconf 86' lang='lat' dir='ltr'><strong>luam</strong></span> <span class='ocrx_word' id='word_1_50' title='bbox 1165 707 1275 762; x_wconf 80' lang='lat' dir='ltr'><strong>:Et</strong></span> <span class='ocrx_word' id='word_1_51' title='bbox 1320 724 1434 772; x_wconf 86' lang='lat' dir='ltr'><strong>ero,</strong></span> <span class='ocrx_word' id='word_1_52' title='bbox 1495 708 1692 777; x_wconf 89' lang='lat' dir='ltr'><strong>inquit,</strong></span> <span class='ocrx_word' id='word_1_53' title='bbox 1735 709 1809 761; x_wconf 86' lang='lat' dir='ltr'><strong>eis</strong></span> 
     </span>
    </p>
   </div>
   <div class='ocr_carea' id='block_1_8' title="bbox 240 794 1821 875">
    <p class='ocr_par' dir='ltr' id='par_1_8' title="bbox 240 794 1821 875">
     <span class='ocr_line' id='line_1_8' title="bbox 240 794 1821 875; baseline -0.008 -13"><span class='ocrx_word' id='word_1_54' title='bbox 240 811 303 862; x_wconf 75' lang='lat' dir='ltr'><strong>in</strong></span> <span class='ocrx_word' id='word_1_55' title='bbox 332 819 561 875; x_wconf 80' lang='lat' dir='ltr'><strong>patrem,</strong></span> <span class='ocrx_word' id='word_1_56' title='bbox 587 814 636 858; x_wconf 89' lang='lat' dir='ltr'><strong>et</strong></span> <span class='ocrx_word' id='word_1_57' title='bbox 664 804 765 870; x_wconf 86' lang='lat' dir='ltr'><strong>ipsi</strong></span> <span class='ocrx_word' id='word_1_58' title='bbox 785 794 938 856; x_wconf 81' lang='lat' dir='ltr'><strong>erunt</strong></span> <span class='ocrx_word' id='word_1_59' title='bbox 979 801 1108 853; x_wconf 84' lang='lat' dir='ltr'><strong>mihi</strong></span> <span class='ocrx_word' id='word_1_60' title='bbox 1135 801 1189 852; x_wconf 90' lang='lat' dir='ltr'><strong>in</strong></span> <span class='ocrx_word' id='word_1_61' title='bbox 1223 798 1365 868; x_wconf 78' lang='lat' dir='ltr'><strong>ﬁlios</strong></span> <span class='ocrx_word' id='word_1_62' title='bbox 1396 807 1443 852; x_wconf 89' lang='lat' dir='ltr'><strong>et</strong></span> <span class='ocrx_word' id='word_1_63' title='bbox 1495 798 1662 866; x_wconf 82' lang='lat' dir='ltr'><strong>ﬁlias,</strong></span> <span class='ocrx_word' id='word_1_64' title='bbox 1695 800 1821 851; x_wconf 86' lang='lat' dir='ltr'><strong>dicit</strong></span> 
     </span>
    </p>
   </div>
   <div class='ocr_carea' id='block_1_9' title="bbox 246 889 1820 965">
    <p class='ocr_par' dir='ltr' id='par_1_9' title="bbox 246 889 1820 965">
     <span class='ocr_line' id='line_1_9' title="bbox 246 889 1820 965; baseline -0.006 -14"><span class='ocrx_word' id='word_1_65' title='bbox 246 898 532 953; x_wconf 79' lang='lat' dir='ltr'><strong>Dominus.</strong></span> <span class='ocrx_word' id='word_1_66' title='bbox 570 893 714 965; x_wconf 75' lang='lat' dir='ltr'><strong>(Leu.</strong></span> <span class='ocrx_word' id='word_1_67' title='bbox 742 907 871 947; x_wconf 71' lang='lat' dir='ltr'><strong>xxvn</strong></span> <span class='ocrx_word' id='word_1_68' title='bbox 899 889 982 957; x_wconf 90' lang='lat' dir='ltr'><strong>;II</strong></span> <span class='ocrx_word' id='word_1_69' title='bbox 1012 889 1135 947; x_wconf 87' lang='lat' dir='ltr'><strong>Cor.</strong></span> <span class='ocrx_word' id='word_1_70' title='bbox 1174 891 1270 957; x_wconf 76' lang='lat' dir='ltr'><strong>vi.)</strong></span> <span class='ocrx_word' id='word_1_71' title='bbox 1300 889 1437 946; x_wconf 78' lang='lat' dir='ltr'><strong>Vide</strong></span> <span class='ocrx_word' id='word_1_72' title='bbox 1464 905 1629 957; x_wconf 87' lang='lat' dir='ltr'><strong>quam</strong></span> <span class='ocrx_word' id='word_1_73' title='bbox 1652 891 1820 943; x_wconf 88' lang='lat' dir='ltr'><strong>multa</strong></span> 
     </span>
    </p>
   </div>
   <div class='ocr_carea' id='block_1_10' title="bbox 240 980 1818 1055">
    <p class='ocr_par' dir='ltr' id='par_1_10' title="bbox 240 980 1818 1055">
     <span class='ocr_line' id='line_1_10' title="bbox 240 980 1818 1055; baseline -0.008 -12"><span class='ocrx_word' id='word_1_74' title='bbox 240 985 624 1044; x_wconf 81' lang='lat' dir='ltr'><strong>misericordia</strong></span> <span class='ocrx_word' id='word_1_75' title='bbox 640 993 691 1040; x_wconf 90' lang='lat' dir='ltr'><strong>et</strong></span> <span class='ocrx_word' id='word_1_76' title='bbox 707 984 1017 1055; x_wconf 74' lang='lat' dir='ltr'><strong>benignitas</strong></span> <span class='ocrx_word' id='word_1_77' title='bbox 1031 981 1127 1038; x_wconf 86' lang='lat' dir='ltr'><strong>Dei</strong></span> <span class='ocrx_word' id='word_1_78' title='bbox 1141 981 1318 1035; x_wconf 83' lang='lat' dir='ltr'><strong>est.Et</strong></span> <span class='ocrx_word' id='word_1_79' title='bbox 1339 980 1427 1034; x_wconf 89' lang='lat' dir='ltr'><strong>ubi</strong></span> <span class='ocrx_word' id='word_1_80' title='bbox 1444 980 1818 1034; x_wconf 66' lang='lat' dir='ltr'><strong>holocaustum</strong></span> 
     </span>
    </p>
   </div>
   <div class='ocr_carea' id='block_1_11' title="bbox 234 1070 1817 1148">
    <p class='ocr_par' dir='ltr' id='par_1_11' title="bbox 234 1070 1817 1148">
     <span class='ocr_line' id='line_1_11' title="bbox 234 1070 1817 1148; baseline -0.005 -15"><span class='ocrx_word' id='word_1_81' title='bbox 234 1079 522 1148; x_wconf 67' lang='lat' dir='ltr'><strong>iugulatur</strong></span> <span class='ocrx_word' id='word_1_82' title='bbox 541 1075 667 1131; x_wconf 90' lang='lat' dir='ltr'><strong>illud</strong></span> <span class='ocrx_word' id='word_1_83' title='bbox 680 1074 825 1144; x_wconf 89' lang='lat' dir='ltr'><strong>quod</strong></span> <span class='ocrx_word' id='word_1_84' title='bbox 842 1073 942 1129; x_wconf 87' lang='lat' dir='ltr'><strong>soli</strong></span> <span class='ocrx_word' id='word_1_85' title='bbox 967 1070 1339 1137; x_wconf 67' lang='lat' dir='ltr'><strong>Deo-oﬁertur,</strong></span> <span class='ocrx_word' id='word_1_86' title='bbox 1357 1071 1437 1126; x_wconf 87' lang='lat' dir='ltr'><strong>ibi</strong></span> <span class='ocrx_word' id='word_1_87' title='bbox 1452 1071 1616 1125; x_wconf 88' lang='lat' dir='ltr'><strong>etiam</strong></span> <span class='ocrx_word' id='word_1_88' title='bbox 1636 1070 1817 1125; x_wconf 87' lang='lat' dir='ltr'><strong>hostia</strong></span> 
     </span>
    </p>
   </div>
   <div class='ocr_carea' id='block_1_12' title="bbox 238 1162 1825 1239">
    <p class='ocr_par' dir='ltr' id='par_1_12' title="bbox 238 1162 1825 1239">
     <span class='ocr_line' id='line_1_12' title="bbox 238 1162 1825 1239; baseline -0.006 -15"><span class='ocrx_word' id='word_1_89' title='bbox 238 1187 363 1238; x_wconf 69' lang='lat' dir='ltr'><strong>quis</strong></span> <span class='ocrx_word' id='word_1_90' title='bbox 388 1183 489 1239; x_wconf 89' lang='lat' dir='ltr'><strong>pro</strong></span> <span class='ocrx_word' id='word_1_91' title='bbox 511 1177 731 1238; x_wconf 86' lang='lat' dir='ltr'><strong>peccato</strong></span> <span class='ocrx_word' id='word_1_92' title='bbox 750 1174 834 1221; x_wconf 91' lang='lat' dir='ltr'><strong>est</strong></span> <span class='ocrx_word' id='word_1_93' title='bbox 849 1164 1135 1235; x_wconf 80' lang='lat' dir='ltr'><strong>limmolari</strong></span> <span class='ocrx_word' id='word_1_94' title='bbox 1179 1162 1435 1232; x_wconf 88' lang='lat' dir='ltr'><strong>jubetur;</strong></span> <span class='ocrx_word' id='word_1_95' title='bbox 1466 1175 1574 1230; x_wconf 90' lang='lat' dir='ltr'><strong>quo</strong></span> <span class='ocrx_word' id='word_1_96' title='bbox 1611 1162 1825 1221; x_wconf 74' lang='lat' dir='ltr'><strong>scilicet</strong></span> 
     </span>
    </p>
   </div>
   <div class='ocr_carea' id='block_1_13' title="bbox 240 1254 1819 1328">
    <p class='ocr_par' dir='ltr' id='par_1_13' title="bbox 240 1254 1819 1328">
     <span class='ocr_line' id='line_1_13' title="bbox 240 1254 1819 1328; baseline -0.005 -11"><span class='ocrx_word' id='word_1_97' title='bbox 240 1261 510 1328; x_wconf 77' lang='lat' dir='ltr'><strong>intelligat</strong></span> <span class='ocrx_word' id='word_1_98' title='bbox 541 1274 600 1315; x_wconf 86' lang='lat' dir='ltr'><strong>se</strong></span> <span class='ocrx_word' id='word_1_99' title='bbox 636 1258 727 1328; x_wconf 92' lang='lat' dir='ltr'><strong>qui</strong></span> <span class='ocrx_word' id='word_1_100' title='bbox 759 1256 1009 1327; x_wconf 78' lang='lat' dir='ltr'><strong>peccavit</strong></span> <span class='ocrx_word' id='word_1_101' title='bbox 1039 1263 1094 1309; x_wconf 91' lang='lat' dir='ltr'><strong>et</strong></span> <span class='ocrx_word' id='word_1_102' title='bbox 1121 1255 1367 1324; x_wconf 79' lang='lat' dir='ltr'><strong>pmnitet,</strong></span> <span class='ocrx_word' id='word_1_103' title='bbox 1394 1267 1690 1308; x_wconf 84' lang='lat' dir='ltr'><strong>conversus</strong></span> <span class='ocrx_word' id='word_1_104' title='bbox 1747 1254 1819 1309; x_wconf 84' lang='lat' dir='ltr'><strong>ad</strong></span> 
     </span>
    </p>
   </div>
   <div class='ocr_carea' id='block_1_14' title="bbox 238 1338 1817 1411">
    <p class='ocr_par' dir='ltr' id='par_1_14' title="bbox 238 1338 1817 1411">
     <span class='ocr_line' id='line_1_14' title="bbox 238 1338 1817 1411; baseline 0.001 -17"><span class='ocrx_word' id='word_1_105' title='bbox 238 1342 435 1405; x_wconf 81' lang='lat' dir='ltr'><strong>Deum,</strong></span> <span class='ocrx_word' id='word_1_106' title='bbox 479 1346 538 1394; x_wconf 91' lang='lat' dir='ltr'><strong>et</strong></span> <span class='ocrx_word' id='word_1_107' title='bbox 577 1338 925 1392; x_wconf 89' lang='lat' dir='ltr'><strong>eontribulati</strong></span> <span class='ocrx_word' id='word_1_108' title='bbox 967 1339 1190 1408; x_wconf 85' lang='lat' dir='ltr'><strong>spiritus</strong></span> <span class='ocrx_word' id='word_1_109' title='bbox 1234 1340 1466 1395; x_wconf 88' lang='lat' dir='ltr'><strong>hostiam</strong></span> <span class='ocrx_word' id='word_1_110' title='bbox 1504 1339 1717 1411; x_wconf 79' lang='lat' dir='ltr'><strong>jugulat</strong></span> <span class='ocrx_word' id='word_1_111' title='bbox 1759 1342 1817 1395; x_wconf 91' lang='lat' dir='ltr'><strong>in</strong></span> 
     </span>
    </p>
   </div>
   <div class='ocr_carea' id='block_1_15' title="bbox 238 1429 1818 1502">
    <p class='ocr_par' dir='ltr' id='par_1_15' title="bbox 238 1429 1818 1502">
     <span class='ocr_line' id='line_1_15' title="bbox 238 1429 1818 1502; baseline 0.001 -18"><span class='ocrx_word' id='word_1_112' title='bbox 238 1430 360 1484; x_wconf 84' lang='lat' dir='ltr'><strong>loco</strong></span> <span class='ocrx_word' id='word_1_113' title='bbox 380 1429 499 1498; x_wconf 87' lang='lat' dir='ltr'><strong>jam</strong></span> <span class='ocrx_word' id='word_1_114' title='bbox 530 1436 723 1482; x_wconf 87' lang='lat' dir='ltr'><strong>sancto</strong></span> <span class='ocrx_word' id='word_1_115' title='bbox 761 1436 908 1483; x_wconf 87' lang='lat' dir='ltr'><strong>stare</strong></span> <span class='ocrx_word' id='word_1_116' title='bbox 935 1437 992 1483; x_wconf 90' lang='lat' dir='ltr'><strong>et</strong></span> <span class='ocrx_word' id='word_1_117' title='bbox 1015 1430 1211 1485; x_wconf 88' lang='lat' dir='ltr'><strong>sociari</strong></span> <span class='ocrx_word' id='word_1_118' title='bbox 1255 1430 1343 1485; x_wconf 88' lang='lat' dir='ltr'><strong>bis</strong></span> <span class='ocrx_word' id='word_1_119' title='bbox 1383 1445 1501 1500; x_wconf 82' lang='lat' dir='ltr'><strong>quae</strong></span> <span class='ocrx_word' id='word_1_120' title='bbox 1543 1433 1818 1502; x_wconf 84' lang='lat' dir='ltr'><strong>pertinent</strong></span> 
     </span>
    </p>
   </div>
   <div class='ocr_carea' id='block_1_16' title="bbox 238 1516 1815 1590">
    <p class='ocr_par' dir='ltr' id='par_1_16' title="bbox 238 1516 1815 1590">
     <span class='ocr_line' id='line_1_16' title="bbox 238 1516 1815 1590; baseline 0.004 -20"><span class='ocrx_word' id='word_1_121' title='bbox 238 1519 309 1573; x_wconf 86' lang='lat' dir='ltr'><strong>ad</strong></span> <span class='ocrx_word' id='word_1_122' title='bbox 332 1518 528 1572; x_wconf 87' lang='lat' dir='ltr'><strong>Deum.</strong></span> <span class='ocrx_word' id='word_1_123' title='bbox 554 1516 633 1572; x_wconf 88' lang='lat' dir='ltr'><strong>Ibi</strong></span> <span class='ocrx_word' id='word_1_124' title='bbox 655 1532 786 1587; x_wconf 90' lang='lat' dir='ltr'><strong>ergo</strong></span> <span class='ocrx_word' id='word_1_125' title='bbox 815 1518 1126 1573; x_wconf 85' lang='lat' dir='ltr'><strong>immolatur</strong></span> <span class='ocrx_word' id='word_1_126' title='bbox 1144 1520 1319 1574; x_wconf 87' lang='lat' dir='ltr'><strong>hostia</strong></span> <span class='ocrx_word' id='word_1_127' title='bbox 1349 1535 1449 1589; x_wconf 88' lang='lat' dir='ltr'><strong>pro</strong></span> <span class='ocrx_word' id='word_1_128' title='bbox 1470 1530 1694 1590; x_wconf 87' lang='lat' dir='ltr'><strong>peccato</strong></span> <span class='ocrx_word' id='word_1_129' title='bbox 1722 1523 1815 1577; x_wconf 91' lang='lat' dir='ltr'><strong>ubi</strong></span> 
     </span>
    </p>
   </div>
   <div class='ocr_carea' id='block_1_17' title="bbox 237 1608 1817 1680">
    <p class='ocr_par' dir='ltr' id='par_1_17' title="bbox 237 1608 1817 1680">
     <span class='ocr_line' id='line_1_17' title="bbox 237 1608 1817 1680; baseline 0.004 -19"><span class='ocrx_word' id='word_1_130' title='bbox 237 1617 294 1661; x_wconf 86' lang='lat' dir='ltr'><strong>et</strong></span> <span class='ocrx_word' id='word_1_131' title='bbox 336 1608 745 1672; x_wconf 76' lang='lat' dir='ltr'><strong>holocaustum,</strong></span> <span class='ocrx_word' id='word_1_132' title='bbox 787 1609 841 1661; x_wconf 89' lang='lat' dir='ltr'><strong>in</strong></span> <span class='ocrx_word' id='word_1_133' title='bbox 889 1619 1183 1680; x_wconf 86' lang='lat' dir='ltr'><strong>conspectu,</strong></span> <span class='ocrx_word' id='word_1_134' title='bbox 1227 1610 1423 1680; x_wconf 84' lang='lat' dir='ltr'><strong>inquit,</strong></span> <span class='ocrx_word' id='word_1_135' title='bbox 1451 1612 1683 1667; x_wconf 78' lang='lat' dir='ltr'><strong>Domini.</strong></span> <span class='ocrx_word' id='word_1_136' title='bbox 1721 1615 1817 1672; x_wconf 87' lang='lat' dir='ltr'><strong>Est</strong></span> 
     </span>
    </p>
   </div>
   <div class='ocr_carea' id='block_1_18' title="bbox 241 1697 1815 1768">
    <p class='ocr_par' dir='ltr' id='par_1_18' title="bbox 241 1697 1815 1768">
     <span class='ocr_line' id='line_1_18' title="bbox 241 1697 1815 1768; baseline 0.005 -18"><span class='ocrx_word' id='word_1_137' title='bbox 241 1698 490 1751; x_wconf 74' lang='lat' dir='ltr'><strong>fortassis</strong></span> <span class='ocrx_word' id='word_1_138' title='bbox 532 1698 589 1751; x_wconf 90' lang='lat' dir='ltr'><strong>in</strong></span> <span class='ocrx_word' id='word_1_139' title='bbox 628 1706 920 1766; x_wconf 90' lang='lat' dir='ltr'><strong>conspectu</strong></span> <span class='ocrx_word' id='word_1_140' title='bbox 968 1698 1181 1752; x_wconf 88' lang='lat' dir='ltr'><strong>Domini</strong></span> <span class='ocrx_word' id='word_1_141' title='bbox 1226 1697 1422 1754; x_wconf 74' lang='lat' dir='ltr'><strong>offerre</strong></span> <span class='ocrx_word' id='word_1_142' title='bbox 1466 1700 1815 1768; x_wconf 78' lang='lat' dir='ltr'><strong>sacriﬁcium,</strong></span> 
     </span>
    </p>
   </div>
   <div class='ocr_carea' id='block_1_19' title="bbox 1919 526 3481 599">
    <p class='ocr_par' dir='ltr' id='par_1_19' title="bbox 1919 526 3481 599">
     <span class='ocr_line' id='line_1_19' title="bbox 1919 526 3481 599; baseline 0.003 -18"><span class='ocrx_word' id='word_1_143' title='bbox 1919 537 1966 582; x_wconf 86' lang='lat' dir='ltr'><strong>et</strong></span> <span class='ocrx_word' id='word_1_144' title='bbox 2001 529 2316 581; x_wconf 78' lang='lat' dir='ltr'><strong>conscientia</strong></span> <span class='ocrx_word' id='word_1_145' title='bbox 2350 528 2481 580; x_wconf 85' lang='lat' dir='ltr'><strong>bona</strong></span> <span class='ocrx_word' id='word_1_146' title='bbox 2512 526 2563 596; x_wconf 90' lang='grc' dir='ltr'><strong>(Ι</strong></span> <span class='ocrx_word' id='word_1_147' title='bbox 2592 526 2725 581; x_wconf 86' lang='lat' dir='ltr'><strong>Tim.</strong></span> <span class='ocrx_word' id='word_1_148' title='bbox 2748 527 2789 599; x_wconf 87' lang='grc' dir='ltr'><strong>ι)</strong></span> <span class='ocrx_word' id='word_1_149' title='bbox 2814 568 2827 582; x_wconf 93' lang='grc'><strong>.</strong></span> <span class='ocrx_word' id='word_1_150' title='bbox 2851 527 2957 594; x_wconf 85' lang='lat' dir='ltr'><strong>Qui</strong></span> <span class='ocrx_word' id='word_1_151' title='bbox 2982 528 3034 582; x_wconf 90' lang='lat' dir='ltr'><strong>in</strong></span> <span class='ocrx_word' id='word_1_152' title='bbox 3058 528 3144 583; x_wconf 83' lang='lat' dir='ltr'><strong>bis</strong></span> <span class='ocrx_word' id='word_1_153' title='bbox 3171 537 3279 583; x_wconf 84' lang='lat' dir='ltr'><strong>stat</strong></span> <span class='ocrx_word' id='word_1_154' title='bbox 3303 531 3358 584; x_wconf 92' lang='lat' dir='ltr'><strong>in</strong></span> <span class='ocrx_word' id='word_1_155' title='bbox 3381 531 3481 586; x_wconf 84' lang='lat' dir='ltr'><strong>Ec-</strong></span> 
     </span>
    </p>
   </div>
   <div class='ocr_carea' id='block_1_20' title="bbox 1919 617 3485 688">
    <p class='ocr_par' dir='ltr' id='par_1_20' title="bbox 1919 617 3485 688">
     <span class='ocr_line' id='line_1_20' title="bbox 1919 617 3485 688; baseline -0.001 -15"><span class='ocrx_word' id='word_1_156' title='bbox 1919 617 2103 683; x_wconf 89' lang='lat' dir='ltr'><strong>clesia,</strong></span> <span class='ocrx_word' id='word_1_157' title='bbox 2149 619 2201 671; x_wconf 91' lang='lat' dir='ltr'><strong>in</strong></span> <span class='ocrx_word' id='word_1_158' title='bbox 2243 619 2360 672; x_wconf 93' lang='lat' dir='ltr'><strong>loco</strong></span> <span class='ocrx_word' id='word_1_159' title='bbox 2386 632 2443 671; x_wconf 91' lang='lat' dir='ltr'><strong>se</strong></span> <span class='ocrx_word' id='word_1_160' title='bbox 2479 625 2668 671; x_wconf 88' lang='lat' dir='ltr'><strong>sancto</strong></span> <span class='ocrx_word' id='word_1_161' title='bbox 2701 624 2846 672; x_wconf 88' lang='lat' dir='ltr'><strong>stare</strong></span> <span class='ocrx_word' id='word_1_162' title='bbox 2871 626 3177 688; x_wconf 82' lang='lat' dir='ltr'><strong>cognoscat.</strong></span> <span class='ocrx_word' id='word_1_163' title='bbox 3210 619 3332 674; x_wconf 90' lang='lat' dir='ltr'><strong>Edit</strong></span> <span class='ocrx_word' id='word_1_164' title='bbox 3355 634 3485 688; x_wconf 81' lang='lat' dir='ltr'><strong>ergo</strong></span> 
     </span>
    </p>
   </div>
   <div class='ocr_carea' id='block_1_21' title="bbox 1917 709 3487 785">
    <p class='ocr_par' dir='ltr' id='par_1_21' title="bbox 1917 709 3487 785">
     <span class='ocr_line' id='line_1_21' title="bbox 1917 709 3487 785; baseline 0.001 -21"><span class='ocrx_word' id='word_1_165' title='bbox 1917 709 2173 764; x_wconf 84' lang='lat' dir='ltr'><strong>sacerdos</strong></span> <span class='ocrx_word' id='word_1_166' title='bbox 2212 724 2405 764; x_wconf 88' lang='lat' dir='ltr'><strong>carnes</strong></span> <span class='ocrx_word' id='word_1_167' title='bbox 2438 710 2688 765; x_wconf 74' lang='lat' dir='ltr'><strong>sacrificii</strong></span> <span class='ocrx_word' id='word_1_168' title='bbox 2720 710 2781 785; x_wconf 73' lang='lat' dir='ltr'><strong>is</strong></span> <span class='ocrx_word' id='word_1_169' title='bbox 2810 711 3310 767; x_wconf 73' lang='lat' dir='ltr'><strong>atriotabernaculi</strong></span> <span class='ocrx_word' id='word_1_170' title='bbox 3335 713 3487 767; x_wconf 85' lang='lat' dir='ltr'><strong>testi-</strong></span> 
     </span>
    </p>
   </div>
   <div class='ocr_carea' id='block_1_22' title="bbox 1914 798 3483 869">
    <p class='ocr_par' dir='ltr' id='par_1_22' title="bbox 1914 798 3483 869">
     <span class='ocr_line' id='line_1_22' title="bbox 1914 798 3483 869; baseline 0.001 -16"><span class='ocrx_word' id='word_1_171' title='bbox 1914 799 2102 864; x_wconf 86' lang='lat' dir='ltr'><strong>monii,</strong></span> <span class='ocrx_word' id='word_1_172' title='bbox 2136 814 2265 853; x_wconf 32' lang='lat' dir='ltr'><strong>cum&#39;</strong></span> <span class='ocrx_word' id='word_1_173' title='bbox 2294 798 2588 869; x_wconf 77' lang='lat' dir='ltr'><strong>intelligere</strong></span> <span class='ocrx_word' id='word_1_174' title='bbox 2613 800 2850 869; x_wconf 81' lang='lat' dir='ltr'><strong>potuerit</strong></span> <span class='ocrx_word' id='word_1_175' title='bbox 2875 816 2996 869; x_wconf 72' lang='lat' dir='ltr'><strong>qua:</strong></span> <span class='ocrx_word' id='word_1_176' title='bbox 3024 801 3096 854; x_wconf 90' lang='lat' dir='ltr'><strong>sit</strong></span> <span class='ocrx_word' id='word_1_177' title='bbox 3127 801 3269 854; x_wconf 83' lang='lat' dir='ltr'><strong>ratio</strong></span> <span class='ocrx_word' id='word_1_178' title='bbox 3298 802 3352 855; x_wconf 91' lang='lat' dir='ltr'><strong>in</strong></span> <span class='ocrx_word' id='word_1_179' title='bbox 3380 802 3483 865; x_wconf 86' lang='lat' dir='ltr'><strong>his,</strong></span> 
     </span>
    </p>
   </div>
   <div class='ocr_carea' id='block_1_23' title="bbox 1915 889 3489 959">
    <p class='ocr_par' dir='ltr' id='par_1_23' title="bbox 1915 889 3489 959">
     <span class='ocr_line' id='line_1_23' title="bbox 1915 889 3489 959; baseline 0.002 -17"><span class='ocrx_word' id='word_1_180' title='bbox 1915 903 2102 957; x_wconf 70' lang='lat' dir='ltr'><strong>qumve</strong></span> <span class='ocrx_word' id='word_1_181' title='bbox 2141 889 2417 959; x_wconf 85' lang='lat' dir='ltr'><strong>mysteria,</strong></span> <span class='ocrx_word' id='word_1_182' title='bbox 2463 905 2583 959; x_wconf 64' lang='lat' dir='ltr'><strong>quae</strong></span> <span class='ocrx_word' id='word_1_183' title='bbox 2622 890 3003 946; x_wconf 88' lang='lat' dir='ltr'><strong>describuntur</strong></span> <span class='ocrx_word' id='word_1_184' title='bbox 3037 893 3102 947; x_wconf 88' lang='lat' dir='ltr'><strong>de</strong></span> <span class='ocrx_word' id='word_1_185' title='bbox 3131 893 3284 947; x_wconf 88' lang='lat' dir='ltr'><strong>atriis</strong></span> <span class='ocrx_word' id='word_1_186' title='bbox 3308 892 3489 946; x_wconf 91' lang='lat' dir='ltr'><strong>taber-</strong></span> 
     </span>
    </p>
   </div>
   <div class='ocr_carea' id='block_1_24' title="bbox 1914 977 3488 1036">
    <p class='ocr_par' dir='ltr' id='par_1_24' title="bbox 1914 977 3488 1036">
     <span class='ocr_line' id='line_1_24' title="bbox 1914 977 3488 1036; baseline 0.004 -6"><span class='ocrx_word' id='word_1_187' title='bbox 1914 977 2092 1031; x_wconf 85' lang='lat' dir='ltr'><strong>naculi</strong></span> <span class='ocrx_word' id='word_1_188' title='bbox 2136 978 2433 1033; x_wconf 81' lang='lat' dir='ltr'><strong>testimonii</strong></span> <span class='ocrx_word' id='word_1_189' title='bbox 2459 996 2471 1031; x_wconf 87' lang='lat'><strong>:</strong></span> <span class='ocrx_word' id='word_1_190' title='bbox 2503 979 2571 1033; x_wconf 90' lang='lat' dir='ltr'><strong>ad</strong></span> <span class='ocrx_word' id='word_1_191' title='bbox 2599 980 2715 1034; x_wconf 64' lang='lat' dir='ltr'><strong>haec</strong></span> <span class='ocrx_word' id='word_1_192' title='bbox 2737 982 2881 1035; x_wconf 91' lang='lat' dir='ltr'><strong>enim</strong></span> <span class='ocrx_word' id='word_1_193' title='bbox 2917 983 3055 1035; x_wconf 89' lang='lat' dir='ltr'><strong>atria</strong></span> <span class='ocrx_word' id='word_1_194' title='bbox 3086 991 3293 1036; x_wconf 90' lang='lat' dir='ltr'><strong>secreta</strong></span> <span class='ocrx_word' id='word_1_195' title='bbox 3325 990 3381 1036; x_wconf 91' lang='lat' dir='ltr'><strong>et</strong></span> <span class='ocrx_word' id='word_1_196' title='bbox 3402 998 3488 1036; x_wconf 89' lang='lat' dir='ltr'><strong>re-</strong></span> 
     </span>
    </p>
   </div>
   <div class='ocr_carea' id='block_1_25' title="bbox 1915 1068 3488 1135">
    <p class='ocr_par' dir='ltr' id='par_1_25' title="bbox 1915 1068 3488 1135">
     <span class='ocr_line' id='line_1_25' title="bbox 1915 1068 3488 1135; baseline 0.002 -12"><span class='ocrx_word' id='word_1_197' title='bbox 1915 1068 2134 1123; x_wconf 87' lang='lat' dir='ltr'><strong>condita</strong></span> <span class='ocrx_word' id='word_1_198' title='bbox 2172 1068 2351 1122; x_wconf 89' lang='lat' dir='ltr'><strong>nullus</strong></span> <span class='ocrx_word' id='word_1_199' title='bbox 2390 1069 2621 1135; x_wconf 83' lang='lat' dir='ltr'><strong>accedit,</strong></span> <span class='ocrx_word' id='word_1_200' title='bbox 2671 1070 2800 1123; x_wconf 87' lang='lat' dir='ltr'><strong>nulli</strong></span> <span class='ocrx_word' id='word_1_201' title='bbox 2846 1071 2961 1125; x_wconf 56' lang='lat' dir='ltr'><strong>hac</strong></span> <span class='ocrx_word' id='word_1_202' title='bbox 2985 1071 3090 1126; x_wconf 92' lang='lat' dir='ltr'><strong>nisi</strong></span> <span class='ocrx_word' id='word_1_203' title='bbox 3117 1071 3488 1126; x_wconf 83' lang='lat' dir='ltr'><strong>sacerdotibus</strong></span> 
     </span>
    </p>
   </div>
   <div class='ocr_carea' id='block_1_26' title="bbox 1918 1159 3489 1228">
    <p class='ocr_par' dir='ltr' id='par_1_26' title="bbox 1918 1159 3489 1228">
     <span class='ocr_line' id='line_1_26' title="bbox 1918 1159 3489 1228; baseline 0.003 -17"><span class='ocrx_word' id='word_1_204' title='bbox 1918 1166 2123 1228; x_wconf 89' lang='lat' dir='ltr'><strong>patent,</strong></span> <span class='ocrx_word' id='word_1_205' title='bbox 2173 1159 2217 1211; x_wconf 93' lang='lat' dir='ltr'><strong>si</strong></span> <span class='ocrx_word' id='word_1_206' title='bbox 2266 1167 2447 1212; x_wconf 86' lang='lat' dir='ltr'><strong>tamen</strong></span> <span class='ocrx_word' id='word_1_207' title='bbox 2487 1168 2730 1228; x_wconf 82' lang='lat' dir='ltr'><strong>pateant,</strong></span> <span class='ocrx_word' id='word_1_208' title='bbox 2786 1161 2831 1214; x_wconf 90' lang='lat' dir='ltr'><strong>si</strong></span> <span class='ocrx_word' id='word_1_209' title='bbox 2881 1161 3104 1215; x_wconf 89' lang='lat' dir='ltr'><strong>scientia</strong></span> <span class='ocrx_word' id='word_1_210' title='bbox 3134 1177 3228 1216; x_wconf 90' lang='lat' dir='ltr'><strong>sua</strong></span> <span class='ocrx_word' id='word_1_211' title='bbox 3258 1161 3489 1215; x_wconf 79' lang='lat' dir='ltr'><strong>etintel-</strong></span> 
     </span>
    </p>
   </div>
   <div class='ocr_carea' id='block_1_27' title="bbox 1915 1247 3482 1318">
    <p class='ocr_par' dir='ltr' id='par_1_27' title="bbox 1915 1247 3482 1318">
     <span class='ocr_line' id='line_1_27' title="bbox 1915 1247 3482 1318; baseline 0 -17"><span class='ocrx_word' id='word_1_212' title='bbox 1915 1248 2058 1303; x_wconf 90' lang='lat' dir='ltr'><strong>lectu</strong></span> <span class='ocrx_word' id='word_1_213' title='bbox 2099 1247 2330 1317; x_wconf 86' lang='lat' dir='ltr'><strong>mystico</strong></span> <span class='ocrx_word' id='word_1_214' title='bbox 2358 1249 2635 1317; x_wconf 85' lang='lat' dir='ltr'><strong>potuerint</strong></span> <span class='ocrx_word' id='word_1_215' title='bbox 2676 1263 2861 1302; x_wconf 90' lang='lat' dir='ltr'><strong>eorum</strong></span> <span class='ocrx_word' id='word_1_216' title='bbox 2918 1256 3127 1303; x_wconf 81' lang='lat' dir='ltr'><strong>secreta</strong></span> <span class='ocrx_word' id='word_1_217' title='bbox 3174 1255 3482 1318; x_wconf 87' lang='lat' dir='ltr'><strong>penetrare.</strong></span> 
     </span>
    </p>
   </div>
   <div class='ocr_carea' id='block_1_28' title="bbox 1918 1336 3489 1405">
    <p class='ocr_par' dir='ltr' id='par_1_28' title="bbox 1918 1336 3489 1405">
     <span class='ocr_line' id='line_1_28' title="bbox 1918 1336 3489 1405; baseline 0 -14"><span class='ocrx_word' id='word_1_218' title='bbox 1918 1337 2043 1391; x_wconf 90' lang='lat' dir='ltr'><strong>Scio</strong></span> <span class='ocrx_word' id='word_1_219' title='bbox 2091 1345 2271 1391; x_wconf 90' lang='lat' dir='ltr'><strong>autem</strong></span> <span class='ocrx_word' id='word_1_220' title='bbox 2307 1351 2427 1391; x_wconf 81' lang='lat' dir='ltr'><strong>esse</strong></span> <span class='ocrx_word' id='word_1_221' title='bbox 2465 1344 2521 1391; x_wconf 91' lang='lat' dir='ltr'><strong>et</strong></span> <span class='ocrx_word' id='word_1_222' title='bbox 2574 1336 2678 1390; x_wconf 85' lang='lat' dir='ltr'><strong>alia</strong></span> <span class='ocrx_word' id='word_1_223' title='bbox 2717 1337 2960 1405; x_wconf 65' lang='lat' dir='ltr'><strong>quaedam</strong></span> <span class='ocrx_word' id='word_1_224' title='bbox 3007 1337 3063 1390; x_wconf 89' lang='lat' dir='ltr'><strong>in</strong></span> <span class='ocrx_word' id='word_1_225' title='bbox 3109 1336 3350 1392; x_wconf 83' lang='lat' dir='ltr'><strong>Ecclesia</strong></span> <span class='ocrx_word' id='word_1_226' title='bbox 3392 1337 3489 1391; x_wconf 84' lang='lat' dir='ltr'><strong>do-</strong></span> 
     </span>
    </p>
   </div>
   <div class='ocr_carea' id='block_1_29' title="bbox 1917 1427 3488 1497">
    <p class='ocr_par' dir='ltr' id='par_1_29' title="bbox 1917 1427 3488 1497">
     <span class='ocr_line' id='line_1_29' title="bbox 1917 1427 3488 1497; baseline 0.001 -18"><span class='ocrx_word' id='word_1_227' title='bbox 1917 1434 2098 1496; x_wconf 89' lang='lat' dir='ltr'><strong>gmata</strong></span> <span class='ocrx_word' id='word_1_228' title='bbox 2125 1427 2440 1491; x_wconf 86' lang='lat' dir='ltr'><strong>secretiora,</strong></span> <span class='ocrx_word' id='word_1_229' title='bbox 2464 1442 2584 1495; x_wconf 69' lang='lat' dir='ltr'><strong>quae</strong></span> <span class='ocrx_word' id='word_1_230' title='bbox 2612 1427 2762 1481; x_wconf 89' lang='lat' dir='ltr'><strong>adire</strong></span> <span class='ocrx_word' id='word_1_231' title='bbox 2806 1443 2904 1482; x_wconf 89' lang='lat' dir='ltr'><strong>nec</strong></span> <span class='ocrx_word' id='word_1_232' title='bbox 2942 1428 3073 1497; x_wconf 87' lang='lat' dir='ltr'><strong>ipsis</strong></span> <span class='ocrx_word' id='word_1_233' title='bbox 3119 1427 3488 1481; x_wconf 89' lang='lat' dir='ltr'><strong>sacerdotibus</strong></span> 
     </span>
    </p>
   </div>
   <div class='ocr_carea' id='block_1_30' title="bbox 1917 1521 3488 1585">
    <p class='ocr_par' dir='ltr' id='par_1_30' title="bbox 1917 1521 3488 1585">
     <span class='ocr_line' id='line_1_30' title="bbox 1917 1521 3488 1585; baseline -0.001 -10"><span class='ocrx_word' id='word_1_234' title='bbox 1917 1521 2110 1585; x_wconf 89' lang='lat' dir='ltr'><strong>liceat;</strong></span> <span class='ocrx_word' id='word_1_235' title='bbox 2138 1521 2228 1575; x_wconf 88' lang='lat' dir='ltr'><strong>illa</strong></span> <span class='ocrx_word' id='word_1_236' title='bbox 2250 1521 2370 1576; x_wconf 87' lang='lat' dir='ltr'><strong>dico</strong></span> <span class='ocrx_word' id='word_1_237' title='bbox 2391 1522 2479 1576; x_wconf 89' lang='lat' dir='ltr'><strong>ubi</strong></span> <span class='ocrx_word' id='word_1_238' title='bbox 2501 1535 2627 1575; x_wconf 89' lang='lat' dir='ltr'><strong>arca</strong></span> <span class='ocrx_word' id='word_1_239' title='bbox 2652 1521 2977 1584; x_wconf 85' lang='lat' dir='ltr'><strong>reconditur,</strong></span> <span class='ocrx_word' id='word_1_240' title='bbox 3002 1521 3092 1575; x_wconf 91' lang='lat' dir='ltr'><strong>ubi</strong></span> <span class='ocrx_word' id='word_1_241' title='bbox 3113 1535 3249 1574; x_wconf 89' lang='lat' dir='ltr'><strong>urna</strong></span> <span class='ocrx_word' id='word_1_242' title='bbox 3277 1534 3488 1573; x_wconf 68' lang='lat' dir='ltr'><strong>manum</strong></span> 
     </span>
    </p>
   </div>
   <div class='ocr_carea' id='block_1_31' title="bbox 1918 1611 3490 1681">
    <p class='ocr_par' dir='ltr' id='par_1_31' title="bbox 1918 1611 3490 1681">
     <span class='ocr_line' id='line_1_31' title="bbox 1918 1611 3490 1681; baseline -0.002 -14"><span class='ocrx_word' id='word_1_243' title='bbox 1918 1621 1975 1667; x_wconf 88' lang='lat' dir='ltr'><strong>et</strong></span> <span class='ocrx_word' id='word_1_244' title='bbox 2003 1612 2196 1666; x_wconf 68' lang='lat' dir='ltr'><strong>tabulae</strong></span> <span class='ocrx_word' id='word_1_245' title='bbox 2223 1612 2554 1667; x_wconf 87' lang='lat' dir='ltr'><strong>testamenti.</strong></span> <span class='ocrx_word' id='word_1_246' title='bbox 2582 1611 2698 1666; x_wconf 87' lang='lat' dir='ltr'><strong>Illic</strong></span> <span class='ocrx_word' id='word_1_247' title='bbox 2726 1626 2793 1666; x_wconf 92' lang='lat' dir='ltr'><strong>ne</strong></span> <span class='ocrx_word' id='word_1_248' title='bbox 2819 1613 2949 1681; x_wconf 88' lang='lat' dir='ltr'><strong>ipsis</strong></span> <span class='ocrx_word' id='word_1_249' title='bbox 2984 1611 3199 1680; x_wconf 91' lang='lat' dir='ltr'><strong>quidem</strong></span> <span class='ocrx_word' id='word_1_250' title='bbox 3239 1611 3490 1666; x_wconf 87' lang='lat' dir='ltr'><strong>sacerdo-</strong></span> 
     </span>
    </p>
   </div>
   <div class='ocr_carea' id='block_1_32' title="bbox 1922 1698 3491 1769">
    <p class='ocr_par' dir='ltr' id='par_1_32' title="bbox 1922 1698 3491 1769">
     <span class='ocr_line' id='line_1_32' title="bbox 1922 1698 3491 1769; baseline -0.002 -15"><span class='ocrx_word' id='word_1_251' title='bbox 1922 1700 2064 1755; x_wconf 91' lang='lat' dir='ltr'><strong>tibus</strong></span> <span class='ocrx_word' id='word_1_252' title='bbox 2107 1702 2267 1754; x_wconf 91' lang='lat' dir='ltr'><strong>datur</strong></span> <span class='ocrx_word' id='word_1_253' title='bbox 2311 1714 2601 1755; x_wconf 86' lang='lat' dir='ltr'><strong>accessus:</strong></span> <span class='ocrx_word' id='word_1_254' title='bbox 2634 1700 2729 1754; x_wconf 82' lang='lat' dir='ltr'><strong>sed</strong></span> <span class='ocrx_word' id='word_1_255' title='bbox 2771 1700 2864 1753; x_wconf 93' lang='lat' dir='ltr'><strong>uni</strong></span> <span class='ocrx_word' id='word_1_256' title='bbox 2917 1707 3097 1753; x_wconf 85' lang='lat' dir='ltr'><strong>tamen</strong></span> <span class='ocrx_word' id='word_1_257' title='bbox 3146 1698 3388 1769; x_wconf 85' lang='lat' dir='ltr'><strong>pontiﬁci</strong></span> <span class='ocrx_word' id='word_1_258' title='bbox 3436 1706 3491 1752; x_wconf 91' lang='lat' dir='ltr'><strong>et</strong></span> 
     </span>
    </p>
   </div>
   <div class='ocr_carea' id='block_1_33' title="bbox 240 1787 3491 1864">
    <p class='ocr_par' dir='ltr' id='par_1_33' title="bbox 240 1787 3491 1864">
     <span class='ocr_line' id='line_1_33' title="bbox 240 1787 3491 1864; baseline -0.001 -21"><span class='ocrx_word' id='word_1_259' title='bbox 240 1799 287 1843; x_wconf 83' lang='lat' dir='ltr'><strong>et</strong></span> <span class='ocrx_word' id='word_1_260' title='bbox 321 1789 525 1844; x_wconf 79' lang='lat' dir='ltr'><strong>oﬁ&#39;erre</strong></span> <span class='ocrx_word' id='word_1_261' title='bbox 553 1790 748 1844; x_wconf 86' lang='lat' dir='ltr'><strong>nonin</strong></span> <span class='ocrx_word' id='word_1_262' title='bbox 778 1799 1066 1858; x_wconf 89' lang='lat' dir='ltr'><strong>conspectu</strong></span> <span class='ocrx_word' id='word_1_263' title='bbox 1096 1790 1329 1845; x_wconf 85' lang='lat' dir='ltr'><strong>Domini.</strong></span> <span class='ocrx_word' id='word_1_264' title='bbox 1388 1793 1521 1860; x_wconf 87' lang='lat' dir='ltr'><strong>Quis</strong></span> <span class='ocrx_word' id='word_1_265' title='bbox 1564 1809 1693 1864; x_wconf 88' lang='lat' dir='ltr'><strong>ergo</strong></span> <span class='ocrx_word' id='word_1_266' title='bbox 1738 1805 1821 1851; x_wconf 87' lang='lat' dir='ltr'><strong>est</strong></span> <span class='ocrx_word' id='word_1_267' title='bbox 1846 1787 1893 1846; x_wconf 90' lang='lat' dir='ltr'><strong>B</strong></span> <span class='ocrx_word' id='word_1_268' title='bbox 1920 1792 2046 1845; x_wconf 89' lang='lat' dir='ltr'><strong>huic</strong></span> <span class='ocrx_word' id='word_1_269' title='bbox 2088 1791 2254 1845; x_wconf 91' lang='lat' dir='ltr'><strong>semel</strong></span> <span class='ocrx_word' id='word_1_270' title='bbox 2299 1791 2356 1844; x_wconf 91' lang='lat' dir='ltr'><strong>in</strong></span> <span class='ocrx_word' id='word_1_271' title='bbox 2400 1805 2563 1856; x_wconf 90' lang='lat' dir='ltr'><strong>anno,</strong></span> <span class='ocrx_word' id='word_1_272' title='bbox 2609 1791 2776 1845; x_wconf 89' lang='lat' dir='ltr'><strong>certis</strong></span> <span class='ocrx_word' id='word_1_273' title='bbox 2815 1790 3135 1860; x_wconf 87' lang='lat' dir='ltr'><strong>quibusdam</strong></span> <span class='ocrx_word' id='word_1_274' title='bbox 3170 1799 3226 1843; x_wconf 91' lang='lat' dir='ltr'><strong>et</strong></span> <span class='ocrx_word' id='word_1_275' title='bbox 3251 1790 3491 1860; x_wconf 86' lang='lat' dir='ltr'><strong>mysticis</strong></span> 
     </span>
    </p>
   </div>
   <div class='ocr_carea' id='block_1_34' title="bbox 239 1878 1817 1955">
    <p class='ocr_par' dir='ltr' id='par_1_34' title="bbox 239 1878 1817 1955">
     <span class='ocr_line' id='line_1_34' title="bbox 239 1878 1817 1955; baseline 0.006 -24"><span class='ocrx_word' id='word_1_276' title='bbox 239 1879 329 1948; x_wconf 89' lang='lat' dir='ltr'><strong>qui</strong></span> <span class='ocrx_word' id='word_1_277' title='bbox 367 1878 530 1933; x_wconf 78' lang='lat' dir='ltr'><strong>oﬂ&#39;ert</strong></span> <span class='ocrx_word' id='word_1_278' title='bbox 569 1879 627 1933; x_wconf 89' lang='lat' dir='ltr'><strong>in</strong></span> <span class='ocrx_word' id='word_1_279' title='bbox 665 1885 956 1948; x_wconf 82' lang='lat' dir='ltr'><strong>conSpectu</strong></span> <span class='ocrx_word' id='word_1_280' title='bbox 992 1879 1236 1934; x_wconf 86' lang='lat' dir='ltr'><strong>Domini?</strong></span> <span class='ocrx_word' id='word_1_281' title='bbox 1259 1881 1349 1936; x_wconf 89' lang='lat' dir='ltr'><strong>llle</strong></span> <span class='ocrx_word' id='word_1_282' title='bbox 1376 1884 1568 1951; x_wconf 74' lang='lat' dir='ltr'><strong>Opinor</strong></span> <span class='ocrx_word' id='word_1_283' title='bbox 1593 1886 1684 1955; x_wconf 85' lang='lat' dir='ltr'><strong>qui</strong></span> <span class='ocrx_word' id='word_1_284' title='bbox 1710 1901 1817 1941; x_wconf 86' lang='lat' dir='ltr'><strong>non</strong></span> 
     </span>
    </p>
   </div>
   <div class='ocr_carea' id='block_1_35' title="bbox 243 1970 1819 2039">
    <p class='ocr_par' dir='ltr' id='par_1_35' title="bbox 243 1970 1819 2039">
     <span class='ocr_line' id='line_1_35' title="bbox 243 1970 1819 2039; baseline 0.006 -16"><span class='ocrx_word' id='word_1_285' title='bbox 243 1970 373 2023; x_wconf 75' lang='lat' dir='ltr'><strong>exiit</strong></span> <span class='ocrx_word' id='word_1_286' title='bbox 397 1984 431 2023; x_wconf 88' lang='lat' dir='ltr'><strong>a</strong></span> <span class='ocrx_word' id='word_1_287' title='bbox 458 1979 755 2039; x_wconf 88' lang='lat' dir='ltr'><strong>conspectu</strong></span> <span class='ocrx_word' id='word_1_288' title='bbox 783 1970 1018 2035; x_wconf 89' lang='lat' dir='ltr'><strong>Domini,</strong></span> <span class='ocrx_word' id='word_1_289' title='bbox 1046 1971 1187 2026; x_wconf 88' lang='lat' dir='ltr'><strong>sicut</strong></span> <span class='ocrx_word' id='word_1_290' title='bbox 1214 1971 1366 2039; x_wconf 90' lang='lat' dir='ltr'><strong>Cain,</strong></span> <span class='ocrx_word' id='word_1_291' title='bbox 1401 1983 1455 2028; x_wconf 91' lang='lat' dir='ltr'><strong>et</strong></span> <span class='ocrx_word' id='word_1_292' title='bbox 1480 1974 1700 2031; x_wconf 80' lang='lat' dir='ltr'><strong>ell&#39;ectus</strong></span> <span class='ocrx_word' id='word_1_293' title='bbox 1735 1986 1819 2033; x_wconf 89' lang='lat' dir='ltr'><strong>est</strong></span> 
     </span>
    </p>
   </div>
   <div class='ocr_carea' id='block_1_36' title="bbox 244 2058 1821 2134">
    <p class='ocr_par' dir='ltr' id='par_1_36' title="bbox 244 2058 1821 2134">
     <span class='ocr_line' id='line_1_36' title="bbox 244 2058 1821 2134; baseline 0.005 -21"><span class='ocrx_word' id='word_1_294' title='bbox 244 2060 441 2115; x_wconf 87' lang='lat' dir='ltr'><strong>timens</strong></span> <span class='ocrx_word' id='word_1_295' title='bbox 465 2068 525 2114; x_wconf 90' lang='lat' dir='ltr'><strong>et</strong></span> <span class='ocrx_word' id='word_1_296' title='bbox 549 2066 806 2114; x_wconf 88' lang='lat' dir='ltr'><strong>tremens.</strong></span> <span class='ocrx_word' id='word_1_297' title='bbox 855 2058 913 2114; x_wconf 90' lang='lat' dir='ltr'><strong>Si</strong></span> <span class='ocrx_word' id='word_1_298' title='bbox 958 2061 1081 2129; x_wconf 89' lang='lat' dir='ltr'><strong>quis</strong></span> <span class='ocrx_word' id='word_1_299' title='bbox 1105 2076 1235 2133; x_wconf 88' lang='lat' dir='ltr'><strong>ergo</strong></span> <span class='ocrx_word' id='word_1_300' title='bbox 1261 2072 1344 2118; x_wconf 91' lang='lat' dir='ltr'><strong>est</strong></span> <span class='ocrx_word' id='word_1_301' title='bbox 1370 2066 1461 2134; x_wconf 88' lang='lat' dir='ltr'><strong>qui</strong></span> <span class='ocrx_word' id='word_1_302' title='bbox 1488 2066 1647 2121; x_wconf 88' lang='lat' dir='ltr'><strong>habet</strong></span> <span class='ocrx_word' id='word_1_303' title='bbox 1682 2065 1821 2121; x_wconf 81' lang='lat' dir='ltr'><strong>ﬁdu-</strong></span> 
     </span>
    </p>
   </div>
   <div class='ocr_carea' id='block_1_37' title="bbox 240 2151 1817 2229">
    <p class='ocr_par' dir='ltr' id='par_1_37' title="bbox 240 2151 1817 2229">
     <span class='ocr_line' id='line_1_37' title="bbox 240 2151 1817 2229; baseline 0.004 -25"><span class='ocrx_word' id='word_1_304' title='bbox 240 2151 380 2205; x_wconf 85' lang='lat' dir='ltr'><strong>ciam</strong></span> <span class='ocrx_word' id='word_1_305' title='bbox 422 2160 609 2207; x_wconf 87' lang='lat' dir='ltr'><strong>astare</strong></span> <span class='ocrx_word' id='word_1_306' title='bbox 650 2151 704 2205; x_wconf 92' lang='lat' dir='ltr'><strong>in</strong></span> <span class='ocrx_word' id='word_1_307' title='bbox 738 2161 1027 2222; x_wconf 90' lang='lat' dir='ltr'><strong>conspectu</strong></span> <span class='ocrx_word' id='word_1_308' title='bbox 1074 2154 1320 2221; x_wconf 90' lang='lat' dir='ltr'><strong>Domini,</strong></span> <span class='ocrx_word' id='word_1_309' title='bbox 1365 2165 1420 2210; x_wconf 90' lang='lat' dir='ltr'><strong>et</strong></span> <span class='ocrx_word' id='word_1_310' title='bbox 1457 2173 1565 2213; x_wconf 90' lang='lat' dir='ltr'><strong>non</strong></span> <span class='ocrx_word' id='word_1_311' title='bbox 1604 2157 1743 2229; x_wconf 79' lang='lat' dir='ltr'><strong>fugit</strong></span> <span class='ocrx_word' id='word_1_312' title='bbox 1786 2174 1817 2212; x_wconf 89' lang='lat' dir='ltr'><strong>a</strong></span> 
     </span>
    </p>
   </div>
   <div class='ocr_carea' id='block_1_38' title="bbox 242 2240 1820 2315">
    <p class='ocr_par' dir='ltr' id='par_1_38' title="bbox 242 2240 1820 2315">
     <span class='ocr_line' id='line_1_38' title="bbox 242 2240 1820 2315; baseline 0.006 -22"><span class='ocrx_word' id='word_1_313' title='bbox 242 2240 381 2295; x_wconf 76' lang='lat' dir='ltr'><strong>facie</strong></span> <span class='ocrx_word' id='word_1_314' title='bbox 423 2241 565 2311; x_wconf 82' lang='lat' dir='ltr'><strong>ejus,</strong></span> <span class='ocrx_word' id='word_1_315' title='bbox 616 2256 716 2296; x_wconf 87' lang='lat' dir='ltr'><strong>nec</strong></span> <span class='ocrx_word' id='word_1_316' title='bbox 755 2251 1033 2310; x_wconf 88' lang='lat' dir='ltr'><strong>aspectum</strong></span> <span class='ocrx_word' id='word_1_317' title='bbox 1076 2243 1192 2312; x_wconf 86' lang='lat' dir='ltr'><strong>ejus</strong></span> <span class='ocrx_word' id='word_1_318' title='bbox 1239 2248 1444 2315; x_wconf 85' lang='lat' dir='ltr'><strong>peccati</strong></span> <span class='ocrx_word' id='word_1_319' title='bbox 1489 2248 1820 2304; x_wconf 87' lang='lat' dir='ltr'><strong>conscientia</strong></span> 
     </span>
    </p>
   </div>
   <div class='ocr_carea' id='block_1_39' title="bbox 242 2330 1814 2402">
    <p class='ocr_par' dir='ltr' id='par_1_39' title="bbox 242 2330 1814 2402">
     <span class='ocr_line' id='line_1_39' title="bbox 242 2330 1814 2402; baseline 0.004 -16"><span class='ocrx_word' id='word_1_320' title='bbox 242 2330 501 2397; x_wconf 77' lang='lat' dir='ltr'><strong>declinat,</strong></span> <span class='ocrx_word' id='word_1_321' title='bbox 537 2331 643 2386; x_wconf 86' lang='lat' dir='ltr'><strong>iste</strong></span> <span class='ocrx_word' id='word_1_322' title='bbox 688 2332 745 2385; x_wconf 88' lang='lat' dir='ltr'><strong>in</strong></span> <span class='ocrx_word' id='word_1_323' title='bbox 793 2342 1087 2402; x_wconf 88' lang='lat' dir='ltr'><strong>conspectu</strong></span> <span class='ocrx_word' id='word_1_324' title='bbox 1127 2335 1223 2389; x_wconf 90' lang='lat' dir='ltr'><strong>Dei</strong></span> <span class='ocrx_word' id='word_1_325' title='bbox 1264 2334 1422 2390; x_wconf 86' lang='lat' dir='ltr'><strong>oll‘ert</strong></span> <span class='ocrx_word' id='word_1_326' title='bbox 1466 2336 1814 2393; x_wconf 84' lang='lat' dir='ltr'><strong>sacriﬁcium.</strong></span> 
     </span>
    </p>
   </div>
   <div class='ocr_carea' id='block_1_40' title="bbox 242 2422 1822 2497">
    <p class='ocr_par' dir='ltr' id='par_1_40' title="bbox 242 2422 1822 2497">
     <span class='ocr_line' id='line_1_40' title="bbox 242 2422 1822 2497; baseline 0.004 -20"><span class='ocrx_word' id='word_1_327' title='bbox 242 2422 397 2478; x_wconf 81' lang='lat' dir='ltr'><strong>Hanc</strong></span> <span class='ocrx_word' id='word_1_328' title='bbox 425 2437 556 2493; x_wconf 88' lang='lat' dir='ltr'><strong>ergo</strong></span> <span class='ocrx_word' id='word_1_329' title='bbox 594 2422 827 2476; x_wconf 87' lang='lat' dir='ltr'><strong>hostiam</strong></span> <span class='ocrx_word' id='word_1_330' title='bbox 866 2438 986 2492; x_wconf 73' lang='lat' dir='ltr'><strong>qua:</strong></span> <span class='ocrx_word' id='word_1_331' title='bbox 1013 2424 1237 2479; x_wconf 83' lang='lat' dir='ltr'><strong>oll&#39;ertur</strong></span> <span class='ocrx_word' id='word_1_332' title='bbox 1262 2440 1362 2495; x_wconf 89' lang='lat' dir='ltr'><strong>pro</strong></span> <span class='ocrx_word' id='word_1_333' title='bbox 1390 2427 1652 2497; x_wconf 88' lang='lat' dir='ltr'><strong>peccatis,</strong></span> <span class='ocrx_word' id='word_1_334' title='bbox 1689 2430 1822 2485; x_wconf 87' lang='lat' dir='ltr'><strong>dicit</strong></span> 
     </span>
    </p>
   </div>
   <div class='ocr_carea' id='block_1_41' title="bbox 240 2514 1822 2590">
    <p class='ocr_par' dir='ltr' id='par_1_41' title="bbox 240 2514 1822 2590">
     <span class='ocr_line' id='line_1_41' title="bbox 240 2514 1822 2590; baseline 0.005 -22"><span class='ocrx_word' id='word_1_335' title='bbox 240 2529 365 2568; x_wconf 89' lang='lat' dir='ltr'><strong>esse</strong></span> <span class='ocrx_word' id='word_1_336' title='bbox 416 2514 615 2567; x_wconf 84' lang='lat' dir='ltr'><strong>Sancta</strong></span> <span class='ocrx_word' id='word_1_337' title='bbox 657 2524 979 2568; x_wconf 80' lang='lat' dir='ltr'><strong>sanctarum.</strong></span> <span class='ocrx_word' id='word_1_338' title='bbox 1027 2515 1198 2585; x_wconf 81' lang='lat' dir='ltr'><strong>Majus</strong></span> <span class='ocrx_word' id='word_1_339' title='bbox 1239 2519 1443 2590; x_wconf 90' lang='lat' dir='ltr'><strong>aliquid</strong></span> <span class='ocrx_word' id='word_1_340' title='bbox 1477 2522 1677 2576; x_wconf 90' lang='lat' dir='ltr'><strong>audere</strong></span> <span class='ocrx_word' id='word_1_341' title='bbox 1704 2522 1822 2576; x_wconf 92' lang='lat' dir='ltr'><strong>vult</strong></span> 
     </span>
    </p>
   </div>
   <div class='ocr_carea' id='block_1_42' title="bbox 245 2606 1822 2681">
    <p class='ocr_par' dir='ltr' id='par_1_42' title="bbox 245 2606 1822 2681">
     <span class='ocr_line' id='line_1_42' title="bbox 245 2606 1822 2681; baseline 0.006 -22"><span class='ocrx_word' id='word_1_342' title='bbox 245 2620 468 2668; x_wconf 77' lang='lat' dir='ltr'><strong>sermo,</strong></span> <span class='ocrx_word' id='word_1_343' title='bbox 492 2606 538 2659; x_wconf 88' lang='lat' dir='ltr'><strong>si</strong></span> <span class='ocrx_word' id='word_1_344' title='bbox 559 2613 736 2660; x_wconf 85' lang='lat' dir='ltr'><strong>tamen</strong></span> <span class='ocrx_word' id='word_1_345' title='bbox 761 2614 817 2661; x_wconf 87' lang='lat' dir='ltr'><strong>et</strong></span> <span class='ocrx_word' id='word_1_346' title='bbox 844 2615 1024 2663; x_wconf 81' lang='lat' dir='ltr'><strong>vester</strong></span> <span class='ocrx_word' id='word_1_347' title='bbox 1051 2619 1306 2679; x_wconf 85' lang='lat' dir='ltr'><strong>sequatur</strong></span> <span class='ocrx_word' id='word_1_348' title='bbox 1329 2612 1566 2677; x_wconf 90' lang='lat' dir='ltr'><strong>auditus,</strong></span> <span class='ocrx_word' id='word_1_349' title='bbox 1595 2628 1713 2681; x_wconf 84' lang='lat' dir='ltr'><strong>quae</strong></span> <span class='ocrx_word' id='word_1_350' title='bbox 1737 2624 1822 2668; x_wconf 84' lang='lat' dir='ltr'><strong>est</strong></span> 
     </span>
    </p>
   </div>
   <div class='ocr_carea' id='block_1_43' title="bbox 246 2695 1823 2766">
    <p class='ocr_par' dir='ltr' id='par_1_43' title="bbox 246 2695 1823 2766">
     <span class='ocr_line' id='line_1_43' title="bbox 246 2695 1823 2766; baseline 0.006 -18"><span class='ocrx_word' id='word_1_351' title='bbox 246 2695 439 2749; x_wconf 77' lang='lat' dir='ltr'><strong>hostia</strong></span> <span class='ocrx_word' id='word_1_352' title='bbox 471 2709 586 2764; x_wconf 75' lang='lat' dir='ltr'><strong>qua:</strong></span> <span class='ocrx_word' id='word_1_353' title='bbox 604 2711 697 2765; x_wconf 91' lang='lat' dir='ltr'><strong>pro</strong></span> <span class='ocrx_word' id='word_1_354' title='bbox 731 2698 969 2766; x_wconf 88' lang='lat' dir='ltr'><strong>peccatis</strong></span> <span class='ocrx_word' id='word_1_355' title='bbox 1010 2698 1255 2764; x_wconf 78' lang='lat' dir='ltr'><strong>oﬂ‘ertur,</strong></span> <span class='ocrx_word' id='word_1_356' title='bbox 1282 2710 1337 2755; x_wconf 91' lang='lat' dir='ltr'><strong>et</strong></span> <span class='ocrx_word' id='word_1_357' title='bbox 1364 2709 1449 2755; x_wconf 89' lang='lat' dir='ltr'><strong>est</strong></span> <span class='ocrx_word' id='word_1_358' title='bbox 1475 2700 1674 2757; x_wconf 89' lang='lat' dir='ltr'><strong>Sancta</strong></span> <span class='ocrx_word' id='word_1_359' title='bbox 1696 2718 1823 2757; x_wconf 88' lang='lat' dir='ltr'><strong>san-</strong></span> 
     </span>
    </p>
   </div>
   <div class='ocr_carea' id='block_1_44' title="bbox 243 2785 1824 2857">
    <p class='ocr_par' dir='ltr' id='par_1_44' title="bbox 243 2785 1824 2857">
     <span class='ocr_line' id='line_1_44' title="bbox 243 2785 1824 2857; baseline 0.005 -18"><span class='ocrx_word' id='word_1_360' title='bbox 243 2793 501 2849; x_wconf 86' lang='lat' dir='ltr'><strong>ctorum,</strong></span> <span class='ocrx_word' id='word_1_361' title='bbox 544 2785 642 2841; x_wconf 87' lang='lat' dir='ltr'><strong>nisi</strong></span> <span class='ocrx_word' id='word_1_362' title='bbox 686 2787 993 2857; x_wconf 89' lang='lat' dir='ltr'><strong>unigenitus</strong></span> <span class='ocrx_word' id='word_1_363' title='bbox 1011 2786 1177 2845; x_wconf 85' lang='lat' dir='ltr'><strong>Filius</strong></span> <span class='ocrx_word' id='word_1_364' title='bbox 1222 2790 1318 2845; x_wconf 91' lang='lat' dir='ltr'><strong>Dei</strong></span> <span class='ocrx_word' id='word_1_365' title='bbox 1364 2791 1623 2846; x_wconf 90' lang='lat' dir='ltr'><strong>Dominus</strong></span> <span class='ocrx_word' id='word_1_366' title='bbox 1670 2807 1824 2847; x_wconf 89' lang='lat' dir='ltr'><strong>meus</strong></span> 
     </span>
    </p>
   </div>
   <div class='ocr_carea' id='block_1_45' title="bbox 240 2872 1823 2951">
    <p class='ocr_par' dir='ltr' id='par_1_45' title="bbox 240 2872 1823 2951">
     <span class='ocr_line' id='line_1_45' title="bbox 240 2872 1823 2951; baseline 0.007 -24"><span class='ocrx_word' id='word_1_367' title='bbox 240 2872 412 2929; x_wconf 62' lang='lat' dir='ltr'><strong>Iesus</strong></span> <span class='ocrx_word' id='word_1_368' title='bbox 437 2872 721 2929; x_wconf 82' lang='lat' dir='ltr'><strong>Christus?</strong></span> <span class='ocrx_word' id='word_1_369' title='bbox 749 2875 867 2946; x_wconf 88' lang='lat' dir='ltr'><strong>Ipse</strong></span> <span class='ocrx_word' id='word_1_370' title='bbox 887 2876 1032 2933; x_wconf 87' lang='lat' dir='ltr'><strong>solus</strong></span> <span class='ocrx_word' id='word_1_371' title='bbox 1056 2887 1141 2933; x_wconf 88' lang='lat' dir='ltr'><strong>est</strong></span> <span class='ocrx_word' id='word_1_372' title='bbox 1165 2880 1340 2934; x_wconf 89' lang='lat' dir='ltr'><strong>hostia</strong></span> <span class='ocrx_word' id='word_1_373' title='bbox 1365 2896 1462 2951; x_wconf 92' lang='lat' dir='ltr'><strong>pro</strong></span> <span class='ocrx_word' id='word_1_374' title='bbox 1487 2882 1745 2950; x_wconf 89' lang='lat' dir='ltr'><strong>peccatis,</strong></span> <span class='ocrx_word' id='word_1_375' title='bbox 1767 2891 1823 2938; x_wconf 91' lang='lat' dir='ltr'><strong>et</strong></span> 
     </span>
    </p>
   </div>
   <div class='ocr_carea' id='block_1_46' title="bbox 241 2966 1824 3041">
    <p class='ocr_par' dir='ltr' id='par_1_46' title="bbox 241 2966 1824 3041">
     <span class='ocr_line' id='line_1_46' title="bbox 241 2966 1824 3041; baseline 0.008 -23"><span class='ocrx_word' id='word_1_376' title='bbox 241 2966 363 3032; x_wconf 86' lang='lat' dir='ltr'><strong>ipse</strong></span> <span class='ocrx_word' id='word_1_377' title='bbox 387 2974 475 3020; x_wconf 89' lang='lat' dir='ltr'><strong>est</strong></span> <span class='ocrx_word' id='word_1_378' title='bbox 494 2966 672 3020; x_wconf 87' lang='lat' dir='ltr'><strong>hostia</strong></span> <span class='ocrx_word' id='word_1_379' title='bbox 694 2966 893 3023; x_wconf 89' lang='lat' dir='ltr'><strong>Sancta</strong></span> <span class='ocrx_word' id='word_1_380' title='bbox 918 2976 1247 3025; x_wconf 89' lang='lat' dir='ltr'><strong>sanctorum.</strong></span> <span class='ocrx_word' id='word_1_381' title='bbox 1288 2969 1395 3027; x_wconf 89' lang='lat' dir='ltr'><strong>Sed</strong></span> <span class='ocrx_word' id='word_1_382' title='bbox 1417 2973 1560 3041; x_wconf 86' lang='lat' dir='ltr'><strong>quod</strong></span> <span class='ocrx_word' id='word_1_383' title='bbox 1585 2973 1824 3030; x_wconf 86' lang='lat' dir='ltr'><strong>addidit?</strong></span> 
     </span>
    </p>
   </div>
   <div class='ocr_carea' id='block_1_47' title="bbox 243 3056 1821 3138">
    <p class='ocr_par' dir='ltr' id='par_1_47' title="bbox 243 3056 1821 3138">
     <span class='ocr_line' id='line_1_47' title="bbox 243 3056 1821 3138; baseline 0.008 -29"><span class='ocrx_word' id='word_1_384' title='bbox 243 3056 532 3121; x_wconf 74' lang='lat' dir='ltr'><strong>Sacerdos,</strong></span> <span class='ocrx_word' id='word_1_385' title='bbox 557 3057 749 3126; x_wconf 85' lang='lat' dir='ltr'><strong>inquit,</strong></span> <span class='ocrx_word' id='word_1_386' title='bbox 778 3061 870 3130; x_wconf 86' lang='lat' dir='ltr'><strong>qui</strong></span> <span class='ocrx_word' id='word_1_387' title='bbox 895 3061 1047 3130; x_wconf 75' lang='lat' dir='ltr'><strong>offert</strong></span> <span class='ocrx_word' id='word_1_388' title='bbox 1066 3061 1223 3129; x_wconf 88' lang='lat' dir='ltr'><strong>illud,</strong></span> <span class='ocrx_word' id='word_1_389' title='bbox 1252 3063 1366 3117; x_wconf 85' lang='lat' dir='ltr'><strong>edet</strong></span> <span class='ocrx_word' id='word_1_390' title='bbox 1387 3062 1542 3118; x_wconf 87' lang='lat' dir='ltr'><strong>illud.</strong></span> <span class='ocrx_word' id='word_1_391' title='bbox 1572 3064 1667 3121; x_wconf 83' lang='lat' dir='ltr'><strong>Hic</strong></span> <span class='ocrx_word' id='word_1_392' title='bbox 1691 3081 1821 3138; x_wconf 82' lang='lat' dir='ltr'><strong>ergo</strong></span> 
     </span>
    </p>
   </div>
   <div class='ocr_carea' id='block_1_48' title="bbox 240 3147 1818 3222">
    <p class='ocr_par' dir='ltr' id='par_1_48' title="bbox 240 3147 1818 3222">
     <span class='ocr_line' id='line_1_48' title="bbox 240 3147 1818 3222; baseline 0.006 -21"><span class='ocrx_word' id='word_1_393' title='bbox 240 3156 329 3201; x_wconf 86' lang='lat' dir='ltr'><strong>est</strong></span> <span class='ocrx_word' id='word_1_394' title='bbox 358 3147 618 3202; x_wconf 85' lang='lat' dir='ltr'><strong>sacerdos</strong></span> <span class='ocrx_word' id='word_1_395' title='bbox 642 3149 733 3216; x_wconf 89' lang='lat' dir='ltr'><strong>qui</strong></span> <span class='ocrx_word' id='word_1_396' title='bbox 753 3159 972 3219; x_wconf 87' lang='lat' dir='ltr'><strong>peccata</strong></span> <span class='ocrx_word' id='word_1_397' title='bbox 992 3151 1172 3222; x_wconf 90' lang='lat' dir='ltr'><strong>populi</strong></span> <span class='ocrx_word' id='word_1_398' title='bbox 1196 3153 1428 3208; x_wconf 89' lang='lat' dir='ltr'><strong>comedit</strong></span> <span class='ocrx_word' id='word_1_399' title='bbox 1452 3162 1507 3208; x_wconf 90' lang='lat' dir='ltr'><strong>et</strong></span> <span class='ocrx_word' id='word_1_400' title='bbox 1532 3156 1818 3220; x_wconf 85' lang='lat' dir='ltr'><strong>consumit,</strong></span> 
     </span>
    </p>
   </div>
   <div class='ocr_carea' id='block_1_49' title="bbox 242 3236 1822 3305">
    <p class='ocr_par' dir='ltr' id='par_1_49' title="bbox 242 3236 1822 3305">
     <span class='ocr_line' id='line_1_49' title="bbox 242 3236 1822 3305; baseline 0.006 -13"><span class='ocrx_word' id='word_1_401' title='bbox 242 3237 313 3292; x_wconf 83' lang='lat' dir='ltr'><strong>de</strong></span> <span class='ocrx_word' id='word_1_402' title='bbox 339 3250 459 3305; x_wconf 88' lang='lat' dir='ltr'><strong>quo</strong></span> <span class='ocrx_word' id='word_1_403' title='bbox 491 3236 693 3291; x_wconf 88' lang='lat' dir='ltr'><strong>dictum</strong></span> <span class='ocrx_word' id='word_1_404' title='bbox 723 3248 806 3293; x_wconf 88' lang='lat' dir='ltr'><strong>est</strong></span> <span class='ocrx_word' id='word_1_405' title='bbox 833 3256 847 3293; x_wconf 90' lang='lat'><strong>:</strong></span> <span class='ocrx_word' id='word_1_406' title='bbox 879 3238 958 3293; x_wconf 88' lang='lat' dir='ltr'><strong>Tu</strong></span> <span class='ocrx_word' id='word_1_407' title='bbox 994 3257 1048 3295; x_wconf 91' lang='lat' dir='ltr'><strong>es</strong></span> <span class='ocrx_word' id='word_1_408' title='bbox 1087 3247 1329 3297; x_wconf 80' lang='lat' dir='ltr'><strong>sacerdos</strong></span> <span class='ocrx_word' id='word_1_409' title='bbox 1356 3245 1412 3297; x_wconf 90' lang='lat' dir='ltr'><strong>in</strong></span> <span class='ocrx_word' id='word_1_410' title='bbox 1443 3253 1694 3299; x_wconf 70' lang='lat' dir='ltr'><strong>azternum</strong></span> <span class='ocrx_word' id='word_1_411' title='bbox 1738 3262 1822 3301; x_wconf 81' lang='lat' dir='ltr'><strong>sc-</strong></span> 
     </span>
    </p>
   </div>
   <div class='ocr_carea' id='block_1_50' title="bbox 242 3326 1825 3405">
    <p class='ocr_par' dir='ltr' id='par_1_50' title="bbox 242 3326 1825 3405">
     <span class='ocr_line' id='line_1_50' title="bbox 242 3326 1825 3405; baseline 0.007 -27"><span class='ocrx_word' id='word_1_412' title='bbox 242 3326 483 3379; x_wconf 68' lang='lat' dir='ltr'><strong>andam</strong></span> <span class='ocrx_word' id='word_1_413' title='bbox 510 3328 748 3382; x_wconf 82' lang='lat' dir='ltr'><strong>ordinem</strong></span> <span class='ocrx_word' id='word_1_414' title='bbox 769 3327 1143 3384; x_wconf 75' lang='lat' dir='ltr'><strong>Melchisedech</strong></span> <span class='ocrx_word' id='word_1_415' title='bbox 1191 3329 1360 3399; x_wconf 81' lang='lat' dir='ltr'><strong>(Psal.</strong></span> <span class='ocrx_word' id='word_1_416' title='bbox 1403 3332 1536 3405; x_wconf 75' lang='lat' dir='ltr'><strong>CIX).</strong></span> <span class='ocrx_word' id='word_1_417' title='bbox 1578 3332 1825 3389; x_wconf 82' lang='lat' dir='ltr'><strong>Salvator</strong></span> 
     </span>
    </p>
   </div>
   <div class='ocr_carea' id='block_1_51' title="bbox 243 3416 1824 3491">
    <p class='ocr_par' dir='ltr' id='par_1_51' title="bbox 243 3416 1824 3491">
     <span class='ocr_line' id='line_1_51' title="bbox 243 3416 1824 3491; baseline 0.006 -23"><span class='ocrx_word' id='word_1_418' title='bbox 243 3428 381 3484; x_wconf 83' lang='lat' dir='ltr'><strong>ergo</strong></span> <span class='ocrx_word' id='word_1_419' title='bbox 411 3416 754 3472; x_wconf 89' lang='lat' dir='ltr'><strong>etDominus</strong></span> <span class='ocrx_word' id='word_1_420' title='bbox 794 3432 947 3473; x_wconf 88' lang='lat' dir='ltr'><strong>meus</strong></span> <span class='ocrx_word' id='word_1_421' title='bbox 993 3426 1213 3488; x_wconf 89' lang='lat' dir='ltr'><strong>peccata</strong></span> <span class='ocrx_word' id='word_1_422' title='bbox 1264 3421 1446 3491; x_wconf 82' lang='lat' dir='ltr'><strong>populi</strong></span> <span class='ocrx_word' id='word_1_423' title='bbox 1499 3421 1628 3476; x_wconf 89' lang='lat' dir='ltr'><strong>edit.</strong></span> <span class='ocrx_word' id='word_1_424' title='bbox 1682 3422 1824 3489; x_wconf 90' lang='lat' dir='ltr'><strong>Quo-</strong></span> 
     </span>
    </p>
   </div>
   <div class='ocr_carea' id='block_1_52' title="bbox 244 3504 1820 3581">
    <p class='ocr_par' dir='ltr' id='par_1_52' title="bbox 244 3504 1820 3581">
     <span class='ocr_line' id='line_1_52' title="bbox 244 3504 1820 3581; baseline 0.004 -22"><span class='ocrx_word' id='word_1_425' title='bbox 244 3504 419 3559; x_wconf 73' lang='lat' dir='ltr'><strong>modo</strong></span> <span class='ocrx_word' id='word_1_426' title='bbox 444 3504 555 3558; x_wconf 88' lang='lat' dir='ltr'><strong>edit</strong></span> <span class='ocrx_word' id='word_1_427' title='bbox 580 3514 800 3573; x_wconf 86' lang='lat' dir='ltr'><strong>peccata</strong></span> <span class='ocrx_word' id='word_1_428' title='bbox 822 3506 1042 3576; x_wconf 83' lang='lat' dir='ltr'><strong>populi?</strong></span> <span class='ocrx_word' id='word_1_429' title='bbox 1074 3507 1213 3562; x_wconf 83' lang='lat' dir='ltr'><strong>Audi</strong></span> <span class='ocrx_word' id='word_1_430' title='bbox 1247 3508 1375 3579; x_wconf 92' lang='lat' dir='ltr'><strong>quid</strong></span> <span class='ocrx_word' id='word_1_431' title='bbox 1409 3510 1670 3581; x_wconf 89' lang='lat' dir='ltr'><strong>scriptum</strong></span> <span class='ocrx_word' id='word_1_432' title='bbox 1701 3520 1820 3566; x_wconf 89' lang='lat' dir='ltr'><strong>est:</strong></span> 
     </span>
    </p>
   </div>
   <div class='ocr_carea' id='block_1_53' title="bbox 244 3594 1826 3667">
    <p class='ocr_par' dir='ltr' id='par_1_53' title="bbox 244 3594 1826 3667">
     <span class='ocr_line' id='line_1_53' title="bbox 244 3594 1826 3667; baseline 0.005 -20"><span class='ocrx_word' id='word_1_433' title='bbox 244 3594 429 3659; x_wconf 77' lang='lat' dir='ltr'><strong>Deus,</strong></span> <span class='ocrx_word' id='word_1_434' title='bbox 469 3595 662 3664; x_wconf 86' lang='lat' dir='ltr'><strong>inquit,</strong></span> <span class='ocrx_word' id='word_1_435' title='bbox 712 3607 887 3650; x_wconf 79' lang='lat' dir='ltr'><strong>noster</strong></span> <span class='ocrx_word' id='word_1_436' title='bbox 912 3598 1048 3667; x_wconf 83' lang='lat' dir='ltr'><strong>ignis</strong></span> <span class='ocrx_word' id='word_1_437' title='bbox 1076 3614 1383 3653; x_wconf 87' lang='lat' dir='ltr'><strong>consumens</strong></span> <span class='ocrx_word' id='word_1_438' title='bbox 1411 3610 1506 3654; x_wconf 89' lang='lat' dir='ltr'><strong>est.</strong></span> <span class='ocrx_word' id='word_1_439' title='bbox 1536 3601 1675 3667; x_wconf 85' lang='lat' dir='ltr'><strong>Quid</strong></span> <span class='ocrx_word' id='word_1_440' title='bbox 1699 3617 1826 3655; x_wconf 86' lang='lat' dir='ltr'><strong>con-</strong></span> 
     </span>
    </p>
   </div>
   <div class='ocr_carea' id='block_1_54' title="bbox 240 3685 1823 3760">
    <p class='ocr_par' dir='ltr' id='par_1_54' title="bbox 240 3685 1823 3760">
     <span class='ocr_line' id='line_1_54' title="bbox 240 3685 1823 3760; baseline 0.003 -19"><span class='ocrx_word' id='word_1_441' title='bbox 240 3686 423 3741; x_wconf 79' lang='lat' dir='ltr'><strong>sumit</strong></span> <span class='ocrx_word' id='word_1_442' title='bbox 454 3685 597 3741; x_wconf 88' lang='lat' dir='ltr'><strong>Deus</strong></span> <span class='ocrx_word' id='word_1_443' title='bbox 623 3687 761 3757; x_wconf 86' lang='lat' dir='ltr'><strong>ignis</strong></span> <span class='ocrx_word' id='word_1_444' title='bbox 786 3705 800 3741; x_wconf 90' lang='lat'><strong>:</strong></span> <span class='ocrx_word' id='word_1_445' title='bbox 824 3689 1064 3757; x_wconf 85' lang='lat' dir='ltr'><strong>nunquid</strong></span> <span class='ocrx_word' id='word_1_446' title='bbox 1086 3696 1193 3743; x_wconf 90' lang='lat' dir='ltr'><strong>tam</strong></span> <span class='ocrx_word' id='word_1_447' title='bbox 1223 3690 1392 3759; x_wconf 86' lang='lat' dir='ltr'><strong>inepti</strong></span> <span class='ocrx_word' id='word_1_448' title='bbox 1419 3692 1622 3746; x_wconf 89' lang='lat' dir='ltr'><strong>erimus</strong></span> <span class='ocrx_word' id='word_1_449' title='bbox 1643 3699 1704 3745; x_wconf 91' lang='lat' dir='ltr'><strong>ut</strong></span> <span class='ocrx_word' id='word_1_450' title='bbox 1723 3706 1823 3760; x_wconf 89' lang='lat' dir='ltr'><strong>pu-</strong></span> 
     </span>
    </p>
   </div>
   <div class='ocr_carea' id='block_1_55' title="bbox 242 3776 1824 3850">
    <p class='ocr_par' dir='ltr' id='par_1_55' title="bbox 242 3776 1824 3850">
     <span class='ocr_line' id='line_1_55' title="bbox 242 3776 1824 3850; baseline 0.001 -18"><span class='ocrx_word' id='word_1_451' title='bbox 242 3785 443 3832; x_wconf 82' lang='lat' dir='ltr'><strong>temus</strong></span> <span class='ocrx_word' id='word_1_452' title='bbox 475 3778 615 3845; x_wconf 88' lang='lat' dir='ltr'><strong>quod</strong></span> <span class='ocrx_word' id='word_1_453' title='bbox 636 3776 730 3831; x_wconf 88' lang='lat' dir='ltr'><strong>Dei</strong></span> <span class='ocrx_word' id='word_1_454' title='bbox 752 3777 889 3847; x_wconf 91' lang='lat' dir='ltr'><strong>ignis</strong></span> <span class='ocrx_word' id='word_1_455' title='bbox 912 3778 1056 3848; x_wconf 86' lang='lat' dir='ltr'><strong>ligna</strong></span> <span class='ocrx_word' id='word_1_456' title='bbox 1090 3788 1395 3845; x_wconf 90' lang='lat' dir='ltr'><strong>consumat,</strong></span> <span class='ocrx_word' id='word_1_457' title='bbox 1428 3787 1522 3834; x_wconf 90' lang='lat' dir='ltr'><strong>aut</strong></span> <span class='ocrx_word' id='word_1_458' title='bbox 1550 3780 1824 3850; x_wconf 89' lang='lat' dir='ltr'><strong>stipulam,</strong></span> 
     </span>
    </p>
   </div>
   <div class='ocr_carea' id='block_1_56' title="bbox 239 3866 1823 3940">
    <p class='ocr_par' dir='ltr' id='par_1_56' title="bbox 239 3866 1823 3940">
     <span class='ocr_line' id='line_1_56' title="bbox 239 3866 1823 3940; baseline 0.002 -19"><span class='ocrx_word' id='word_1_459' title='bbox 239 3875 338 3921; x_wconf 79' lang='lat' dir='ltr'><strong>aut</strong></span> <span class='ocrx_word' id='word_1_460' title='bbox 359 3866 589 3920; x_wconf 75' lang='lat' dir='ltr'><strong>fenum?</strong></span> <span class='ocrx_word' id='word_1_461' title='bbox 604 3866 697 3921; x_wconf 87' lang='lat' dir='ltr'><strong>sed</strong></span> <span class='ocrx_word' id='word_1_462' title='bbox 719 3868 986 3923; x_wconf 90' lang='lat' dir='ltr'><strong>consumit</strong></span> <span class='ocrx_word' id='word_1_463' title='bbox 1002 3868 1144 3924; x_wconf 88' lang='lat' dir='ltr'><strong>Deus</strong></span> <span class='ocrx_word' id='word_1_464' title='bbox 1164 3869 1301 3940; x_wconf 81' lang='lat' dir='ltr'><strong>ignis</strong></span> <span class='ocrx_word' id='word_1_465' title='bbox 1325 3869 1559 3923; x_wconf 88' lang='lat' dir='ltr'><strong>humana</strong></span> <span class='ocrx_word' id='word_1_466' title='bbox 1581 3880 1823 3940; x_wconf 89' lang='lat' dir='ltr'><strong>peccata,</strong></span> 
     </span>
    </p>
   </div>
   <div class='ocr_carea' id='block_1_57' title="bbox 240 3955 1827 4030">
    <p class='ocr_par' dir='ltr' id='par_1_57' title="bbox 240 3955 1827 4030">
     <span class='ocr_line' id='line_1_57' title="bbox 240 3955 1827 4030; baseline 0.003 -21"><span class='ocrx_word' id='word_1_467' title='bbox 240 3956 333 4009; x_wconf 85' lang='lat' dir='ltr'><strong>illa</strong></span> <span class='ocrx_word' id='word_1_468' title='bbox 388 3955 651 4021; x_wconf 84' lang='lat' dir='ltr'><strong>absumit,</strong></span> <span class='ocrx_word' id='word_1_469' title='bbox 698 3956 788 4010; x_wconf 89' lang='lat' dir='ltr'><strong>illa</strong></span> <span class='ocrx_word' id='word_1_470' title='bbox 834 3957 1075 4025; x_wconf 85' lang='lat' dir='ltr'><strong>devorat,</strong></span> <span class='ocrx_word' id='word_1_471' title='bbox 1129 3958 1221 4013; x_wconf 89' lang='lat' dir='ltr'><strong>illa</strong></span> <span class='ocrx_word' id='word_1_472' title='bbox 1262 3967 1480 4030; x_wconf 89' lang='lat' dir='ltr'><strong>purgat,</strong></span> <span class='ocrx_word' id='word_1_473' title='bbox 1533 3959 1827 4015; x_wconf 90' lang='lat' dir='ltr'><strong>secundum</strong></span> 
     </span>
    </p>
   </div>
   <div class='ocr_carea' id='block_1_58' title="bbox 238 4045 1827 4121">
    <p class='ocr_par' dir='ltr' id='par_1_58' title="bbox 238 4045 1827 4121">
     <span class='ocr_line' id='line_1_58' title="bbox 238 4045 1827 4121; baseline 0.003 -22"><span class='ocrx_word' id='word_1_474' title='bbox 238 4045 399 4114; x_wconf 80' lang='lat' dir='ltr'><strong>quod</strong></span> <span class='ocrx_word' id='word_1_475' title='bbox 448 4051 504 4097; x_wconf 89' lang='lat' dir='ltr'><strong>et</strong></span> <span class='ocrx_word' id='word_1_476' title='bbox 544 4045 668 4099; x_wconf 88' lang='lat' dir='ltr'><strong>alibi</strong></span> <span class='ocrx_word' id='word_1_477' title='bbox 696 4046 956 4101; x_wconf 87' lang='lat' dir='ltr'><strong>dicit:Et</strong></span> <span class='ocrx_word' id='word_1_478' title='bbox 997 4048 1230 4118; x_wconf 83' lang='lat' dir='ltr'><strong>purgabo</strong></span> <span class='ocrx_word' id='word_1_479' title='bbox 1278 4057 1329 4103; x_wconf 88' lang='lat' dir='ltr'><strong>te</strong></span> <span class='ocrx_word' id='word_1_480' title='bbox 1366 4050 1475 4121; x_wconf 86' lang='lat' dir='ltr'><strong>igni</strong></span> <span class='ocrx_word' id='word_1_481' title='bbox 1522 4050 1592 4103; x_wconf 89' lang='lat' dir='ltr'><strong>ad</strong></span> <span class='ocrx_word' id='word_1_482' title='bbox 1636 4067 1827 4119; x_wconf 87' lang='lat' dir='ltr'><strong>purum</strong></span> 
     </span>
    </p>
   </div>
   <div class='ocr_carea' id='block_1_59' title="bbox 240 4133 1827 4210">
    <p class='ocr_par' dir='ltr' id='par_1_59' title="bbox 240 4133 1827 4210">
     <span class='ocr_line' id='line_1_59' title="bbox 240 4133 1827 4210; baseline 0.006 -23"><span class='ocrx_word' id='word_1_483' title='bbox 240 4136 392 4202; x_wconf 76' lang='lat' dir='ltr'><strong>(lea.</strong></span> <span class='ocrx_word' id='word_1_484' title='bbox 452 4133 511 4205; x_wconf 86' lang='grc' dir='ltr'><strong>ι).</strong></span> <span class='ocrx_word' id='word_1_485' title='bbox 559 4135 669 4191; x_wconf 82' lang='lat' dir='ltr'><strong>Hoc</strong></span> <span class='ocrx_word' id='word_1_486' title='bbox 713 4146 796 4191; x_wconf 89' lang='lat' dir='ltr'><strong>est</strong></span> <span class='ocrx_word' id='word_1_487' title='bbox 844 4138 1170 4194; x_wconf 90' lang='lat' dir='ltr'><strong>manducare</strong></span> <span class='ocrx_word' id='word_1_488' title='bbox 1222 4148 1506 4209; x_wconf 88' lang='lat' dir='ltr'><strong>peccatum</strong></span> <span class='ocrx_word' id='word_1_489' title='bbox 1547 4139 1694 4209; x_wconf 88' lang='lat' dir='ltr'><strong>ejus,</strong></span> <span class='ocrx_word' id='word_1_490' title='bbox 1734 4141 1827 4210; x_wconf 89' lang='lat' dir='ltr'><strong>qui</strong></span> 
     </span>
    </p>
   </div>
   <div class='ocr_carea' id='block_1_60' title="bbox 239 4225 1828 4302">
    <p class='ocr_par' dir='ltr' id='par_1_60' title="bbox 239 4225 1828 4302">
     <span class='ocr_line' id='line_1_60' title="bbox 239 4225 1828 4302; baseline 0.003 -23"><span class='ocrx_word' id='word_1_491' title='bbox 239 4225 419 4280; x_wconf 80' lang='lat' dir='ltr'><strong>oll&#39;ert</strong></span> <span class='ocrx_word' id='word_1_492' title='bbox 467 4226 788 4280; x_wconf 82' lang='lat' dir='ltr'><strong>sacriﬁcium</strong></span> <span class='ocrx_word' id='word_1_493' title='bbox 826 4240 926 4296; x_wconf 88' lang='lat' dir='ltr'><strong>pro</strong></span> <span class='ocrx_word' id='word_1_494' title='bbox 965 4237 1188 4299; x_wconf 89' lang='lat' dir='ltr'><strong>peccato</strong></span> <span class='ocrx_word' id='word_1_495' title='bbox 1219 4247 1232 4283; x_wconf 91' lang='lat'><strong>:</strong></span> <span class='ocrx_word' id='word_1_496' title='bbox 1267 4230 1381 4299; x_wconf 90' lang='lat' dir='ltr'><strong>ipse</strong></span> <span class='ocrx_word' id='word_1_497' title='bbox 1417 4230 1562 4286; x_wconf 88' lang='lat' dir='ltr'><strong>enim</strong></span> <span class='ocrx_word' id='word_1_498' title='bbox 1606 4238 1828 4302; x_wconf 90' lang='lat' dir='ltr'><strong>peccata</strong></span> 
     </span>
    </p>
   </div>
   <div class='ocr_carea' id='block_1_61' title="bbox 241 4316 1828 4391">
    <p class='ocr_par' dir='ltr' id='par_1_61' title="bbox 241 4316 1828 4391">
     <span class='ocr_line' id='line_1_61' title="bbox 241 4316 1828 4391; baseline 0.007 -23"><span class='ocrx_word' id='word_1_499' title='bbox 241 4324 454 4369; x_wconf 79' lang='lat' dir='ltr'><strong>nostra</strong></span> <span class='ocrx_word' id='word_1_500' title='bbox 484 4316 737 4385; x_wconf 83' lang='lat' dir='ltr'><strong>suscepit,</strong></span> <span class='ocrx_word' id='word_1_501' title='bbox 786 4317 921 4371; x_wconf 91' lang='lat' dir='ltr'><strong>etin</strong></span> <span class='ocrx_word' id='word_1_502' title='bbox 951 4318 1241 4387; x_wconf 87' lang='lat' dir='ltr'><strong>semetipso</strong></span> <span class='ocrx_word' id='word_1_503' title='bbox 1288 4334 1353 4374; x_wconf 88' lang='lat' dir='ltr'><strong>ea</strong></span> <span class='ocrx_word' id='word_1_504' title='bbox 1396 4327 1654 4390; x_wconf 89' lang='lat' dir='ltr'><strong>tanquam</strong></span> <span class='ocrx_word' id='word_1_505' title='bbox 1686 4322 1828 4391; x_wconf 89' lang='lat' dir='ltr'><strong>ignis</strong></span> 
     </span>
    </p>
   </div>
   <div class='ocr_carea' id='block_1_62' title="bbox 240 4404 1828 4482">
    <p class='ocr_par' dir='ltr' id='par_1_62' title="bbox 240 4404 1828 4482">
     <span class='ocr_line' id='line_1_62' title="bbox 240 4404 1828 4482; baseline 0.003 -21"><span class='ocrx_word' id='word_1_506' title='bbox 240 4404 502 4461; x_wconf 72' lang='lat' dir='ltr'><strong>comedit</strong></span> <span class='ocrx_word' id='word_1_507' title='bbox 545 4414 599 4460; x_wconf 91' lang='lat' dir='ltr'><strong>et</strong></span> <span class='ocrx_word' id='word_1_508' title='bbox 635 4407 888 4461; x_wconf 90' lang='lat' dir='ltr'><strong>absumit.</strong></span> <span class='ocrx_word' id='word_1_509' title='bbox 938 4406 1080 4463; x_wconf 87' lang='lat' dir='ltr'><strong>Dicit</strong></span> <span class='ocrx_word' id='word_1_510' title='bbox 1115 4423 1243 4480; x_wconf 88' lang='lat' dir='ltr'><strong>ergo</strong></span> <span class='ocrx_word' id='word_1_511' title='bbox 1289 4408 1375 4463; x_wconf 79' lang='lat' dir='ltr'><strong>lex</strong></span> <span class='ocrx_word' id='word_1_512' title='bbox 1402 4428 1415 4464; x_wconf 88' lang='lat'><strong>:</strong></span> <span class='ocrx_word' id='word_1_513' title='bbox 1443 4408 1703 4466; x_wconf 84' lang='lat' dir='ltr'><strong>Sacerdos</strong></span> <span class='ocrx_word' id='word_1_514' title='bbox 1737 4414 1828 4482; x_wconf 85' lang='lat' dir='ltr'><strong>qui</strong></span> 
     </span>
    </p>
   </div>
   <div class='ocr_carea' id='block_1_63' title="bbox 240 4495 1828 4565">
    <p class='ocr_par' dir='ltr' id='par_1_63' title="bbox 240 4495 1828 4565">
     <span class='ocr_line' id='line_1_63' title="bbox 240 4495 1828 4565; baseline 0.003 -15"><span class='ocrx_word' id='word_1_515' title='bbox 240 4495 533 4561; x_wconf 67' lang='lat' dir='ltr'><strong>obtulerit,</strong></span> <span class='ocrx_word' id='word_1_516' title='bbox 554 4496 667 4550; x_wconf 86' lang='lat' dir='ltr'><strong>edet</strong></span> <span class='ocrx_word' id='word_1_517' title='bbox 684 4496 817 4551; x_wconf 87' lang='lat' dir='ltr'><strong>illud</strong></span> <span class='ocrx_word' id='word_1_518' title='bbox 843 4498 898 4551; x_wconf 90' lang='lat' dir='ltr'><strong>in</strong></span> <span class='ocrx_word' id='word_1_519' title='bbox 921 4496 1034 4552; x_wconf 88' lang='lat' dir='ltr'><strong>loco</strong></span> <span class='ocrx_word' id='word_1_520' title='bbox 1053 4507 1256 4565; x_wconf 87' lang='lat' dir='ltr'><strong>sancto,</strong></span> <span class='ocrx_word' id='word_1_521' title='bbox 1270 4500 1326 4552; x_wconf 88' lang='lat' dir='ltr'><strong>in</strong></span> <span class='ocrx_word' id='word_1_522' title='bbox 1346 4500 1482 4552; x_wconf 87' lang='lat' dir='ltr'><strong>atrio</strong></span> <span class='ocrx_word' id='word_1_523' title='bbox 1502 4499 1828 4554; x_wconf 76' lang='lat' dir='ltr'><strong>tabernaculi</strong></span> 
     </span>
    </p>
   </div>
   <div class='ocr_carea' id='block_1_64' title="bbox 242 4587 1830 4657">
    <p class='ocr_par' dir='ltr' id='par_1_64' title="bbox 242 4587 1830 4657">
     <span class='ocr_line' id='line_1_64' title="bbox 242 4587 1830 4657; baseline 0.003 -16"><span class='ocrx_word' id='word_1_524' title='bbox 242 4587 586 4650; x_wconf 62' lang='lat' dir='ltr'><strong>taﬁuumii;</strong></span> <span class='ocrx_word' id='word_1_525' title='bbox 623 4602 962 4657; x_wconf 86' lang='lat' dir='ltr'><strong>consequens</strong></span> <span class='ocrx_word' id='word_1_526' title='bbox 994 4587 1137 4641; x_wconf 89' lang='lat' dir='ltr'><strong>enim</strong></span> <span class='ocrx_word' id='word_1_527' title='bbox 1161 4596 1246 4643; x_wconf 88' lang='lat' dir='ltr'><strong>est</strong></span> <span class='ocrx_word' id='word_1_528' title='bbox 1274 4595 1334 4642; x_wconf 92' lang='lat' dir='ltr'><strong>ut</strong></span> <span class='ocrx_word' id='word_1_529' title='bbox 1353 4588 1649 4643; x_wconf 89' lang='lat' dir='ltr'><strong>secundum</strong></span> <span class='ocrx_word' id='word_1_530' title='bbox 1696 4591 1830 4644; x_wconf 87' lang='lat' dir='ltr'><strong>ima-</strong></span> 
     </span>
    </p>
   </div>
   <div class='ocr_carea' id='block_1_65' title="bbox 238 4677 1830 4751">
    <p class='ocr_par' dir='ltr' id='par_1_65' title="bbox 238 4677 1830 4751">
     <span class='ocr_line' id='line_1_65' title="bbox 238 4677 1830 4751; baseline 0.002 -18"><span class='ocrx_word' id='word_1_531' title='bbox 238 4680 451 4751; x_wconf 81' lang='lat' dir='ltr'><strong>ginem</strong></span> <span class='ocrx_word' id='word_1_532' title='bbox 490 4677 606 4747; x_wconf 87' lang='lat' dir='ltr'><strong>ejus</strong></span> <span class='ocrx_word' id='word_1_533' title='bbox 644 4679 735 4747; x_wconf 89' lang='lat' dir='ltr'><strong>qui</strong></span> <span class='ocrx_word' id='word_1_534' title='bbox 774 4678 1135 4733; x_wconf 81' lang='lat' dir='ltr'><strong>sacerdotium</strong></span> <span class='ocrx_word' id='word_1_535' title='bbox 1174 4678 1429 4733; x_wconf 61' lang='lat' dir='ltr'><strong>Ecclesia:</strong></span> <span class='ocrx_word' id='word_1_536' title='bbox 1466 4679 1632 4743; x_wconf 89' lang='lat' dir='ltr'><strong>dedit,</strong></span> <span class='ocrx_word' id='word_1_537' title='bbox 1668 4681 1830 4736; x_wconf 89' lang='lat' dir='ltr'><strong>etiam</strong></span> 
     </span>
    </p>
   </div>
   <div class='ocr_carea' id='block_1_66' title="bbox 241 4758 1835 4839">
    <p class='ocr_par' dir='ltr' id='par_1_66' title="bbox 241 4758 1835 4839">
     <span class='ocr_line' id='line_1_66' title="bbox 241 4758 1835 4839; baseline 0.001 -18"><span class='ocrx_word' id='word_1_538' title='bbox 241 4766 502 4821; x_wconf 81' lang='lat' dir='ltr'><strong>ministri</strong></span> <span class='ocrx_word' id='word_1_539' title='bbox 533 4758 597 4819; x_wconf 80' lang='lat' dir='ltr'><strong>et</strong></span> <span class='ocrx_word' id='word_1_540' title='bbox 622 4768 928 4822; x_wconf 82' lang='lat' dir='ltr'><strong>sacerdotes</strong></span> <span class='ocrx_word' id='word_1_541' title='bbox 953 4767 1207 4823; x_wconf 72' lang='lat' dir='ltr'><strong>Ecclesiae</strong></span> <span class='ocrx_word' id='word_1_542' title='bbox 1234 4775 1456 4837; x_wconf 89' lang='lat' dir='ltr'><strong>peccata</strong></span> <span class='ocrx_word' id='word_1_543' title='bbox 1480 4768 1662 4839; x_wconf 89' lang='lat' dir='ltr'><strong>populi</strong></span> <span class='ocrx_word' id='word_1_544' title='bbox 1689 4770 1835 4824; x_wconf 91' lang='lat' dir='ltr'><strong>acci-</strong></span> 
     </span>
    </p>
   </div>
   <div class='ocr_carea' id='block_1_67' title="bbox 236 4856 1834 4928">
    <p class='ocr_par' dir='ltr' id='par_1_67' title="bbox 236 4856 1834 4928">
     <span class='ocr_line' id='line_1_67' title="bbox 236 4856 1834 4928; baseline 0.001 -18"><span class='ocrx_word' id='word_1_545' title='bbox 236 4859 456 4928; x_wconf 77' lang='lat' dir='ltr'><strong>piant,</strong></span> <span class='ocrx_word' id='word_1_546' title='bbox 506 4862 564 4909; x_wconf 90' lang='lat' dir='ltr'><strong>et</strong></span> <span class='ocrx_word' id='word_1_547' title='bbox 605 4856 707 4925; x_wconf 90' lang='lat' dir='ltr'><strong>ipsi</strong></span> <span class='ocrx_word' id='word_1_548' title='bbox 738 4857 1012 4912; x_wconf 88' lang='lat' dir='ltr'><strong>imitantes</strong></span> <span class='ocrx_word' id='word_1_549' title='bbox 1063 4857 1403 4928; x_wconf 87' lang='lat' dir='ltr'><strong>magistrum,</strong></span> <span class='ocrx_word' id='word_1_550' title='bbox 1460 4857 1834 4912; x_wconf 90' lang='lat' dir='ltr'><strong>remissionem</strong></span> 
     </span>
    </p>
   </div>
   <div class='ocr_carea' id='block_1_68' title="bbox 238 4944 1835 5016">
    <p class='ocr_par' dir='ltr' id='par_1_68' title="bbox 238 4944 1835 5016">
     <span class='ocr_line' id='line_1_68' title="bbox 238 4944 1835 5016; baseline 0 -16"><span class='ocrx_word' id='word_1_551' title='bbox 238 4951 609 5016; x_wconf 75' lang='lat' dir='ltr'><strong>peccatorum</strong></span> <span class='ocrx_word' id='word_1_552' title='bbox 630 4944 825 5015; x_wconf 85' lang='lat' dir='ltr'><strong>populo</strong></span> <span class='ocrx_word' id='word_1_553' title='bbox 849 4944 1107 4999; x_wconf 89' lang='lat' dir='ltr'><strong>tribuant.</strong></span> <span class='ocrx_word' id='word_1_554' title='bbox 1126 4944 1333 4999; x_wconf 87' lang='lat' dir='ltr'><strong>Debent</strong></span> <span class='ocrx_word' id='word_1_555' title='bbox 1359 4959 1489 5015; x_wconf 89' lang='lat' dir='ltr'><strong>ergo</strong></span> <span class='ocrx_word' id='word_1_556' title='bbox 1516 4952 1572 4999; x_wconf 89' lang='lat' dir='ltr'><strong>et</strong></span> <span class='ocrx_word' id='word_1_557' title='bbox 1601 4946 1704 5015; x_wconf 90' lang='lat' dir='ltr'><strong>ipsi</strong></span> <span class='ocrx_word' id='word_1_558' title='bbox 1732 4945 1835 5000; x_wconf 90' lang='lat' dir='ltr'><strong>Ec-</strong></span> 
     </span>
    </p>
   </div>
   <div class='ocr_carea' id='block_1_69' title="bbox 239 5033 1834 5103">
    <p class='ocr_par' dir='ltr' id='par_1_69' title="bbox 239 5033 1834 5103">
     <span class='ocr_line' id='line_1_69' title="bbox 239 5033 1834 5103; baseline 0 -13"><span class='ocrx_word' id='word_1_559' title='bbox 239 5036 449 5090; x_wconf 72' lang='lat' dir='ltr'><strong>clesiae</strong></span> <span class='ocrx_word' id='word_1_560' title='bbox 491 5034 797 5089; x_wconf 86' lang='lat' dir='ltr'><strong>sacerdotes</strong></span> <span class='ocrx_word' id='word_1_561' title='bbox 830 5034 905 5088; x_wconf 90' lang='lat' dir='ltr'><strong>ita</strong></span> <span class='ocrx_word' id='word_1_562' title='bbox 940 5033 1166 5103; x_wconf 87' lang='lat' dir='ltr'><strong>perfecti</strong></span> <span class='ocrx_word' id='word_1_563' title='bbox 1200 5047 1342 5099; x_wconf 89' lang='lat' dir='ltr'><strong>esse,</strong></span> <span class='ocrx_word' id='word_1_564' title='bbox 1367 5042 1423 5088; x_wconf 91' lang='lat' dir='ltr'><strong>et</strong></span> <span class='ocrx_word' id='word_1_565' title='bbox 1443 5034 1499 5088; x_wconf 91' lang='lat' dir='ltr'><strong>in</strong></span> <span class='ocrx_word' id='word_1_566' title='bbox 1523 5033 1716 5089; x_wconf 81' lang='lat' dir='ltr'><strong>ciliciis</strong></span> <span class='ocrx_word' id='word_1_567' title='bbox 1745 5050 1834 5090; x_wconf 82' lang='lat' dir='ltr'><strong>sa-</strong></span> 
     </span>
    </p>
   </div>
   <div class='ocr_carea' id='block_1_70' title="bbox 235 5119 1834 5192">
    <p class='ocr_par' dir='ltr' id='par_1_70' title="bbox 235 5119 1834 5192">
     <span class='ocr_line' id='line_1_70' title="bbox 235 5119 1834 5192; baseline -0.001 -14"><span class='ocrx_word' id='word_1_568' title='bbox 235 5120 634 5178; x_wconf 76' lang='lat' dir='ltr'><strong>cerdotalibus</strong></span> <span class='ocrx_word' id='word_1_569' title='bbox 672 5121 890 5185; x_wconf 86' lang='lat' dir='ltr'><strong>eruditi,</strong></span> <span class='ocrx_word' id='word_1_570' title='bbox 925 5130 986 5175; x_wconf 94' lang='lat' dir='ltr'><strong>ut</strong></span> <span class='ocrx_word' id='word_1_571' title='bbox 1009 5128 1233 5191; x_wconf 88' lang='lat' dir='ltr'><strong>peccata</strong></span> <span class='ocrx_word' id='word_1_572' title='bbox 1262 5119 1440 5192; x_wconf 87' lang='lat' dir='ltr'><strong>populi</strong></span> <span class='ocrx_word' id='word_1_573' title='bbox 1475 5122 1531 5176; x_wconf 90' lang='lat' dir='ltr'><strong>in</strong></span> <span class='ocrx_word' id='word_1_574' title='bbox 1561 5121 1680 5177; x_wconf 90' lang='lat' dir='ltr'><strong>loco</strong></span> <span class='ocrx_word' id='word_1_575' title='bbox 1710 5137 1834 5177; x_wconf 83' lang='lat' dir='ltr'><strong>san-</strong></span> 
     </span>
    </p>
   </div>
   <div class='ocr_carea' id='block_1_71' title="bbox 236 5211 1833 5284">
    <p class='ocr_par' dir='ltr' id='par_1_71' title="bbox 236 5211 1833 5284">
     <span class='ocr_line' id='line_1_71' title="bbox 236 5211 1833 5284; baseline 0.001 -16"><span class='ocrx_word' id='word_1_576' title='bbox 236 5223 364 5279; x_wconf 79' lang='lat' dir='ltr'><strong>cto,</strong></span> <span class='ocrx_word' id='word_1_577' title='bbox 425 5211 482 5264; x_wconf 89' lang='lat' dir='ltr'><strong>in</strong></span> <span class='ocrx_word' id='word_1_578' title='bbox 522 5212 678 5266; x_wconf 88' lang='lat' dir='ltr'><strong>atriis</strong></span> <span class='ocrx_word' id='word_1_579' title='bbox 722 5211 1055 5266; x_wconf 89' lang='lat' dir='ltr'><strong>tabernaculi</strong></span> <span class='ocrx_word' id='word_1_580' title='bbox 1088 5212 1403 5278; x_wconf 88' lang='lat' dir='ltr'><strong>testimonii,</strong></span> <span class='ocrx_word' id='word_1_581' title='bbox 1440 5213 1544 5282; x_wconf 91' lang='lat' dir='ltr'><strong>ipsi</strong></span> <span class='ocrx_word' id='word_1_582' title='bbox 1569 5228 1674 5268; x_wconf 92' lang='lat' dir='ltr'><strong>non</strong></span> <span class='ocrx_word' id='word_1_583' title='bbox 1700 5229 1833 5284; x_wconf 86' lang='lat' dir='ltr'><strong>pec-</strong></span> 
     </span>
    </p>
   </div>
   <div class='ocr_carea' id='block_1_72' title="bbox 234 5301 1836 5367">
    <p class='ocr_par' dir='ltr' id='par_1_72' title="bbox 234 5301 1836 5367">
     <span class='ocr_line' id='line_1_72' title="bbox 234 5301 1836 5367; baseline 0.002 -9"><span class='ocrx_word' id='word_1_584' title='bbox 234 5302 446 5358; x_wconf 77' lang='lat' dir='ltr'><strong>cando</strong></span> <span class='ocrx_word' id='word_1_585' title='bbox 476 5308 814 5356; x_wconf 86' lang='lat' dir='ltr'><strong>consumant.</strong></span> <span class='ocrx_word' id='word_1_586' title='bbox 843 5301 983 5367; x_wconf 91' lang='lat' dir='ltr'><strong>Quid</strong></span> <span class='ocrx_word' id='word_1_587' title='bbox 1027 5311 1208 5357; x_wconf 90' lang='lat' dir='ltr'><strong>autem</strong></span> <span class='ocrx_word' id='word_1_588' title='bbox 1254 5311 1339 5356; x_wconf 90' lang='lat' dir='ltr'><strong>est</strong></span> <span class='ocrx_word' id='word_1_589' title='bbox 1380 5303 1434 5356; x_wconf 93' lang='lat' dir='ltr'><strong>in</strong></span> <span class='ocrx_word' id='word_1_590' title='bbox 1485 5303 1601 5358; x_wconf 91' lang='lat' dir='ltr'><strong>loco</strong></span> <span class='ocrx_word' id='word_1_591' title='bbox 1644 5317 1836 5361; x_wconf 87' lang='lat' dir='ltr'><strong>sancto</strong></span> 
     </span>
    </p>
   </div>
   <div class='ocr_carea' id='block_1_73' title="bbox 236 5392 1837 5465">
    <p class='ocr_par' dir='ltr' id='par_1_73' title="bbox 236 5392 1837 5465">
     <span class='ocr_line' id='line_1_73' title="bbox 236 5392 1837 5465; baseline 0 -16"><span class='ocrx_word' id='word_1_592' title='bbox 236 5393 599 5449; x_wconf 79' lang='lat' dir='ltr'><strong>manducare</strong></span> <span class='ocrx_word' id='word_1_593' title='bbox 637 5394 957 5462; x_wconf 85' lang='lat' dir='ltr'><strong>peccatum?</strong></span> <span class='ocrx_word' id='word_1_594' title='bbox 994 5392 1170 5449; x_wconf 90' lang='lat' dir='ltr'><strong>Locus</strong></span> <span class='ocrx_word' id='word_1_595' title='bbox 1202 5403 1323 5449; x_wconf 89' lang='lat' dir='ltr'><strong>erat</strong></span> <span class='ocrx_word' id='word_1_596' title='bbox 1345 5403 1565 5449; x_wconf 89' lang='lat' dir='ltr'><strong>sanctus</strong></span> <span class='ocrx_word' id='word_1_597' title='bbox 1591 5396 1645 5449; x_wconf 93' lang='lat' dir='ltr'><strong>in</strong></span> <span class='ocrx_word' id='word_1_598' title='bbox 1674 5410 1837 5465; x_wconf 89' lang='lat' dir='ltr'><strong>quem</strong></span> 
     </span>
    </p>
   </div>
   <div class='ocr_carea' id='block_1_74' title="bbox 234 5482 1838 5556">
    <p class='ocr_par' dir='ltr' id='par_1_74' title="bbox 234 5482 1838 5556">
     <span class='ocr_line' id='line_1_74' title="bbox 234 5482 1838 5556; baseline -0.001 -14"><span class='ocrx_word' id='word_1_599' title='bbox 234 5492 491 5542; x_wconf 75' lang='lat' dir='ltr'><strong>venerat</strong></span> <span class='ocrx_word' id='word_1_600' title='bbox 536 5482 781 5554; x_wconf 73' lang='lat' dir='ltr'><strong>Moyses,</strong></span> <span class='ocrx_word' id='word_1_601' title='bbox 832 5485 1126 5540; x_wconf 88' lang='lat' dir='ltr'><strong>secundum</strong></span> <span class='ocrx_word' id='word_1_602' title='bbox 1175 5487 1317 5556; x_wconf 92' lang='lat' dir='ltr'><strong>quod</strong></span> <span class='ocrx_word' id='word_1_603' title='bbox 1376 5486 1577 5541; x_wconf 91' lang='lat' dir='ltr'><strong>dictum</strong></span> <span class='ocrx_word' id='word_1_604' title='bbox 1631 5494 1715 5539; x_wconf 88' lang='lat' dir='ltr'><strong>est</strong></span> <span class='ocrx_word' id='word_1_605' title='bbox 1770 5486 1838 5540; x_wconf 88' lang='lat' dir='ltr'><strong>ad</strong></span> 
     </span>
    </p>
   </div>
   <div class='ocr_carea' id='block_1_75' title="bbox 234 5572 1838 5647">
    <p class='ocr_par' dir='ltr' id='par_1_75' title="bbox 234 5572 1838 5647">
     <span class='ocr_line' id='line_1_75' title="bbox 234 5572 1838 5647; baseline -0.001 -16"><span class='ocrx_word' id='word_1_606' title='bbox 234 5592 387 5631; x_wconf 77' lang='lat' dir='ltr'><strong>eum</strong></span> <span class='ocrx_word' id='word_1_607' title='bbox 438 5593 454 5630; x_wconf 89' lang='lat'>:</span> <span class='ocrx_word' id='word_1_608' title='bbox 496 5572 672 5630; x_wconf 83' lang='lat' dir='ltr'><strong>Locus</strong></span> <span class='ocrx_word' id='word_1_609' title='bbox 711 5578 848 5630; x_wconf 88' lang='lat' dir='ltr'><strong>enim</strong></span> <span class='ocrx_word' id='word_1_610' title='bbox 895 5579 955 5630; x_wconf 90' lang='lat' dir='ltr'><strong>in</strong></span> <span class='ocrx_word' id='word_1_611' title='bbox 998 5593 1099 5647; x_wconf 89' lang='lat' dir='ltr'><strong>quo</strong></span> <span class='ocrx_word' id='word_1_612' title='bbox 1146 5587 1296 5642; x_wconf 87' lang='lat' dir='ltr'><strong>stas,</strong></span> <span class='ocrx_word' id='word_1_613' title='bbox 1344 5587 1484 5630; x_wconf 88' lang='lat' dir='ltr'><strong>terra</strong></span> <span class='ocrx_word' id='word_1_614' title='bbox 1536 5585 1723 5629; x_wconf 83' lang='lat' dir='ltr'><strong>sancta</strong></span> <span class='ocrx_word' id='word_1_615' title='bbox 1762 5584 1838 5629; x_wconf 85' lang='lat' dir='ltr'><strong>est</strong></span> 
     </span>
    </p>
   </div>
   <div class='ocr_carea' id='block_1_76' title="bbox 1854 4442 1909 4501">
    <p class='ocr_par' dir='ltr' id='par_1_76' title="bbox 1854 4442 1909 4501">
     <span class='ocr_line' id='line_1_76' title="bbox 1854 4442 1909 4501; baseline 0 0"><span class='ocrx_word' id='word_1_616' title='bbox 1854 4442 1909 4501; x_wconf 88' lang='lat' dir='ltr'><strong>D</strong></span> 
     </span>
    </p>
   </div>
   <div class='ocr_carea' id='block_1_77' title="bbox 1917 1882 3486 1953">
    <p class='ocr_par' dir='ltr' id='par_1_77' title="bbox 1917 1882 3486 1953">
     <span class='ocr_line' id='line_1_77' title="bbox 1917 1882 3486 1953; baseline 0 -17"><span class='ocrx_word' id='word_1_617' title='bbox 1917 1882 2383 1953; x_wconf 78' lang='lat' dir='ltr'><strong>puriﬁcationibus</strong></span> <span class='ocrx_word' id='word_1_618' title='bbox 2424 1883 2738 1937; x_wconf 88' lang='lat' dir='ltr'><strong>conceditur</strong></span> <span class='ocrx_word' id='word_1_619' title='bbox 2772 1882 2915 1937; x_wconf 91' lang='lat' dir='ltr'><strong>istud</strong></span> <span class='ocrx_word' id='word_1_620' title='bbox 2944 1882 3486 1947; x_wconf 79' lang='lat' dir='ltr'><strong>intrare-secretum;</strong></span> 
     </span>
    </p>
   </div>
   <div class='ocr_carea' id='block_1_78' title="bbox 1918 1972 3489 2043">
    <p class='ocr_par' dir='ltr' id='par_1_78' title="bbox 1918 1972 3489 2043">
     <span class='ocr_line' id='line_1_78' title="bbox 1918 1972 3489 2043; baseline -0.001 -15"><span class='ocrx_word' id='word_1_621' title='bbox 1918 1983 2043 2028; x_wconf 90' lang='lat' dir='ltr'><strong>sunt</strong></span> <span class='ocrx_word' id='word_1_622' title='bbox 2062 1982 2118 2028; x_wconf 88' lang='lat' dir='ltr'><strong>et</strong></span> <span class='ocrx_word' id='word_1_623' title='bbox 2137 1972 2241 2026; x_wconf 91' lang='lat' dir='ltr'><strong>alia</strong></span> <span class='ocrx_word' id='word_1_624' title='bbox 2278 1972 2532 2027; x_wconf 76' lang='lat' dir='ltr'><strong>Ecclesia:</strong></span> <span class='ocrx_word' id='word_1_625' title='bbox 2571 1973 2839 2042; x_wconf 85' lang='lat' dir='ltr'><strong>dogmata,</strong></span> <span class='ocrx_word' id='word_1_626' title='bbox 2873 1974 2939 2027; x_wconf 88' lang='lat' dir='ltr'><strong>ad</strong></span> <span class='ocrx_word' id='word_1_627' title='bbox 2965 1988 3086 2043; x_wconf 60' lang='lat' dir='ltr'><strong>quis</strong></span> <span class='ocrx_word' id='word_1_628' title='bbox 3108 1984 3338 2042; x_wconf 89' lang='lat' dir='ltr'><strong>possunt</strong></span> <span class='ocrx_word' id='word_1_629' title='bbox 3363 1989 3489 2043; x_wconf 80' lang='lat' dir='ltr'><strong>per-</strong></span> 
     </span>
    </p>
   </div>
   <div class='ocr_carea' id='block_1_79' title="bbox 1917 2060 3490 2130">
    <p class='ocr_par' dir='ltr' id='par_1_79' title="bbox 1917 2060 3490 2130">
     <span class='ocr_line' id='line_1_79' title="bbox 1917 2060 3490 2130; baseline 0.002 -17"><span class='ocrx_word' id='word_1_630' title='bbox 1917 2062 2100 2116; x_wconf 83' lang='lat' dir='ltr'><strong>venire</strong></span> <span class='ocrx_word' id='word_1_631' title='bbox 2144 2061 2307 2117; x_wconf 88' lang='lat' dir='ltr'><strong>etiam</strong></span> <span class='ocrx_word' id='word_1_632' title='bbox 2344 2060 2569 2126; x_wconf 64' lang='lat' dir='ltr'><strong>Levitaa,</strong></span> <span class='ocrx_word' id='word_1_633' title='bbox 2596 2061 2688 2115; x_wconf 90' lang='lat' dir='ltr'><strong>sed</strong></span> <span class='ocrx_word' id='word_1_634' title='bbox 2726 2060 2980 2115; x_wconf 78' lang='lat' dir='ltr'><strong>inferiora</strong></span> <span class='ocrx_word' id='word_1_635' title='bbox 3018 2070 3144 2116; x_wconf 90' lang='lat' dir='ltr'><strong>sunt</strong></span> <span class='ocrx_word' id='word_1_636' title='bbox 3171 2063 3239 2117; x_wconf 89' lang='lat' dir='ltr'><strong>ab</strong></span> <span class='ocrx_word' id='word_1_637' title='bbox 3263 2063 3348 2116; x_wconf 84' lang='lat' dir='ltr'><strong>his</strong></span> <span class='ocrx_word' id='word_1_638' title='bbox 3372 2076 3490 2130; x_wconf 62' lang='lat' dir='ltr'><strong>qua!</strong></span> 
     </span>
    </p>
   </div>
   <div class='ocr_carea' id='block_1_80' title="bbox 1918 2152 3489 2209">
    <p class='ocr_par' dir='ltr' id='par_1_80' title="bbox 1918 2152 3489 2209">
     <span class='ocr_line' id='line_1_80' title="bbox 1918 2152 3489 2209; baseline 0 -1"><span class='ocrx_word' id='word_1_639' title='bbox 1918 2152 2290 2208; x_wconf 89' lang='lat' dir='ltr'><strong>sacerdotibus</strong></span> <span class='ocrx_word' id='word_1_640' title='bbox 2335 2152 2499 2207; x_wconf 87' lang='lat' dir='ltr'><strong>adire.</strong></span> <span class='ocrx_word' id='word_1_641' title='bbox 2521 2167 2839 2207; x_wconf 86' lang='lat' dir='ltr'><strong>concessum</strong></span> <span class='ocrx_word' id='word_1_642' title='bbox 2860 2161 2961 2207; x_wconf 90' lang='lat' dir='ltr'><strong>est.</strong></span> <span class='ocrx_word' id='word_1_643' title='bbox 2998 2153 3124 2208; x_wconf 93' lang='lat' dir='ltr'><strong>Scio</strong></span> <span class='ocrx_word' id='word_1_644' title='bbox 3152 2161 3206 2208; x_wconf 92' lang='lat' dir='ltr'><strong>et</strong></span> <span class='ocrx_word' id='word_1_645' title='bbox 3239 2155 3341 2208; x_wconf 90' lang='lat' dir='ltr'><strong>alia</strong></span> <span class='ocrx_word' id='word_1_646' title='bbox 3366 2169 3489 2209; x_wconf 92' lang='lat' dir='ltr'><strong>esse</strong></span> 
     </span>
    </p>
   </div>
   <div class='ocr_carea' id='block_1_81' title="bbox 1920 2244 3488 2314">
    <p class='ocr_par' dir='ltr' id='par_1_81' title="bbox 1920 2244 3488 2314">
     <span class='ocr_line' id='line_1_81' title="bbox 1920 2244 3488 2314; baseline 0.001 -16"><span class='ocrx_word' id='word_1_647' title='bbox 1920 2245 1988 2299; x_wconf 92' lang='lat' dir='ltr'><strong>ad</strong></span> <span class='ocrx_word' id='word_1_648' title='bbox 2017 2258 2136 2313; x_wconf 67' lang='lat' dir='ltr'><strong>quae</strong></span> <span class='ocrx_word' id='word_1_649' title='bbox 2162 2250 2387 2314; x_wconf 90' lang='lat' dir='ltr'><strong>possunt</strong></span> <span class='ocrx_word' id='word_1_650' title='bbox 2422 2245 2679 2298; x_wconf 89' lang='lat' dir='ltr'><strong>accedere</strong></span> <span class='ocrx_word' id='word_1_651' title='bbox 2707 2244 2871 2299; x_wconf 87' lang='lat' dir='ltr'><strong>etiam</strong></span> <span class='ocrx_word' id='word_1_652' title='bbox 2904 2244 2999 2299; x_wconf 84' lang='lat' dir='ltr'><strong>lilii</strong></span> <span class='ocrx_word' id='word_1_653' title='bbox 3024 2245 3209 2311; x_wconf 89' lang='lat' dir='ltr'><strong>Israel,</strong></span> <span class='ocrx_word' id='word_1_654' title='bbox 3250 2247 3355 2300; x_wconf 88' lang='lat' dir='ltr'><strong>hoc</strong></span> <span class='ocrx_word' id='word_1_655' title='bbox 3384 2255 3488 2311; x_wconf 85' lang='lat' dir='ltr'><strong>est,</strong></span> 
     </span>
    </p>
   </div>
   <div class='ocr_carea' id='block_1_82' title="bbox 1919 2334 3492 2407">
    <p class='ocr_par' dir='ltr' id='par_1_82' title="bbox 1919 2334 3492 2407">
     <span class='ocr_line' id='line_1_82' title="bbox 1919 2334 3492 2407; baseline 0 -17"><span class='ocrx_word' id='word_1_656' title='bbox 1919 2336 2065 2402; x_wconf 89' lang='lat' dir='ltr'><strong>laici,</strong></span> <span class='ocrx_word' id='word_1_657' title='bbox 2095 2351 2203 2391; x_wconf 91' lang='lat' dir='ltr'><strong>non</strong></span> <span class='ocrx_word' id='word_1_658' title='bbox 2236 2346 2418 2390; x_wconf 87' lang='lat' dir='ltr'><strong>tamen</strong></span> <span class='ocrx_word' id='word_1_659' title='bbox 2449 2335 2779 2407; x_wconf 67' lang='lat' dir='ltr'><strong>alienigenae,</strong></span> <span class='ocrx_word' id='word_1_660' title='bbox 2810 2335 2912 2391; x_wconf 90' lang='lat' dir='ltr'><strong>nisi</strong></span> <span class='ocrx_word' id='word_1_661' title='bbox 2937 2337 2982 2391; x_wconf 92' lang='lat' dir='ltr'><strong>si</strong></span> <span class='ocrx_word' id='word_1_662' title='bbox 3012 2336 3232 2406; x_wconf 86' lang='lat' dir='ltr'><strong>ascripti</strong></span> <span class='ocrx_word' id='word_1_663' title='bbox 3246 2334 3360 2405; x_wconf 88' lang='lat' dir='ltr'><strong>jam</strong></span> <span class='ocrx_word' id='word_1_664' title='bbox 3379 2335 3492 2390; x_wconf 84' lang='lat' dir='ltr'><strong>fue-</strong></span> 
     </span>
    </p>
   </div>
   <div class='ocr_carea' id='block_1_83' title="bbox 1920 2426 3492 2497">
    <p class='ocr_par' dir='ltr' id='par_1_83' title="bbox 1920 2426 3492 2497">
     <span class='ocr_line' id='line_1_83' title="bbox 1920 2426 3492 2497; baseline -0.002 -14"><span class='ocrx_word' id='word_1_665' title='bbox 1920 2428 2030 2483; x_wconf 90' lang='lat' dir='ltr'><strong>rint</strong></span> <span class='ocrx_word' id='word_1_666' title='bbox 2053 2428 2107 2481; x_wconf 91' lang='lat' dir='ltr'><strong>in</strong></span> <span class='ocrx_word' id='word_1_667' title='bbox 2135 2427 2376 2482; x_wconf 89' lang='lat' dir='ltr'><strong>Ecclesia</strong></span> <span class='ocrx_word' id='word_1_668' title='bbox 2400 2427 2612 2482; x_wconf 92' lang='lat' dir='ltr'><strong>Domini</strong></span> <span class='ocrx_word' id='word_1_669' title='bbox 2638 2445 2649 2481; x_wconf 92' lang='lat'><strong>:</strong></span> <span class='ocrx_word' id='word_1_670' title='bbox 2678 2426 2959 2497; x_wconf 64' lang='lat' dir='ltr'><strong>Egyptius</strong></span> <span class='ocrx_word' id='word_1_671' title='bbox 2984 2427 3128 2481; x_wconf 90' lang='lat' dir='ltr'><strong>enim</strong></span> <span class='ocrx_word' id='word_1_672' title='bbox 3162 2428 3314 2481; x_wconf 86' lang='lat' dir='ltr'><strong>tertia</strong></span> <span class='ocrx_word' id='word_1_673' title='bbox 3343 2444 3492 2497; x_wconf 84' lang='lat' dir='ltr'><strong>gene-</strong></span> 
     </span>
    </p>
   </div>
   <div class='ocr_carea' id='block_1_84' title="bbox 1921 2515 3487 2588">
    <p class='ocr_par' dir='ltr' id='par_1_84' title="bbox 1921 2515 3487 2588">
     <span class='ocr_line' id='line_1_84' title="bbox 1921 2515 3487 2588; baseline -0.002 -17"><span class='ocrx_word' id='word_1_674' title='bbox 1921 2519 2124 2572; x_wconf 80' lang='lat' dir='ltr'><strong>ratione</strong></span> <span class='ocrx_word' id='word_1_675' title='bbox 2173 2517 2390 2572; x_wconf 83' lang='lat' dir='ltr'><strong>intrabit</strong></span> <span class='ocrx_word' id='word_1_676' title='bbox 2424 2518 2482 2571; x_wconf 90' lang='lat' dir='ltr'><strong>in</strong></span> <span class='ocrx_word' id='word_1_677' title='bbox 2526 2516 2766 2571; x_wconf 80' lang='lat' dir='ltr'><strong>Ecclesia</strong></span> <span class='ocrx_word' id='word_1_678' title='bbox 2802 2515 3015 2570; x_wconf 90' lang='lat' dir='ltr'><strong>Domini</strong></span> <span class='ocrx_word' id='word_1_679' title='bbox 3060 2515 3239 2588; x_wconf 86' lang='lat' dir='ltr'><strong>(Deut.</strong></span> <span class='ocrx_word' id='word_1_680' title='bbox 3329 2518 3487 2585; x_wconf 64' lang='grc' dir='ltr'>χιιι).</span> 
     </span>
    </p>
   </div>
   <div class='ocr_carea' id='block_1_85' title="bbox 1920 2604 3490 2676">
    <p class='ocr_par' dir='ltr' id='par_1_85' title="bbox 1920 2604 3490 2676">
     <span class='ocr_line' id='line_1_85' title="bbox 1920 2604 3490 2676; baseline -0.004 -13"><span class='ocrx_word' id='word_1_681' title='bbox 1920 2607 2092 2664; x_wconf 88' lang='lat' dir='ltr'><strong>Credo</strong></span> <span class='ocrx_word' id='word_1_682' title='bbox 2116 2605 2277 2662; x_wconf 78' lang='lat' dir='ltr'><strong>ﬁdem</strong></span> <span class='ocrx_word' id='word_1_683' title='bbox 2295 2607 2473 2661; x_wconf 88' lang='lat' dir='ltr'><strong>Patris</strong></span> <span class='ocrx_word' id='word_1_684' title='bbox 2491 2614 2548 2662; x_wconf 90' lang='lat' dir='ltr'><strong>et</strong></span> <span class='ocrx_word' id='word_1_685' title='bbox 2566 2606 2687 2660; x_wconf 88' lang='lat' dir='ltr'><strong>Filii</strong></span> <span class='ocrx_word' id='word_1_686' title='bbox 2710 2614 2765 2661; x_wconf 89' lang='lat' dir='ltr'><strong>et</strong></span> <span class='ocrx_word' id='word_1_687' title='bbox 2788 2604 3024 2676; x_wconf 82' lang='lat' dir='ltr'><strong>Spiritus</strong></span> <span class='ocrx_word' id='word_1_688' title='bbox 3047 2604 3221 2659; x_wconf 87' lang='lat' dir='ltr'><strong>sancti</strong></span> <span class='ocrx_word' id='word_1_689' title='bbox 3248 2605 3301 2659; x_wconf 89' lang='lat' dir='ltr'><strong>in</strong></span> <span class='ocrx_word' id='word_1_690' title='bbox 3333 2619 3490 2673; x_wconf 89' lang='lat' dir='ltr'><strong>quem</strong></span> 
     </span>
    </p>
   </div>
   <div class='ocr_carea' id='block_1_86' title="bbox 1920 2692 3491 2765">
    <p class='ocr_par' dir='ltr' id='par_1_86' title="bbox 1920 2692 3491 2765">
     <span class='ocr_line' id='line_1_86' title="bbox 1920 2692 3491 2765; baseline -0.002 -16"><span class='ocrx_word' id='word_1_691' title='bbox 1920 2696 2093 2750; x_wconf 90' lang='lat' dir='ltr'><strong>credit</strong></span> <span class='ocrx_word' id='word_1_692' title='bbox 2112 2696 2290 2751; x_wconf 88' lang='lat' dir='ltr'><strong>omnis</strong></span> <span class='ocrx_word' id='word_1_693' title='bbox 2310 2695 2403 2765; x_wconf 88' lang='lat' dir='ltr'><strong>qui</strong></span> <span class='ocrx_word' id='word_1_694' title='bbox 2444 2695 2682 2751; x_wconf 88' lang='lat' dir='ltr'><strong>sociatur</strong></span> <span class='ocrx_word' id='word_1_695' title='bbox 2713 2694 2967 2750; x_wconf 82' lang='lat' dir='ltr'><strong>Ecclesiae</strong></span> <span class='ocrx_word' id='word_1_696' title='bbox 3001 2692 3116 2758; x_wconf 89' lang='lat' dir='ltr'><strong>Dei,</strong></span> <span class='ocrx_word' id='word_1_697' title='bbox 3148 2694 3367 2748; x_wconf 87' lang='lat' dir='ltr'><strong>tertiam</strong></span> <span class='ocrx_word' id='word_1_698' title='bbox 3408 2710 3491 2763; x_wconf 81' lang='lat' dir='ltr'><strong>ge-</strong></span> 
     </span>
    </p>
   </div>
   <div class='ocr_carea' id='block_1_87' title="bbox 1922 2785 3491 2856">
    <p class='ocr_par' dir='ltr' id='par_1_87' title="bbox 1922 2785 3491 2856">
     <span class='ocr_line' id='line_1_87' title="bbox 1922 2785 3491 2856; baseline -0.003 -16"><span class='ocrx_word' id='word_1_699' title='bbox 1922 2786 2257 2841; x_wconf 89' lang='lat' dir='ltr'><strong>nerationem</strong></span> <span class='ocrx_word' id='word_1_700' title='bbox 2283 2787 2511 2856; x_wconf 82' lang='lat' dir='ltr'><strong>mystice</strong></span> <span class='ocrx_word' id='word_1_701' title='bbox 2541 2787 2760 2841; x_wconf 87' lang='lat' dir='ltr'><strong>dictam.</strong></span> <span class='ocrx_word' id='word_1_702' title='bbox 2800 2786 3181 2841; x_wconf 76' lang='lat' dir='ltr'><strong>Verumtamen</strong></span> <span class='ocrx_word' id='word_1_703' title='bbox 3217 2785 3491 2840; x_wconf 82' lang='lat' dir='ltr'><strong>sciendum</strong></span> 
     </span>
    </p>
   </div>
   <div class='ocr_carea' id='block_1_88' title="bbox 1921 2874 3487 2946">
    <p class='ocr_par' dir='ltr' id='par_1_88' title="bbox 1921 2874 3487 2946">
     <span class='ocr_line' id='line_1_88' title="bbox 1921 2874 3487 2946; baseline -0.003 -14"><span class='ocrx_word' id='word_1_704' title='bbox 1921 2884 2006 2932; x_wconf 85' lang='lat' dir='ltr'><strong>est</strong></span> <span class='ocrx_word' id='word_1_705' title='bbox 2031 2877 2175 2946; x_wconf 91' lang='lat' dir='ltr'><strong>quod</strong></span> <span class='ocrx_word' id='word_1_706' title='bbox 2212 2892 2279 2930; x_wconf 82' lang='lat' dir='ltr'><strong>ex</strong></span> <span class='ocrx_word' id='word_1_707' title='bbox 2313 2876 2507 2931; x_wconf 85' lang='lat' dir='ltr'><strong>hostiis</strong></span> <span class='ocrx_word' id='word_1_708' title='bbox 2531 2891 2651 2946; x_wconf 71' lang='lat' dir='ltr'><strong>quae</strong></span> <span class='ocrx_word' id='word_1_709' title='bbox 2672 2875 2992 2939; x_wconf 77' lang='lat' dir='ltr'><strong>olleruntur,</strong></span> <span class='ocrx_word' id='word_1_710' title='bbox 3030 2876 3158 2930; x_wconf 90' lang='lat' dir='ltr'><strong>licet</strong></span> <span class='ocrx_word' id='word_1_711' title='bbox 3184 2874 3487 2930; x_wconf 31' lang='lat' dir='ltr'><strong>concedens</strong></span> 
     </span>
    </p>
   </div>
   <div class='ocr_carea' id='block_1_89' title="bbox 1923 2962 3492 3030">
    <p class='ocr_par' dir='ltr' id='par_1_89' title="bbox 1923 2962 3492 3030">
     <span class='ocr_line' id='line_1_89' title="bbox 1923 2962 3492 3030; baseline -0.002 -12"><span class='ocrx_word' id='word_1_712' title='bbox 1923 2971 2015 3018; x_wconf 87' lang='lat' dir='ltr'><strong>tur</strong></span> <span class='ocrx_word' id='word_1_713' title='bbox 2062 2964 2434 3019; x_wconf 87' lang='lat' dir='ltr'><strong>sacerdotibus</strong></span> <span class='ocrx_word' id='word_1_714' title='bbox 2481 2963 2549 3018; x_wconf 88' lang='lat' dir='ltr'><strong>ad</strong></span> <span class='ocrx_word' id='word_1_715' title='bbox 2592 2962 2890 3030; x_wconf 88' lang='lat' dir='ltr'><strong>edendum,</strong></span> <span class='ocrx_word' id='word_1_716' title='bbox 2936 2978 3044 3018; x_wconf 90' lang='lat' dir='ltr'><strong>non</strong></span> <span class='ocrx_word' id='word_1_717' title='bbox 3089 2970 3266 3017; x_wconf 88' lang='lat' dir='ltr'><strong>tamen</strong></span> <span class='ocrx_word' id='word_1_718' title='bbox 3313 2962 3492 3017; x_wconf 84' lang='lat' dir='ltr'><strong>omnia</strong></span> 
     </span>
    </p>
   </div>
   <div class='ocr_carea' id='block_1_90' title="bbox 1924 3050 3492 3124">
    <p class='ocr_par' dir='ltr' id='par_1_90' title="bbox 1924 3050 3492 3124">
     <span class='ocr_line' id='line_1_90' title="bbox 1924 3050 3492 3124; baseline -0.004 -14"><span class='ocrx_word' id='word_1_719' title='bbox 1924 3055 2315 3120; x_wconf 90' lang='lat' dir='ltr'><strong>conceduntur,</strong></span> <span class='ocrx_word' id='word_1_720' title='bbox 2359 3054 2454 3109; x_wconf 90' lang='lat' dir='ltr'><strong>sed</strong></span> <span class='ocrx_word' id='word_1_721' title='bbox 2489 3068 2614 3124; x_wconf 87' lang='lat' dir='ltr'><strong>pars</strong></span> <span class='ocrx_word' id='word_1_722' title='bbox 2643 3066 2710 3107; x_wconf 82' lang='lat' dir='ltr'><strong>ex</strong></span> <span class='ocrx_word' id='word_1_723' title='bbox 2744 3051 2876 3122; x_wconf 85' lang='lat' dir='ltr'><strong>ipsis</strong></span> <span class='ocrx_word' id='word_1_724' title='bbox 2907 3050 3086 3122; x_wconf 88' lang='lat' dir='ltr'><strong>aliqua</strong></span> <span class='ocrx_word' id='word_1_725' title='bbox 3115 3051 3225 3107; x_wconf 91' lang='lat' dir='ltr'><strong>Deo</strong></span> <span class='ocrx_word' id='word_1_726' title='bbox 3249 3051 3492 3115; x_wconf 79' lang='lat' dir='ltr'><strong>offertur,</strong></span> 
     </span>
    </p>
   </div>
   <div class='ocr_carea' id='block_1_91' title="bbox 1927 3142 3494 3216">
    <p class='ocr_par' dir='ltr' id='par_1_91' title="bbox 1927 3142 3494 3216">
     <span class='ocr_line' id='line_1_91' title="bbox 1927 3142 3494 3216; baseline -0.005 -13"><span class='ocrx_word' id='word_1_727' title='bbox 1927 3154 1982 3203; x_wconf 92' lang='lat' dir='ltr'><strong>et</strong></span> <span class='ocrx_word' id='word_1_728' title='bbox 2010 3145 2199 3201; x_wconf 90' lang='lat' dir='ltr'><strong>altaris</strong></span> <span class='ocrx_word' id='word_1_729' title='bbox 2238 3144 2452 3216; x_wconf 84' lang='lat' dir='ltr'><strong>ignibus</strong></span> <span class='ocrx_word' id='word_1_730' title='bbox 2493 3144 2741 3208; x_wconf 90' lang='lat' dir='ltr'><strong>traditur,</strong></span> <span class='ocrx_word' id='word_1_731' title='bbox 2791 3150 2852 3197; x_wconf 93' lang='lat' dir='ltr'><strong>ut</strong></span> <span class='ocrx_word' id='word_1_732' title='bbox 2889 3143 3124 3198; x_wconf 89' lang='lat' dir='ltr'><strong>sciamus</strong></span> <span class='ocrx_word' id='word_1_733' title='bbox 3158 3142 3319 3197; x_wconf 91' lang='lat' dir='ltr'><strong>etiam</strong></span> <span class='ocrx_word' id='word_1_734' title='bbox 3350 3142 3494 3212; x_wconf 80' lang='lat' dir='ltr'><strong>quod</strong></span> 
     </span>
    </p>
   </div>
   <div class='ocr_carea' id='block_1_92' title="bbox 1925 3232 3496 3303">
    <p class='ocr_par' dir='ltr' id='par_1_92' title="bbox 1925 3232 3496 3303">
     <span class='ocr_line' id='line_1_92' title="bbox 1925 3232 3496 3303; baseline -0.003 -11"><span class='ocrx_word' id='word_1_735' title='bbox 1925 3244 1981 3292; x_wconf 89' lang='lat' dir='ltr'><strong>et</strong></span> <span class='ocrx_word' id='word_1_736' title='bbox 2024 3236 2070 3291; x_wconf 91' lang='lat' dir='ltr'><strong>si</strong></span> <span class='ocrx_word' id='word_1_737' title='bbox 2114 3235 2429 3290; x_wconf 90' lang='lat' dir='ltr'><strong>conceditur</strong></span> <span class='ocrx_word' id='word_1_738' title='bbox 2465 3233 2622 3289; x_wconf 88' lang='lat' dir='ltr'><strong>nobis</strong></span> <span class='ocrx_word' id='word_1_739' title='bbox 2664 3233 2846 3303; x_wconf 89' lang='lat' dir='ltr'><strong>aliqua</strong></span> <span class='ocrx_word' id='word_1_740' title='bbox 2880 3248 2948 3289; x_wconf 77' lang='lat' dir='ltr'><strong>ex</strong></span> <span class='ocrx_word' id='word_1_741' title='bbox 2977 3232 3175 3288; x_wconf 89' lang='lat' dir='ltr'><strong>divinis</strong></span> <span class='ocrx_word' id='word_1_742' title='bbox 3201 3232 3496 3302; x_wconf 85' lang='lat' dir='ltr'><strong>Scripturis</strong></span> 
     </span>
    </p>
   </div>
   <div class='ocr_carea' id='block_1_93' title="bbox 1926 3323 3497 3397">
    <p class='ocr_par' dir='ltr' id='par_1_93' title="bbox 1926 3323 3497 3397">
     <span class='ocr_line' id='line_1_93' title="bbox 1926 3323 3497 3397; baseline -0.003 -15"><span class='ocrx_word' id='word_1_743' title='bbox 1926 3328 2330 3397; x_wconf 89' lang='lat' dir='ltr'><strong>apprehendere</strong></span> <span class='ocrx_word' id='word_1_744' title='bbox 2355 3335 2411 3381; x_wconf 86' lang='lat' dir='ltr'><strong>et</strong></span> <span class='ocrx_word' id='word_1_745' title='bbox 2434 3340 2783 3396; x_wconf 88' lang='lat' dir='ltr'><strong>cognoscere,</strong></span> <span class='ocrx_word' id='word_1_746' title='bbox 2815 3334 2939 3380; x_wconf 88' lang='lat' dir='ltr'><strong>sunt</strong></span> <span class='ocrx_word' id='word_1_747' title='bbox 2967 3332 3146 3379; x_wconf 90' lang='lat' dir='ltr'><strong>tamen</strong></span> <span class='ocrx_word' id='word_1_748' title='bbox 3169 3323 3348 3395; x_wconf 89' lang='lat' dir='ltr'><strong>aliqua</strong></span> <span class='ocrx_word' id='word_1_749' title='bbox 3378 3338 3497 3393; x_wconf 71' lang='lat' dir='ltr'><strong>quae</strong></span> 
     </span>
    </p>
   </div>
   <div class='ocr_carea' id='block_1_94' title="bbox 1925 3417 3496 3488">
    <p class='ocr_par' dir='ltr' id='par_1_94' title="bbox 1925 3417 3496 3488">
     <span class='ocr_line' id='line_1_94' title="bbox 1925 3417 3496 3488; baseline -0.001 -16"><span class='ocrx_word' id='word_1_750' title='bbox 1925 3419 2037 3474; x_wconf 87' lang='lat' dir='ltr'><strong>Deo</strong></span> <span class='ocrx_word' id='word_1_751' title='bbox 2082 3419 2405 3474; x_wconf 89' lang='lat' dir='ltr'><strong>reservanda</strong></span> <span class='ocrx_word' id='word_1_752' title='bbox 2445 3426 2590 3485; x_wconf 90' lang='lat' dir='ltr'><strong>sunt,</strong></span> <span class='ocrx_word' id='word_1_753' title='bbox 2644 3432 2765 3488; x_wconf 63' lang='lat' dir='ltr'><strong>qua;</strong></span> <span class='ocrx_word' id='word_1_754' title='bbox 2805 3432 2930 3472; x_wconf 91' lang='lat' dir='ltr'><strong>cum</strong></span> <span class='ocrx_word' id='word_1_755' title='bbox 2960 3417 3367 3488; x_wconf 86' lang='lat' dir='ltr'><strong>intelligentiam</strong></span> <span class='ocrx_word' id='word_1_756' title='bbox 3397 3430 3496 3471; x_wconf 89' lang='lat' dir='ltr'><strong>no-</strong></span> 
     </span>
    </p>
   </div>
   <div class='ocr_carea' id='block_1_95' title="bbox 1927 3506 3495 3581">
    <p class='ocr_par' dir='ltr' id='par_1_95' title="bbox 1927 3506 3495 3581">
     <span class='ocr_line' id='line_1_95' title="bbox 1927 3506 3495 3581; baseline -0.004 -16"><span class='ocrx_word' id='word_1_757' title='bbox 1927 3521 2095 3566; x_wconf 90' lang='lat' dir='ltr'><strong>stram</strong></span> <span class='ocrx_word' id='word_1_758' title='bbox 2124 3517 2400 3581; x_wconf 88' lang='lat' dir='ltr'><strong>superent,</strong></span> <span class='ocrx_word' id='word_1_759' title='bbox 2429 3525 2727 3579; x_wconf 87' lang='lat' dir='ltr'><strong>sensusque</strong></span> <span class='ocrx_word' id='word_1_760' title='bbox 2750 3523 2939 3564; x_wconf 85' lang='lat' dir='ltr'><strong>eorum</strong></span> <span class='ocrx_word' id='word_1_761' title='bbox 2981 3523 3142 3577; x_wconf 84' lang='lat' dir='ltr'><strong>supra</strong></span> <span class='ocrx_word' id='word_1_762' title='bbox 3169 3522 3269 3560; x_wconf 90' lang='lat' dir='ltr'><strong>nos</strong></span> <span class='ocrx_word' id='word_1_763' title='bbox 3299 3506 3391 3570; x_wconf 85' lang='lat' dir='ltr'><strong>sit,</strong></span> <span class='ocrx_word' id='word_1_764' title='bbox 3428 3521 3495 3560; x_wconf 91' lang='lat' dir='ltr'><strong>ne</strong></span> 
     </span>
    </p>
   </div>
   <div class='ocr_carea' id='block_1_96' title="bbox 1927 3594 3498 3668">
    <p class='ocr_par' dir='ltr' id='par_1_96' title="bbox 1927 3594 3498 3668">
     <span class='ocr_line' id='line_1_96' title="bbox 1927 3594 3498 3668; baseline -0.004 -13"><span class='ocrx_word' id='word_1_765' title='bbox 1927 3601 2067 3657; x_wconf 85' lang='lat' dir='ltr'><strong>forte</strong></span> <span class='ocrx_word' id='word_1_766' title='bbox 2092 3602 2250 3655; x_wconf 86' lang='lat' dir='ltr'><strong>aliter</strong></span> <span class='ocrx_word' id='word_1_767' title='bbox 2280 3618 2310 3654; x_wconf 88' lang='lat' dir='ltr'><strong>a</strong></span> <span class='ocrx_word' id='word_1_768' title='bbox 2341 3600 2497 3654; x_wconf 86' lang='lat' dir='ltr'><strong>nobis</strong></span> <span class='ocrx_word' id='word_1_769' title='bbox 2525 3614 2688 3668; x_wconf 89' lang='lat' dir='ltr'><strong>quam</strong></span> <span class='ocrx_word' id='word_1_770' title='bbox 2721 3614 2779 3653; x_wconf 88' lang='lat' dir='ltr'><strong>se</strong></span> <span class='ocrx_word' id='word_1_771' title='bbox 2802 3598 2963 3653; x_wconf 85' lang='lat' dir='ltr'><strong>habet</strong></span> <span class='ocrx_word' id='word_1_772' title='bbox 2990 3598 3188 3653; x_wconf 88' lang='lat' dir='ltr'><strong>veritas</strong></span> <span class='ocrx_word' id='word_1_773' title='bbox 3220 3594 3498 3665; x_wconf 81' lang='lat' dir='ltr'><strong>proferan-</strong></span> 
     </span>
    </p>
   </div>
   <div class='ocr_carea' id='block_1_97' title="bbox 1929 3684 3493 3759">
    <p class='ocr_par' dir='ltr' id='par_1_97' title="bbox 1929 3684 3493 3759">
     <span class='ocr_line' id='line_1_97' title="bbox 1929 3684 3493 3759; baseline -0.007 -12"><span class='ocrx_word' id='word_1_774' title='bbox 1929 3703 2034 3757; x_wconf 90' lang='lat' dir='ltr'><strong>tur,</strong></span> <span class='ocrx_word' id='word_1_775' title='bbox 2087 3690 2277 3745; x_wconf 89' lang='lat' dir='ltr'><strong>melius</strong></span> <span class='ocrx_word' id='word_1_776' title='bbox 2314 3690 2427 3759; x_wconf 83' lang='lat' dir='ltr'><strong>igni</strong></span> <span class='ocrx_word' id='word_1_777' title='bbox 2468 3690 2572 3745; x_wconf 90' lang='lat' dir='ltr'><strong>ista</strong></span> <span class='ocrx_word' id='word_1_778' title='bbox 2614 3703 2921 3748; x_wconf 85' lang='lat' dir='ltr'><strong>servamus;</strong></span> <span class='ocrx_word' id='word_1_779' title='bbox 2971 3695 3026 3741; x_wconf 92' lang='lat' dir='ltr'><strong>et</strong></span> <span class='ocrx_word' id='word_1_780' title='bbox 3069 3686 3191 3741; x_wconf 90' lang='lat' dir='ltr'><strong>ideo</strong></span> <span class='ocrx_word' id='word_1_781' title='bbox 3232 3685 3393 3739; x_wconf 89' lang='lat' dir='ltr'><strong>etiam</strong></span> <span class='ocrx_word' id='word_1_782' title='bbox 3440 3684 3493 3737; x_wconf 84' lang='lat' dir='ltr'><strong>in</strong></span> 
     </span>
    </p>
   </div>
   <div class='ocr_carea' id='block_1_98' title="bbox 1928 3775 3499 3851">
    <p class='ocr_par' dir='ltr' id='par_1_98' title="bbox 1928 3775 3499 3851">
     <span class='ocr_line' id='line_1_98' title="bbox 1928 3775 3499 3851; baseline -0.007 -13"><span class='ocrx_word' id='word_1_783' title='bbox 1928 3785 2031 3838; x_wconf 89' lang='lat' dir='ltr'><strong>hoc</strong></span> <span class='ocrx_word' id='word_1_784' title='bbox 2059 3782 2199 3847; x_wconf 91' lang='lat' dir='ltr'><strong>loco,</strong></span> <span class='ocrx_word' id='word_1_785' title='bbox 2234 3797 2353 3851; x_wconf 65' lang='lat' dir='ltr'><strong>qua:</strong></span> <span class='ocrx_word' id='word_1_786' title='bbox 2388 3780 2602 3850; x_wconf 88' lang='lat' dir='ltr'><strong>quidem</strong></span> <span class='ocrx_word' id='word_1_787' title='bbox 2633 3794 2887 3837; x_wconf 91' lang='lat' dir='ltr'><strong>concessa</strong></span> <span class='ocrx_word' id='word_1_788' title='bbox 2924 3784 3049 3833; x_wconf 90' lang='lat' dir='ltr'><strong>sunt</strong></span> <span class='ocrx_word' id='word_1_789' title='bbox 3087 3775 3394 3831; x_wconf 85' lang='lat' dir='ltr'><strong>hominibus</strong></span> <span class='ocrx_word' id='word_1_790' title='bbox 3430 3776 3499 3828; x_wconf 86' lang='lat' dir='ltr'><strong>ad</strong></span> 
     </span>
    </p>
   </div>
   <div class='ocr_carea' id='block_1_99' title="bbox 1925 3863 3501 3940">
    <p class='ocr_par' dir='ltr' id='par_1_99' title="bbox 1925 3863 3501 3940">
     <span class='ocr_line' id='line_1_99' title="bbox 1925 3863 3501 3940; baseline -0.004 -14"><span class='ocrx_word' id='word_1_791' title='bbox 1925 3872 2212 3934; x_wconf 87' lang='lat' dir='ltr'><strong>edendum,</strong></span> <span class='ocrx_word' id='word_1_792' title='bbox 2244 3878 2406 3939; x_wconf 87' lang='lat' dir='ltr'><strong>prout</strong></span> <span class='ocrx_word' id='word_1_793' title='bbox 2436 3869 2731 3940; x_wconf 90' lang='lat' dir='ltr'><strong>potuimus,</strong></span> <span class='ocrx_word' id='word_1_794' title='bbox 2772 3868 2913 3922; x_wconf 88' lang='lat' dir='ltr'><strong>intra</strong></span> <span class='ocrx_word' id='word_1_795' title='bbox 2951 3863 3354 3921; x_wconf 85' lang='lat' dir='ltr'><strong>tabernaculum</strong></span> <span class='ocrx_word' id='word_1_796' title='bbox 3397 3864 3501 3919; x_wconf 86' lang='lat' dir='ltr'><strong>Do-</strong></span> 
     </span>
    </p>
   </div>
   <div class='ocr_carea' id='block_1_100' title="bbox 1926 3958 3498 4030">
    <p class='ocr_par' dir='ltr' id='par_1_100' title="bbox 1926 3958 3498 4030">
     <span class='ocr_line' id='line_1_100' title="bbox 1926 3958 3498 4030; baseline -0.006 -15"><span class='ocrx_word' id='word_1_797' title='bbox 1926 3962 2058 4016; x_wconf 91' lang='lat' dir='ltr'><strong>mini</strong></span> <span class='ocrx_word' id='word_1_798' title='bbox 2108 3960 2564 4030; x_wconf 87' lang='lat' dir='ltr'><strong>consumpsimus.</strong></span> <span class='ocrx_word' id='word_1_799' title='bbox 2624 3958 2684 4013; x_wconf 90' lang='lat' dir='ltr'><strong>Si</strong></span> <span class='ocrx_word' id='word_1_800' title='bbox 2738 3971 2843 4027; x_wconf 88' lang='lat' dir='ltr'><strong>qua</strong></span> <span class='ocrx_word' id='word_1_801' title='bbox 2887 3970 3018 4011; x_wconf 90' lang='lat' dir='ltr'><strong>vero</strong></span> <span class='ocrx_word' id='word_1_802' title='bbox 3066 3961 3392 4025; x_wconf 88' lang='lat' dir='ltr'><strong>supersunt,</strong></span> <span class='ocrx_word' id='word_1_803' title='bbox 3444 3961 3498 4006; x_wconf 88' lang='lat' dir='ltr'><strong>et</strong></span> 
     </span>
    </p>
   </div>
   <div class='ocr_carea' id='block_1_101' title="bbox 1926 4042 3494 4115">
    <p class='ocr_par' dir='ltr' id='par_1_101' title="bbox 1926 4042 3494 4115">
     <span class='ocr_line' id='line_1_101' title="bbox 1926 4042 3494 4115; baseline -0.006 -10"><span class='ocrx_word' id='word_1_804' title='bbox 1926 4051 2009 4106; x_wconf 88' lang='lat' dir='ltr'><strong>vel</strong></span> <span class='ocrx_word' id='word_1_805' title='bbox 2046 4067 2144 4105; x_wconf 90' lang='lat' dir='ltr'><strong>nos</strong></span> <span class='ocrx_word' id='word_1_806' title='bbox 2182 4051 2235 4105; x_wconf 91' lang='lat' dir='ltr'><strong>in</strong></span> <span class='ocrx_word' id='word_1_807' title='bbox 2275 4050 2558 4113; x_wconf 88' lang='lat' dir='ltr'><strong>audiendo,</strong></span> <span class='ocrx_word' id='word_1_808' title='bbox 2600 4049 2685 4103; x_wconf 91' lang='lat' dir='ltr'><strong>vel</strong></span> <span class='ocrx_word' id='word_1_809' title='bbox 2729 4062 2828 4102; x_wconf 91' lang='lat' dir='ltr'><strong>nos</strong></span> <span class='ocrx_word' id='word_1_810' title='bbox 2865 4056 3122 4115; x_wconf 89' lang='lat' dir='ltr'><strong>superant</strong></span> <span class='ocrx_word' id='word_1_811' title='bbox 3158 4046 3214 4099; x_wconf 90' lang='lat' dir='ltr'><strong>in</strong></span> <span class='ocrx_word' id='word_1_812' title='bbox 3249 4042 3494 4104; x_wconf 90' lang='lat' dir='ltr'><strong>dicendo,</strong></span> 
     </span>
    </p>
   </div>
   <div class='ocr_carea' id='block_1_102' title="bbox 1927 4140 3507 4211">
    <p class='ocr_par' dir='ltr' id='par_1_102' title="bbox 1927 4140 3507 4211">
     <span class='ocr_line' id='line_1_102' title="bbox 1927 4140 3507 4211; baseline -0.008 -14"><span class='ocrx_word' id='word_1_813' title='bbox 1927 4157 2205 4198; x_wconf 89' lang='lat' dir='ltr'><strong>servemus</strong></span> <span class='ocrx_word' id='word_1_814' title='bbox 2257 4141 2367 4211; x_wconf 88' lang='lat' dir='ltr'><strong>igni</strong></span> <span class='ocrx_word' id='word_1_815' title='bbox 2412 4140 2633 4203; x_wconf 87' lang='lat' dir='ltr'><strong>altaris,</strong></span> <span class='ocrx_word' id='word_1_816' title='bbox 2683 4146 2941 4207; x_wconf 88' lang='lat' dir='ltr'><strong>tanquam</strong></span> <span class='ocrx_word' id='word_1_817' title='bbox 2975 4151 3095 4191; x_wconf 88' lang='lat' dir='ltr'><strong>eam</strong></span> <span class='ocrx_word' id='word_1_818' title='bbox 3132 4143 3341 4203; x_wconf 88' lang='lat' dir='ltr'><strong>partem</strong></span> <span class='ocrx_word' id='word_1_819' title='bbox 3374 4147 3507 4200; x_wconf 72' lang='lat' dir='ltr'><strong>qum</strong></span> 
     </span>
    </p>
   </div>
   <div class='ocr_carea' id='block_1_103' title="bbox 1926 4217 3425 4303">
    <p class='ocr_par' dir='ltr' id='par_1_103' title="bbox 1926 4217 3425 4303">
     <span class='ocr_line' id='line_1_103' title="bbox 1926 4217 3425 4303; baseline -0.011 -16"><span class='ocrx_word' id='word_1_820' title='bbox 1926 4247 2026 4303; x_wconf 90' lang='lat' dir='ltr'><strong>pro</strong></span> <span class='ocrx_word' id='word_1_821' title='bbox 2054 4238 2277 4300; x_wconf 88' lang='lat' dir='ltr'><strong>peccato</strong></span> <span class='ocrx_word' id='word_1_822' title='bbox 2318 4243 2481 4298; x_wconf 91' lang='lat' dir='ltr'><strong>super</strong></span> <span class='ocrx_word' id='word_1_823' title='bbox 2520 4227 2693 4281; x_wconf 87' lang='lat' dir='ltr'><strong>altare</strong></span> <span class='ocrx_word' id='word_1_824' title='bbox 2727 4224 2939 4280; x_wconf 89' lang='lat' dir='ltr'><strong>Domini</strong></span> <span class='ocrx_word' id='word_1_825' title='bbox 2973 4222 3194 4292; x_wconf 90' lang='lat' dir='ltr'><strong>jubetur</strong></span> <span class='ocrx_word' id='word_1_826' title='bbox 3222 4217 3425 4275; x_wconf 77' lang='lat' dir='ltr'><strong>oli‘erri.</strong></span> 
     </span>
    </p>
   </div>
   <div class='ocr_carea' id='block_1_104' title="bbox 2538 4334 2891 4393">
    <p class='ocr_par' dir='ltr' id='par_1_104' title="bbox 2538 4334 2891 4393">
     <span class='ocr_line' id='line_1_104' title="bbox 2538 4334 2891 4393; baseline -0.014 0"><span class='ocrx_word' id='word_1_827' title='bbox 2538 4337 2766 4393; x_wconf 86' lang='lat' dir='ltr'><strong>CAPUT</strong></span> <span class='ocrx_word' id='word_1_828' title='bbox 2804 4334 2891 4391; x_wconf 79' lang='lat' dir='ltr'><strong>IV.</strong></span> 
     </span>
    </p>
   </div>
   <div class='ocr_carea' id='block_1_105' title="bbox 2144 4404 3375 4477">
    <p class='ocr_par' dir='ltr' id='par_1_105' title="bbox 2144 4404 3375 4477">
     <span class='ocr_line' id='line_1_105' title="bbox 2144 4404 3375 4477; baseline -0.009 -14"><span class='ocrx_word' id='word_1_829' title='bbox 2144 4408 2385 4475; x_wconf 82' lang='lat' dir='ltr'><strong>Qualiter</strong></span> <span class='ocrx_word' id='word_1_830' title='bbox 2414 4408 2596 4462; x_wconf 72' lang='lat' dir='ltr'><strong>hostire</strong></span> <span class='ocrx_word' id='word_1_831' title='bbox 2620 4423 2713 4477; x_wconf 90' lang='lat' dir='ltr'><strong>pro</strong></span> <span class='ocrx_word' id='word_1_832' title='bbox 2744 4406 2944 4460; x_wconf 86' lang='lat' dir='ltr'><strong>delictis</strong></span> <span class='ocrx_word' id='word_1_833' title='bbox 2972 4404 3279 4474; x_wconf 67' lang='lat' dir='ltr'><strong>oﬂ&#39;erantur.</strong></span> <span class='ocrx_word' id='word_1_834' title='bbox 3370 4449 3375 4452; x_wconf 88' lang='lat'><strong>.</strong></span> 
     </span>
    </p>
   </div>
   <div class='ocr_carea' id='block_1_106' title="bbox 2005 4487 3525 4573">
    <p class='ocr_par' dir='ltr' id='par_1_106' title="bbox 2005 4487 3525 4573">
     <span class='ocr_line' id='line_1_106' title="bbox 2005 4487 3525 4573; baseline -0.009 -18"><span class='ocrx_word' id='word_1_835' title='bbox 2005 4498 2155 4573; x_wconf 76' lang='lat' dir='ltr'><strong>(CAP.</strong></span> <span class='ocrx_word' id='word_1_836' title='bbox 2194 4497 2315 4570; x_wconf 81' lang='lat' dir='ltr'><strong>vn.)</strong></span> <span class='ocrx_word' id='word_1_837' title='bbox 2358 4496 2485 4552; x_wconf 78' lang='lat' dir='ltr'><strong>ch</strong></span> <span class='ocrx_word' id='word_1_838' title='bbox 2509 4512 2711 4567; x_wconf 87' lang='lat' dir='ltr'><strong>quoque</strong></span> <span class='ocrx_word' id='word_1_839' title='bbox 2754 4503 2827 4548; x_wconf 88' lang='lat' dir='ltr'><strong>est</strong></span> <span class='ocrx_word' id='word_1_840' title='bbox 2860 4493 2943 4548; x_wconf 79' lang='lat' dir='ltr'><strong>lea:</strong></span> <span class='ocrx_word' id='word_1_841' title='bbox 2969 4492 3152 4547; x_wconf 70' lang='lat' dir='ltr'><strong>hostica</strong></span> <span class='ocrx_word' id='word_1_842' title='bbox 3187 4505 3280 4562; x_wconf 91' lang='lat' dir='ltr'><strong>pro</strong></span> <span class='ocrx_word' id='word_1_843' title='bbox 3314 4487 3525 4551; x_wconf 89' lang='lat' dir='ltr'><strong>delicto,</strong></span> 
     </span>
    </p>
   </div>
   <div class='ocr_carea' id='block_1_107' title="bbox 1936 4581 3496 4652">
    <p class='ocr_par' dir='ltr' id='par_1_107' title="bbox 1936 4581 3496 4652">
     <span class='ocr_line' id='line_1_107' title="bbox 1936 4581 3496 4652; baseline -0.008 -4"><span class='ocrx_word' id='word_1_844' title='bbox 1936 4592 2190 4650; x_wconf 83' lang='lat' dir='ltr'><strong>Sanctum</strong></span> <span class='ocrx_word' id='word_1_845' title='bbox 2223 4598 2523 4645; x_wconf 88' lang='lat' dir='ltr'><strong>sanctorum</strong></span> <span class='ocrx_word' id='word_1_846' title='bbox 2548 4597 2639 4652; x_wconf 89' lang='lat' dir='ltr'><strong>est,</strong></span> <span class='ocrx_word' id='word_1_847' title='bbox 2672 4587 2866 4640; x_wconf 87' lang='lat' dir='ltr'><strong>idcirco</strong></span> <span class='ocrx_word' id='word_1_848' title='bbox 2898 4585 2986 4640; x_wconf 91' lang='lat' dir='ltr'><strong>ubi</strong></span> <span class='ocrx_word' id='word_1_849' title='bbox 3018 4583 3321 4639; x_wconf 87' lang='lat' dir='ltr'><strong>immolatur</strong></span> <span class='ocrx_word' id='word_1_850' title='bbox 3345 4581 3496 4635; x_wconf 84' lang='lat' dir='ltr'><strong>holo-</strong></span> 
     </span>
    </p>
   </div>
   <div class='ocr_carea' id='block_1_108' title="bbox 1934 4672 3499 4748">
    <p class='ocr_par' dir='ltr' id='par_1_108' title="bbox 1934 4672 3499 4748">
     <span class='ocr_line' id='line_1_108' title="bbox 1934 4672 3499 4748; baseline -0.008 -9"><span class='ocrx_word' id='word_1_851' title='bbox 1934 4693 2197 4748; x_wconf 87' lang='lat' dir='ltr'><strong>caustum,</strong></span> <span class='ocrx_word' id='word_1_852' title='bbox 2238 4679 2553 4735; x_wconf 87' lang='lat' dir='ltr'><strong>mactabitur</strong></span> <span class='ocrx_word' id='word_1_853' title='bbox 2576 4687 2623 4732; x_wconf 87' lang='lat' dir='ltr'><strong>et</strong></span> <span class='ocrx_word' id='word_1_854' title='bbox 2650 4679 2855 4732; x_wconf 77' lang='lat' dir='ltr'><strong>victima</strong></span> <span class='ocrx_word' id='word_1_855' title='bbox 2888 4693 2981 4747; x_wconf 88' lang='lat' dir='ltr'><strong>pro</strong></span> <span class='ocrx_word' id='word_1_856' title='bbox 3022 4675 3241 4741; x_wconf 88' lang='lat' dir='ltr'><strong>delicto,</strong></span> <span class='ocrx_word' id='word_1_857' title='bbox 3286 4672 3499 4744; x_wconf 85' lang='lat' dir='ltr'><strong>sanguis</strong></span> 
     </span>
    </p>
   </div>
   <div class='ocr_carea' id='block_1_109' title="bbox 1934 4769 3495 4845">
    <p class='ocr_par' dir='ltr' id='par_1_109' title="bbox 1934 4769 3495 4845">
     <span class='ocr_line' id='line_1_109' title="bbox 1934 4769 3495 4845; baseline -0.006 -16"><span class='ocrx_word' id='word_1_858' title='bbox 1934 4776 2048 4845; x_wconf 88' lang='lat' dir='ltr'><strong>ejus</strong></span> <span class='ocrx_word' id='word_1_859' title='bbox 2077 4791 2169 4845; x_wconf 87' lang='lat' dir='ltr'><strong>per</strong></span> <span class='ocrx_word' id='word_1_860' title='bbox 2189 4788 2377 4844; x_wconf 84' lang='lat' dir='ltr'><strong>gyrum</strong></span> <span class='ocrx_word' id='word_1_861' title='bbox 2401 4770 2650 4841; x_wconf 82' lang='lat' dir='ltr'><strong>fundetur</strong></span> <span class='ocrx_word' id='word_1_862' title='bbox 2680 4769 2899 4833; x_wconf 88' lang='lat' dir='ltr'><strong>altaris;</strong></span> <span class='ocrx_word' id='word_1_863' title='bbox 2940 4769 3155 4839; x_wconf 72' lang='lat' dir='ltr'><strong>offerent</strong></span> <span class='ocrx_word' id='word_1_864' title='bbox 3187 4785 3250 4823; x_wconf 74' lang='lat' dir='ltr'><strong>ex</strong></span> <span class='ocrx_word' id='word_1_865' title='bbox 3275 4784 3337 4822; x_wconf 87' lang='lat' dir='ltr'><strong>ea</strong></span> <span class='ocrx_word' id='word_1_866' title='bbox 3365 4784 3495 4821; x_wconf 85' lang='lat' dir='ltr'><strong>cau-</strong></span> 
     </span>
    </p>
   </div>
   <div class='ocr_carea' id='block_1_110' title="bbox 1938 4854 3494 4932">
    <p class='ocr_par' dir='ltr' id='par_1_110' title="bbox 1938 4854 3494 4932">
     <span class='ocr_line' id='line_1_110' title="bbox 1938 4854 3494 4932; baseline -0.007 -14"><span class='ocrx_word' id='word_1_867' title='bbox 1938 4866 2060 4918; x_wconf 90' lang='lat' dir='ltr'><strong>dam</strong></span> <span class='ocrx_word' id='word_1_868' title='bbox 2090 4872 2138 4916; x_wconf 89' lang='lat' dir='ltr'><strong>et</strong></span> <span class='ocrx_word' id='word_1_869' title='bbox 2166 4862 2371 4931; x_wconf 85' lang='lat' dir='ltr'><strong>adipem</strong></span> <span class='ocrx_word' id='word_1_870' title='bbox 2419 4860 2507 4932; x_wconf 88' lang='lat' dir='ltr'><strong>qui</strong></span> <span class='ocrx_word' id='word_1_871' title='bbox 2541 4859 2702 4929; x_wconf 83' lang='lat' dir='ltr'><strong>operit</strong></span> <span class='ocrx_word' id='word_1_872' title='bbox 2740 4857 2949 4923; x_wconf 86' lang='lat' dir='ltr'><strong>vitalia,</strong></span> <span class='ocrx_word' id='word_1_873' title='bbox 2991 4858 3122 4912; x_wconf 90' lang='lat' dir='ltr'><strong>duos</strong></span> <span class='ocrx_word' id='word_1_874' title='bbox 3163 4854 3494 4919; x_wconf 78' lang='lat' dir='ltr'><strong>ranunculos,</strong></span> 
     </span>
    </p>
   </div>
   <div class='ocr_carea' id='block_1_111' title="bbox 1938 4945 3499 5021">
    <p class='ocr_par' dir='ltr' id='par_1_111' title="bbox 1938 4945 3499 5021">
     <span class='ocr_line' id='line_1_111' title="bbox 1938 4945 3499 5021; baseline -0.004 -17"><span class='ocrx_word' id='word_1_875' title='bbox 1938 4960 1988 5005; x_wconf 87' lang='lat' dir='ltr'><strong>et</strong></span> <span class='ocrx_word' id='word_1_876' title='bbox 2014 4950 2379 5021; x_wconf 85' lang='lat' dir='ltr'><strong>pinguedinem</strong></span> <span class='ocrx_word' id='word_1_877' title='bbox 2405 4965 2523 5020; x_wconf 63' lang='lat' dir='ltr'><strong>qua?</strong></span> <span class='ocrx_word' id='word_1_878' title='bbox 2544 4950 2700 5018; x_wconf 72' lang='lat' dir='ltr'><strong>juxta</strong></span> <span class='ocrx_word' id='word_1_879' title='bbox 2736 4947 2830 5002; x_wconf 86' lang='lat' dir='ltr'><strong>ilia</strong></span> <span class='ocrx_word' id='word_1_880' title='bbox 2869 4956 2964 5012; x_wconf 87' lang='lat' dir='ltr'><strong>est,</strong></span> <span class='ocrx_word' id='word_1_881' title='bbox 3009 4945 3382 5017; x_wconf 80' lang='lat' dir='ltr'><strong>reticulumque</strong></span> <span class='ocrx_word' id='word_1_882' title='bbox 3412 4945 3499 5015; x_wconf 78' lang='lat' dir='ltr'><strong>je-</strong></span> 
     </span>
    </p>
   </div>
   <div class='ocr_carea' id='block_1_112' title="bbox 1937 5038 3504 5107">
    <p class='ocr_par' dir='ltr' id='par_1_112' title="bbox 1937 5038 3504 5107">
     <span class='ocr_line' id='line_1_112' title="bbox 1937 5038 3504 5107; baseline -0.004 -12"><span class='ocrx_word' id='word_1_883' title='bbox 1937 5042 2072 5096; x_wconf 87' lang='lat' dir='ltr'><strong>coris</strong></span> <span class='ocrx_word' id='word_1_884' title='bbox 2109 5057 2227 5094; x_wconf 86' lang='lat' dir='ltr'><strong>cum</strong></span> <span class='ocrx_word' id='word_1_885' title='bbox 2274 5039 2604 5104; x_wconf 86' lang='lat' dir='ltr'><strong>renunculis,</strong></span> <span class='ocrx_word' id='word_1_886' title='bbox 2646 5048 2696 5092; x_wconf 89' lang='lat' dir='ltr'><strong>et</strong></span> <span class='ocrx_word' id='word_1_887' title='bbox 2738 5038 2962 5093; x_wconf 89' lang='lat' dir='ltr'><strong>adolebit</strong></span> <span class='ocrx_word' id='word_1_888' title='bbox 2989 5055 3051 5092; x_wconf 88' lang='lat' dir='ltr'><strong>ea</strong></span> <span class='ocrx_word' id='word_1_889' title='bbox 3079 5038 3320 5099; x_wconf 82' lang='lat' dir='ltr'><strong>sacerdos</strong></span> <span class='ocrx_word' id='word_1_890' title='bbox 3349 5052 3504 5107; x_wconf 80' lang='lat' dir='ltr'><strong>super</strong></span> 
     </span>
    </p>
   </div>
   <div class='ocr_carea' id='block_1_113' title="bbox 1936 5125 3493 5197">
    <p class='ocr_par' dir='ltr' id='par_1_113' title="bbox 1936 5125 3493 5197">
     <span class='ocr_line' id='line_1_113' title="bbox 1936 5125 3493 5197; baseline -0.004 -13"><span class='ocrx_word' id='word_1_891' title='bbox 1936 5131 2122 5184; x_wconf 87' lang='lat' dir='ltr'><strong>altare.</strong></span> <span class='ocrx_word' id='word_1_892' title='bbox 2167 5128 2443 5183; x_wconf 81' lang='lat' dir='ltr'><strong>Incensum</strong></span> <span class='ocrx_word' id='word_1_893' title='bbox 2474 5137 2548 5182; x_wconf 85' lang='lat' dir='ltr'><strong>est</strong></span> <span class='ocrx_word' id='word_1_894' title='bbox 2576 5126 2787 5181; x_wconf 88' lang='lat' dir='ltr'><strong>Domini</strong></span> <span class='ocrx_word' id='word_1_895' title='bbox 2811 5144 2904 5197; x_wconf 82' lang='lat' dir='ltr'><strong>pro</strong></span> <span class='ocrx_word' id='word_1_896' title='bbox 2929 5127 3133 5181; x_wconf 88' lang='lat' dir='ltr'><strong>delicto.</strong></span> <span class='ocrx_word' id='word_1_897' title='bbox 3167 5125 3493 5180; x_wconf 42' lang='lat' dir='ltr'><strong>Omnis‘ma»</strong></span> 
     </span>
    </p>
   </div>
   <div class='ocr_carea' id='block_1_114' title="bbox 1937 5214 3512 5286">
    <p class='ocr_par' dir='ltr' id='par_1_114' title="bbox 1937 5214 3512 5286">
     <span class='ocr_line' id='line_1_114' title="bbox 1937 5214 3512 5286; baseline -0.006 -12"><span class='ocrx_word' id='word_1_898' title='bbox 1937 5218 2113 5274; x_wconf 72' lang='lat' dir='ltr'><strong>oculus</strong></span> <span class='ocrx_word' id='word_1_899' title='bbox 2142 5218 2209 5271; x_wconf 86' lang='lat' dir='ltr'><strong>de</strong></span> <span class='ocrx_word' id='word_1_900' title='bbox 2237 5216 2552 5271; x_wconf 84' lang='lat' dir='ltr'><strong>sacerdotali</strong></span> <span class='ocrx_word' id='word_1_901' title='bbox 2595 5231 2776 5286; x_wconf 86' lang='lat' dir='ltr'><strong>genere</strong></span> <span class='ocrx_word' id='word_1_902' title='bbox 2815 5216 2871 5269; x_wconf 92' lang='lat' dir='ltr'><strong>in</strong></span> <span class='ocrx_word' id='word_1_903' title='bbox 2908 5214 3019 5270; x_wconf 87' lang='lat' dir='ltr'><strong>loco</strong></span> <span class='ocrx_word' id='word_1_904' title='bbox 3058 5226 3237 5270; x_wconf 89' lang='lat' dir='ltr'><strong>sancto</strong></span> <span class='ocrx_word' id='word_1_905' title='bbox 3274 5224 3512 5270; x_wconf 71' lang='lat' dir='ltr'><strong>nascetur.</strong></span> 
     </span>
    </p>
   </div>
   <div class='ocr_carea' id='block_1_115' title="bbox 1935 5302 3499 5376">
    <p class='ocr_par' dir='ltr' id='par_1_115' title="bbox 1935 5302 3499 5376">
     <span class='ocr_line' id='line_1_115' title="bbox 1935 5302 3499 5376; baseline -0.006 -15"><span class='ocrx_word' id='word_1_906' title='bbox 1935 5308 2016 5361; x_wconf 85' lang='lat' dir='ltr'><strong>Itis</strong></span> <span class='ocrx_word' id='word_1_907' title='bbox 2039 5306 2303 5371; x_wconf 88' lang='lat' dir='ltr'><strong>carnibus,</strong></span> <span class='ocrx_word' id='word_1_908' title='bbox 2332 5306 2456 5376; x_wconf 87' lang='lat' dir='ltr'><strong>quia</strong></span> <span class='ocrx_word' id='word_1_909' title='bbox 2483 5304 2735 5360; x_wconf 86' lang='lat' dir='ltr'><strong>Sanctum</strong></span> <span class='ocrx_word' id='word_1_910' title='bbox 2777 5313 3073 5359; x_wconf 85' lang='lat' dir='ltr'><strong>sanctorum</strong></span> <span class='ocrx_word' id='word_1_911' title='bbox 3117 5316 3212 5359; x_wconf 82' lang='lat' dir='ltr'><strong>est.</strong></span> <span class='ocrx_word' id='word_1_912' title='bbox 3260 5304 3327 5357; x_wconf 86' lang='lat' dir='ltr'><strong>Et</strong></span> <span class='ocrx_word' id='word_1_913' title='bbox 3365 5302 3499 5355; x_wconf 83' lang='lat' dir='ltr'><strong>sicut</strong></span> 
     </span>
    </p>
   </div>
   <div class='ocr_carea' id='block_1_116' title="bbox 1935 5392 3509 5470">
    <p class='ocr_par' dir='ltr' id='par_1_116' title="bbox 1935 5392 3509 5470">
     <span class='ocr_line' id='line_1_116' title="bbox 1935 5392 3509 5470; baseline -0.006 -18"><span class='ocrx_word' id='word_1_914' title='bbox 1935 5415 2029 5470; x_wconf 91' lang='lat' dir='ltr'><strong>pro</strong></span> <span class='ocrx_word' id='word_1_915' title='bbox 2058 5406 2269 5468; x_wconf 86' lang='lat' dir='ltr'><strong>peccato</strong></span> <span class='ocrx_word' id='word_1_916' title='bbox 2298 5396 2517 5465; x_wconf 72' lang='lat' dir='ltr'><strong>o/fertur</strong></span> <span class='ocrx_word' id='word_1_917' title='bbox 2545 5394 2736 5458; x_wconf 86' lang='lat' dir='ltr'><strong>hostia,</strong></span> <span class='ocrx_word' id='word_1_918' title='bbox 2775 5394 2851 5448; x_wconf 89' lang='lat' dir='ltr'><strong>ita</strong></span> <span class='ocrx_word' id='word_1_919' title='bbox 2888 5405 2935 5448; x_wconf 88' lang='lat' dir='ltr'><strong>et</strong></span> <span class='ocrx_word' id='word_1_920' title='bbox 2959 5411 3053 5449; x_wconf 79' lang='lat' dir='ltr'><strong>pro</strong></span> <span class='ocrx_word' id='word_1_921' title='bbox 3082 5394 3267 5447; x_wconf 84' lang='lat' dir='ltr'><strong>delicto</strong></span> <span class='ocrx_word' id='word_1_922' title='bbox 3300 5392 3509 5444; x_wconf 49' lang='lat' dir='ltr'><strong>utriusa</strong></span> 
     </span>
    </p>
   </div>
   <div class='ocr_carea' id='block_1_117' title="bbox 1936 5480 3498 5557">
    <p class='ocr_par' dir='ltr' id='par_1_117' title="bbox 1936 5480 3498 5557">
     <span class='ocr_line' id='line_1_117' title="bbox 1936 5480 3498 5557; baseline -0.005 -16"><span class='ocrx_word' id='word_1_923' title='bbox 1936 5504 2034 5557; x_wconf 91' lang='lat' dir='ltr'><strong>que</strong></span> <span class='ocrx_word' id='word_1_924' title='bbox 2064 5486 2250 5540; x_wconf 77' lang='lat' dir='ltr'><strong>hostia:</strong></span> <span class='ocrx_word' id='word_1_925' title='bbox 2278 5503 2383 5540; x_wconf 88' lang='lat' dir='ltr'><strong>una</strong></span> <span class='ocrx_word' id='word_1_926' title='bbox 2407 5484 2490 5538; x_wconf 75' lang='lat' dir='ltr'><strong>lea:</strong></span> <span class='ocrx_word' id='word_1_927' title='bbox 2511 5485 2629 5551; x_wconf 88' lang='lat' dir='ltr'><strong>erit,</strong></span> <span class='ocrx_word' id='word_1_928' title='bbox 2654 5485 2723 5538; x_wconf 90' lang='lat' dir='ltr'><strong>ad</strong></span> <span class='ocrx_word' id='word_1_929' title='bbox 2752 5485 3072 5539; x_wconf 83' lang='lat' dir='ltr'><strong>sacerdotem</strong></span> <span class='ocrx_word' id='word_1_930' title='bbox 3093 5483 3183 5552; x_wconf 88' lang='lat' dir='ltr'><strong>qui</strong></span> <span class='ocrx_word' id='word_1_931' title='bbox 3209 5497 3325 5535; x_wconf 86' lang='lat' dir='ltr'><strong>eam</strong></span> <span class='ocrx_word' id='word_1_932' title='bbox 3349 5480 3498 5534; x_wconf 79' lang='lat' dir='ltr'><strong>obtu-</strong></span> 
     </span>
    </p>
   </div>
   <div class='ocr_carea' id='block_1_118' title="bbox 1937 5570 3494 5645">
    <p class='ocr_par' dir='ltr' id='par_1_118' title="bbox 1937 5570 3494 5645">
     <span class='ocr_line' id='line_1_118' title="bbox 1937 5570 3494 5645; baseline -0.001 -18"><span class='ocrx_word' id='word_1_933' title='bbox 1937 5575 2073 5640; x_wconf 86' lang='lat' dir='ltr'><strong>lerit,</strong></span> <span class='ocrx_word' id='word_1_934' title='bbox 2094 5573 2386 5645; x_wconf 89' lang='lat' dir='ltr'><strong>pertinebit.</strong></span> <span class='ocrx_word' id='word_1_935' title='bbox 2416 5573 2991 5643; x_wconf 76' lang='lat' dir='ltr'><strong>Delictum=aliquando</strong></span> <span class='ocrx_word' id='word_1_936' title='bbox 3012 5570 3226 5639; x_wconf 90' lang='lat' dir='ltr'><strong>quidem</strong></span> <span class='ocrx_word' id='word_1_937' title='bbox 3255 5572 3494 5641; x_wconf 80' lang='lat' dir='ltr'><strong>recogni-</strong></span> 
     </span>
    </p>
   </div>
   <div class='ocr_carea' id='block_1_119' title="bbox 234 5657 3509 5741">
    <p class='ocr_par' dir='ltr' id='par_1_119' title="bbox 234 5657 3509 5741">
     <span class='ocr_line' id='line_1_119' title="bbox 234 5657 3509 5741; baseline -0.001 -19"><span class='ocrx_word' id='word_1_938' title='bbox 234 5668 471 5738; x_wconf 68' lang='grc' dir='ltr'><strong>ιειοά.</strong></span> <span class='ocrx_word' id='word_1_939' title='bbox 500 5669 564 5741; x_wconf 90' lang='grc' dir='ltr'><strong>ι).</strong></span> <span class='ocrx_word' id='word_1_940' title='bbox 598 5668 860 5725; x_wconf 88' lang='lat' dir='ltr'><strong>Similiter</strong></span> <span class='ocrx_word' id='word_1_941' title='bbox 898 5683 1027 5739; x_wconf 89' lang='lat' dir='ltr'><strong>ergo</strong></span> <span class='ocrx_word' id='word_1_942' title='bbox 1066 5677 1122 5725; x_wconf 86' lang='lat' dir='ltr'><strong>et</strong></span> <span class='ocrx_word' id='word_1_943' title='bbox 1161 5669 1215 5723; x_wconf 92' lang='lat' dir='ltr'><strong>in</strong></span> <span class='ocrx_word' id='word_1_944' title='bbox 1259 5667 1498 5724; x_wconf 82' lang='lat' dir='ltr'><strong>Ecclesia</strong></span> <span class='ocrx_word' id='word_1_945' title='bbox 1547 5665 1640 5721; x_wconf 87' lang='lat' dir='ltr'><strong>Dei</strong></span> <span class='ocrx_word' id='word_1_946' title='bbox 1689 5664 1843 5722; x_wconf 89' lang='lat' dir='ltr'><strong>locus</strong></span> <span class='ocrx_word' id='word_1_947' title='bbox 1940 5675 2049 5722; x_wconf 90' lang='lat' dir='ltr'><strong>tum</strong></span> <span class='ocrx_word' id='word_1_948' title='bbox 2082 5675 2358 5739; x_wconf 85' lang='lat' dir='ltr'><strong>peccatum</strong></span> <span class='ocrx_word' id='word_1_949' title='bbox 2383 5675 2563 5733; x_wconf 87' lang='lat' dir='ltr'><strong>vocat,</strong></span> <span class='ocrx_word' id='word_1_950' title='bbox 2591 5664 2876 5733; x_wconf 84' lang='lat' dir='ltr'><strong>aliquando</strong></span> <span class='ocrx_word' id='word_1_951' title='bbox 2904 5668 3082 5715; x_wconf 84' lang='lat' dir='ltr'><strong>autem</strong></span> <span class='ocrx_word' id='word_1_952' title='bbox 3110 5657 3241 5715; x_wconf 86' lang='lat' dir='ltr'><strong>illud</strong></span> <span class='ocrx_word' id='word_1_953' title='bbox 3269 5661 3411 5734; x_wconf 88' lang='lat' dir='ltr'><strong>quod</strong></span> <span class='ocrx_word' id='word_1_954' title='bbox 3440 5662 3509 5718; x_wconf 70' lang='lat' dir='ltr'><strong>in.</strong></span> 
     </span>
    </p>
   </div>
  </div>
