3956 6176
478 303 576 357 5οἹ

1115 303 1176 358 Β.
1219 303 1474 360 ΠΑΒᾸΝΙ
1516 302 1736 358 MAURI
1772 301 2094 356 ARClIlEP.
2139 299 2447 358 MOGUNT.
2490 298 2781 356 OPERUM
2816 297 2997 353 PARS
3032 297 3075 352 l.

3614 295 3717 357 5(l8_

478 425 647 494 ipsum
678 422 1029 476 committitur
1056 419 1243 476 Deum.
1272 421 1425 474 Sicut
1445 420 1577 473 illud
1602 418 1746 488 quod
1772 418 1824 471 in
1852 416 2054 471 sanctis
2083 417 2132 477 Α
2158 415 2304 479 triri,
2339 429 2568 483 quarum
2602 411 2856 482 primitiae
2875 426 2974 481 per
2992 408 3267 485 pinnulam
3297 406 3484 461 olzlatzc
3516 406 3566 461 in
3596 424 3717 462 san-

479 511 1335 586 perpetratur,quemadmodum
1392 509 1640 579 superius
1693 507 2048 562 ostendimus.

481 604 589 677 (Es
631 600 902 675 Origene.)
958 600 1085 659 Scio
1137 610 1320 656 tamen
1369 610 1425 655 et
1465 599 1610 654 illam
1673 596 2051 663 diﬁ‘erentiam,

479 709 600 766 qua:
648 693 920 749 nonnullis
967 692 1291 762 sapientium
1338 690 1456 744 visa
1489 696 1592 752 est,
1623 688 1768 758 quod
1796 686 2051 742 delictum

481 787 698 857 quidem
727 786 804 840 sit
838 800 960 841 cum
998 800 1107 839 non
1151 784 1379 838 facimus
1407 797 1472 836 ea
1506 797 1628 851 qum
1672 779 1853 835 facere
1891 778 2050 834 debe-

483 891 621 941 mus,
662 884 944 945 peccatum
987 889 1116 929 vero
1151 874 1243 940 sit,
1284 888 1408 928 cum
1437 871 1824 927 committimus
1843 885 1906 924 ea
1934 884 2053 938 qua:

480 967 819 1023 committere
862 979 969 1019 non
1013 966 1291 1020 debemus.
1338 962 1443 1017 Sed
1488 962 1605 1017 haec
1643 960 1898 1031 quoniam
1946 974 2053 1013 non

481 1070 697 1126 semper
732 1055 790 1110 in
834 1052 1133 1124 Scripturis
1173 1054 1372 1109 divinis
1419 1053 1519 1109 sub
1562 1052 1664 1107 ista
1707 1050 2056 1106 distinctione

480 1146 803 1211 invenimus,
837 1146 1037 1200 idcirco
1066 1145 1391 1215 generaliter
1415 1142 1682 1199 aﬁirmare
1713 1157 1822 1196 non
1858 1157 2051 1211 possu-

480 1253 621 1293 mus.
675 1236 783 1309 (Ea:
810 1236 1115 1307 Hesychia.)
1156 1237 1500 1307 Qumcunque
1546 1244 1727 1290 autem
1770 1236 1837 1290 ad
1883 1235 2053 1289 Deum

483 1325 812 1391 referuntur,
865 1324 1134 1381 diﬁicilem
1179 1326 1377 1380 habent
1420 1326 1651 1386 veniam,
1709 1325 1781 1378 ita
1828 1333 1887 1377 ut
1935 1322 2053 1378 lleli

482 1416 608 1472 ﬁliis
634 1416 879 1472 diceret:
909 1415 967 1472 Si
1003 1417 1156 1470 Imma
1199 1418 1480 1486 peccaverit
1506 1417 1560 1469 in
1587 1417 1852 1479 homines,
1886 1416 2055 1469 orabit

485 1522 581 1577 pro
606 1524 699 1574 eo;
724 1510 770 1562 si
794 1524 910 1563 cera
940 1509 995 1561 in
1029 1507 1192 1561 Deum
1212 1509 1517 1578 peccaverit,
1549 1508 1664 1577 quis
1686 1522 1781 1576 pro
1805 1522 1864 1559 eo
1885 1506 2055 1558 arabit

483 1595 535 1667 (I
565 1595 691 1667 Reg.
723 1595 828 1667 u)?
856 1595 1169 1654 Necessaria
1206 1610 1334 1666 ergo
1353 1596 1578 1649 arietem
1610 1594 1834 1665 ﬁguram
1866 1608 2057 1663 geren-

484 1697 591 1744 tem
632 1690 874 1753 Domini,
914 1689 979 1744 de
1016 1703 1124 1757 quo
1165 1689 1366 1742 dictum
1406 1695 1529 1742 est:
1562 1686 1697 1740 Ecce
1733 1700 1898 1753 agnus
1936 1683 2054 1749 Dei,

2157 505 2485 561 ctiﬁcatione
2527 505 2711 574 peragi
2756 516 3053 570 omnesque
3090 500 3284 571 eorrigi
3331 500 3550 552 faciunt.
3602 500 3720 557 "me

2155 597 2342 652 dicens
2381 596 2603 658 addidit,
2649 593 2758 649 Pro
2791 593 2979 648 delicto
3011 602 3106 655 est,
3139 592 3427 647 ostendens
3456 594 3594 661 quod
3621 608 3723 647 non

2154 688 2357 743 frustra
2398 688 2726 743 sacriﬁcium
2757 688 2863 741 hoc
2889 683 3105 740 differre
3146 684 3215 738 ab
3262 684 3382 737 aliis
3422 683 3725 749 sacriﬁciis,

2154 800 2279 853 qua:
2300 791 2429 838 sunt
2446 798 2545 853 pro
2570 781 2810 851 peccatis
2832 779 2989 845 dixit,
3016 777 3110 833 sed
3133 778 3258 847 quia
3280 793 3379 846 pro
3406 776 3603 831 delicto
3622 787 3726 841 est,

2154 875 2209 931 id
2230 883 2337 939 est,
2365 876 2418 929 in
2443 875 2611 930 Deum
2642 872 2814 927 tendit
2840 880 3124 941 peccatum
3145 869 3279 940 ejus.
3312 866 3492 921 Omnis
3529 885 3727 922 unuscu-

2154 965 2237 1020 lus
2274 965 2339 1019 de
2375 963 2694 1019 sacerdotali
2744 978 2928 1033 genere
2951 963 3007 1015 in
3032 960 3147 1015 loco
3186 967 3367 1014 sancto
3395 968 3626 1013 vescetur
3650 961 3729 1014 liis

2154 1053 2476 1119 carnalibus,
2508 1055 2632 1125 quia
2663 1052 2917 1107 Sanctum
2960 1060 3260 1106 sanctorum
3304 1061 3404 1105 est.
3444 1048 3590 1105 Sicut
3636 1068 3729 1120 pro

2152 1155 2363 1217 peccata
2404 1146 2623 1215 offertur
2662 1147 2853 1212 hostia,
2883 1146 2959 1200 ita
2988 1155 3036 1199 et
3065 1161 3159 1215 pro
3188 1143 3412 1207 delicto;
3455 1146 3731 1214 utriusque

2155 1236 2340 1290 hostire
2367 1252 2473 1289 una
2503 1234 2589 1290 lea;
2608 1235 2725 1298 erit.
2755 1245 2858 1290 etc.
2889 1235 2997 1301 (Ea:
3026 1233 3293 1304 Origsne.)
3338 1234 3506 1303 Igitur
3542 1236 3731 1288 codem

2154 1324 2316 1379 modo
2338 1334 2503 1395 atque
2522 1326 2708 1379 eadem
2739 1325 3028 1380 traditione
3055 1324 3122 1378 de
3155 1324 3426 1379 sacriﬁcio
3455 1325 3596 1393 quod
3632 1339 3733 1394 pro

2155 1415 2352 1470 delicto
2399 1414 2625 1471 oﬁ‘ertur
2662 1416 3035 1484 accipiendum
3060 1422 3164 1479 est,
3194 1416 3338 1484 quod
3363 1423 3418 1468 et
3445 1430 3605 1484 supra
3633 1432 3734 1469 ev-

2154 1504 2434 1574 posuimus
2461 1505 2526 1559 de
2550 1517 2616 1559 eo
2638 1505 2781 1573 quod
2802 1519 2903 1573 pro
2924 1512 3146 1573 peccato
3168 1510 3270 1558 est.
3302 1503 3559 1559 Similiter
3583 1505 3731 1558 enim

2149 1593 2369 1663 jubetur
2396 1594 2583 1662 adipes
2623 1593 2808 1647 arietis
2834 1592 2889 1646 hi
2917 1592 3007 1661 qui
3041 1591 3188 1645 circa
3235 1606 3397 1645 renes
3433 1600 3580 1656 sunt,
3612 1593 3735 1645 etii

2155 1681 2247 1750 qui
2276 1681 2535 1736 interiora
2566 1682 2838 1751 operiunt,
2875 1682 3073 1750 imponi
3096 1695 3258 1750 super
3286 1680 3478 1745 altare,
3511 1690 3568 1735 ut
3593 1690 3655 1735 ct
3680 1691 3735 1736 tu

480 1794 597 1833 ecce
617 1778 708 1846 qui
734 1777 867 1831 tollit
887 1785 1100 1848 peccata
1130 1776 1332 1839 mundi,
1367 1775 1506 1830 sumi
1536 1775 1591 1829 in
1618 1772 1886 1828 sacriﬁcio
1915 1772 2053 1826 dixi-
2081 1770 2127 1828 B
2154 1772 2246 1842 qui
2268 1772 2386 1827 htec
2411 1772 2568 1828 audis
2591 1772 2733 1827 scias
2758 1786 2919 1826 omne
2948 1770 3091 1841 quod
3114 1778 3198 1826 est
3226 1771 3369 1826 intra
3391 1778 3443 1826 te
3464 1772 3725 1836 crassius,

482 1883 621 1932 mus,
655 1869 710 1922 in
733 1881 839 1936 quo
861 1868 976 1923 solo
1003 1876 1106 1931 est,
1139 1875 1355 1936 peccata
1381 1881 1502 1935 qua:
1532 1866 1584 1918 in
1609 1879 1732 1919 eum
1758 1863 2050 1918 commissa

482 1965 608 2010 sunt
632 1956 894 2011 relaxare.
927 1957 1152 2026 Oportet
1179 1964 1357 2010 autem
1398 1954 1563 2024 quaeri
1599 1967 1768 2022 quare
1789 1967 1894 2006 non
1936 1968 2053 2006 om-

484 2064 569 2104 nis
598 2048 744 2104 aries
769 2049 823 2103 in
855 2048 1229 2103 holocaustum
1256 2048 1338 2112 ﬁt,
1364 2047 1504 2101 sicut
1529 2053 1584 2099 et
1608 2045 1806 2099 vitulus
1833 2044 1925 2115 qui
1953 2059 2052 2113 pro

479 2140 675 2210 populo
702 2148 757 2194 et
783 2155 883 2209 pro
916 2139 1197 2194 sacerdote
1219 2138 1435 2193 oblatus
1456 2144 1566 2201 est;
1603 2137 1716 2206 ipse
1740 2137 1884 2190 enim
1917 2134 2053 2203 ﬁgu-

481 2243 600 2283 ram
643 2243 835 2300 gerere
889 2227 1140 2284 sacriﬁcii
1182 2228 1466 2299 unigeniti,
1508 2236 1592 2282 est
1628 2225 1925 2296 probatus;
1957 2224 2055 2280 sed

480 2302 557 2372 ibi
595 2318 812 2386 quidem
859 2318 984 2386 quia
1026 2307 1295 2386 gcuh'alis
1333 2317 1645 2386 dispensata
1671 2324 1755 2371 est
1783 2316 2052 2381 remissio,

480 2414 538 2461 et
563 2407 739 2461 omnis
760 2407 981 2461 humani
1008 2407 1220 2476 generis
1258 2414 1479 2475 peracta
1518 2413 1603 2459 cst
1648 2406 1825 2470 venia,
1870 2420 2055 2460 neces-

481 2492 630 2547 sario
661 2506 821 2547 omne
848 2491 1049 2547 Christi
1077 2492 1404 2548 sacriﬁcium
1435 2491 1677 2547 ollertur.
1710 2492 2055 2562 Quaecunque

482 2596 610 2652 ergo
632 2595 754 2636 eum
777 2589 1004 2651 possunt
1023 2582 1253 2648 salvare,
1282 2582 1397 2636 haec
1422 2582 1477 2635 in
1503 2581 1829 2636 sacriﬁcium
1852 2582 2054 2637 Christi

483 2670 684 2740 suscipi
715 2671 994 2742 legislator
1013 2670 1193 2739 jussit.
1235 2671 1365 2738 Quae
1403 2679 1528 2727 sunt
1566 2679 1746 2725 autem
1775 2672 1890 2726 haec
1917 2671 2048 2726 Pau-

483 2762 567 2817 lus
605 2764 718 2818 ait:
755 2760 946 2817 Pacem
995 2764 1269 2832 sequimini
1316 2781 1434 2819 cum
1481 2765 1717 2819 omnibus
1754 2766 1962 2827 dicens.
2005 2776 2054 2821 et

482 2854 918 2919 sanctimoniam,
953 2855 1065 2908 sine
1096 2872 1200 2925 qua
1237 2871 1384 2909 nemo
1426 2856 1611 2910 uidebit
1654 2856 1818 2910 Deum
1864 2856 2050 2927 (Hebr.

485 2940 605 3011 xui)
630 2960 644 2995 :
670 2943 814 3012 quod
854 2951 910 2998 et
942 2958 1084 2999 nunc
1109 2943 1386 3014 legislator
1415 2943 1739 3015 signiﬁcavit
1786 2960 1883 3015 per
1929 2954 2055 3001 ante

483 3032 680 3087 factam
724 3032 1052 3089 oblationem
1102 3033 1438 3089 interiorum.
1491 3034 1859 3104 Cogitationes
1902 3035 2049 3089 enim

2153 1871 2209 1918 et
2226 1864 2404 1932 operit
2422 1864 2678 1919 interiora
2700 1871 2810 1927 tua,
2826 1862 3023 1918 debere
3039 1870 3090 1917 te
3106 1860 3291 1917 oﬁ’erri
3313 1861 3422 1932 igni
3441 1861 3655 1926 altaris,
3679 1870 3737 1916 ut

2152 1960 2451 2022 purgentur
2468 1953 2648 2007 omnia
2670 1952 2930 2007 interiora
2952 1962 3069 2016 tua,
3092 1958 3148 2005 et
3170 1950 3324 2005 dicas
3343 1959 3399 2005 et
3419 1959 3496 2015 tu,
3516 1951 3665 2006 sicut
3684 1959 3738 2005 et

2154 2043 2323 2098 David
2371 2045 2621 2099 dicebat:
2650 2044 2900 2110 Benedic,
2929 2044 3108 2098 anima
3147 2059 3285 2107 mea,
3312 2042 3625 2109 Dominum,
3690 2052 3737 2098 et

2154 2136 2329 2190 omnia
2368 2137 2623 2190 interiora
2653 2152 2769 2190 mea
2798 2151 2984 2189 nomen
3011 2142 3250 2189 sanctum
3274 2133 3393 2203 ejus
3416 2131 3586 2205 (Psal.
3610 2134 3736 2206 cn).

2154 2226 2269 2283 Nisi
2300 2228 2444 2282 enim
2470 2227 2651 2283 ablata
2676 2225 2842 2282 fuerit
2864 2226 3168 2281 crassitudo
3208 2225 3300 2279 illa
3338 2241 3459 2294 quae
3488 2225 3621 2296 tegit
3656 2228 3740 2280 in-

2156 2317 2357 2372 teriora
2388 2326 2477 2371 tua
2496 2358 2510 2384 ,
2544 2333 2654 2372 non
2678 2324 2908 2387 possunt
2940 2315 3192 2371 subtilem
3228 2324 3279 2371 et
3311 2316 3606 2386 spiritalem
3640 2333 3739 2373 ea-

2153 2423 2285 2478 pcre
2309 2424 2551 2473 sensum,
2574 2424 2674 2463 nec
2694 2415 2921 2478 possunt
2945 2407 3274 2462 intellectum
3299 2422 3495 2476 capere
3521 2409 3743 2477 sapien-

2156 2497 2268 2562 tize,
2290 2505 2345 2552 et
2371 2498 2491 2553 ideo
2519 2498 2808 2552 Dominum
2836 2497 3058 2552 laudare
3085 2512 3189 2551 non
3223 2506 3469 2567 possunt.
3501 2497 3665 2564 Quod
3694 2500 3738 2553 si

2159 2586 2399 2643 ablatum
2435 2587 2597 2643 fuerit
2629 2603 2789 2643 omne
2819 2588 2964 2658 quod
2994 2589 3192 2657 pingue
3219 2595 3305 2642 est
3329 2587 3397 2641 de
3424 2588 3654 2642 renibus
3683 2597 3740 2643 et

2157 2678 2224 2736 de
2251 2680 2504 2735 omnibus
2533 2679 2882 2736 interioribus
2906 2681 3189 2745 viscerum,
3223 2690 3349 2735 tunc
3377 2695 3503 2735 vere
3533 2696 3740 2759 purga-

2157 2775 2246 2824 tus
2270 2770 2418 2824 omni
2454 2771 2587 2825 vitio
2614 2770 2857 2826 libidinis
2893 2768 3155 2840 jugulasti
3194 2770 3421 2825 hostiam
3464 2785 3564 2839 pro
3601 2772 3743 2826 deli-

2158 2865 2263 2919 cto,
2296 2866 2351 2912 et
2386 2857 2627 2913 obtulisti
2651 2857 2982 2913 sacriﬁcium
3012 2855 3241 2914 Domino
3274 2859 3329 2911 in
3351 2859 3571 2913 odorem
3605 2874 3742 2913 sua—

2155 2946 2359 3010 vitatis,
2403 2947 2727 3014 Sacerdotis,
2766 2948 2958 3018 inquit,
2984 2949 3075 3019 qui
3107 2948 3259 3017 affert
3282 2947 3440 3013 illud,
3473 2958 3523 3005 et
3548 2966 3741 3018 νέρτος

2156 3036 2361 3104 pitiavit
2398 3051 2492 3105 pro
2534 3036 2724 3090 delicto
2773 3038 2938 3107 ipsius
2986 3038 3105 3092 erit.
3148 3036 3371 3092 Discant
3418 3038 3740 3094 sacerdotes

480 3130 606 3175 sunt
631 3121 981 3192 intelligibilia
1024 3122 1301 3188 interiora,
1347 3125 1544 3194 quibus
1578 3140 1765 3193 pacem
1805 3125 2053 3180 babenti-
2079 3109 2124 3170 C
2158 3124 2368 3179 Domini
2397 3126 2486 3195 qui
2509 3125 2764 3181 Eeclesiis
2782 3134 3041 3197 przesunt,
3064 3126 3189 3196 quia
3214 3142 3340 3198 pars
3379 3127 3460 3183 eis
3488 3129 3611 3183 data
3653 3137 3743 3183 est

484 3211 605 3276 bus,
637 3226 822 3280 pacem
852 3227 975 3266 cum
1002 3211 1256 3267 omnibus
1287 3213 1625 3268 habebimus.
1658 3213 1940 3269 Oblatione
1965 3231 2056 3269 au-

484 3308 588 3353 tem
622 3314 810 3354 renum
852 3308 907 3355 ct
941 3301 1176 3371 pinnulrc
1208 3311 1263 3356 et
1293 3302 1486 3372 epatis,
1516 3311 1572 3357 et
1601 3302 1888 3367 femorum,
1923 3319 2054 3358 san-

481 3387 862 3443 ctiﬁcationem
909 3389 1205 3461 signiﬁcat,
1251 3404 1372 3459 quae
1410 3391 1568 3445 nobis
1592 3392 1844 3445 ordinata
1875 3400 1959 3446 est
1986 3395 2055 3446 ad

483 3477 729 3533 salutem.
760 3479 866 3551 (Ea:
896 3476 1193 3549 Gregorio.)
1218 3480 1353 3557 Quid
1387 3480 1441 3536 in
1468 3482 1663 3548 cauda,
1687 3482 1789 3536 nisi
1822 3481 1945 3537 ﬁnis
1972 3490 2057 3537 est

487 3570 766 3639 corporis?
795 3580 849 3625 et
876 3570 964 3626 ille
994 3573 1128 3626 bene
1156 3571 1423 3637 immolat,
1455 3573 1545 3642 qui
1574 3573 1900 3627 sacriﬁcium
1926 3572 2053 3627 boni

481 3658 663 3727 operis
719 3674 890 3730 usque
937 3660 1007 3714 ad
1057 3660 1217 3716 ﬁnem
1263 3662 1457 3717 delita:
1504 3663 1752 3732 perducit
1800 3664 2051 3717 actionis.

482 3749 664 3804 Cauda
707 3765 836 3820 ergo
879 3751 1068 3806 hostiae
1113 3753 1167 3806 in
1215 3752 1384 3807 altare
1413 3752 1593 3807 oﬁ'erri
1625 3753 1956 3822 praecipitur,
1999 3761 2055 3807 ut

482 3840 731 3895 videlicet
755 3856 917 3896 omne
956 3843 1154 3897 bonum
1195 3858 1319 3897 cum
1366 3844 1653 3913 incipimus
1679 3844 1844 3898 etiam
1872 3858 2056 3913 perse-

480 3938 704 3985 verante
728 3931 835 3985 line
865 3931 1249 4001 eompleamus.
1299 3931 1408 4004 (Ea:
1446 3933 1754 4003 Hesychia.)
1796 3933 1930 3988 Nota
1960 3949 2053 3988 au-

484 4026 589 4071 tem
611 4018 735 4086 quia
766 4032 1099 4088 quaecunque
1124 4019 1182 4072 in
1206 4018 1474 4075 sacriﬁcio
1503 4019 1874 4089 paciﬁcornm,
1910 4037 1971 4076 ca
1998 4030 2051 4075 ct

483 4109 535 4164 in
564 4092 668 4164 inde
691 4109 957 4165 sacriﬁcio
981 4110 1235 4180 prmcepit
1261 4110 1376 4165 ﬁeri
1404 4129 1419 4165 :
1443 4112 1653 4182 adipem
1672 4110 1826 4180 jubet
1846 4112 2049 4167 oﬁ‘erri.

487 4199 766 4256 Desiderat
799 4199 943 4254 enim
987 4200 1235 4256 Christus
1262 4209 1489 4267 etcum,
1533 4202 1626 4272 qui
1670 4204 1852 4273 gravia
1894 4203 2055 4257 habet

482 4297 702 4359 peccata
740 4288 982 4356 salvare;
1018 4307 1140 4345 cum
1176 4290 1331 4360 adipe
1377 4292 1668 4347 secundum
1699 4293 2051 4365 Septuaginta

480 4388 534 4433 et
564 4378 802 4436 lumbum
836 4380 1017 4437 oﬁ‘ert.
1045 4382 1231 4453 Neque
1257 4383 1399 4438 enim
1430 4385 1767 4441 solummodo
1790 4389 1892 4442 hoc
1912 4388 2047 4450 vult,

480 4470 573 4524 sed
592 4478 649 4525 et
666 4478 873 4540 potest:
894 4472 1106 4527 lumbus
1128 4481 1307 4529 autem
1332 4483 1536 4545 utpote
1563 4475 1700 4531 forte
1724 4477 2047 4541 membrum,

480 4557 750 4629 signiﬁcat
778 4560 1055 4614 virtutem.
1082 4561 1228 4616 Duos
1250 4564 1573 4617 ranunculos
1591 4574 1645 4618 et
1666 4564 2051 4636 pinguedinem

477 4663 600 4719 qua:
637 4650 790 4719 juxta
831 4652 921 4708 ilia
959 4661 1062 4719 est,
1100 4654 1213 4707 vult
1251 4655 1448 4724 quippe
1476 4656 1707 4710 maxime
1733 4657 2052 4725 pmnitcntis

479 4741 731 4795 tnundari
788 4742 1096 4797 interiorem
1142 4743 1435 4807 hominem,
1470 4744 1583 4798 vult
1634 4746 1799 4799 etiam
1851 4746 2056 4803 habere

479 4845 603 4884 eum
633 4838 688 4886 et
712 4832 1038 4896 castitatem,
1071 4842 1292 4903 propter
1315 4834 1459 4903 quod
1489 4850 1594 4890 non
1627 4835 1798 4891 solum
1836 4852 2047 4904 renum,

479 4924 575 4978 sed
604 4931 661 4979 et
689 4923 1021 4978 iliorum-vel
1058 4924 1320 4979 femorum
1365 4924 1743 4995 pinguedinem
1793 4943 1887 4982 seu
1930 4930 2050 4983 adi-

479 5028 603 5084 pem
646 5011 828 5069 ollerri
861 5013 1046 5085 jussit,
1076 5015 1205 5084 quia
1245 5016 1361 5072 luce
1387 5018 1782 5073 commistionis
1807 5020 2049 5076 ministe-

480 5105 559 5160 ria
584 5113 640 5160 ct
665 5104 930 5159 seminum
956 5114 1230 5176 putantur.
1272 5107 1405 5162 Cum
1445 5108 1532 5163 his
1568 5109 1731 5163 etiam
1762 5110 2050 5165 reticulum

476 5193 703 5265 iecoris,
723 5195 828 5260 vel,
847 5196 989 5253 sicut
1009 5197 1664 5270 Septuaginta,pinnulam
1694 5202 1905 5270 bepatis
1925 5220 2051 5259 cum

482 5286 792 5345 renunculis
831 5285 1033 5342 auferri
1076 5291 1350 5360 praeripit,
1393 5298 1450 5345 et
1488 5289 1670 5347 oﬂ'erri
1695 5308 1816 5348 cum
1845 5295 2081 5351 aliisin.

481 5378 646 5433 altari
670 5375 902 5433 hostiam
922 5377 1186 5442 Domino;
1216 5380 1331 5434 vult
1348 5380 1493 5436 enim
1515 5396 1636 5436 eum
1660 5383 1751 5452 qui
1782 5386 2052 5452 paeniten-

481 5468 614 5522 tiam
654 5468 786 5538 agit,
824 5466 1316 5537 concupiscentiam
1359 5471 1631 5540 propriam
1679 5488 1786 5527 non
1822 5474 2047 5541 habere,

482 5563 574 5614 sed
594 5575 808 5617 omnem
833 5576 952 5618 eam
975 5559 1168 5616 oﬁ'erre
1188 5560 1315 5626 Deo,
1345 5563 1471 5633 quia
1494 5565 1638 5619 enim
1667 5568 2052 5637 concupiscen-

484 5653 586 5707 tias
630 5653 743 5711 sive
779 5653 1044 5711 desideria
1080 5654 1134 5710 in
1174 5654 1369 5725 hepatc
1407 5657 1610 5711 moveri
1650 5656 1921 5732 dicuntpt
1948 5674 2049 5713 nu-

2158 3230 2280 3270 cum
2311 3217 2379 3272 iis
2407 3232 2637 3286 quorum
2673 3217 2868 3273 delicta
2913 3218 3401 3289 reprOpitiaverint.
3447 3218 3585 3286 Quid
3630 3236 3743 3274 au-

2160 3313 2267 3360 tem
2302 3314 2385 3361 est
2426 3307 2784 3377 repmpitiare
2828 3307 3080 3364 delictum
3103 3313 3126 3364 7
3149 3308 3193 3362 si
3219 3309 3578 3377 assumpseris
3602 3324 3743 3377 pec—

2156 3408 2427 3465 catorem,
2481 3409 2537 3456 et
2582 3402 2893 3467 monendo,
2953 3401 3257 3466 hortando,
3317 3401 3592 3463 docendo,
3653 3403 3743 3457 in-

2157 3490 2415 3544 struendo
2453 3491 2743 3546 adduxeris
2764 3506 2887 3545 eum
2917 3491 2985 3546 ad
3011 3491 3406 3561 pmnitentiam,
3445 3491 3514 3545 ab
3537 3508 3739 3548 errore

2156 3581 2483 3646 correxeris,
2519 3596 2551 3635 a
2587 3581 2733 3636 viti’s
2760 3581 3156 3646 emendaveris,
3207 3588 3262 3636 et
3311 3579 3555 3635 eﬁ‘eecris
3598 3597 3738 3637 cum

2156 3674 2316 3730 talem
2362 3682 2421 3728 ut
2457 3675 2509 3729 ei
2555 3690 2816 3730 converso
2856 3676 3121 3745 propitius
3164 3674 3259 3730 ﬁat
3301 3675 3466 3739 Dens,
3503 3690 3603 3744 pro
3638 3676 3738 3731 de.

2154 3762 2283 3819 licto
2309 3764 2689 3834 repropitiasse
2713 3764 2951 3829 diceris;
2990 3764 3035 3819 si
3064 3777 3192 3832 ergo
3215 3765 3338 3818 talis
3360 3763 3525 3819 fueris
3552 3779 3741 3818 sacer-

2156 3856 2270 3917 dos,
2302 3863 2358 3910 et
2393 3854 2516 3910 talis
2544 3853 2711 3909 fuerit
2734 3854 2977 3909 doctrina
3014 3862 3104 3909 tua
3138 3861 3193 3909 et
3224 3869 3405 3909 sermo
3428 3862 3573 3917 tuus,
3599 3869 3738 3923 pars

2158 3947 2250 4000 tibi
2277 3947 2438 4001 datur
2464 3961 2652 4001 eorum
2691 3961 2829 4017 quos
2866 3946 3192 4011 correxeris,
3232 3954 3294 4000 ut
3320 3946 3533 4000 illorum
3564 3948 3739 4000 meri-

2156 4045 2270 4089 tum
2293 4044 2383 4090 tua
2422 4051 2631 4091 merces
2660 4036 2748 4099 sit,
2778 4043 2833 4091 et
2860 4036 3073 4091 illorum
3108 4036 3255 4091 salus
3282 4044 3372 4091 tua
3400 4036 3589 4107 gloria.
3617 4038 3736 4090 Aut

2154 4143 2261 4183 non
2287 4135 2342 4182 et
2375 4127 2665 4196 Apostolus
2690 4128 2806 4182 haec
2830 4128 3066 4183 ostendit
3095 4128 3186 4183 ubi
3220 4128 3353 4182 dicit
3377 4146 3391 4181 :
3424 4126 3561 4192 Quia
3585 4128 3736 4197 quod

2152 4219 2645 4288 supermdiﬁcaverit
2685 4220 2803 4290 quis
2858 4220 3146 4274 mercedem
3187 4219 3404 4289 accipiet
3448 4218 3542 4289 (II
3597 4218 3732 4273 Cor.

2154 4310 2260 4379 ιιι).
2324 4308 2628 4379 lntelligant
2680 4309 2845 4380 igitur
2892 4309 3202 4363 sacerdotes
3247 4306 3459 4361 Domini
3505 4307 3594 4360 ubi
3644 4315 3739 4360 est

2156 4401 2239 4456 eis
2276 4400 2398 4455 data
2439 4400 2639 4470 portio,
2673 4409 2729 4455 et
2776 4401 2830 4455 in
2869 4401 2971 4455 hoc
3008 4408 3203 4455 vacent
3236 4407 3399 4467 atque
3452 4399 3538 4452 his
3588 4413 3735 4466 ope.

2159 4506 2275 4546 ram
2323 4491 2492 4555 dent,
2546 4506 2652 4545 non
2703 4505 2761 4546 se
2795 4490 3044 4544 inanibus
3088 4497 3148 4543 et
3189 4486 3472 4557 superﬁuis
3515 4487 3739 4542 actibus

2159 4582 2453 4653 implicent,
2469 4584 2563 4638 sed
2583 4582 2759 4637 sciant
2776 4596 2835 4636 se
2850 4582 2904 4635 in
2926 4580 3073 4636 nullo
3091 4581 3197 4635 alio
3216 4589 3426 4649 partem
3447 4581 3737 4634 habituros

2157 4674 2297 4742 apud
2340 4673 2509 4729 Deum
2533 4714 2546 4736 ,
2589 4673 2693 4728 nisi
2723 4672 2775 4727 in
2803 4687 2871 4727 eo
2917 4672 3061 4741 quod
3084 4670 3315 4726 offerunt
3339 4685 3435 4740 pro
3464 4670 3735 4739 peccatis,

2156 4763 2208 4818 id
2233 4772 2334 4827 est,
2358 4764 2501 4832 quod
2523 4779 2554 4816 a
2576 4764 2662 4816 via
2685 4762 2889 4831 peccati
2910 4760 3278 4816 converterint
3296 4768 3657 4828 peccatorern.

2228 4850 2482 4906 Sacerdos
2533 4851 2621 4920 qui
2659 4851 2840 4919 oleret
2886 4849 3177 4903 Iralocausti
3223 4848 3481 4902 victimam
3518 4846 3738 4902 habebit

2154 4939 2513 5010 pellemejus;
2542 4948 2589 4993 et
2635 4954 2787 4993 omne
2814 4940 3131 5007 sacriﬁcium
3167 4936 3354 4992 simila
3378 4936 3517 5008 quod
3547 4939 3741 5006 coqui-

2155 5040 2241 5083 tur
2267 5032 2325 5083 in
2351 5029 2580 5093 clibano,
2626 5038 2674 5084 et
2707 5028 2961 5099 quidquid
2992 5029 3048 5082 in
3076 5026 3331 5081 craticula
3360 5026 3436 5081 uel
3465 5028 3519 5080 in
3544 5036 3737 5080 δανισ-

2154 5122 2271 5191 gine
2297 5132 2645 5191 prrrparatur,
2694 5120 2806 5190 ejus
2831 5122 2929 5174 erit
2952 5119 3234 5173 sacerdotis
3263 5136 3297 5173 α
3338 5135 3441 5188 quo
3465 5118 3690 5185 αππιαν
3716 5135 3739 5179 ;

2154 5211 2260 5263 sive
2306 5210 2419 5265 oleo
2447 5227 2741 5281 conspersa,
2789 5211 2893 5264 sive
2934 5208 3084 5263 arida
3123 5208 3309 5277 fuerit,
3359 5208 3555 5260 cunctis
3597 5206 3740 5273 ﬁliis

2154 5304 2333 5356 Aaron
2351 5317 2501 5372 «qua
2531 5316 2772 5354 mensura
2795 5316 2887 5369 per
2904 5297 3133 5369 singulos
3160 5297 3435 5351 dividetur.
3475 5295 3744 5365 Legimus

2153 5392 2205 5446 in
2244 5390 2378 5445 libro
2422 5389 2547 5453 Job,
2603 5388 2745 5458 quod
2799 5387 3051 5440 laudante
3105 5385 3333 5440 Domino
3380 5384 3557 5453 ipsum
3599 5380 3739 5445 Job.

2153 5480 2317 5535 Satan
2346 5478 2720 5549 responderit:
2776 5474 2970 5529 Pellem
2998 5491 3093 5544 pro
3139 5473 3271 5545 pelle
3297 5484 3346 5528 et
3384 5482 3571 5527 cuncta
3607 5488 3743 5541 qua:

2150 5572 2298 5626 habet
2321 5572 2471 5624 homo
2500 5570 2641 5622 dabit
2671 5585 2764 5637 pro
2789 5569 2967 5621 anima
3003 5585 3099 5622 sua
3127 5568 3268 5636 (Job.
3300 5567 3383 5641 ιι).
3414 5566 3524 5639 [Ex
3558 5566 3747 5636 "ergo

2151 5657 2309 5731 chio.)
2352 5659 2491 5731 Ergo
2534 5656 2709 5728 pellis,
2753 5656 3059 5712 divitiarum
3103 5656 3531 5721 circumstantia,
3568 5658 3747 5727 quasi
