3956 6176
228 320 357 376 309

1186 318 1694 378 EXPOSlTIONES
1733 316 1799 371 IN
1840 317 2232 376 LEVITICUM.
2266 353 2337 361 -—
2375 321 2503 377 LIB.
2544 323 2606 377 ll.

3420 337 3527 389 510

220 434 489 491 exterius
514 434 865 490 circumdaus
892 441 975 488 est
1013 432 1309 500 hominem,
1343 448 1506 504 quam
1534 432 1732 488 olferrc
1760 432 1839 486 in-
1871 438 1919 494 Α
1946 431 2181 488 lentibus
2201 433 2411 489 hircum
2438 443 2531 490 aut
2554 450 2710 490 ovem
2740 445 2832 492 aut
2864 453 2964 509 par
2992 447 3260 497 turturum
3287 454 3380 501 aut
3402 449 3523 517 pul-

220 524 511 598 tetligibili
541 525 814 580 sacerdoti
855 524 909 579 hi
938 526 1027 595 qui
1069 525 1257 581 volunt
1297 525 1672 580 holocaustum
1724 522 1841 578 ﬁcri

217 617 466 681 debent,
516 625 745 686 propter
792 617 939 685 quod
995 616 1049 670 hi
1097 617 1188 686 qui
1222 617 1482 672 doctrinae
1532 616 1842 686 apostolicae

219 708 615 771 crediderunt,
652 707 929 762 uendentes
952 706 1273 762 substantias
1303 725 1430 763 suas
1445 709 1514 761 ad
1542 709 1696 780 pedes
1721 723 1842 778 apo-

218 800 501 856 stolorum
532 800 794 871 ponebant
840 800 978 872 (Act.
1027 801 1124 866 IV).
1177 800 1317 868 Quia
1344 816 1475 871 ergo
1500 799 1697 872 pellem
1739 814 1839 870 pro

219 892 381 961 pelle
436 892 596 955 dixit,
660 892 967 946 necessarie
1019 891 1331 947 divitiarum
1375 892 1838 947 circumstantiam

220 999 406 1051 quam
434 983 670 1053 perdidit
717 982 820 1038 Job
846 999 947 1053 pro
992 984 1252 1054 patientia
1287 1000 1409 1054 qua:
1431 986 1482 1040 ei
1514 984 1704 1039 relicta
1755 991 1839 1038 est

219 1074 628 1146 intelligimus;
677 1075 874 1144 pellem
904 1084 1107 1140 autem,
1138 1076 1266 1144 quia
1298 1075 1469 1129 multa
1502 1090 1567 1130 ex
1591 1090 1655 1129 ea
1682 1074 1837 1129 utilia

220 1166 395 1230 ﬁunt,
427 1164 746 1233 patientiam
795 1164 1135 1233 proﬁtemur,
1183 1180 1305 1234 quae
1334 1165 1503 1219 multa
1547 1165 1836 1235 acquiren-

216 1252 382 1307 tibus
411 1269 477 1308 se
502 1253 754 1324 providet
781 1255 921 1309 bona
949 1271 964 1321 ;
1012 1254 1139 1323 quia
1164 1262 1346 1309 autem
1372 1253 1716 1324 iutelligibile
1747 1254 1837 1309 hic

219 1342 502 1397 describit
547 1342 987 1408 holocaustuum,
1038 1345 1152 1413 ipse
1199 1354 1383 1399 textus
1430 1344 1689 1398 ostendit.
1744 1344 1836 1398 Ait

216 1431 377 1484 enim
404 1448 420 1484 :
466 1429 732 1486 Sacerdos
763 1432 854 1497 qui
881 1433 1061 1502 offeret
1090 1434 1388 1488 holocausti
1407 1435 1691 1499 victimam,
1725 1451 1831 1489 non

216 1521 417 1585 boum,
454 1530 552 1576 aut
575 1523 781 1587 ovium,
810 1531 904 1577 aut
950 1523 1177 1579 aliorum
1229 1525 1508 1590 similium,
1538 1526 1631 1581 sed
1658 1526 1836 1581 homi-

218 1611 347 1676 nis;
391 1612 490 1666 ubi
532 1614 681 1667 enim
712 1629 820 1668 non
860 1615 927 1668 ab
955 1615 1042 1671 his
1085 1618 1176 1686 qui
1216 1616 1469 1684 oﬁ‘erunt,
1520 1618 1615 1673 sed
1642 1619 1710 1673 ab
1747 1619 1833 1674 his

219 1717 349 1769 quae
373 1700 707 1769 oﬂ'eruntur,
757 1705 1024 1761 sacriﬁcia
1050 1707 1486 1775 considerantur,
1521 1710 1830 1765 necessarie

219 1792 550 1848 animalium
595 1796 931 1851 mentionem
972 1797 1141 1853 facit:
1194 1800 1283 1854 hic
1304 1808 1484 1854 autem
1519 1801 1646 1870 quia
1673 1816 1829 1870 aper-

220 1882 337 1935 tius
366 1882 542 1937 voluit
587 1884 940 1941 introducere
974 1903 1259 1958 personam
1288 1888 1544 1955 Domini,
1578 1892 1829 1947 sacerdo-

221 1980 337 2025 tem
368 1974 554 2042 posuit
589 1975 968 2031 holocaustum
997 1970 1236 2033 hominis
1272 1978 1629 2046 offerentem;
1673 1981 1829 2036 intel-

220 2063 455 2134 ligibilia
479 2067 632 2121 enim
662 2078 846 2122 nostra
890 2068 1205 2124 holocausta
1242 2069 1391 2124 solus
1419 2068 1671 2126 Christus
1696 2071 1829 2127 oﬁ'e-

220 2161 333 2216 ret,
363 2152 432 2207 ad
462 2155 623 2224 cujus
675 2156 1031 2211 imitationem
1058 2171 1246 2211 eorum
1287 2157 1478 2211 hostiae
1519 2169 1572 2213 et
1598 2173 1826 2215 conver-

219 2245 473 2299 sationes
501 2246 810 2301 studeatur.

294 2336 419 2391 Non
451 2338 629 2393 solum
663 2348 844 2394 autem
878 2340 932 2393 in
970 2340 1087 2411 ejus
1131 2339 1414 2406 doctrinis,
1449 2341 1542 2396 sed
1576 2350 1630 2396 et
1657 2343 1709 2397 in
1738 2359 1827 2400 re-

211 2435 416 2494 spectu
472 2426 592 2495 ejus
650 2430 965 2499 patientiam
1018 2431 1072 2484 in
1132 2432 1479 2501 passionihus
1533 2435 1817 2504 habemus,

211 2513 403 2570 Paulo
429 2516 643 2573 dicente
668 2535 681 2571 :
720 2516 1019 2589 Recogitate
1053 2529 1229 2574 autem
1258 2539 1379 2576 eum
1398 2524 1488 2593 qui
1516 2525 1675 2579 talem
1710 2544 1826 2581 sus-

206 2606 396 2661 tinuit
453 2626 487 2661 a
535 2611 889 2678 peccatoribus
931 2610 1177 2667 adversus
1237 2616 1571 2685 semetipsum
1617 2627 1829 2673 contra-

210 2696 549 2764 dictionem,
595 2709 648 2752 ut
681 2717 745 2754 ne
779 2700 1071 2771 fatigemini
1098 2703 1291 2757 animis
1317 2706 1501 2759 vestris
1528 2705 1824 2774 deﬁcientes

210 2784 430 2855 (Hebr.
466 2787 589 2854 xu).
619 2787 746 2844 Post
768 2790 885 2844 hare
913 2789 1047 2845 dixit
1073 2808 1088 2846 :
1145 2791 1313 2847 Omne
1338 2795 1659 2862 sacriﬁcium
1687 2799 1825 2867 quod

210 2878 478 2946 coquitur
522 2880 576 2934 in
597 2880 823 2947 clibano,
849 2889 896 2935 et
942 2883 1199 2955 quidquid
1241 2886 1297 2938 in
1347 2885 1602 2940 craticula
1649 2887 1726 2940 rel
1770 2888 1827 2942 in

210 2970 498 3037 sartagine
514 2982 869 3042 prmparatur,
897 2974 1011 3044 ejus
1032 2975 1130 3030 erit
1151 2977 1439 3032 sacerdotis
1460 2995 1493 3032 a
1519 2995 1621 3049 quo
1643 2980 1827 3049 offere-

211 3067 348 3120 tur;
382 3060 848 3117 reminiscendum
885 3071 971 3119 est
1015 3065 1143 3134 quia
1170 3066 1443 3122 sacriﬁcia
1470 3068 1588 3123 haec
1618 3069 1826 3126 theolo-

209 3149 323 3219 gia:
362 3165 492 3205 esse
537 3154 804 3224 unigeniti
841 3154 1265 3225 dispensationis
1311 3158 1569 3223 diximus,
1604 3167 1659 3213 et
1691 3159 1821 3214 illud
1850 3136 1894 3199 (ἶ

210 3240 451 3307 quidem
497 3243 644 3310 quod
685 3253 771 3298 est
812 3244 881 3299 de
929 3245 1176 3310 clibano,
1226 3246 1462 3302 diximus
1518 3247 1823 3318 signiﬁcare

211 3330 473 3400 Virginis
508 3341 751 3403 partum.
780 3333 933 3400 Quod
962 3350 1092 3390 vero
1116 3336 1183 3389 de
1209 3337 1485 3407 sartagine
1508 3346 1614 3403 est,
1641 3340 1820 3394 crucis

209 3423 589 3491 passionem;
640 3423 770 3478 illud
800 3427 966 3480 etiam
1011 3426 1156 3496 quod
1211 3427 1278 3482 de
1325 3426 1587 3483 craticula
1636 3437 1739 3495 est,
1791 3445 1822 3484 a

211 3523 410 3568 auerte
451 3508 932 3583 resurrectionem,
982 3518 1246 3572 rationem
1285 3518 1341 3573 in
1395 3520 1645 3575 omnibus
1694 3522 1820 3576 red-

213 3602 461 3667 dentes,
506 3610 562 3657 et
588 3604 937 3675 probationes
971 3620 1109 3677 quas
1161 3608 1445 3676 oportebat
1480 3606 1818 3676 adjicientes.

210 3694 362 3759 Quia
387 3709 522 3762 ergo
545 3694 661 3750 haec
687 3696 971 3766 theologia:
996 3696 1383 3752 incarnationis
1405 3699 1648 3768 proxima
1675 3707 1817 3761 sunt,

210 3784 545 3838 necessarie
571 3784 869 3840 sacerdotis
901 3785 1180 3841 offerentis
1206 3801 1350 3851 cam,
1398 3787 1600 3842 Christi
1630 3789 1820 3841 videli-

209 3880 308 3926 cet
338 3872 471 3926 nati
506 3882 561 3927 et
587 3874 731 3943 passi
777 3882 833 3929 et
871 3876 1203 3946 resurgentis
1254 3883 1356 3931 est.
1403 3875 1510 3931 Sed
1560 3876 1819 3932 nimirum

210 3976 440 4017 novum
492 3962 588 4017 tibi
632 3963 847 4019 videtur
890 3967 1034 4035 quod
1083 3964 1348 4020 infertur:
1395 3964 1516 4021 Sive
1556 3967 1669 4022 oleo
1697 3985 1824 4022 con-

208 4071 417 4125 spersa
440 4093 458 4119 ,
496 4055 600 4109 sive
620 4055 772 4109 arida
800 4056 1019 4127 fuerint,
1043 4058 1243 4112 cunctis
1286 4057 1415 4127 [iliis
1446 4058 1623 4112 Aaron
1669 4075 1821 4129 (equa

210 4162 486 4201 mensura
522 4162 613 4214 per
658 4147 892 4217 singulos
934 4148 1213 4202 dividetur.
1250 4147 1613 4220 Conspersum
1654 4150 1824 4220 siqui-

210 4236 347 4289 dem
404 4234 462 4287 in
489 4233 608 4289 oleo
645 4235 970 4290 sacriﬁcium
1001 4237 1067 4291 de
1090 4236 1266 4291 simila
1294 4237 1440 4298 dicit,
1470 4239 1612 4306 quod
1641 4252 1741 4293 nec
1764 4242 1821 4294 in

209 4326 476 4389 clibano,
507 4340 606 4380 nec
627 4327 681 4380 in
709 4327 983 4398 sartagine
1018 4327 1102 4382 vel
1157 4327 1209 4382 in
1239 4328 1497 4382 craticula
1545 4329 1818 4383 mittitur:

208 4434 357 4489 ergo
398 4426 458 4470 et
486 4416 653 4486 ipsam
679 4432 800 4473 esse
832 4417 1153 4489 theologiam
1190 4419 1448 4482 diximus,
1495 4420 1596 4473 scd
1623 4434 1729 4474 non
1752 4421 1820 4476 de

1856 1776 1952 1878 Β(

1943 523 2024 579 los
2049 525 2418 580 columbarum
2441 526 2639 584 oﬁ‘crre
2668 530 2722 582 in
2747 530 3093 588 sacriﬁcium.

2015 612 2126 669 lloc
2154 623 2334 670 autem
2362 617 2463 671 etsi
2514 619 2839 674 sacriﬁcium
2884 621 3183 679 Salvatoris
3233 627 3520 695 signiﬁcat,

1943 713 2125 761 tamen
2163 706 2286 775 quia
2318 722 2422 762 non
2456 708 2737 781 theologia:
2767 714 2963 781 gratia,
3013 716 3107 769 sed
3131 731 3293 770 causa
3323 718 3524 773 utilita-

1942 798 2011 852 tis
2053 797 2332 853 oﬁ'ercntis
2381 811 2645 872 praecepta
2675 813 2785 869 est,
2818 815 2871 861 et
2903 807 3045 863 hanc
3071 807 3196 863 ﬁliis
3226 809 3406 864 Aaron
3434 813 3525 866 de-

1939 893 2166 960 putavit.
2220 895 2327 966 (Ex
2357 892 2627 970 Origene.)
2660 896 2996 954 Sacriﬁcium
3018 899 3241 969 iubetur
3271 904 3524 958 salutaris

1940 986 1993 1039 in
2021 987 2142 1042 oleo
2166 987 2304 1053 ﬁeri,
2343 990 2485 1044 sicut
2514 1007 2677 1060 supra
2719 992 2833 1061 jam
2861 994 3096 1049 diximus
3122 1015 3135 1049 :
3190 995 3521 1051 sacriﬁcium

1938 1092 2069 1132 vero
2115 1094 2213 1148 pro
2247 1089 2471 1148 peccato
2502 1098 2611 1138 non
2661 1083 2721 1138 ﬁt
2755 1084 2806 1138 in
2845 1085 2983 1139 oleo.
3022 1087 3161 1142 Dicit
3211 1088 3378 1153 enim,
3418 1106 3523 1143 non

1937 1172 2237 1241 superponit
2266 1172 2314 1226 ei
2343 1171 2537 1238 oleum,
2578 1176 2828 1244 quoniam
2871 1193 2966 1247 pro
2989 1186 3199 1247 peccato
3235 1187 3330 1232 est.
3365 1178 3519 1244 Quoi

1936 1276 2065 1331 ergo
2092 1278 2190 1323 pro
2223 1275 2448 1333 peccato
2476 1274 2577 1330 est,
2608 1282 2706 1321 uec
2735 1267 2912 1321 oleum
2940 1267 3139 1323 laetitiae
3158 1270 3229 1329 ei,
3265 1285 3365 1325 nec
3395 1272 3521 1325 thus

1936 1353 2219 1407 suavitatis
2257 1354 2588 1425 imponitur:
2634 1359 2981 1426 peccantibus
3021 1360 3162 1413 enim
3204 1361 3334 1414 dicit
3376 1362 3520 1430 Apo-

1935 1442 2136 1498 stolus:
2170 1444 2239 1529 Et
2282 1444 2486 1516 lugeam
2513 1465 2600 1502 cos
2640 1448 2730 1517 qui
2761 1458 2882 1503 ante
2923 1460 3284 1518 peccaverant,
3320 1461 3366 1505 et
3415 1469 3517 1506 non

1933 1545 2147 1606 egerunt
2175 1537 2529 1606 pasnitentiam
2575 1539 2659 1612 (II
2706 1538 2827 1594 Cor.
2872 1541 2991 1614 xu).
3054 1542 3165 1597 Nec
3208 1542 3342 1596 odor
3370 1542 3422 1596 in
3453 1559 3518 1598 eo

1934 1628 2219 1683 suavitatis
2253 1637 2353 1693 cst,
2397 1631 2525 1699 quia
2560 1646 2623 1686 ex
2654 1648 2883 1702 persona
2934 1634 3237 1703 peccatoris
3277 1634 3514 1688 dicitur:

1934 1714 2375 1787 Compatruerunt
2430 1729 2477 1774 et
2542 1732 2802 1792 corrupta:
2870 1732 2991 1777 sunt
3054 1723 3321 1777 cicatrices
3387 1740 3517 1778 mem

1959 1804 2105 1861 Psal.
2144 1809 2370 1880 xxxvn).
2401 1809 2508 1865 Cor
2536 1826 2665 1881 ergo
2687 1821 2771 1866 est
2805 1814 3039 1869 hominis
3066 1813 3331 1878 clibanus,
3371 1814 3515 1869 istud

1931 1904 2110 1950 autem
2152 1912 2264 1963 eor,
2310 1899 2357 1953 si
2388 1900 2516 1954 vitia
2567 1903 2966 1967 succcnderint,
3009 1903 3094 1958 vel
3140 1903 3385 1959 diabolus
3433 1904 3516 1959 in-

1929 1982 2311 2052 ﬁammavcrit,
2343 2003 2450 2043 non
2478 1999 2695 2057 coquet,
2743 1993 2838 2046 sed
2868 2004 3093 2058 exuret;
3125 1993 3170 2048 si
3194 2009 3325 2049 vero
3351 1994 3514 2049 illeid

1929 2074 2271 2128 succenderit
2299 2076 2388 2145 qui
2422 2078 2559 2131 dixit
2582 2097 2594 2132 :
2638 2078 2822 2149 Ignem
2848 2082 2961 2135 veni
2987 2083 3190 2136 mittere
3218 2083 3272 2135 in
3294 2093 3511 2147 terram,

1927 2178 2097 2233 panes
2146 2164 2550 2235 Scripturarum
2602 2170 2908 2224 divinarum
2957 2179 3015 2226 et
3052 2187 3362 2227 sermonum
3393 2173 3510 2236 Dei,

1928 2269 2066 2324 quos
2095 2255 2151 2310 in
2185 2258 2348 2313 corde
2392 2259 2648 2329 suscipio,
2682 2276 2791 2315 non
2835 2276 3009 2316 exuro
3032 2262 3098 2316 ad
3129 2264 3507 2332 perditionem,

1929 2343 2021 2397 sed
2050 2357 2227 2415 coquo
2255 2346 2322 2400 ad
2345 2347 2695 2403 sacriﬁcium.
2743 2349 2811 2403 Et
2850 2348 3095 2405 fortassis
3117 2351 3209 2406 illa
3236 2352 3397 2422 coqui
3425 2353 3510 2406 di-

1928 2442 2126 2488 cuntur
2149 2436 2203 2489 in
2242 2437 2486 2501 clibano,
2535 2454 2657 2508 qua:
2685 2440 2945 2495 interiora
2975 2448 3101 2495 sunt
3126 2450 3183 2495 et
3209 2442 3511 2508 recondita,

1926 2541 2028 2582 nec
2056 2525 2286 2597 proferri
2338 2528 2499 2584 facile
2538 2531 2607 2584 ad
2657 2531 2848 2603 vulgus
2892 2541 3137 2602 possunt.
3199 2531 3338 2588 Sunt
3365 2524 3511 2588 enim

1926 2615 2092 2669 multa
2126 2615 2180 2669 in
2210 2613 2507 2686 Scripturis
2547 2618 2743 2674 divinis
2790 2619 3099 2689 hujusmodi
3132 2639 3145 2676 :
3199 2624 3341 2677 sicut
3370 2624 3510 2693 apud

1926 2706 2287 2772 Ezechielem,
2320 2723 2442 2762 cum
2468 2709 2555 2764 vel
2582 2710 2648 2764 de
2680 2711 2959 2775 cherubin,
2999 2713 3082 2766 vel
3124 2714 3190 2767 de
3214 2712 3327 2768 Deo
3361 2722 3417 2769 et
3444 2714 3512 2768 de

1929 2796 2019 2850 illa
2046 2798 2330 2867 magniﬁca
2355 2800 2562 2855 visione
2589 2802 2937 2857 describitur.
2984 2801 3109 2858 llmc
3135 2801 3180 2856 si
3212 2803 3265 2857 in
3295 2803 3510 2859 clibano

1928 2904 2034 2943 non
2057 2901 2379 2959 coquantur,
2444 2894 2653 2949 comedi
2691 2894 2764 2947 ita
2794 2901 2853 2947 ut
2881 2901 3008 2949 sunt
3046 2896 3212 2949 cruda
3255 2910 3361 2948 non
3385 2909 3509 2963 pos.

1889 3050 1897 3056 .
1927 2987 2084 3045 sunt,
2127 2994 2305 3049 neque
2334 2982 2480 3036 enim
2519 2983 2844 3038 credendum
2883 2992 2968 3040 est
3021 2983 3163 3054 quod
3199 2985 3270 3039 sit
3306 2985 3507 3038 animal

1926 3069 2194 3139 quoddam
2225 3070 2279 3125 in
2306 3068 2481 3127 forma
2508 3071 2680 3128 leonis
2710 3073 2945 3144 positum
2971 3089 3079 3142 quo
3105 3074 3337 3129 vehatur
3365 3075 3508 3130 Deus

1925 3159 2009 3214 vel
2039 3158 2187 3213 aliud
2215 3160 2271 3214 in
2297 3159 2472 3216 forma
2509 3162 2683 3226 vituli,
2734 3170 2826 3217 aut
2856 3163 3066 3232 aquilae.
3122 3161 3250 3217 llam
3295 3178 3426 3235 ergo
3453 3172 3506 3218 et

1922 3248 1968 3303 si
1996 3264 2101 3319 qua
2131 3249 2434 3320 hujusmodi
2460 3260 2605 3319 sunt,
2655 3267 2763 3307 non
2793 3259 2919 3307 sunt
2955 3250 3123 3307 cruda
3157 3250 3499 3321 proferenda,

1922 3336 2018 3392 sed
2064 3338 2119 3392 in
2149 3339 2330 3394 cordis
2372 3339 2586 3396 clibano
2631 3349 2758 3395 sunt
2802 3340 3102 3410 coquenda.
3156 3340 3284 3394 Tria
3321 3340 3506 3409 itaque

1923 3434 2050 3481 sunt
2091 3428 2209 3484 haec
2235 3429 2291 3483 in
2317 3430 2517 3499 quibus
2562 3431 2696 3486 dicit
2744 3430 3010 3487 sacriﬁcia
3053 3431 3256 3486 debere
3296 3446 3507 3502 praepa-

1923 3517 2033 3571 rari
2060 3535 2073 3571 :
2098 3508 2164 3571 in
2201 3518 2435 3585 clibano,
2468 3520 2523 3574 in
2555 3521 2852 3592 sartagine,
2884 3521 2937 3576 in
2964 3510 3264 3587 craticula;
3295 3529 3352 3577 et
3376 3530 3507 3591 puto

1921 3605 2065 3672 quod
2088 3605 2332 3661 clibanus
2357 3608 2655 3662 secundum
2684 3608 2767 3662 sui
2791 3606 3043 3673 formam,
3074 3607 3427 3678 profundiora
3450 3618 3506 3663 et

1922 3708 1986 3747 ea
2016 3709 2135 3762 quae
2173 3704 2297 3751 sunt
2335 3697 2751 3760 inenarrabilia,
2803 3696 3074 3767 signiﬁcet
3104 3698 3159 3750 in
3209 3696 3507 3767 Scripturis

1922 3782 2157 3847 divinis;
2193 3791 2412 3853 sartago
2434 3798 2566 3838 vero
2594 3798 2659 3839 ea
2689 3799 2810 3852 quae
2835 3785 2883 3839 si
2922 3782 3237 3853 frequenter
3270 3801 3335 3839 ac
3363 3801 3520 3854 szepe

1922 3880 2226 3938 versentur,
2266 3872 2491 3944 intelligi
2521 3882 2577 3929 et
2616 3873 2877 3944 explicari
2927 3882 3196 3943 possunt;
3241 3876 3505 3930 craticula

1922 3970 2132 4026 autem,
2180 3977 2246 4017 ea
2274 3977 2395 4032 qua:
2421 3964 2601 4033 palam
2650 3972 2777 4020 sunt
2818 3972 2874 4020 et
2913 3964 3117 4036 absque
3144 3966 3325 4038 aliqua
3353 3966 3506 4022 obte-

1921 4051 2103 4107 ctione
2123 4063 2445 4121 cernuntur;
2474 4055 2739 4125 triplicem
2763 4071 2997 4126 namque
3023 4057 3076 4112 in
3103 4057 3400 4128 Scripturis
3420 4056 3504 4112 di-

1920 4142 2064 4198 vinis
2101 4143 2469 4215 intelligentiae
2517 4147 2746 4202 inveniri
2793 4163 2935 4217 saepe
2972 4149 3212 4204 diximus
3258 4149 3499 4212 modum,

1920 4232 2240 4289 historicum
2284 4235 2492 4291 scilicet
2514 4276 2530 4298 ,
2573 4238 2853 4301 moralem,
2904 4239 3224 4308 mysticum,
3273 4238 3417 4293 unde
3446 4248 3504 4293 et

1921 4338 2118 4393 corpus
2142 4324 2320 4380 inesse
2343 4325 2394 4380 ei
2417 4334 2475 4380 et
2493 4326 2728 4379 animam
2752 4342 2816 4381 ac
2843 4327 3095 4395 spiritum
3110 4326 3497 4393 intelleximus,

1921 4412 2075 4481 cujus
2100 4412 2469 4484 intelligentiae
2500 4414 2768 4484 triplicem
2805 4414 3060 4481 formam,
3107 4416 3500 4472 sacriﬁcion

212 4472 522 4562 ηεξωῑηῑαί
548 4508 938 4573 incarnatione,
976 4472 1044 4563 υἶ
1062 4524 1169 4564 non
1217 4524 1346 4578 erga
1367 4524 1585 4564 omnem
1610 4510 1819 4565 theon).
1849 4472 1896 4533 θ
1924 4500 2114 4570 triplex
2148 4502 2235 4556 hic
2261 4511 2554 4572 apparatus
2594 4504 2851 4558 ostendit.
2900 4502 3007 4559 Sed
3047 4512 3105 4560 et
3142 4505 3270 4560 alibi
3296 4506 3504 4562 inveni-

209 4598 373 4665 giam
431 4596 941 4653 circumscribamus
995 4598 1050 4652 in
1113 4597 1388 4666 Unigeniti
1436 4598 1813 4664 humanitate;

207 4694 447 4756 Oportet
475 4687 621 4740 enim
646 4702 745 4741 nos
773 4696 829 4742 et
855 4688 921 4744 de
958 4689 1136 4743 Patris
1158 4697 1214 4744 et
1241 4687 1309 4742 de
1346 4686 1583 4757 Spiritus
1613 4692 1813 4755 sancti,

209 4778 310 4831 sed
326 4775 510 4829 etiam
529 4775 693 4845 ipsius
714 4775 856 4841 Filii,
871 4792 1068 4847 qurecx
1080 4778 1241 4831 Patre
1262 4785 1343 4832 est
1368 4778 1674 4833 substantia
1698 4779 1812 4835 dis-

206 4879 457 4936 putare,
498 4873 783 4936 propterea
838 4882 942 4920 non
994 4867 1047 4920 in
1091 4868 1382 4936 semetipso
1416 4876 1659 4938 portare,
1708 4869 1814 4925 hoc

207 4955 559 5012 sacriﬁcium
589 4956 862 5026 repetivit,
894 4959 989 5011 sed
1022 4957 1144 5012 ﬁliis
1187 4957 1368 5013 Aaron
1403 4960 1535 5015 illud
1562 4959 1629 5014 ad
1661 4961 1814 5016 theo-

206 5047 432 5120 logiam
471 5062 569 5117 per
595 5048 1004 5103 meditationem
1045 5049 1454 5118 proﬁcientibus
1499 5052 1814 5121 Scriptura-

208 5158 342 5195 rum
374 5137 674 5210 deputavit,
701 5139 993 5208 unicuique
1038 5141 1320 5210 aequaliter
1363 5141 1706 5211 dispartiens,
1756 5152 1817 5199 ut

205 5250 323 5289 non
360 5230 671 5298 dissimilia,
704 5231 801 5287 sed
832 5246 1023 5286 omnes
1053 5231 1249 5286 similia
1278 5232 1344 5286 de
1367 5231 1478 5286 Deo
1507 5233 1771 5289 sentirent
1796 5251 1810 5300 ;

203 5335 263 5381 et
308 5327 430 5381 hoc
457 5324 806 5379 manifestum
834 5323 962 5394 quia
1003 5324 1275 5380 haereticis
1325 5324 1391 5379 de
1420 5324 1510 5378 tali
1535 5326 1815 5395 percipere

202 5413 497 5469 sacriﬁcio
520 5429 628 5469 non
656 5414 956 5485 praecepit;
985 5414 1108 5484 quia
1133 5429 1240 5470 non
1269 5402 1459 5470 eadem
1486 5415 1554 5470 de
1589 5415 1699 5472 Deo
1728 5432 1815 5471 sa-

202 5507 401 5576 piunt,
443 5506 536 5561 sed
561 5514 621 5560 et
646 5504 816 5560 nimis
840 5502 1162 5561 diﬁerentia.
1192 5505 1308 5561 Non
1336 5520 1689 5576 conspersum
1717 5524 1810 5563 au‘

204 5609 329 5650 tem
376 5594 441 5651 de
486 5597 663 5653 simila
711 5598 910 5651 iterum
952 5595 1125 5661 dicit,
1168 5597 1386 5668 quando
1430 5597 1638 5654 decima
1685 5600 1811 5669 ephi

203 5685 425 5756 absque
451 5687 571 5743 oleo
600 5695 658 5743 et
691 5688 851 5743 thure
878 5700 977 5756 pro
1002 5695 1225 5756 peccato
1248 5687 1495 5754 oﬁ'crtur,
1532 5704 1565 5743 a
1588 5703 1694 5745 non
1718 5705 1811 5745 va-

1918 4605 2059 4657 mus,
2091 4591 2145 4646 id
2173 4602 2277 4658 est,
2329 4594 2381 4648 in
2412 4594 2478 4648 iis
2523 4594 2674 4664 ipsis,
2721 4609 2841 4664 qua:
2865 4594 2934 4649 de
2981 4594 3267 4652 sacriﬁciis
3291 4612 3500 4653 memo-

1919 4692 2113 4738 rantur
2139 4685 2244 4739 dici
2275 4686 2572 4741 canistrum
2601 4694 2848 4741 sanctum
2886 4686 3256 4758 perfectionis,
3293 4689 3348 4744 in
3393 4706 3501 4761 quo

1918 4786 2030 4832 tres
2050 4792 2217 4847 panes
2238 4778 2427 4833 haberi
2453 4764 2798 4833 mandantur.

1989 4867 2152 4923 Vides
2178 4882 2479 4923 consonare
2509 4867 2611 4923 sibi
2629 4876 3093 4924 sacramentorum
3116 4869 3358 4924 omnium
3387 4870 3502 4927 for-

1919 4970 2072 5022 mas;
2104 4958 2403 5012 canistrum
2432 4957 2800 5026 perfectionis,
2826 4958 2884 5012 in
2915 4973 3025 5028 quo
3044 4967 3158 5014 tres
3178 4973 3346 5029 panes
3370 4963 3498 5031 poni

1910 5045 2190 5115 jubentur,
2219 5049 2351 5118 quid
2372 5048 2517 5103 aliud
2545 5048 2806 5104 debemus
2831 5050 3100 5120 accipere,
3131 5052 3235 5107 nisi
3261 5046 3499 5123 Scriptu-

1919 5151 2009 5191 ras
2037 5138 2266 5204 divinas,
2319 5138 2471 5194 cibos
2515 5138 2855 5195 auditoribus
2892 5141 3180 5211 tripliciter
3224 5157 3498 5213 apponen-

1919 5231 2044 5286 tes?
2092 5231 2187 5286 Vis
2222 5231 2318 5286 tibi
2356 5240 2414 5287 et
2438 5230 2826 5303 deEvangeliis
2866 5233 3060 5288 similis
3099 5235 3341 5304 mysterii
3369 5248 3496 5303 pro-

1918 5320 2156 5378 feramus
2182 5306 2470 5394 exempla?
2518 5323 2842 5379 Recolamus
2871 5324 3085 5378 Domini
3112 5338 3273 5378 voces
3298 5323 3390 5377 ubi
3412 5322 3494 5375 di-

1915 5414 2027 5467 cit:
2057 5412 2194 5479 Quia
2218 5413 2389 5468 medio
2413 5413 2577 5467 noctis
2599 5414 2731 5467 venit
2754 5412 2968 5484 quidam
2985 5413 3055 5466 ad
3073 5411 3297 5465 anticum
3317 5424 3493 5473 suum,

1913 5503 2131 5574 pulsans
2173 5504 2361 5558 ostium
2411 5502 2549 5573 ejus,
2585 5513 2634 5557 et
2661 5506 2735 5557 ait
2762 5516 2781 5554 :
2834 5502 3033 5565 Amice,
3054 5497 3322 5554 commoda
3362 5498 3494 5554 mihi

1912 5604 2017 5649 tres
2043 5611 2225 5665 panes,
2273 5597 2520 5666 quoniam
2559 5595 2760 5649 amicus
2785 5594 2912 5646 milii
2951 5588 3241 5658 superuenit
3282 5586 3349 5642 de
3386 5588 3492 5655 via,

1912 5698 1962 5744 et
1996 5705 2101 5745 non
2129 5688 2293 5744 habeo
2323 5688 2462 5759 quod
2487 5702 2746 5757 apponam
2772 5685 2819 5739 ei
2860 5682 3009 5754 (Luc.
3047 5678 3124 5753 xi)
3149 5721 3165 5744 ,
3212 5680 3269 5736 in
3299 5683 3509 5752 quibus.
