3956 6176
438 280 534 334 διι

1074 281 1134 334 Β.
1174 281 1430 336 ΒΑΒΑΝΙ
1472 283 1692 340 MAURI
1731 277 2006 338 ARCHlEl

2107 274 2398 333 HOGUNT.
2440 279 2726 340 OPERUM
2767 285 2944 342 PARS
2973 287 3016 342 l.

3584 289 3690 344 5:2

437 402 496 448 ut
539 392 774 448 breviter
815 391 1238 463 perstringamus
1262 433 1278 457 ,
1329 410 1431 448 nox
1479 403 1564 448 est
1603 402 1812 462 tempus
1852 391 2010 460 hujus
2037 389 2083 447 Α
2112 390 2338 458 panibus
2359 394 2474 447 sine
2500 395 2789 461 fermento,
2816 413 3037 451 munera
3065 398 3317 453 sacriﬁcii
3337 399 3693 468 paciﬁcorum

436 486 578 546 vine,
609 493 663 539 et
691 492 798 538 tres
824 499 991 554 panes
1018 493 1180 550 sunt,
1227 501 1364 541 unus
1386 486 1477 554 qui
1521 487 1573 539 in
1605 487 1836 550 clibano,
1876 485 2012 540 alius

435 578 529 644 qui
559 577 611 630 in
641 575 936 645 sartagine,
990 577 1181 630 tertius
1209 577 1301 645 qui
1348 577 1400 630 in
1434 576 1692 632 craticula
1739 577 2007 645 coquitur.

440 666 564 719 l‘ost
591 666 741 719 htec:
775 674 824 718 et
847 682 1016 730 autne,
1045 667 1238 736 inquit,
1267 666 1586 735 sacriﬁcium
1611 668 1806 736 factum
1823 669 1876 720 in
1901 665 2012 720 oleo

434 757 539 808 sive
579 771 682 808 non
709 755 927 824 factum,
980 755 1218 810 omnibus
1245 755 1372 824 filiis
1416 757 1594 809 Aaron
1638 757 1734 809 erit
1790 756 2012 826 singulis

435 842 726 912 mqualiter,
764 843 904 913 quod
941 843 1266 898 sacriﬁcium
1292 852 1376 899 est
1412 844 1614 899 factum
1657 845 1710 898 in
1739 845 1878 910 oleo,
1927 846 2012 900 vel

435 933 575 1001 quod
601 942 684 986 est
708 948 812 986 non
841 932 1039 987 factum
1068 933 1122 986 in
1147 933 1286 989 oleo.

1052 1042 1175 1098 CAP
1191 1043 1279 1100 UT
1318 1045 1382 1100 ν.

439 1129 511 1182 De
540 1128 648 1198 lege
674 1130 858 1183 hostire
901 1131 1238 1216 paciﬁcorum
1270 1150 1388 1216 quin
1411 1135 1627 1203 oﬂ'ertur
1659 1135 1884 1190 Domina
1916 1154 2010 1207 pro

874 1210 1162 1270 gratiarum
1202 1210 1424 1257 actione.

502 1307 677 1378 (lntn.)
707 1307 836 1361 Htec
863 1319 935 1363 est
965 1309 1050 1364 lea:
1091 1312 1273 1364 hostia:
1289 1313 1624 1380 puci/icarum
1653 1331 1769 1384 qua:
1793 1317 2013 1384 o/fertur

431 1395 655 1450 Domino
677 1415 694 1450 :
723 1399 768 1451 si
802 1415 896 1468 pro
921 1400 1209 1468 gratiarum
1233 1401 1438 1455 actione
1467 1401 1623 1469 fuerit
1647 1401 1861 1468 oblatio,
1879 1405 2009 1471 olfe-

433 1496 545 1539 rent
572 1504 731 1556 panes
751 1487 940 1558 absque
967 1488 1218 1558 fermento
1241 1506 1540 1560 conspersos
1567 1491 1678 1545 oleo
1701 1533 1716 1555 ,
1751 1493 1801 1546 et
1820 1491 2010 1562 lagana

430 1591 617 1644 azyma
642 1587 796 1630 uncta
823 1577 952 1641 oleo,
972 1588 1270 1648 coctumque
1291 1580 1517 1634 similam
1543 1593 1590 1634 et
1613 1580 1894 1652 collyridus
1909 1581 2010 1634 olei

431 1665 740 1720 admistiane
753 1685 1054 1738 conspersus
1076 1686 1095 1733 ;
1123 1686 1284 1739 panes
1307 1687 1508 1741 quoque
1532 1671 1867 1741 fermentatus
1891 1689 2006 1725 cum

429 1760 598 1813 hostia
638 1762 955 1830 gratiarum,
990 1778 1105 1832 qua:
1134 1760 1437 1814 immolatur
1480 1778 1574 1832 pro
1617 1760 1897 1832 paciﬁcis:
1946 1779 2010 1816 ea:

429 1849 615 1918 quibus
645 1868 780 1904 unus
812 1867 905 1920 pro
949 1852 1192 1920 primitiis
1237 1853 1485 1920 oﬂeretur
1523 1851 1780 1917 Domina,
1819 1863 1865 1905 et
1911 1854 2010 1906 erit

431 1940 714 1992 sacerdotis
737 1941 824 2011 qui
846 1940 1026 2008 [undet
1057 1942 1238 1994 hostia:
1257 1943 1562 2010 sanguinem
1590 1957 1608 1994 :
1648 1941 1800 2010 cujus
1827 1957 2008 1993 carnes

429 2029 608 2081 cadent
635 2030 966 2084 camedentur
989 2031 1091 2095 die,
1125 2047 1214 2084 nec
1237 2031 1518 2084 remanebit
1539 2047 1602 2084 ea:
1629 2031 1702 2083 eis
1723 2031 2009 2100 quidquam

431 2136 590 2189 usque
618 2136 788 2174 mune.
819 2119 926 2189 (Ea;
957 2117 1222 2192 Origene.)
1255 2120 1590 2176 Sacrificium
1618 2121 1740 2183 hoc,
1758 2121 1901 2189 quod
1923 2136 2010 2174 sa-

429 2207 602 2263 lutare
651 2209 970 2279 appellatur,
1005 2211 1057 2264 in
1101 2211 1238 2266 duas
1269 2211 1462 2266 dividit
1501 2219 1721 2281 partes;
1755 2219 1810 2266 et
1847 2226 2007 2265 unam

429 2297 645 2366 quidem
682 2299 1004 2356 laudationis
1038 2303 1304 2368 nominat,
1345 2303 1570 2359 alteram
1608 2303 1757 2369 voti;
1803 2313 2010 2357 utrum-

430 2403 534 2458 que
562 2399 738 2444 tamen
763 2392 1086 2447 sacriﬁcium
1116 2393 1352 2448 salutare
1376 2395 1702 2450 nominatur.

505 2480 613 2550 (Ea:
649 2480 952 2555 Hesychia.)
997 2482 1160 2538 Vides
1190 2485 1510 2539 rationalem
1549 2495 1606 2541 et
1631 2486 1860 2541 activam
1891 2501 2010 2541 esse

431 2571 596 2624 vitam
638 2585 706 2625 ex
743 2571 810 2625 iis
843 2586 962 2640 qua:
990 2573 1146 2628 nobis
1176 2575 1241 2628 ad
1271 2574 1493 2643 paciﬁca
1540 2576 1652 2630 sive
1687 2576 1754 2630 ad
1783 2576 2009 2630 salutem

433 2662 833 2717 transeuntibus
876 2664 1046 2731 dedit,
1099 2674 1419 2735 potestatem
1464 2667 1706 2722 tribuens
1750 2681 1913 2736 quam
1941 2681 2008 2721 ex

432 2752 672 2820 utrisque
711 2752 1039 2809 voluerimus
1095 2755 1332 2826 eligere,
1381 2756 1508 2826 quia
1554 2757 1698 2811 enim
1742 2755 2009 2811 rationale

429 2845 695 2912 quoddam
739 2853 822 2899 est
867 2844 1213 2912 sacriﬁcium,
1268 2847 1566 2915 gratiarum
1613 2846 1864 2910 actionis,
1894 2837 2037 2901 sive.

428 2935 723 2990 secundum
791 2933 1143 3007 Septuaginta
1208 2935 1548 2992 laudationis.
1616 2937 1753 2992 Audi
1817 2936 2002 3000 David,

430 3034 709 3096 postquam
745 3026 1017 3096 prohibuit
1042 3026 1308 3082 sacriﬁcia
1343 3042 1463 3096 quae
1492 3028 1785 3082 secundum
1833 3027 2006 3099 legem

428 3122 602 3175 erant,
630 3114 895 3168 dicentem
924 3132 936 3165 :
984 3113 1210 3168 Immola
1247 3114 1354 3168 Deo
1391 3115 1709 3184 sacriﬁcium
1735 3115 1928 3180 laudis,
1957 3127 2005 3170 et

431 3204 586 3256 redde
615 3203 879 3256 Altissimo
900 3213 1018 3256 vota
1052 3213 1164 3256 tua.
1198 3203 1304 3274 (Ex
1334 3202 1600 3275 Origene.)
1647 3205 1737 3260 Ille
1759 3221 1889 3276 ergo
1913 3207 2009 3262 ob-

432 3295 552 3348 tulit
576 3293 898 3348 sacriﬁcium
929 3294 1125 3358 laudis,
1152 3309 1252 3364 pro
1281 3293 1436 3362 cujus
1456 3296 1689 3360 actibus,
1721 3311 1820 3366 pro
1854 3296 2007 3365 cujus

430 3384 672 3439 doctrina
695 3424 709 3448 ,
753 3399 851 3452 pro
881 3383 1034 3452 cujus
1076 3385 1237 3439 verbo
1260 3393 1316 3440 et
1358 3385 1599 3442 moribus
1627 3396 1683 3440 et
1727 3387 2006 3457 disciplina

430 3476 673 3530 laudatur
699 3483 753 3530 et
771 3475 1107 3530 benedicitur
1145 3476 1306 3539 Deus,
1338 3476 1526 3530 sicute
1559 3478 1837 3532 contrario
1882 3487 2008 3532 sunt

433 3565 524 3627 illi,
580 3565 645 3618 de
691 3565 884 3633 quibus
921 3564 1154 3618 dicitur;
1186 3562 1324 3629 Quia
1374 3581 1467 3635 per
1511 3582 1596 3619 vos
1623 3582 1809 3619 nomen
1836 3583 2006 3620 meum

432 3654 820 3724 blasphematur
843 3655 978 3709 inter
998 3663 1172 3724 gentes
1205 3654 1381 3725 (Rom.
1417 3656 1498 3723 ιι).
1529 3655 1666 3709 Audi
1705 3665 1760 3710 et
1782 3656 2008 3710 Paulum

431 3746 498 3799 ad
528 3743 778 3800 Hebraeos
797 3743 1230 3814 scriben’temper
1255 3760 1342 3797 se:
1377 3744 1506 3798 dicit
1527 3753 1734 3799 autem:
1765 3743 1852 3799 Sic
1881 3746 2008 3813 offe-

431 3852 605 3888 ramus
631 3835 852 3887 hostiam
902 3833 1075 3886 laudis
1123 3850 1324 3902 semper
1349 3833 1458 3886 Deo
1489 3834 1718 3901 fructum
1746 3833 2006 3888 lubiarum

429 3923 782 3992 conﬁtentium
812 3924 1007 3975 nomini
1038 3923 1150 3991 ejus
1191 3921 1375 3992 (Hebr.
1409 3921 1550 3988 xm).
1599 3921 1876 3988 Quomodo
1907 3938 2004 3976 au-

431 4024 536 4067 tem
561 4011 716 4081 jubet
767 4011 894 4065 illud
942 4011 1166 4067 offerri?
1222 4010 1416 4079 Oﬁ'cret
1467 4027 1626 4079 panes
1678 4011 1868 4080 absque
1903 4013 2008 4081 [er-

431 4115 599 4158 menta
643 4119 943 4172 conspersos
979 4101 1112 4166 aleo,
1143 4113 1191 4156 et
1220 4101 1411 4170 laguna
1449 4117 1635 4170 azyma
1680 4113 1835 4155 uncta
1870 4103 2002 4169 olea,

429 4206 723 4264 coctumque
749 4192 972 4247 similam
1001 4203 1048 4246 et
1091 4192 1394 4262 collyridus,
1425 4190 1524 4244 olei
1551 4191 1860 4246 udmistiane
1889 4210 2009 4246 con-

427 4303 670 4356 spersus;
719 4285 861 4354 quod
911 4284 1258 4355 Septuaginta
1308 4284 1382 4338 ita
1431 4282 1634 4338 edunt:
1687 4283 1750 4336 Et
1780 4283 2006 4337 similam

429 4394 755 4447 conspersum
771 4375 882 4431 oleo
909 4376 963 4430 in
991 4375 1258 4445 callyridis
1281 4392 1476 4445 panum
1504 4391 1807 4445 azymorum
1825 4377 2004 4444 offeret
2030 4417 2081 4474 υ

428 4484 639 4521 munera
663 4485 758 4521 sua
781 4483 933 4536 super
961 4466 1128 4519 altare
1164 4465 1483 4518 laudationis
1519 4466 1790 4518 salutaris.
1827 4466 2002 4520 Panes

427 4560 543 4612 sine
572 4558 853 4622 fermento,
881 4557 995 4610 sive
1029 4570 1248 4624 azymos
1275 4570 1593 4623 conspersos
1624 4556 1675 4607 in
1713 4555 1851 4617 oleo,
1879 4571 2004 4622 apo—

428 4648 645 4702 stolicos
670 4648 856 4710 libros,
882 4645 1071 4715 lagana
1109 4652 1267 4698 uncta
1296 4645 1436 4708 oleo,
1482 4645 1821 4714 propheticos
1846 4644 2001 4698 intel-

430 4737 530 4805 lige
569 4754 580 4788 :
614 4736 740 4805 quia
781 4735 854 4790 illi
890 4735 1108 4804 quidem
1139 4733 1300 4786 nimis
1326 4733 1627 4802 opulenter,
1680 4733 1768 4786 isti
1819 4741 1998 4786 autem

427 4827 528 4881 etsi
562 4837 620 4881 nt
643 4828 743 4898 ipsi
779 4827 1078 4896 opulenter,
1112 4842 1217 4880 non
1246 4835 1421 4878 tamen
1453 4832 1657 4877 tantum
1678 4825 1998 4879 ammntiant

430 4920 850 4974 misericordiam
876 4920 992 4983 Dei,
1015 4921 1140 4973 dum
1170 4916 1552 4971 misericordia:
1578 4924 1796 4984 propter
1823 4917 2004 4971 inube-

428 5011 683 5065 dientiam
706 5007 1010 5065 Judmorum
1038 5009 1360 5079 permiscent
1384 5008 1590 5070 minas,
1623 5009 1765 5063 unde
1811 5018 1865 5062 et
1894 5025 2000 5064 non

427 5120 717 5174 conspersa
759 5105 878 5159 oleo
913 5105 1102 5174 lagana
1126 5146 1141 5170 ,
1187 5104 1280 5159 sed
1317 5112 1523 5158 tantum
1563 5115 1726 5158 uncta
1765 5120 1886 5158 esse
1921 5105 2000 5159 di-

428 5206 665 5253 cuntur:
715 5205 922 5251 coctam
971 5207 1150 5251 autent
1195 5197 1422 5251 similam
1452 5205 1507 5251 et
1555 5198 1842 5266 collyridas
1895 5197 1998 5250 olei

429 5287 798 5341 commistione
847 5302 1165 5356 conspersa,
1213 5287 1294 5340 vel
1342 5288 1480 5341 sicut
1526 5287 1878 5358 Septuaginta
1921 5288 2001 5341 di-

429 5389 578 5444 cunt,
630 5377 697 5431 Et
727 5377 951 5432 similam
986 5394 1315 5448 conspersum
1360 5378 1470 5432 alea
1514 5379 1778 5449 callyridis
1804 5397 1998 5448 panum

428 5487 749 5540 azymorum.
803 5467 1045 5522 Similam
1088 5469 1140 5522 in
1186 5467 1305 5523 oleo
1331 5483 1674 5538 consparsam
1710 5486 1831 5523 cum
1858 5471 2000 5523 elee-

432 5570 647 5630 tttosyna
679 5559 994 5629 theologiam
1021 5557 1380 5627 intelligimus,
1417 5558 1556 5611 unde
1587 5567 1638 5612 et
1669 5557 1840 5610 simila
1877 5573 2000 5626 pro-

433 5661 550 5725 pter
578 5652 922 5706 subtilitatem
965 5651 1176 5706 dicitur.
1222 5649 1600 5703 Verumtamen
1645 5650 1696 5702 in
1725 5649 1994 5720 eollyridis

2116 501 2211 540 seu
2237 486 2489 542 salutaris
2519 491 2781 558 praecepit
2829 490 2946 544 ﬁeri
2985 492 3040 544 in
3085 493 3396 561 apostolicis
3440 494 3696 549 videlicet

2115 577 2410 649 Scripturis
2435 599 2447 633 :
2476 583 2825 650 apostolicam
2863 595 3042 640 autem
3073 587 3374 642 doctrinam
3403 590 3554 659 sequi
3578 607 3699 644 ma-

2111 671 2256 725 xime
2285 681 2497 741 oportet
2521 688 2644 727 eum
2673 674 2764 743 qui
2794 674 2991 729 salvari
3016 677 3326 744 desiderat;
3357 694 3526 748 panes
3557 696 3700 750 quo-

2113 777 2219 830 que
2267 761 2620 819 fermentatos
2650 780 2770 819 cum
2804 767 2984 821 hostia
3015 769 3308 838 gratiarum
3357 785 3475 839 qua:
3501 772 3702 826 immo-

2112 852 2256 906 latur
2279 853 2537 922 paciﬁcis,
2566 870 2630 909 ex
2658 856 2853 925 quibus
2874 873 3013 912 unus
3040 873 3138 928 pro
3163 859 3416 927 primitiis
3439 859 3704 916 offeretur

2113 943 2242 1010 Deo,
2294 952 2349 998 et
2387 945 2491 999 erit
2522 945 2824 1001 sacerdotis
2868 947 2959 1015 qui
3010 945 3198 1002 fundet
3236 949 3426 1003 hostia:
3475 951 3704 1020 sangui-

2113 1049 2254 1089 nem.
2285 1035 2632 1105 Septuaginta
2662 1047 2840 1093 autem
2876 1040 3058 1094 dicunt
3088 1059 3100 1094 :
3140 1039 3210 1094 Et
3235 1042 3412 1110 offeret
3439 1042 3502 1096 de
3526 1045 3705 1096 amni-

2113 1123 2206 1178 bus
2235 1127 2533 1180 muneribus
2561 1129 2690 1193 suis,
2727 1128 3081 1184 laudationem
3115 1131 3245 1196 Dea,
3281 1134 3545 1187 sacerdoti
3570 1151 3704 1203 pra-

2111 1213 2351 1280 fundenti
2375 1218 2678 1286 sanguinem
2715 1218 2965 1273 salutaris
3012 1219 3091 1272 illi
3117 1223 3234 1274 erit.
3286 1220 3425 1288 Quid
3451 1239 3548 1292 per
3577 1223 3703 1277 haec

2111 1308 2485 1373 ostendentes,
2536 1309 2660 1377 quia
2692 1317 3167 1381 quantumcunque
3214 1311 3375 1366 homo
3421 1314 3594 1382 egerit
3642 1325 3703 1370 et

2111 1398 2330 1463 vixerit,
2385 1401 2684 1454 cucurrerit
2734 1409 2789 1454 et
2829 1401 3296 1472 comprehenderit
3323 1405 3435 1460 sive
3475 1421 3705 1460 assecu-

2112 1499 2200 1543 tus
2249 1489 2428 1553 l'uerit,
2479 1489 2594 1544 sive
2624 1489 2892 1558 adjutorio
2948 1491 3161 1546 Domini
3209 1493 3436 1548 salutem
3467 1495 3700 1564 adipisci

2110 1579 2224 1633 sive
2246 1580 2460 1648 assequi
2490 1595 2596 1632 non
2618 1587 2814 1649 potest.
2845 1579 3075 1650 Propter
3092 1583 3234 1652 quod
3261 1582 3527 1638 etPaulus
3549 1585 3703 1639 dice-

2113 1669 2238 1721 bat:
2274 1665 2397 1721 Non
2425 1667 2641 1722 volentis
2673 1687 2834 1736 neque
2859 1672 3136 1734 currentis,
3171 1673 3262 1726 sed
3300 1675 3588 1727 miserantis
3621 1684 3701 1726 est

2038 1733 2085 1790 Β
2115 1757 2258 1811 Dei:
2297 1759 2396 1828 ipsi
2447 1768 2620 1811 autem
2677 1760 2934 1813 sacerdoti
2992 1761 3330 1830 profundenti
3382 1764 3698 1832 sanguinem

2109 1846 2358 1900 salutaris
2407 1845 2578 1918 (Rom.
2634 1847 2733 1916 ιχ),
2783 1849 2834 1902 id
2876 1857 2978 1914 est,
3030 1851 3230 1905 Christi
3276 1851 3608 1906 ministranti
3645 1863 3704 1906 et

2109 1935 2406 2004 perﬁcienti
2452 1934 2779 1990 sacriﬁcium
2821 1953 2916 2007 per
2961 1953 3116 1991 suum
3149 1938 3473 2007 adjutorium
3503 1939 3703 2008 primi-

2111 2026 2214 2078 tias
2229 2025 2392 2094 jussit
2415 2024 2618 2078 oﬁ‘erri.
2645 2024 2878 2080 Attende
2901 2035 3082 2081 autem
3106 2028 3342 2096 qualiter
3364 2028 3526 2083 etiam
3555 2044 3704 2097 pm:-

2109 2124 2315 2170 sentem
2348 2114 2479 2183 legis
2507 2116 2836 2170 sanctionem
2870 2117 3134 2172 conclusit
3161 2133 3176 2170 :
3203 2115 3371 2189 Cujus
3396 2136 3577 2173 carnes
3610 2137 3705 2173 ea-

2108 2205 2226 2260 dem
2262 2205 2592 2260 comedentur
2627 2207 2728 2270 die,
2764 2225 2854 2261 nec
2883 2209 3162 2262 remanebit
3190 2225 3254 2263 ea:
3295 2212 3368 2264 eis
3405 2211 3703 2282 quidquam

2109 2311 2268 2366 usque
2307 2312 2479 2361 mane,
2516 2296 2622 2362 vel,
2649 2297 2790 2352 sicut
2816 2295 3185 2368 Septuaginta,
3224 2308 3278 2353 et
3319 2317 3499 2354 carnes
3528 2304 3707 2355 sacri-

2107 2387 2217 2455 ﬁcii
2245 2387 2423 2442 laudis
2445 2388 2698 2443 salutaris
2727 2389 2826 2461 ipsi
2871 2399 3021 2444 erunt
3051 2406 3070 2444 :
3104 2391 3354 2449 videlicet
3393 2393 3702 2460 ollercntis,

2106 2486 2155 2530 et
2176 2477 2230 2530 in
2254 2493 2563 2547 quacunque
2590 2478 2674 2533 die
2703 2479 2918 2533 donabit
2944 2481 3255 2545 comedetur,
3282 2499 3385 2537 non
3406 2483 3704 2553 relinquent

2098 2584 2172 2635 ex
2193 2585 2252 2622 eo
2287 2584 2448 2638 usque
2473 2585 2646 2622 mane.
2696 2569 2793 2624 Hic
2825 2584 3001 2635 mane,
3037 2571 3290 2627 sarculum
3329 2571 3568 2628 futurum
3601 2590 3704 2644 ap-

2106 2659 2287 2729 pellat,
2316 2668 2375 2713 ut
2401 2670 2524 2730 pote
2564 2661 2654 2730 qui
2687 2670 2832 2716 totus
2855 2671 2938 2716 est
2965 2662 3123 2729 lucis,
3150 2672 3205 2719 et
3232 2667 3376 2720 nocti
3409 2668 3707 2736 praesentis

2107 2749 2284 2804 szeculi
2313 2751 2574 2804 succedit.
2622 2749 2738 2804 Non
2766 2752 2880 2805 vult
2916 2766 3044 2823 ergo
3073 2753 3138 2807 de
3159 2753 3413 2809 carnibus
3434 2756 3702 2810 sacriﬁcii

2109 2839 2364 2895 salutaris
2426 2840 2480 2894 in
2525 2857 2682 2897 mane
2720 2841 2986 2911 relinqui,
3027 2857 3124 2912 per
3171 2859 3304 2912 quas
3351 2860 3449 2900 nos
3481 2856 3709 2915 oportet

2105 2931 2322 2985 salvari.
2375 2929 2620 2986 Scientes
2647 2931 2772 3001 quia
2796 2948 2899 2985 non
2935 2940 3103 2988 restat
3137 2933 3190 2986 in
3220 2933 3308 2989 illo
3335 2935 3533 2989 smculo
3560 2952 3705 3006 ope-

2109 3021 2266 3076 ratio.
2309 3022 2416 3094 (Ea:
2440 3021 2706 3094 Origene.)
2743 3023 2894 3092 Smpe
2933 3022 3047 3093 jam
3075 3025 3311 3080 diximus
3339 3027 3476 3096 quod
3501 3042 3706 3085 carnes

2109 3113 2164 3166 in
2195 3113 2488 3182 Scripturis
2517 3113 2746 3168 solidum
2776 3115 3016 3170 indicant
3048 3117 3249 3181 cibum,
3285 3118 3704 3189 perfectamque

2107 3203 2445 3268 doctrinam;
2497 3204 2793 3258 secundum
2846 3205 3153 3274 Scripturas
3207 3207 3349 3260 enim
3407 3208 3521 3262 scio
3569 3224 3704 3263 esse

2107 3295 2300 3348 anima:
2353 3293 2528 3348 cibum
2587 3295 2873 3364 quemdam
2931 3295 3128 3360 lactis,
3180 3304 3237 3350 et
3288 3295 3451 3350 alium
3508 3297 3701 3351 cibum

2106 3385 2298 3439 animae
2331 3383 2536 3438 olerum
2565 3392 2619 3438 et
2649 3385 2808 3439 alium
2850 3385 3049 3447 carnis,
3089 3386 3229 3439 sicut
3257 3385 3371 3455 ipse
3400 3385 3703 3454 Apostolus

2107 3477 2172 3531 de
2211 3475 2532 3546 quibusdam
2561 3475 2713 3540 dicit,
2739 3474 2876 3540 Quia
2909 3474 3042 3529 lacte
3071 3491 3158 3529 vos
3183 3477 3378 3544 potavi,
3413 3493 3517 3528 non
3547 3494 3701 3542 esca,

2107 3565 2336 3620 nondum
2363 3565 2502 3618 enim
2529 3565 2798 3634 poteratis,
2821 3563 2912 3618 sed
2934 3581 3025 3617 nec
3055 3563 3227 3617 adhuc
3253 3565 3483 3634 potestis,
3517 3565 3701 3620 adhuc

2105 3656 2243 3709 enim
2280 3656 2400 3708 estis
2421 3653 2658 3708 carnales
2689 3652 2742 3724 (I
2771 3652 2972 3708 Carint.
3003 3653 3108 3724 ιιι).
3137 3654 3204 3707 Et
3235 3655 3431 3708 iterum
3459 3655 3586 3709 alibi
3618 3657 3701 3710 di-

2106 3747 2179 3799 cit
2203 3763 2216 3798 :
2249 3743 2396 3798 Alius
2415 3745 2623 3815 quidem
2647 3743 2810 3798 credit
2829 3745 3148 3798 manducare
3175 3745 3369 3807 omnia,
3401 3746 3492 3808 qui
3514 3756 3699 3799 autem

2105 3835 2344 3904 infirmus
2367 3845 2464 3899 est,
2493 3838 2636 3888 olera
2662 3835 2938 3888 manducet
2987 3834 3164 3904 (Rom.
3198 3835 3332 3905 XIV).
3376 3835 3440 3887 Et
3467 3851 3692 3891 rursum

2106 3923 2276 3976 alibi:
2335 3922 2688 3990 Perfectorum
2740 3930 2914 3974 autem
2963 3930 3038 3974 est
3091 3921 3235 3974 cibus
3283 3921 3522 3987 solidus,
3577 3934 3693 3976 etc.

2107 4012 2292 4083 (Hebr.
2332 4011 2409 4082 v).
2458 4011 2556 4067 Hic
2586 4027 2716 4081 ergo
2740 4027 2935 4066 carnes
2956 4011 3208 4065 sacriﬁcii
3250 4012 3503 4067 salutaris
3543 4016 3697 4082 quod

2105 4101 2330 4156 oﬁ‘ertur
2356 4116 2452 4170 pro
2507 4101 2845 4166 laudatione,
2888 4103 3056 4172 ipsius
3085 4101 3306 4170 jubetur
3345 4119 3465 4158 esse
3507 4120 3697 4158 sacer-

2106 4191 2265 4246 dotis.
2305 4190 2383 4243 Ex
2405 4177 2578 4244 simila
2610 4205 2735 4244 vero
2760 4190 3046 4260 tripliciter
3090 4190 3292 4256 oblata,
3327 4201 3385 4245 ut
3413 4208 3576 4260 supra
3605 4194 3694 4248 di-

2107 4281 2319 4335 ximus:
2370 4295 2533 4334 unum
2563 4288 2770 4334 tantum
2799 4281 2942 4350 quod
2981 4281 3242 4350 placuerit
3279 4282 3544 4336 sacerdoti
3592 4284 3689 4337 de-

2106 4380 2342 4440 putatur,
2361 4380 2554 4425 cmtera
2579 4370 2855 4426 oll'erentis
2871 4380 2999 4424 sunt
3023 4371 3167 4437 laici,
3195 4373 3268 4426 ita
3294 4380 3470 4426 tamen
3499 4380 3557 4425 ut
3587 4374 3692 4427 sub

2107 4461 2192 4514 die
2237 4462 2623 4524 comedantur,
2690 4475 2790 4514 nec
2839 4469 3118 4514 remaneat
3166 4477 3233 4514 ex
3275 4461 3360 4515 his
3403 4461 3606 4530 aliquid
3636 4462 3694 4516 in

2106 4571 2283 4610 mane.
2333 4554 2536 4609 Carnes
2571 4567 2700 4620 ergo
2751 4551 2806 4606 in
2834 4551 3028 4620 quibus
3065 4551 3269 4608 solidus
3312 4551 3462 4608 cibus
3504 4562 3588 4607 est
3637 4563 3692 4608 ct

2105 4644 2344 4714 perfecta
2371 4642 2618 4707 scientia,
2651 4641 3022 4696 sacerdotibus
3048 4640 3397 4710 deputantur,
3429 4642 3554 4710 quia
3599 4642 3692 4696 de-

2103 4735 2231 4790 bent
2259 4735 2312 4788 in
2341 4733 2591 4789 omnibus
2616 4747 2735 4786 esse
2769 4730 3010 4800 perfecti,
3048 4735 3101 4785 in
3125 4733 3392 4796 doctrina,
3426 4733 3477 4785 in
3507 4734 3686 4787 virtu-

2103 4826 2264 4888 tibus,
2296 4825 2351 4878 in
2378 4823 2651 4885 moribus;
2692 4821 2735 4874 si
2765 4821 2909 4874 enim
2935 4820 3037 4875 hoc
3067 4821 3120 4874 in
3150 4837 3207 4874 se
3235 4837 3342 4876 non
3373 4821 3666 4875 hahucrint
3757 4852 3769 4860 -

2105 4915 2169 4970 de
2192 4913 2581 4969 sacriﬁciorum
2627 4911 2881 4965 carnibus
2918 4926 3025 4964 non
3069 4911 3250 4964 edent.
3301 4909 3437 4965 Caro
3459 4927 3580 4980 qua:
3620 4929 3690 4966 ex

2105 5004 2388 5061 sacriﬁciis
2433 5002 2802 5057 sacerdotibus
2848 5002 3155 5070 deputatur,
3204 5002 3428 5055 verbum
3469 5001 3560 5054 Dei
3602 5013 3690 5056 est

2105 5098 2246 5167 quod
2276 5098 2327 5150 in
2356 5093 2599 5148 Ecclesia
2625 5093 2838 5148 docent.
2891 5092 2994 5146 Per
3017 5093 3119 5146 hoc
3153 5109 3304 5163 ergo,
3354 5091 3542 5162 ﬁguris
3571 5109 3689 5163 my-

2105 5191 2255 5246 sticis
2283 5194 2730 5251 commonentur,
2774 5193 2834 5239 ut
2877 5201 3000 5240 cum
3028 5183 3272 5254 proferre
3316 5183 3382 5236 ad
3425 5183 3686 5252 populum

2105 5294 2411 5336 sermonem
2451 5276 2734 5346 cmperint,
2777 5293 2885 5331 non
2917 5276 3168 5331 hesterna
3211 5275 3517 5343 proferant,
3576 5292 3686 5329 non

2105 5381 2288 5426 vetera
2337 5385 2456 5439 qua:
2484 5378 2609 5423 sunt
2633 5366 2927 5422 secundum
2974 5365 3208 5420 litteram
3251 5364 3682 5433 proloquantur;

2104 5466 2198 5520 sed
2225 5480 2319 5534 per
2350 5463 2578 5534 gratiam
2624 5460 2718 5514 Dei
2745 5474 2883 5513 nova
2930 5473 3140 5527 semper
3165 5457 3459 5526 proferant,
3499 5465 3553 5510 et
3580 5457 3690 5525 spi~

2105 5555 2278 5610 ritalia
2317 5567 2529 5621 semper
2557 5548 2872 5612 inveniant;
2912 5548 2957 5601 si
2999 5547 3142 5601 enim
3179 5563 3241 5600 ea
3265 5561 3384 5614 quae
3427 5546 3689 5599 didiceris

2103 5665 2129 5700 a
2159 5645 2353 5700 lada'is
2391 5645 2643 5696 hesterna
2691 5641 2775 5693 die
2805 5641 2918 5693 [nec
2946 5639 3104 5693 hodie
3130 5638 3183 5691 in
3223 5635 3462 5690 Ecclesia
3503 5637 3682 5706 profo-
