3954 6176
287 313 396 366 513

1215 311 1710 368 EXPOSITIONES
1749 310 1814 365 1N
1855 313 2248 370 LEVITICUM.
2289 347 2357 354 —
2389 316 2515 370 LIB.
2559 317 2617 373 ll.

3431 320 3534 377 3M

287 439 378 478 ras
405 464 419 487 ,
467 423 570 477 hoc
601 431 682 478 est
765 422 1073 478 hesternam
1121 439 1340 478 carnem
1384 424 1634 478 sacriﬁcii
1683 426 1860 479 edere.
1891 432 1942 487 Α
1967 441 2083 478 cras
2112 427 2225 479 veni
2251 423 2518 496 (Proverb.
2551 425 2654 497 ιιι).
2683 426 2866 494 Neque
2891 425 3036 481 enim
3063 428 3318 483 saeculum
3339 429 3535 484 deseri.

290 515 466 568 Unum
497 529 628 568 vero
651 513 778 566 illud
797 528 904 582 quo
932 522 1233 582 separatur,
1257 524 1510 582 tanquam
1536 516 1862 582 praecipuum

283 620 350 656 ex
387 604 559 656 tribus
589 619 709 672 qua:
737 619 803 656 ex
833 603 1007 657 simila
1035 612 1299 671 prmcepta
1323 613 1467 668 sunt,
1501 605 1554 656 in
1591 605 1693 658 hoc
1715 603 1859 657 illam

280 706 496 766 partem
533 697 771 751 scientia:
799 696 1034 750 arbitror
1073 695 1341 764 designari
1373 696 1437 749 de
1480 710 1586 764 qua
1614 697 1860 764 superius

283 786 540 848 diximus,
585 798 705 852 quae
743 784 1040 853 perfectam
1084 784 1284 839 iudicat
1313 783 1737 853 profundamque
1765 786 1861 838 do-

280 877 535 930 ctrinam.
585 875 692 930 Sed
737 876 986 944 requiras
1021 874 1272 940 fortasse,
1315 891 1438 930 cum
1480 876 1726 944 superius
1752 876 1861 929 fer-

284 974 525 1019 mentum
564 966 780 1035 penitus
827 964 894 1017 de
923 964 1204 1019 sacriﬁciis
1241 964 1498 1032 abjecerit
1525 1005 1540 1028 ,
1588 967 1856 1034 quomodo

280 1069 429 1108 nunc
477 1069 640 1122 super
680 1067 846 1122 panes
875 1052 1226 1108 fermentatus
1267 1053 1588 1108 sacriﬁcium
1637 1053 1856 1106 mandat

278 1143 525 1212 imponi?
570 1143 767 1196 Verum
793 1141 1103 1212 diligentius
1133 1143 1343 1196 intuere
1379 1144 1504 1210 quia
1533 1157 1640 1194 non
1677 1143 1741 1194 ad
1770 1157 1854 1194 sa-

275 1231 544 1286 criﬁcium
571 1231 666 1285 sed
692 1232 760 1284 ad
808 1230 1165 1284 ministerium
1192 1229 1446 1284 sacriﬁcii
1499 1229 1852 1283 fermentatus

273 1322 432 1390 panis
478 1320 802 1374 assumitur:
830 1320 959 1388 quid
984 1333 1112 1388 ergo
1137 1319 1242 1372 hoc
1289 1317 1378 1381 sit,
1429 1333 1534 1386 age.
1553 1317 1850 1371 videamus.

277 1411 541 1465 Dominus
581 1411 633 1464 in
664 1410 966 1479 Evangeliis
1013 1410 1300 1464 humanam
1330 1409 1625 1463 doctrinam
1665 1408 1854 1462 Phari-

275 1519 509 1557 szeorum
552 1503 642 1571 qui
689 1502 968 1556 tradebant
1010 1501 1342 1564 traditiones,
1368 1509 1633 1567 praecepta
1680 1499 1853 1553 homi-

275 1609 426 1657 num,
466 1591 789 1646 fermentum
826 1591 1076 1661 appellat,
1108 1606 1229 1644 cum
1258 1589 1388 1643 dicit
1409 1587 1714 1657 discipulis:
1751 1587 1852 1642 0b-

273 1692 476 1736 servate
510 1700 541 1734 a
588 1683 836 1751 fermento
866 1679 1260 1735 Pharistcorum
1286 1678 1501 1750 (Matth.
1536 1695 1665 1744 xw;
1717 1679 1845 1732 Luc.

1965 515 2043 570 bit
2071 515 2333 576 futurum.
2360 519 2454 572 sed
2480 519 2813 587 subsequens
2831 519 3113 586 praesentis
3149 520 3274 574 vita:
3301 528 3531 590 tempus,

1961 615 2182 676 propter
2209 609 2351 676 quod
2375 609 2508 662 dixit
2533 627 2546 662 :
2586 609 2766 679 Neque
2785 610 2922 663 enim
2946 611 3076 665 scies
3096 611 3222 681 quid
3246 612 3412 680 pariet
3448 627 3531 664 su-

1958 708 2266 767 peruentura
2290 699 2419 764 dies,
2451 700 2504 754 id
2549 709 2652 762 est,
2699 716 2768 754 ne
2793 699 2930 755 forte
2959 702 3014 755 in
3042 717 3112 756 ea
3127 703 3398 766 moriaris,
3440 709 3531 755 aut

1961 789 2029 842 ab
2049 789 2227 858 aliqua
2257 790 2566 860 impediaris
2609 805 2788 845 causa.
2847 791 3114 862 Quidquid
3161 791 3341 846 tertius
3390 791 3532 844 inve-

1961 879 2094 932 nerit
2134 881 2245 933 dies
2279 881 2414 950 ignis
2439 882 2691 934 absumet.
2732 881 2834 935 Per
2867 879 3008 934 diem
3035 881 3256 934 tertium
3289 879 3530 934 futurum

1958 969 2201 1024 indicans
2227 970 2501 1024 smculum.
2542 972 2600 1024 ln
2630 972 2747 1039 ipso
2793 972 2987 1041 quippe
3025 972 3292 1040 generalis
3334 980 3419 1026 est
3445 985 3528 1025 re-

1956 1060 2218 1114 surrectio
2245 1071 2597 1125 mortuorum,
2629 1077 2788 1130 quam
2814 1060 3059 1129 designat
3085 1062 3227 1115 tertii
3253 1061 3359 1115 diei
3385 1061 3526 1116 facta

1958 1150 2284 1203 resurrectio
2331 1149 2558 1211 Domini,
2607 1165 2728 1219 qua:
2769 1165 2928 1203 mane
2968 1150 3250 1219 provenit,
3304 1159 3526 1219 propter

1955 1241 2097 1307 quod
2127 1249 2180 1294 et
2206 1257 2364 1296 mane
2396 1242 2648 1295 sarculum
2674 1242 2905 1297 diximus
2931 1241 3232 1312 signiﬁcare
3256 1242 3516 1295 futurum.

1956 1330 2106 1383 Tunc
2130 1346 2258 1400 ergo
2283 1331 2423 1400 quod
2471 1332 2736 1400 reliquum
2775 1341 2858 1386 est
2890 1333 2958 1387 de
2983 1332 3247 1387 sacriﬁcio
3270 1332 3517 1400 paciﬁco-

1953 1434 2094 1484 rum,
2153 1435 2245 1474 seu
2270 1421 2514 1486 salutari,
2560 1423 2684 1492 igne
2725 1431 3110 1488 consumetur;
3167 1423 3520 1492 quodcunque

1953 1510 2095 1562 enim
2146 1510 2520 1579 reliquerimus
2563 1513 2628 1566 ad
2675 1524 2914 1568 nostram
2961 1513 3188 1568 salutem
3223 1515 3521 1582 pertinens.

1954 1599 2288 1668 inaperatum
2317 1611 2420 1664 est,
2466 1602 2802 1670 inoperatum
2832 1611 2886 1656 et
2911 1604 3016 1658 hoc
3061 1603 3203 1672 quod
3230 1602 3368 1656 male
3393 1616 3506 1670 ope-

1957 1698 2130 1742 ratum
2155 1699 2257 1754 est,
2287 1700 2342 1744 et
2364 1690 2508 1760 ligna
2537 1699 2630 1744 aut
2661 1689 2839 1745 fenum
2869 1699 3030 1760 atque
3054 1691 3249 1760 stipula
3291 1689 3512 1754 factum,

274 1773 373 1840 1m)
411 1792 425 1825 ε
484 1773 734 1826 similiter
782 1786 910 1842 ergo
953 1772 1190 1825 humana
1245 1770 1489 1823 dOCll‘ina
1546 1775 1650 1833 εει,
1699 1769 1848 1822 Verbi
1878 1768 1923 1825 Β
1951 1778 2053 1832 hoc
2079 1778 2197 1846 igne
2219 1788 2581 1844 consumetur,
2623 1795 2721 1834 nos
2750 1789 2930 1834 autem
2952 1780 3334 1835 detrimentum
3353 1781 3518 1848 patie-

273 1880 462 1928 causa,
503 1864 851 1933 grammatica
877 1878 986 1927 ars,
1014 1861 1098 1916 vel
1130 1861 1419 1926 rhetorica,
1447 1859 1530 1914 vel
1555 1860 1718 1914 etiam
1743 1860 1852 1913 dia-

273 1954 462 2008 lectica
488 1971 502 2016 ;
535 1969 602 2008 ex
627 1969 733 2022 qua
757 1953 1019 2016 doctrina,
1043 1954 1109 2006 ad
1134 1951 1456 2005 sacriﬁcium
1480 1948 1718 2018 quidem,
1749 1949 1849 2002 hoc

272 2053 374 2105 est,
407 2044 459 2096 in
489 2043 575 2097 his
605 2057 724 2112 qua:
771 2043 838 2096 de
866 2041 976 2095 Deo
1025 2041 1302 2096 sentiendo
1328 2048 1472 2110 sunt,
1519 2038 1650 2092 nihil
1676 2039 1848 2093 susci-

271 2135 523 2202 piendum
547 2142 652 2198 est,
675 2147 852 2188 sermo
873 2146 1002 2186 vero
1022 2131 1229 2185 lucidus
1253 2140 1305 2184 et
1331 2129 1648 2198 eloquentia:
1677 2128 1847 2196 splen-

270 2226 367 2280 dor
395 2240 461 2278 ac
484 2225 788 2292 disputandi
813 2224 951 2278 ratio
986 2223 1053 2277 ad
1083 2223 1438 2276 ministerium
1465 2222 1612 2275 verbi
1639 2219 1734 2274 Dei
1759 2221 1847 2274 de-

270 2325 455 2371 center
481 2315 699 2384 jubetur
730 2315 942 2369 admitti
970 2355 986 2380 ,
1033 2323 1127 2367 aut
1156 2328 1260 2366 non
1296 2328 1458 2381 super
1483 2312 1584 2366 hoc
1610 2310 1844 2364 fermen-

272 2416 379 2461 tum
417 2407 655 2460 habebat
692 2405 843 2459 verbi
878 2405 972 2459 Dei
1003 2404 1325 2458 sacriﬁcium
1365 2401 1596 2470 positum
1628 2400 1715 2454 ille
1751 2401 1842 2468 qui

269 2499 520 2552 dicebat:
576 2494 927 2565 Corrumpunt
975 2511 1142 2548 mores
1194 2495 1350 2546 bonos
1399 2492 1658 2561 colloquia
1702 2490 1842 2544 mala

271 2589 319 2658 (l
341 2588 546 2642 Corint.
586 2588 697 2657 xv).
726 2587 795 2640 Et
821 2603 835 2640 :
859 2585 1126 2640 Cretenses
1145 2599 1344 2653 semper
1363 2582 1657 2645 mendaces,
1687 2579 1841 2633 mulce

268 2676 459 2740 bestiw,
487 2685 686 2730 ventres
706 2675 841 2745 pigri
867 2673 993 2745 (Tit.
1013 2673 1077 2746 ι),
1105 2681 1160 2743 et
1184 2672 1288 2725 alia
1317 2672 1402 2726 his
1419 2669 1611 2724 similia
1642 2684 1709 2722 ex
1736 2668 1841 2722 fer-

269 2777 448 2823 mento
479 2775 693 2836 sumpta
722 2765 1073 2821 Graecorum?

864 2855 1088 2911 CAPUT
1139 2853 1228 2908 Vl.

331 2948 451 3014 Qua
480 2949 566 3002 die
594 2948 746 3002 liceat
768 2948 831 3001 de
855 2947 1038 3001 hostiis
1060 2955 1240 3016 sponte
1263 2944 1451 2998 oblatis
1478 2944 1762 2998 comedere.

329 3041 507 3109 (1311).)
556 3039 618 3094 Si
669 3051 782 3094 voto
829 3038 905 3093 vel
943 3047 1122 3107 sponte
1170 3039 1442 3107 quisquam
1473 3035 1711 3090 obtulerit
1736 3038 1832 3089 ho-

261 3133 436 3194 stium,
469 3132 653 3184 eadem
693 3131 935 3185 similiter
961 3130 1140 3184 edetur
1173 3129 1276 3193 die,
1300 3129 1391 3182 sed
1440 3138 1486 3181 et
1522 3129 1568 3181 si
1611 3129 1736 3198 quid
1781 3129 1836 3181 in

262 3224 549 3275 crastinum
581 3222 905 3285 remanserit,
945 3221 1074 3274 vesci
1095 3219 1292 3271 licitum
1321 3228 1394 3271 est
1419 3218 1706 3288 ;quidquid
1737 3235 1835 3270 au-

263 3324 358 3365 tem
389 3311 575 3365 tertius
603 3311 850 3365 invenerit
877 3311 1007 3374 dies,
1034 3310 1167 3379 ignis
1196 3308 1451 3372 absumet,
1481 3319 1528 3361 et
1555 3309 1600 3361 si
1633 3307 1747 3378 quis
1773 3308 1837 3361 de

262 3402 504 3454 carnibus
560 3401 777 3454 victimae
813 3399 1149 3469 paciﬁcorum
1204 3399 1287 3451 die
1333 3398 1484 3451 tertio
1534 3398 1834 3463 comederit,

265 3492 407 3544 irrita
454 3491 545 3558 ﬁet
591 3490 802 3553 oblatio,
845 3505 934 3542 nec
977 3488 1206 3557 proderit
1257 3488 1533 3556 o/ferenti;
1570 3489 1696 3558 quin
1737 3504 1835 3556 po-

266 3583 361 3633 tius
417 3595 740 3649 quarcunque
803 3580 979 3630 anima
1035 3577 1129 3630 tuli
1177 3594 1231 3631 se
1281 3577 1454 3632 edulio
1503 3579 1833 3631 contamina-

267 3673 383 3724 rerit
413 3711 427 3735 ,
488 3671 936 3739 prtevaricationis
999 3686 1089 3723 rea
1157 3671 1274 3724 erit.
1353 3669 1462 3740 (Ex
1525 3670 1832 3740 Hesychia.)

269 3757 428 3812 Omne
455 3757 676 3827 quidem
707 3756 1027 3812 sacriﬁcium
1068 3758 1416 3827 paciﬁcorum
1453 3774 1546 3812 seu
1576 3758 1832 3824 salutare,

269 3855 616 3915 spontaneum
665 3854 769 3910 est,
816 3845 956 3900 unde
1000 3845 1129 3898 illud
1183 3846 1322 3899 inter
1371 3847 1509 3900 dona
1557 3846 1834 3914 superiore

268 3947 412 4003 parte
440 3935 565 3989 libri
608 3935 766 4004 hujus
794 3935 1067 4005 legislator
1109 3936 1378 4004 ascripsit,
1407 3937 1500 3989 sed
1535 3936 1831 4005 gratiarum

267 4026 484 4079 actionis
537 4025 651 4078 sive
693 4024 864 4078 laudis
919 4023 1241 4079 sacriﬁcium
1271 4040 1578 4093 quanquam
1627 4025 1835 4094 species

268 4113 549 4168 oblationis
570 4112 687 4180 ejus
715 4127 832 4181 qua:
861 4129 1004 4168 nunc
1048 4114 1188 4168 dicta
1227 4121 1310 4167 est
1335 4115 1442 4179 sit;
1496 4122 1671 4168 tamen
1706 4115 1832 4184 quia
1895 4183 1899 4188 '

269 4202 524 4259 rationale
555 4202 824 4271 quoddam
852 4211 958 4268 est,
1008 4211 1293 4273 propterea
1323 4204 1378 4256 in
1426 4203 1541 4273 lege
1587 4202 1831 4258 volunta-

1952 1880 2108 1934 mur‘;
2141 1872 2234 1924 sed
2263 1871 2393 1940 quid
2427 1872 2511 1926 his
2538 1873 2788 1927 addidit?
2816 1871 2892 1934 ,δί
2922 1873 3039 1941 quis
3064 1873 3128 1926 de
3167 1871 3410 1925 carnibus
3443 1872 3520 1925 vi-

1949 1961 2117 2016 ctima:
2139 1963 2475 2031 paci/iceram
2497 1964 2579 2017 die
2605 1965 2753 2018 tertio
2774 1965 3074 2030 comederit,
3096 1965 3248 2018 irrita
3267 1965 3357 2033 ﬁet
3377 1964 3519 2018 obla-

1947 2054 2041 2117 tio,
2081 2068 2172 2104 nec
2213 2052 2444 2121 proderit
2473 2053 2709 2122 o/ferenti
2731 2072 2751 2118 ;
2803 2056 2929 2123 quin
2957 2054 3148 2123 potius,
3200 2069 3518 2124 quotcunque

1947 2143 2123 2195 anima
2157 2141 2251 2194 tali
2292 2159 2346 2195 se
2375 2142 2548 2196 edulio
2577 2145 3031 2210 contaminaverit,
3072 2144 3516 2213 prwvaricationis

1947 2247 2034 2284 rea
2057 2234 2174 2284 erit.
2207 2231 2316 2286 Nec
2341 2232 2456 2288 haac
2482 2232 2683 2287 frustra
2722 2235 2972 2303 praesenti
3003 2235 3266 2288 sanctioni
3291 2235 3515 2298 addidit,

1944 2321 2037 2374 sed
2063 2321 2191 2390 quia
2221 2322 2438 2391 quidem
2483 2331 2605 2391 post
2638 2323 2800 2377 ﬁnem
2835 2323 2994 2392 hujus
3029 2326 3155 2379 vitae
3198 2334 3254 2380 et
3281 2335 3519 2380 mortuo-

1944 2425 2064 2463 rum
2098 2412 2567 2478 resurrectionem,
2596 2412 2753 2467 aliam
2798 2413 2958 2468 talem
2986 2415 3154 2468 vitam
3179 2415 3353 2484 qualis
3377 2431 3519 2468 nunc

1943 2511 2024 2557 est
2053 2504 2357 2559 describere
2377 2512 2866 2575 praesumpserunt,
2899 2505 3046 2561 mille
3075 2521 3338 2560 annorum
3355 2507 3519 2574 quod-

1941 2595 2063 2648 dam
2086 2595 2336 2651 saaculum
2370 2596 2772 2651 introducentes
2805 2613 2818 2649 :
2849 2596 2904 2651 in
2929 2611 3054 2665 quo,
3081 2604 3141 2650 ut
3167 2597 3339 2663 aiunt,
3367 2596 3517 2652 Jeru-

1941 2685 2109 2738 salem
2147 2687 2413 2740 sensibilis
2460 2686 2840 2753 aediﬁcabitur,
2884 2688 3253 2758 templumque
3301 2687 3418 2756 ejus
3462 2698 3517 2743 et

1939 2773 2123 2840 quaain
2143 2788 2206 2827 ea
2229 2775 2498 2842 quondam
2521 2773 2738 2828 fuerunt
2759 2772 2958 2830 Sancta
2982 2784 3291 2830 sanctorum
3314 2786 3518 2831 restau-

1939 2862 2222 2926 rabuntur,
2266 2870 2322 2916 et
2357 2861 2621 2916 sacriﬁcia
2661 2861 2978 2918 oﬁ‘erentur.
3031 2862 3181 2916 Hanc
3216 2878 3345 2932 ergo
3377 2880 3517 2932 prte-

1938 2951 2296 3020 sumptionem
2324 2949 2392 3005 de
2422 2951 2601 3005 animo
2629 2959 2817 3005 nostro
2847 2963 3128 3006 removere
3153 2951 3374 3019 cupiens
3411 2971 3423 3005 :
3456 2952 3516 3007 Si

1937 3038 2056 3108 quis
2083 3036 2146 3090 de
2175 3037 2447 3101 carnibus,
2495 3038 2586 3099 ait,
2625 3038 2964 3107 paci/icorum
2986 3038 3072 3093 die
3100 3040 3251 3093 tertio
3281 3042 3517 3094 comede-

1941 3129 2031 3192 rit,
2074 3127 2127 3180 id
2160 3135 2259 3187 est,
2297 3128 2340 3181 si
2370 3127 2490 3195 quis
2511 3127 2614 3180 sibi
2636 3127 2692 3180 in
2721 3127 3046 3196 cogitatione
3067 3137 3351 3198 prOponat,
3389 3130 3514 3198 quia

1937 3224 2060 3285 post
2089 3216 2540 3269 resurrectionem
2565 3223 2896 3270 mortuorum
2924 3216 3180 3286 reliquias
3208 3216 3364 3285 hujus
3392 3219 3515 3273 vita:

1939 3314 2159 3360 acturus
2180 3313 2280 3369 est,
2305 3313 2359 3357 et
2405 3305 2563 3359 modo
2593 3307 2825 3374 quodam
2851 3308 3119 3371 comedat,
3152 3309 3406 3376 prtedicta
3457 3310 3512 3362 in

1936 3402 2116 3448 mente
2141 3403 2296 3448 utens
2325 3408 2424 3462 pro
2452 3394 2571 3448 cibo
2613 3393 2862 3459 fantasia,
2907 3404 2961 3450 et
2989 3410 3211 3465 sperans
3232 3398 3514 3451 comedere

1935 3499 1995 3538 se
2037 3499 2101 3538 eo
2126 3493 2365 3552 tempore
2395 3500 2502 3554 quo
2528 3485 2812 3539 comedere
2840 3486 3170 3554 impossibile
3198 3496 3302 3551 est,
3331 3487 3381 3540 id
3407 3498 3510 3552 est,

1935 3573 2187 3642 operari:
2225 3573 2382 3642 hujus
2409 3573 2611 3627 oblatio
2636 3590 2743 3628 non
2771 3575 3063 3643 suscipitur
3109 3591 3210 3630 nec
3247 3577 3514 3645 reputabi-

1936 3672 2026 3716 tur
2046 3663 2132 3728 ei;
2155 3664 2246 3731 qui
2270 3663 2414 3716 enim
2439 3663 2571 3717 falsa
2599 3665 2664 3718 de
2683 3663 2863 3718 futuro
2890 3667 3086 3719 saeculo
3113 3667 3364 3730 :estimat,
3389 3669 3514 3721 sibi-

1934 3752 2147 3820 metipsi
2192 3752 2446 3805 damnum
2485 3751 2648 3818 facit,
2704 3753 3222 3823 abominabilemque
3253 3764 3308 3810 et
3343 3757 3512 3824 pollu-

1934 3848 2046 3894 tam
2072 3840 2398 3895 oblationem
2430 3857 2582 3896 suam
2628 3842 2929 3897 constituit.
2975 3843 3091 3898 Non
3123 3845 3296 3899 solum
3326 3856 3506 3900 autem

1933 3931 2056 3993 hoc,
2080 3932 2171 3986 sed
2197 3939 2251 3985 et
2273 3940 2552 4000 peccatum
2578 3933 2794 3988 sibimet
2813 3935 3104 4001 contrahit,
3125 3947 3346 4006 propter
3369 3939 3507 4006 quod

1931 4021 2103 4075 dixit:
2158 4021 2297 4086 Quin
2326 4023 2496 4090 potius
2521 4039 2841 4093 quarcunque
2890 4025 3068 4078 anima
3116 4025 3209 4078 tali
3239 4044 3292 4079 se
3335 4027 3508 4080 edulio

1931 4110 2383 4174 contaminaverit,
2436 4112 2886 4178 prwvaricationis
2933 4129 3021 4166 rea
3048 4116 3145 4166 erit
3170 4132 3188 4178 ;
3220 4116 3508 4168 ostendens

1931 4198 2058 4267 quia
2081 4207 2136 4251 et
2167 4199 2220 4251 in
2258 4199 2452 4252 damno
2477 4201 2738 4253 bonorum
2767 4201 2920 4264 vivit,
2968 4211 3021 4254 et
3045 4213 3270 4270 peccato
3303 4219 3360 4256 se
3387 4204 3508 4256 sub-

269 4293 395 4346 rium
435 4309 543 4347 non
573 4292 737 4347 habet
766 4293 1025 4356 additum,
1062 4293 1300 4361 quicum
1337 4294 1450 4347 sine
1476 4294 1637 4348 dubio
1664 4293 1831 4346 ratio—
1925 4289 2065 4356 jicit,
2114 4290 2424 4356 quicunque
2463 4303 2569 4341 non
2616 4289 2756 4342 bona
2794 4290 2859 4343 de
2902 4289 3251 4343 retributione
3279 4293 3509 4345 aestimat

268 4381 404 4436 nales
430 4383 624 4446 simus,
648 4382 887 4436 debitum
902 4381 1296 4450 quodammodo
1324 4382 1648 4451 praecipuum
1674 4381 1832 4435 Crea-

267 4472 361 4525 tori
391 4472 656 4527 rationale
710 4472 1034 4525 sacriﬁcium
1078 4471 1404 4534 deheamus;
1460 4479 1740 4539 propterea
1774 4470 1828 4522 in

265 4579 322 4617 eo
351 4563 714 4618 voluntarium
744 4561 830 4616 lex
859 4561 1075 4616 reticuit
1096 4577 1201 4616 nou
1234 4559 1362 4614 illud
1383 4560 1654 4628 excipiens
1684 4575 1712 4612 a
1740 4573 1830 4612 vo-

264 4651 522 4708 luntariis.
573 4650 706 4704 Cras
750 4651 895 4706 enim
943 4650 1229 4719 aliquando
1279 4665 1376 4718 pro
1405 4648 1658 4718 przcsenti
1696 4648 1827 4713 vita,

263 4742 542 4811 aliquando
569 4755 668 4810 pro
693 4741 874 4794 futura
897 4741 1156 4808 accipitur
1180 4756 1194 4806 ;
1245 4739 1338 4795 sed
1375 4739 1427 4792 in
1453 4739 1556 4793 isto
1587 4739 1703 4791 loco
1731 4753 1829 4806 pro

262 4833 504 4899 praesenti
536 4832 643 4886 vita
672 4832 953 4900 accipitur,
995 4831 1134 4884 sicut
1179 4838 1233 4884 et
1273 4829 1398 4883 illud
1427 4830 1570 4898 quod
1597 4829 1830 4884 Jacobus

264 4923 309 4974 in
329 4922 565 4991 Epistola
595 4936 690 4974 sua
715 4921 846 4974 dicit
869 4937 882 4972 :
910 4919 1044 4972 Ecce
1071 4937 1228 4983 nunc,
1260 4920 1348 4988 qui
1367 4918 1562 4983 dicitis,
1588 4917 1756 4970 Hodie
1782 4927 1831 4971 et

263 5014 482 5066 crastino
513 5009 898 5064 ambulabimus
925 5011 980 5064 in
1003 5010 1149 5063 illam
1190 5011 1447 5063 civitatem
1470 5019 1516 5062 et
1547 5007 1832 5077 negotiabi-

267 5120 389 5166 mus,
441 5113 498 5170 et
542 5101 746 5154 lucrum
800 5100 1052 5170 faciemus
1104 5098 1309 5167 (Jacob.
1344 5097 1438 5169 iv).
1482 5097 1588 5153 Sed
1616 5105 1670 5150 et
1696 5112 1833 5166 pra:-

265 5206 382 5244 sens
414 5191 633 5260 quidem
675 5190 927 5244 saeculum
970 5189 1128 5244 hodie
1164 5188 1399 5242 dicitur:
1434 5188 1700 5256 quomodo
1730 5186 1832 5239 Da-

264 5281 343 5333 vid
372 5282 538 5336 dicit:
567 5280 739 5337 Hodie
763 5281 810 5334 si
835 5295 1006 5332 vocem
1030 5278 1144 5348 ejus
1173 5277 1465 5341 audieritis,
1517 5285 1622 5330 etc.
1658 5273 1827 5346 (Psal.

265 5374 416 5442 χειν).
450 5370 558 5444 [Ex
588 5369 893 5440 Hesychia]
919 5367 1334 5423 Dicitur'autem
1365 5377 1418 5420 et
1444 5382 1586 5430 eras,
1617 5381 1721 5418 non
1757 5372 1837 5420 ta-

266 5479 381 5516 men
411 5464 632 5517 omnino
670 5465 765 5516 ἀνὰ
792 5461 1062 5520 διαστολὴν
1104 5459 1373 5522 hodierni,
1413 5457 1506 5511 sed
1548 5456 1671 5523 quia
1701 5471 1838 5523 pra:-

264 5555 422 5608 scntis
440 5554 620 5607 szeculi
651 5569 757 5606 non
785 5551 973 5605 eadem
994 5557 1122 5604 sunt
1142 5557 1441 5617 temporum
1470 5545 1664 5613 spatia,
1702 5545 1840 5598 sicut

264 5643 313 5698 iv
340 5643 646 5699 Proverbiis
682 5641 917 5700 ostendit
947 5657 959 5692 :
996 5639 1076 5693 Ne
1103 5639 1246 5692 dicas
1276 5637 1440 5690 amico
1474 5645 1582 5699 tuo,
1626 5631 1767 5687 Vade
1791 5642 1838 5687 et

1931 4375 2152 4430 Christi.
2181 4374 2286 4447 (Ex.
2300 4375 2565 4445 Origene.)
2582 4376 2754 4430 Aliter
2778 4377 2832 4430 in
2857 4376 3017 4431 biduo
3042 4378 3237 4445 quibus
3263 4379 3385 4433 licet
3421 4396 3505 4434 ve-

1933 4465 2010 4519 sci
2040 4479 2229 4519 carnes
2263 4465 2533 4530 sacriﬁcii,
2561 4473 2692 4535 puto
2719 4465 2825 4520 duo
2852 4467 3196 4522 Testamenta
3237 4483 3394 4538 posse
3433 4472 3497 4524 in-

1934 4556 2120 4625 telligi,
2150 4557 2204 4609 in
2230 4559 2424 4626 quibus
2451 4557 2611 4611 liceat
2639 4573 2797 4612 omne
2818 4561 3040 4614 verbum
3069 4561 3210 4627 quod
3242 4561 3309 4614 ad
3337 4561 3504 4616 Deum

1933 4649 2188 4716 pertinet,
2215 4649 2316 4702 hoe
2344 4650 2485 4702 enim
2517 4657 2599 4702 est
2630 4650 2956 4704 sacriﬁcium
2985 4651 3185 4718 requiri
3214 4659 3269 4705 et
3291 4653 3503 4718 discuti,

1935 4747 2095 4805 atque
2121 4754 2186 4792 ex
2215 4739 2345 4807 ipsis
2371 4755 2586 4793 omnem
2615 4754 2794 4793 rerum
2823 4739 3101 4794 scientiam
3129 4742 3265 4809 capi,
3309 4743 3354 4796 si
3377 4744 3505 4811 quid

1941 4835 2120 4880 autem
2146 4826 2472 4896 superfuerit
2501 4828 2644 4896 quod
2667 4842 2772 4880 non
2802 4828 2982 4882 divina
3013 4827 3290 4896 Scriptura
3321 4831 3505 4883 decer-

1931 4929 2044 4982 nat,
2079 4919 2278 4973 nullam
2303 4920 2465 4973 aliam
2493 4921 2816 4989 scripturam
2858 4921 3070 4975 tertiam
3103 4922 3294 4976 debere
3317 4931 3502 4976 aucto-

1932 5011 2091 5064 ritate
2130 5009 2366 5062 scientiae
2393 5010 2608 5079 suscipi,
2637 5024 2757 5077 quae
2793 5009 2882 5064 hic
2911 5009 3027 5064 dies
3054 5011 3212 5064 tertia
3260 5011 3504 5062 nomina-

1932 5104 2042 5160 tur,
2074 5096 2166 5149 sed
2211 5096 2321 5164 igni
2375 5097 2649 5149 tradamus
2678 5097 2817 5165 quod
2847 5104 3119 5164 superest,
3161 5095 3213 5150 id
3243 5104 3345 5160 est,
3395 5095 3504 5148 Deo

1933 5198 2269 5238 reservemus
2292 5200 2306 5248 ;
2335 5199 2507 5252 neque
2536 5184 2679 5238 enim
2703 5185 2756 5236 in
2779 5186 3032 5252 praesenti
3059 5186 3171 5238 vita
3195 5186 3334 5238 Deus
3363 5184 3502 5235 sci-re

1933 5287 2032 5327 nos
2068 5272 2250 5326 omnia
2276 5272 2464 5337 voluit,
2511 5273 2742 5326 maxime
2785 5287 2906 5328 cum
2942 5273 2995 5326 id
3033 5281 3089 5326 et
3115 5270 3397 5341 Apostolus
3423 5269 3503 5320 di—

1933 5371 2022 5417 cat
2045 5380 2056 5415 :
2089 5361 2226 5425 Quia
2255 5378 2319 5415 ex
2359 5373 2505 5431 parte
2542 5361 2732 5414 scimus
2758 5369 2806 5414 et
2834 5378 2899 5414 ex
2919 5371 3067 5430 parte
3091 5359 3455 5429 prop/totumue
3479 5371 3500 5417 ,-

1934 5468 2050 5505 cum
2076 5453 2266 5505 venerit
2314 5461 2487 5505 autem
2520 5452 2659 5522 quod
2700 5451 2982 5521 perfectum
3019 5458 3122 5510 est,
3171 5448 3502 5499 destruentur

1935 5541 2027 5594 illa
2060 5558 2175 5612 qua:
2203 5558 2267 5595 ea:
2289 5551 2433 5610 parte
2458 5552 2579 5595 sunt
2622 5540 2672 5611 (Ι
2696 5539 2896 5595 Corint.
2916 5538 3060 5602 xm).
3105 5535 3210 5588 Iste
3246 5541 3331 5587 est
3370 5547 3500 5603 ergo

1939 5632 2075 5704 ignis
2097 5633 2181 5688 cui
2204 5649 2320 5702 qua:
2367 5634 2418 5686 in
2448 5633 2664 5688 tertium
2693 5633 2835 5688 diem
2873 5626 3233 5694 supert'ueriut
3280 5639 3503 5682 servare
