3956 6176
419 316 524 374 515

1060 313 1121 368 Β.
1158 313 1411 367 RABANI
1453 312 1670 368 MAURI
1709 309 2026 364 AllCHlEP.
2068 309 2376 367 MOGUNT.
2417 311 2701 368 OPERUM
2738 312 2918 368 PARS
2955 314 2997 368 Ι.

3318 244 3349 280 κ

3568 316 3681 374 516

420 428 696 490 debemus,
743 432 887 480 etut
910 439 1019 479 non
1067 426 1375 480 temeritate
1399 432 1729 495 praesumpta
1744 439 1999 478 assuma-
2025 423 2075 483 Λ
2100 431 2156 476 et
2192 423 2460 479 homicida
2500 433 2602 489 est,
2629 425 2714 479 vel
2737 428 3007 494 quomodo
3033 427 3321 484 insidiatur
3341 430 3531 486 ahenae
3555 448 3684 487 mu—

421 531 543 572 mus
568 516 724 571 nobis
748 524 1067 570 cunctorum
1104 515 1408 581 scientiam,
1436 524 1496 569 ut
1520 515 1715 569 merito
1739 515 1897 569 nobis
1922 514 1999 568 di-

420 617 576 663 catur
603 607 675 661 ab
697 606 888 662 eodem
909 606 1166 677 Apostolo
1190 621 1206 660 :
1251 606 1553 662 Neseientes
1579 622 1744 678 neque
1780 621 1900 677 quae
1919 605 2002 660 lo-

418 707 668 770 quuntur,
702 714 865 769 neque
882 696 948 751 de
971 696 1156 767 quibus
1187 696 1479 766 afﬁrmant.

1019 809 1245 867 CAPUT
1283 810 1393 866 νη.

422 901 578 970 Quod
606 919 754 957 nemo
772 902 955 956 debeat
971 901 1556 983 immundumeajusvis
1581 904 1656 958 rei
1676 912 1767 957 aut
1783 913 1999 974 tangere

1066 982 1159 1025 aut
1181 982 1337 1026 vesci.

370 1074 404 1129 .;
444 1039 667 1135 ἐξῐθιυ.)
703 1059 845 1117 Caro
869 1078 988 1133 quas
1020 1061 1223 1133 aliquid
1249 1062 1483 1132 tetigerit
1518 1062 1852 1118 immundum
1888 1081 1996 1120 non

419 1154 737 1219 comedetur,
779 1154 872 1208 sed
899 1153 1232 1208 comburetur
1270 1155 1378 1224 igni
1403 1172 1422 1220 ;
1447 1156 1539 1224 qui
1580 1155 1741 1225 fuerit
1768 1156 1996 1210 mundus

340 1296 349 1305 .
388 1244 650 1302 'vescetur
673 1261 753 1299 ea.
786 1243 976 1297 Anima
1003 1243 1205 1315 polluta
1252 1260 1370 1315 φατε
1411 1246 1577 1299 ederit
1628 1246 1694 1300 de
1745 1246 1994 1301 carnibus

415 1336 602 1392 hostia.-
624 1337 963 1408 paci/icorum
991 1352 1107 1407 quia
1137 1336 1311 1389 oblata
1336 1345 1413 1389 est
1435 1335 1681 1399 Domino,
1718 1337 1905 1407 peribit
1927 1338 1993 1390 de

413 1428 622 1500 populis
659 1429 807 1495 suis;
854 1439 903 1483 et
947 1430 1038 1499 qui
1079 1429 1303 1499 tetigerit
1349 1428 1739 1482 immunditiam
1769 1430 1996 1483 hominis

417 1519 497 1581 vel
517 1519 775 1591 jumenti,
802 1521 908 1575 sive
934 1523 1103 1575 omnis
1132 1521 1209 1574 rei
1220 1537 1336 1592 qua:
1362 1520 1594 1591 polluere
1619 1532 1802 1592 potest,
1837 1533 1885 1577 et
1903 1538 1995 1576 co-

418 1609 638 1663 mederit
671 1610 737 1663 de
781 1609 1084 1680 hujusmodi
1123 1610 1394 1676 carnibus,
1423 1612 1653 1666 interibit
1699 1611 1764 1666 de
1789 1611 1995 1683 populis

414 1701 550 1757 suis.
582 1698 694 1773 (Ea:
721 1699 990 1774 Origene.)
1026 1701 1289 1772 Triplices
1317 1701 1669 1758 immunditia:
1687 1719 1883 1759 causas
1909 1704 1997 1758 hic

414 1791 699 1862 legislator
726 1794 1015 1863 exposuit:
1052 1809 1234 1859 unam,
1268 1809 1338 1849 ne
1384 1808 1577 1850 carnes
1604 1795 1997 1850 sacrificiorum

415 1882 594 1952 aliqua
622 1884 961 1939 immunditia
976 1887 1386 1956 contingantur;
1421 1886 1583 1941 aliam
1601 1902 1670 1942 ne
1698 1887 1745 1942 is
1769 1888 1862 1956 qui
1885 1889 1998 1942 edit

412 1989 608 2029 carnes
633 1974 888 2031 sacriﬁcii
915 1977 1221 2032 immundus
1244 1977 1335 2043 sit,
1359 1986 1413 2033 et
1440 1979 1781 2033 immunditia
1804 1977 1921 2047 ejus
1942 1980 1997 2033 in

416 2065 533 2133 ipso
548 2065 648 2131 sit;
678 2067 913 2130 tertiam,
930 2067 1074 2137 quod
1088 2068 1134 2123 si
1149 2084 1344 2124 carnes
1358 2070 1573 2125 mundae
1585 2071 1693 2124 sint
1705 2078 1758 2125 et
1777 2072 1891 2141 ipse
1904 2072 1998 2141 qui

409 2152 524 2207 edit
545 2154 776 2210 mundus
796 2155 887 2222 sit,
916 2166 1096 2212 tamen
1124 2172 1195 2213 ne
1222 2158 1512 2231 contigerit
1536 2160 1738 2230 aliquid
1764 2160 1998 2214 immun-

411 2243 539 2298 dum
549 2285 563 2309 ,
578 2245 703 2300 vela
716 2246 1022 2316 pecoribus,
1036 2249 1121 2302 vel
1135 2248 1203 2304 ab
1214 2250 1422 2316 avibus,
1437 2251 1522 2305 vel
1534 2267 1598 2306 ex
1615 2251 1864 2307 omnibus
1877 2268 1997 2322 qua:

413 2334 687 2389 immunda
710 2338 1057 2405 pronuntiata
1080 2348 1223 2394 sunt.
1254 2340 1324 2395 Et
1352 2342 1467 2396 haec
1483 2342 1701 2410 quidem
1733 2342 1988 2398 voluntas

413 2432 497 2479 est
520 2425 653 2497 legis
686 2427 753 2483 de
774 2430 879 2482 ritu
912 2429 1305 2485 sacriﬁciorum
1330 2431 1693 2501 corporalium
1738 2433 1994 2488 sancien-

414 2518 515 2582 tis;
540 2518 833 2573 secundum
865 2529 1068 2575 nostras
1088 2536 1218 2575 vero
1244 2522 1602 2591 expositionis
1627 2522 1875 2577 ordinem
1903 2524 1995 2577 ubi

414 2622 607 2662 carnes
634 2616 831 2663 sancta:
860 2650 875 2674 ,
910 2610 1071 2665 verba
1105 2609 1478 2681 intelliguntur
1502 2627 1623 2667 esse
1651 2613 1862 2677 divina,
1892 2614 1995 2667 hu-

410 2697 644 2768 iusmodi
670 2698 915 2754 habenda
945 2711 1028 2755 est
1068 2702 1376 2757 observatio
1403 2743 1417 2767 ,
1460 2703 1585 2772 quia
1610 2718 1753 2773 saepe
1798 2704 1998 2758 accidit

417 2790 722 2845 immundas
768 2807 961 2849 carnes
998 2795 1239 2865 contingi
1287 2795 1356 2850 ab
1384 2795 1564 2865 aliquo
1611 2796 1908 2863 immundo,
1938 2804 2001 2851 ut

416 2880 564 2935 verbi
596 2897 759 2936 causa
804 2884 1074 2939 dixerim:
1108 2885 1165 2939 Si
1210 2886 1331 2956 quis
1372 2887 1438 2941 de
1466 2887 1575 2942 Dco
1618 2887 1780 2943 Patre
1824 2904 1890 2943 ac
1930 2888 1998 2944 de

415 2974 704 3044 Unigenito
730 2975 848 3045 ejus
880 2985 933 3031 et
957 2977 1162 3047 Spiritu
1199 2986 1409 3044 sancto,
1446 2980 1606 3051 digno
1629 2980 1848 3036 deitatis
1878 2997 1993 3053 my-

412 3066 603 3132 sterio,
649 3082 841 3137 purum
887 3068 1051 3124 faciat
1081 3072 1465 3138 sincerumque
1493 3086 1822 3136 sermonem,
1846 3072 1997 3127 simi-

2098 513 2238 578 lieri,
2269 523 2322 569 et
2341 515 2551 570 adulter
2563 524 2668 582 est,
2684 516 2766 572 vel
2790 518 3065 587 quomodo
3081 520 3133 574 in
3146 522 3360 576 caneris
3374 523 3684 593 quibusque

2098 607 2395 677 sacrilegus
2436 617 2537 671 est,
2567 625 2668 665 nec
2695 610 3045 680 deprehensis
3077 613 3163 669 his
3191 614 3432 669 discedat
3466 617 3535 670 ab
3561 616 3686 685 ejus

2098 699 2375 753 consortio
2400 716 2415 766 ;
2444 699 2547 755 iste
2570 702 2761 770 estqui
2785 703 3051 772 contingit
3073 705 3430 771 immundum,
3456 705 3539 760 vel
3564 706 3688 759 ani-

2097 786 2225 849 mal,
2257 786 2343 841 vel
2369 802 2550 853 avem,
2595 789 2682 844 vel
2715 791 3081 856 morticinum,
3130 801 3187 847 et
3217 792 3391 848 aliena
3444 794 3686 848 immun—

2096 875 2228 930 ditia
2252 876 2367 945 ipse
2390 876 2624 947 pollutus
2642 885 2746 933 est.
2767 878 2943 934 Aliter
2966 898 2981 935 :
3014 880 3123 952 (Ea:
3136 880 3446 955 Hesychia.)
3468 883 3688 940 Carnes

2098 967 2407 1039 signiﬁcant
2454 969 2685 1025 virtutes
2712 985 2777 1025 ex
2806 972 3007 1041 quibus
3049 973 3376 1029 sacriﬁcium
3426 976 3679 1031 salutare

2096 1065 2332 1124 constat,
2346 1058 2497 1113 verbi
2513 1061 2709 1129 gratia,
2725 1062 3061 1129 castitatem,
3087 1064 3688 1138 eleemosynam,justi-

2099 1146 2250 1212 tiam,
2272 1148 2389 1202 haec
2409 1163 2538 1218 ergo
2559 1148 2606 1203 si
2628 1150 2866 1221 tetigerit
2885 1151 3220 1208 immundum
3233 1155 3532 1225 quippiam,
3549 1173 3686 1211 cum

2098 1237 2241 1293 forte
2253 1253 2352 1309 per
2363 1241 2672 1310 superbiam
2686 1240 2898 1311 justitia
2919 1246 3212 1301 etcastitas
3242 1248 3310 1302 ad
3337 1263 3534 1303 vanam
3564 1249 3691 1319 glo-

2098 1331 2261 1395 riam,
2278 1338 2334 1386 et
2359 1331 2700 1403 eleemosyna
2724 1348 2792 1388 ex
2816 1333 3081 1403 injustitia
3101 1337 3163 1391 lit
3187 1354 3203 1391 :
3225 1337 3352 1407 igne
3378 1338 3686 1394 incenden-

2098 1429 2188 1474 tur
2212 1419 2400 1489 judicii
2453 1421 2640 1477 futuri.
2680 1424 2835 1491 Quod
2872 1427 3212 1483 demonstrat
3239 1429 3408 1485 Isaias
3445 1431 3641 1486 dicens
3673 1450 3687 1485 :

2101 1508 2205 1576 Qui
2227 1511 2463 1566 immolat
2485 1513 2684 1580 bovem,
2710 1518 2863 1586 quasi
2894 1518 2986 1588 qui
3030 1519 3314 1589 interﬁciat
3339 1521 3508 1575 virum
3534 1539 3555 1585 ;
3589 1524 3695 1592 qui

2098 1613 2293 1657 mactat
2314 1620 2490 1675 pecus,
2522 1607 2676 1677 quasi
2707 1607 2799 1677 qui
2834 1610 3134 1665 excerebrat
3160 1628 3368 1678 canem,
3383 1620 3439 1667 et
3476 1614 3696 1682 reliqua

2101 1692 2305 1763 (Isaite.
2326 1695 2492 1766 uvi).
2508 1695 2801 1753 Praesentis
2817 1708 3001 1755 autem
3017 1701 3260 1755 mandati
3282 1710 3429 1757 recta
3452 1705 3688 1758 conclu-

2026 1779 2074 1839 B
2100 1785 2184 1840 sio
2212 1794 2315 1851 est,
2345 1785 2449 1851 Qui
2472 1788 2633 1857 fuerit
2661 1790 2890 1844 mundus
2908 1831 2923 1857 ,
2945 1801 3185 1846 vescatur
3224 1810 3289 1847 ea
3313 1809 3333 1858 ;
3360 1795 3539 1848 animo
3567 1797 3694 1864 po!-

2099 1876 2211 1931 luta
2244 1895 2365 1948 qua:
2402 1878 2567 1933 ederit
2605 1880 2670 1934 de
2699 1882 2947 1936 carnibus
2982 1883 3170 1937 hostire
3197 1884 3537 1953 paciﬁcorum
3564 1902 3695 1955 quae

2099 1971 2275 2026 oblata
2302 1982 2377 2027 est
2399 1973 2647 2040 Domino,
2677 1976 2864 2046 peribit
2889 1977 2954 2032 de
2975 1977 3184 2048 populis
3203 1980 3335 2034 suis.
3365 1979 3563 2050 Aperte
3590 1982 3693 2035 hic

2098 2060 2328 2117 ironiam
2349 2064 2580 2119 destruit
2602 2074 2655 2119 et
2672 2066 3037 2136 hypocrisim;
3070 2069 3153 2124 hac
3171 2070 3459 2125 enimsunt
3481 2071 3695 2125 anima:

2097 2154 2473 2221 immunditize,
2503 2156 2577 2209 ita
2600 2163 2661 2210 ut
2683 2157 2875 2212 horum
2894 2158 3296 2214 bomointerior
3318 2158 3474 2230 lupus
3502 2162 3698 2229 appel—

2098 2244 2321 2311 laretur,
2338 2261 2464 2301 cum
2477 2246 2608 2301 dicit
2622 2247 2881 2303 Dominus
2897 2267 2910 2302 :
2929 2248 3191 2303 Attendite
3202 2249 3267 2302 ab
3280 2250 3358 2305 eis
3369 2250 3459 2321 qui
3475 2251 3697 2304 veniunt

2097 2335 2167 2388 ad
2189 2352 2276 2390 vos
2303 2338 2357 2390 in
2377 2337 2558 2391 vestitu
2581 2338 2773 2401 ovium,
2802 2339 2944 2392 intus
2968 2349 3144 2392 autem
3173 2348 3299 2392 sunt
3323 2337 3435 2409 lupi
3457 2356 3691 2409 rapaces

2100 2423 2315 2495 (Matth.
2345 2426 2465 2497 vu).
2500 2426 2566 2480 lli
2596 2427 2662 2481 de
2691 2427 2948 2481 carnibus
2971 2428 3163 2483 hostia
3181 2429 3534 2498 paciﬁcorum
3565 2431 3697 2484 sive

2096 2520 2367 2585 salutaris,
2391 2536 2511 2589 qua:
2533 2521 2728 2576 oblata
2748 2530 2874 2576 sunt
2899 2522 3130 2577 Domino
3152 2523 3524 2587 eomedentes,
3547 2524 3695 2593 quia

2095 2610 2327 2665 virtutes
2356 2625 2476 2680 quae
2500 2626 2530 2664 a
2569 2610 2682 2666 Deo
2710 2612 3055 2682 possidentur
3100 2628 3210 2667 non
3247 2613 3469 2668 virtutis
3508 2613 3699 2667 inten-

2098 2702 2264 2767 tione,
2305 2702 2398 2756 sed
2437 2701 2809 2759 fraudulenter
2826 2712 3141 2775 Operantur,
3169 2712 3402 2775 pereunt
3426 2705 3493 2760 de
3514 2721 3698 2775 popu-

2097 2795 2150 2851 lo
2176 2813 2295 2862 suo,
2333 2805 2393 2851 ut
2422 2813 2526 2852 non
2566 2796 2679 2866 jam
2708 2813 2838 2852 oves
2877 2799 2975 2853 sed
3014 2798 3126 2869 lupi
3176 2800 3547 2855 nominentur.
3582 2797 3695 2853 lu-

2097 2894 2279 2941 menta
2305 2895 2487 2941 autem
2511 2886 2788 2942 immunda
2813 2897 2959 2953 sunt,
2990 2890 3094 2943 hoc
3111 2897 3214 2954 est,
3244 2889 3299 2943 hi
3324 2888 3417 2958 qui
3444 2890 3696 2943 immun-

2102 2978 2186 3032 dis
2213 2985 2269 3032 et
2289 2978 2523 3032 terrenis
2551 2978 2862 3034 actionibus
2896 2987 3254 3050 occupantur,
3285 2981 3355 3034 ad
3380 2989 3579 3036 terram
3610 2982 3704 3035 in-

2100 3067 2405 3131 tendentes,
2425 3068 2878 3137 quemadmodum
2899 3068 3171 3139 jumenta.
3197 3070 3351 3127 Unde
3371 3079 3429 3126 et
3457 3070 3703 3125 fornica—

414 3154 538 3209 liler
555 3168 609 3210 et
638 3157 703 3211 de
726 3160 977 3213 omnibus
992 3162 1257 3215 creaturis
1286 3161 1719 3228 rationabilihus,
1740 3170 1996 3231 tanquam
2025 3141 2073 3202 C
2103 3165 2250 3211 tores
2272 3156 2399 3226 equi
2424 3157 2692 3212 emissarii
2716 3160 3090 3228 appellantur:
3116 3160 3239 3217 Sive
3263 3161 3433 3215 omnis
3461 3161 3538 3215 rei
3566 3178 3701 3231 qua:

413 3262 443 3297 ιι
473 3245 583 3298 Deo
614 3244 770 3301 factis
801 3248 867 3301 ad
897 3249 999 3303 hoc
1020 3257 1081 3303 ut
1105 3259 1365 3321 caperent
1388 3259 1442 3306 et
1465 3251 1825 3323 intelligerent
1850 3268 1995 3318 eum,

415 3352 521 3392 non
552 3345 729 3391 autem
756 3342 1106 3410 consequenti
1126 3343 1386 3413 mysterio
1408 3344 1799 3398 asscratetiam
1815 3344 1999 3400 carnis

417 3431 867 3486 resurrectionem
888 3451 899 3486 :
922 3434 1133 3501 primus
1147 3435 1365 3504 quidem
1379 3433 1494 3503 ejus
1516 3450 1716 3503 sermo,
1738 3437 1998 3506 quoniam

415 3519 653 3591 perfecte
683 3531 738 3577 et
763 3532 948 3577 sancte
978 3524 1249 3590 disseruit,
1276 3524 1479 3581 solidus
1503 3526 1656 3580 cibus
1678 3535 1781 3592 est,
1806 3542 2000 3581 carnes

415 3618 615 3665 sanctae
628 3620 784 3678 sunt;
807 3613 909 3667 hoc
936 3628 1065 3668 vero
1091 3614 1234 3684 quod
1265 3615 1349 3669 his
1371 3615 1519 3670 addit
1544 3614 1997 3670 resurrectionem

415 3701 599 3757 carnis
624 3703 888 3775 negando,
920 3706 1047 3775 quia
1092 3705 1332 3760 alienum
1360 3723 1390 3760 a
1419 3706 1522 3761 ﬁde
1566 3716 1669 3773 est,
1701 3707 2000 3776 superiori-

416 3794 516 3848 bus
548 3789 798 3861 juuctum
829 3795 1088 3865 perfectis
1137 3805 1190 3851 et
1240 3796 1487 3853 ﬁdelibus
1534 3798 1736 3863 verbis,
1783 3808 2001 3854 sanctas

415 3898 606 3937 carnes
655 3884 1046 3939 contaminavit
1072 3894 1129 3939 et
1162 3886 1371 3956 polluit.
1400 3885 1527 3941 Ideo
1576 3902 1705 3957 ergo
1754 3888 2001 3958 praecipit

414 3971 688 4041 legislator
716 3988 784 4028 ne
822 3974 1217 4028 manducentur
1253 3974 1627 4045 hujuscemodi
1661 3990 1855 4029 carnes
1881 3975 1999 4043 qui-

416 4062 515 4116 bus
569 4060 907 4117 immunditia
956 4062 1294 4118 inﬁdelitatis
1368 4063 1597 4134 alicujus
1665 4062 1995 4134 adiungitur.

415 4154 677 4225 Proptera
728 4164 784 4211 et
830 4156 1122 4228 Apostolus
1163 4157 1333 4211 dicit:
1363 4157 1574 4211 Etenim
1619 4157 1758 4210 diem
1807 4155 1998 4226 festum

414 4242 727 4303 celebremus
773 4261 876 4298 non
908 4247 963 4299 in
985 4246 1239 4315 fermento
1261 4247 1442 4313 veteri,
1473 4262 1636 4316 neque
1659 4245 1714 4299 in
1742 4244 1998 4314 fermento

416 4332 633 4391 malitia:
667 4342 716 4387 et
748 4334 1013 4405 nequitiae,
1036 4335 1128 4390 sed
1150 4337 1205 4389 in
1239 4335 1439 4406 azymis
1465 4334 1777 4388 sinceritatis
1792 4342 1839 4388 et
1862 4334 1998 4389 veri-

418 4424 543 4478 tatis
574 4422 625 4496 (I
657 4421 780 4478 Cor.
808 4423 883 4495 v).
934 4424 1242 4481 Secundum
1274 4425 1628 4482 immunditice
1660 4441 1831 4495 genus
1873 4433 1958 4479 est
1980 4463 1995 4486 ,

415 4531 484 4574 ne
514 4516 627 4585 ipse
648 4516 739 4584 qui
766 4531 957 4571 carnes
984 4517 1099 4571 edit
1125 4518 1434 4572 immundus
1454 4517 1545 4581 sit,
1573 4528 1627 4572 et
1651 4517 1993 4571 immunditia

413 4604 533 4674 ejus
566 4606 620 4659 in
641 4607 757 4675 ipso
782 4608 873 4672 sit,
906 4606 1047 4676 quod
1070 4608 1174 4665 hoc
1198 4608 1361 4663 modo
1388 4607 1610 4676 intelligi
1642 4614 1819 4674 potest
1841 4605 1990 4658 verbi

415 4698 610 4769 gratia,
629 4698 674 4752 si
699 4700 769 4753 sit
794 4700 991 4769 aliquis
1012 4710 1217 4755 naturae
1233 4699 1473 4753 llorentis
1490 4709 1542 4754 et
1569 4698 1811 4752 ardentis
1840 4698 1996 4766 inge-

416 4787 631 4852 nii,non
659 4790 916 4844 continuo
932 4798 1089 4858 aptus
1114 4789 1458 4844 videbiturad
1483 4788 1823 4857 suscipienda
1844 4788 1995 4843 verbi

417 4874 511 4929 Dei
534 4878 824 4947 mysteria;
851 4880 944 4934 sed
957 4879 1395 4949 quaerituretiam
1416 4878 1538 4944 hoc,
1557 4879 1778 4949 utprius
1806 4895 1836 4932 a
1867 4895 1991 4948 pro-

314 4958 323 4969 ’
416 4966 556 5023 fanis
572 4967 783 5023 actibus
793 4978 847 5024 et
860 4970 1153 5026 immundis
1163 4970 1418 5045 operibus
1432 4977 1731 5040 separetur,
1746 4978 1798 5024 et
1814 4970 1886 5023 ita
1902 4972 1994 5026 de-

416 5069 562 5108 mum
585 5056 904 5114 eruditionis
934 5075 1104 5129 capax
1158 5061 1272 5127 ﬁat,
1322 5060 1367 5117 si
1399 5060 1551 5130 prius
1600 5074 1769 5129 capax
1829 5058 1995 5116 fuerit

415 5144 740 5202 sanctitatis.
770 5147 950 5203 Tertia
977 5158 1061 5205 est
1085 5150 1437 5205 immunditia:
1459 5149 1666 5221 species
1692 5163 1797 5217 qua
1832 5149 1877 5203 is
1899 5149 1989 5219 qui

415 5236 648 5293 mundus
668 5246 753 5293 est
772 5238 978 5310 aliquid
999 5241 1266 5311 contingit
1286 5240 1645 5302 immundum,
1672 5247 1726 5293 et
1745 5255 1849 5293 non
1880 5248 1990 5295 tam

415 5344 515 5385 suo
539 5337 765 5402 peccato
798 5346 959 5401 quam
990 5332 1167 5387 aliena
1215 5333 1533 5403 contagione
1580 5330 1836 5401 polluitur
1866 5371 1881 5395 ,
1930 5341 1991 5385 ut

415 5430 546 5491 puta
583 5422 631 5477 si
669 5422 791 5493 quis
820 5422 1057 5478 societur
1084 5423 1339 5477 amicitiis
1366 5431 1421 5478 et
1459 5421 1733 5477 consortio
1758 5420 1994 5476 hominis

414 5506 583 5575 lividi,
608 5511 692 5565 vel
724 5512 989 5578 iracundi,
1023 5513 1101 5568 vel
1120 5512 1372 5577 adulteri,
1399 5523 1454 5567 et
1483 5513 1598 5582 ipse
1632 5513 1847 5581 quidem
1872 5527 1996 5581 pro-

414 5600 550 5675 priis
592 5605 803 5661 actibus
832 5622 940 5662 non
988 5606 1254 5661 inferatur
1281 5605 1578 5663 sceleribus
1621 5604 1737 5674 ejus
1765 5622 1779 5671 ;
1809 5605 1991 5658 videat

417 5704 594 5752 tarlien
626 5713 748 5755 eum
774 5709 827 5755 ct
860 5700 1123 5772 intelligat
1152 5701 1421 5771 quoumtlo
1450 5700 1669 5757 fratrem
1698 5715 1853 5754 suum
1876 5698 1989 5755 odit

2099 3244 2333 3314 polluere
2369 3254 2555 3316 potest.
2609 3247 2931 3318 Quicunque
2959 3250 3168 3305 somnia
3219 3258 3276 3305 et
3324 3250 3699 3305 divinationes

2106 3343 2162 3390 et
2183 3337 2551 3407 purgationes,
2582 3339 2670 3395 vel
2690 3340 2807 3395 dies
2834 3350 2891 3396 et
2906 3350 3148 3412 tempora
3178 3343 3507 3404 custodiunt,
3534 3343 3689 3395 mul-

2099 3436 2157 3480 to
2180 3427 2351 3497 magis
2375 3437 2555 3483 autem
2583 3429 2723 3500 magi
2753 3440 2809 3485 et
2836 3431 3066 3486 veneﬁci
3109 3430 3501 3487 abominabiles
3557 3440 3698 3485 sum

2100 3515 2241 3585 apud
2271 3516 2578 3572 Dominum.
2632 3517 2818 3573 Omnis
2844 3520 2935 3590 qui
2972 3520 3101 3589 facit
3123 3520 3258 3584 lucc,
3282 3518 3510 3575 forsitan
3531 3519 3690 3575 enim

2100 3609 2463 3665 communicat
2498 3609 2621 3678 quis
2648 3610 2804 3665 malis
2832 3625 3023 3665 eorum
3050 3610 3293 3666 consiliis
3335 3618 3428 3664 aut
3454 3610 3697 3665 actioni-

2099 3698 2222 3763 bus,
2249 3699 2409 3755 ethic
2423 3708 2483 3754 ut
2508 3709 2634 3771 pote
2655 3703 2984 3771 prohibitam
3008 3701 3406 3757 immunditiam
3428 3710 3693 3771 tangens,

2100 3805 2207 3843 non
2238 3798 2418 3859 potest
2445 3805 2509 3845 ea
2557 3807 2678 3862 qua:
2707 3792 2774 3846 ad
2805 3793 3039 3848 hostiam
3082 3792 3376 3846 salutarem
3429 3791 3513 3845 vel
3538 3793 3697 3861 paci-

2100 3877 2325 3933 ficorum
2375 3880 2652 3949 pertinent
2705 3883 3032 3947 comedere,
3080 3882 3197 3937 sive
3250 3882 3505 3951 operari:
3559 3897 3692 3937 cum

2099 3967 2243 4021 enim
2273 3968 2425 4023 nisus
2454 3967 2620 4024 fuerit
2644 3985 2707 4025 ea
2731 3986 2852 4040 qua:
2882 3972 2951 4025 ad
2977 3970 3205 4026 salutem
3226 3970 3504 4040 pertinent
3522 3986 3697 4041 agere

2097 4064 2152 4110 et
2167 4058 2656 4113 communicaverit
2680 4060 3031 4130 operantibus
3053 4060 3218 4125 mala,
3242 4069 3299 4115 et
3319 4076 3439 4130 qua-
3462 4061 3529 4114 ad
3555 4076 3693 4129 per-

2100 4146 2361 4201 ditionem
2400 4148 2691 4217 pertinent,
2722 4151 2866 4220 perit
2912 4153 2979 4207 de
3008 4151 3203 4222 populo
3229 4166 3347 4218 suo,
3382 4153 3435 4207 id
3463 4160 3568 4218 est,
3618 4154 3694 4207 de

2098 4237 2186 4292 his
2215 4237 2306 4307 qui
2344 4239 2643 4293 salvantur.

2684 4330 2913 4386 CAPUT
2956 4331 3084 4388 Vill.

2099 4417 2319 4490 Adipem
2341 4420 2432 4492 qui
2470 4420 2544 4473 ad
2580 4420 2849 4475 incensum
2880 4422 3093 4477 Domini
3132 4423 3351 4493 pertth
3380 4463 3394 4488 ,
3424 4438 3528 4475 non
3562 4423 3689 4478 licet

2747 4492 3036 4547 comedere.

2169 4598 2344 4675 (ltum)
2384 4601 2613 4657 Locutus
2647 4612 2723 4657 est
2753 4603 3012 4659 Dominus
3061 4605 3131 4658 ad
3161 4603 3382 4675 Moysen
3414 4644 3430 4669 ,
3461 4604 3686 4658 dicens:

2097 4690 2327 4761 Loquere
2342 4692 2467 4762 ﬁliis
2487 4692 2660 4748 Israel
2680 4707 2699 4746 :
2717 4693 2935 4765 Adipem
2951 4696 3090 4749 bovis
3107 4707 3155 4749 et
3180 4694 3289 4749 ovis
3310 4704 3357 4747 et
3376 4709 3552 4763 capri:
3574 4710 3685 4747 non

2096 4782 2409 4849 comedetis;
2442 4784 2647 4854 adipem
2685 4786 2957 4840 cadaveris
3004 4785 3268 4839 morticini
3298 4825 3312 4848 ,
3340 4792 3388 4837 et
3413 4783 3529 4851 eius
3559 4784 3686 4837 ani-

2097 4872 2250 4927 malis
2274 4873 2412 4943 quod
2435 4892 2467 4926 a
2495 4875 2655 4929 bestia
2706 4886 2917 4947 captum
2943 4887 3039 4943 est,
3069 4877 3325 4931 habebitis
3352 4877 3406 4928 in
3441 4892 3569 4928 usus
3591 4892 3688 4929 va-

2100 4963 2204 5016 rios
2228 4965 2303 5017 :si
2326 4965 2442 5033 quis
2468 4966 2672 5033 adipem
2697 4967 2786 5036 qui
2813 4967 2993 5036 offerri
3023 4967 3170 5020 debet
3193 4968 3247 5019 in
3277 4967 3546 5019 incensum
3572 4964 3690 5017 Do-

2097 5055 2225 5107 mini
2239 5055 2535 5121 comederit,
2552 5058 2737 5127 peribit
2751 5058 2815 5112 de
2834 5058 3027 5129 populo
3073 5075 3190 5111 suo.
3238 5057 3345 5129 (Ex
3361 5055 3679 5127 Hesychia.)

2095 5146 2321 5216 Adipem
2377 5148 2539 5203 boum
2568 5158 2624 5203 et
2667 5151 2847 5205 ovium
2876 5159 2931 5207 et
2965 5166 3255 5222 caprarum
3308 5148 3521 5203 comedi
3570 5163 3687 5202 non

2094 5239 2383 5309 prmccpit,
2428 5256 2770 5312 quorumque
2824 5257 3018 5297 carnes
3066 5241 3296 5298 mundas
3353 5249 3410 5295 et
3459 5238 3685 5295 esibiles

2098 5327 2238 5383 dixit
2288 5344 2474 5383 eorum
2524 5332 2735 5387 comedi
2787 5333 2999 5401 adipem
3050 5333 3244 5396 vetuit,
3293 5345 3393 5385 nec
3434 5330 3554 5400 ejus
3582 5330 3683 5398 qui

2096 5430 2354 5493 operatur
2367 5422 2701 5488 mandatum,
2725 5421 3179 5492 quemadmodum
3198 5421 3408 5481 estbos,
3428 5434 3531 5475 nec
3549 5419 3686 5474 sitn—

2096 5514 2269 5585 piicis,
2300 5513 2391 5581 qui
2419 5521 2501 5567 cst
2532 5513 2668 5577 ovis,
2698 5527 2797 5566 nec
2820 5528 3009 5566 eorum
3033 5513 3121 5582 qui
3161 5527 3263 5581 pro
3296 5509 3539 5580 peccatis
3563 5522 3681 5578 pm-

2095 5603 2377 5657 niteutiam
2394 5612 2580 5673 agunt.
2610 5601 2713 5656 Per
2734 5617 2950 5672 capram
2981 5603 3181 5674 quippe
3207 5602 3590 5672 signiﬁcantur
3615 5615 3684 5653 ea

2095 5714 2214 5771 quae
2248 5713 2343 5771 pro
2371 5696 2609 5771 peccatis
2640 5704 2767 5749 sunt
2796 5696 3061 5752 sacriﬁcia
3086 5736 3101 5762 ,
3135 5710 3257 5750 cum
3282 5707 3504 5766 capram
3537 5707 3687 5765 pra)-
