3954 6176
269 311 384 369 517

1190 308 1690 379 EXPOSITIONES
1722 302 1792 364 1N
1832 309 2225 365 LEVITICUM.
2269 342 2339 352 —
2377 311 2505 366 LIB.
2546 309 2605 365 ll.

3422 318 3529 374 5l8

266 428 485 499 ceperit
530 426 589 480 in
631 424 718 479 his
762 432 857 478 aut
902 424 1112 479 hircum
1163 423 1471 490 immolari;
1501 439 1602 479 nec
1654 425 1846 477 horum
1875 425 1926 483 A
1952 424 2055 479 ﬁde
2078 440 2251 494 neque
2272 441 2337 478 ex
2354 425 2545 494 spiritu
2564 424 2972 487 Abraham,sed
2999 433 3206 479 tantum
3220 441 3283 481 ex
3311 438 3531 501 sangui-

266 535 409 591 ergo
427 515 692 579 concedit,
721 521 782 568 ut
811 512 1137 569 desiderium
1164 515 1510 569 comedamus
1536 533 1550 567 :
1580 512 1646 566 ad
1672 514 1842 567 Deum

263 613 421 667 enim
444 608 573 666 illud
607 606 799 662 referri
829 613 882 659 et
906 607 1015 661 Deo
1044 602 1226 660 offerri
1245 604 1420 672 jubet,
1450 612 1717 673 quatenus
1742 618 1847 656 non

264 703 345 756 sit
375 697 669 755 secundum
713 695 1065 750 intentionem
1104 694 1414 754 humanam,
1469 692 1563 746 sed
1595 692 1705 746 Deo
1749 690 1849 745 soli

264 789 694 858 uniuscujusque
718 788 796 841 rei
820 801 981 855 quam
1005 786 1127 855 quis
1151 800 1218 839 ex
1238 784 1514 853 pnedictis
1538 784 1848 853 assequitur

264 882 598 937 desiderium
650 874 941 940 offeratur;
970 873 1220 929 similiter
1251 881 1595 942 peccatorum
1627 873 1843 927 deside-

266 974 431 1035 rium,
462 969 607 1040 quod
638 983 736 1039 per
770 966 1053 1020 morticina
1086 976 1141 1018 et
1168 980 1197 1018 a
1224 964 1412 1018 bestiis
1441 973 1597 1032 capta
1639 962 1846 1033 signiﬁ-

263 1071 429 1116 catur
455 1074 472 1113 :
501 1073 599 1129 per
625 1056 911 1111 morticina
942 1054 1179 1123 quidem,
1204 1063 1260 1108 ut
1294 1061 1417 1124 pote
1443 1054 1533 1122 qui
1564 1053 1846 1123 elegerunt

259 1170 363 1223 per
393 1151 656 1221 quasdam
706 1147 1067 1217 impudicitias
1092 1154 1145 1198 et
1173 1159 1267 1214 per
1295 1144 1603 1215 superbiam
1633 1144 1842 1215 peccati

260 1250 528 1304 mortem;
551 1238 694 1307 quod
725 1237 915 1306 probat
944 1235 1138 1289 Paulus
1166 1235 1231 1289 de
1260 1234 1433 1289 viduis
1464 1235 1678 1290 dicens:
1706 1235 1839 1300 Qua:

258 1334 400 1385 enim
425 1332 478 1385 in
500 1328 700 1383 deliciis
727 1336 802 1382 est
837 1326 1015 1390 vidua,
1047 1325 1216 1379 vivens
1251 1336 1460 1379 mortua
1490 1324 1619 1396 est(l
1636 1322 1857 1388 Tim.v).

327 1488 437 1541 Per
464 1502 529 1540 ea
568 1493 747 1539 autem
773 1498 892 1552 qua:
918 1497 949 1535 a
983 1481 1171 1537 bestiis
1200 1488 1357 1551 capta
1382 1489 1507 1535 sunt
1530 1479 1841 1550 intelligun—

259 1577 426 1631 turhi
466 1576 560 1646 qui
605 1576 731 1629 dum
763 1573 1037 1643 negligunt
1081 1570 1347 1625 cautelam
1387 1585 1540 1623 suam
1574 1576 1629 1623 et
1657 1577 1839 1623 custo—

258 1670 428 1732 diam,
472 1666 730 1734 captivati
774 1672 902 1717 sunt
926 1663 993 1716 ab
1020 1660 1447 1731 iutelligibilibus
1468 1659 1657 1714 bestiis
1689 1672 1838 1713 com-

1954 528 2023 568 ne
2045 511 2160 581 ejus
2188 512 2542 568 descendunt.

2565 602 2794 658 CAPUT
2826 600 2919 658 IX.

1949 692 2141 746 Armus
2163 692 2343 746 dexter
2377 702 2424 746 et
2448 692 2805 768 pectusculum
2850 695 2915 747 de
2939 690 3123 749 hostiis
3170 696 3515 768 paci/iceram

2501 763 2785 817 sacerdotis
2807 773 2960 822 sunt.

2017 869 2193 941 ﬂeto.)
2222 870 2448 925 Locutus
2468 882 2542 925 est
2563 872 2819 928 Dominus
2841 875 2911 928 ad
2937 874 3151 947 Moysen
3174 879 3351 934 dicens
3375 899 3392 936 :
3419 883 3522 938 Lo-

1942 979 2098 1031 quere
2117 963 2241 1031 ﬁliis
2264 962 2475 1016 Israel:
2510 963 2613 1029 Qui
2646 964 2828 1033 o/feret
2872 967 3135 1022 victimam
3178 972 3518 1039 paciﬁcornm

1942 1052 2167 1105 Domino
2195 1093 2210 1118 ,
2265 1054 2452 1122 o/ferat
2479 1053 2636 1106 simul
2681 1063 2730 1108 et
2774 1057 3094 1125 sacri/icium
3120 1100 3133 1124 ,
3178 1035 3245 1112 rid
3294 1035 3371 1114 est
3399 1104 3414 1121 .
3463 1035 3510 1118 el

1941 1142 2223 1196 libamenta
2278 1144 2412 1212 ejus.
2464 1142 2672 1197 Tenebit
2706 1146 2946 1201 manibus
2999 1148 3203 1219 adipem
3255 1152 3439 1207 hostia:
3465 1166 3515 1209 et

1937 1233 2330 1302 pectusculum;
2368 1250 2588 1303 cumque
2613 1235 2763 1288 ambo
2788 1236 2963 1291 oblata
2996 1238 3219 1293 Domino
3242 1258 3517 1297 consecra-

1934 1322 2086 1385 verit,
2113 1321 2281 1374 tradet
2308 1322 2589 1389 sacerdoti,
2617 1324 2707 1393 qui
2743 1324 2970 1379 adolebit
2997 1328 3205 1396 adipem
3234 1347 3393 1399 super
3433 1334 3514 1386 al-

1936 1421 2071 1476 tare,
2092 1412 2447 1482 pectusculum
2472 1422 2644 1466 autem
2684 1415 2783 1467 erit
2812 1416 2989 1470 Aaron
3017 1428 3062 1471 et
3091 1416 3324 1487 ﬁliorum
3346 1423 3462 1491 ejus
3486 1439 3503 1476 :

1938 1519 2117 1556 armus
2136 1519 2337 1575 quoque
2361 1503 2544 1557 dexter
2570 1506 2635 1558 de
2670 1507 3009 1575 paci/iceram
3038 1510 3222 1566 hostiis
3273 1514 3413 1568 cedet
3457 1516 3510 1567 in

1935 1590 2179 1660 primitiis
2205 1591 2491 1645 sacerdotis
2510 1633 2524 1657 ,
2554 1593 2645 1662 qui
2688 1593 2932 1647 obtulerit
2961 1599 3267 1665 sanguinem
3310 1611 3358 1654 et
3394 1602 3508 1653 adi-

1936 1695 2051 1747 pem
2075 1678 2306 1747 ﬁliorum
2335 1678 2535 1743 Aaron,
2567 1682 2676 1751 ipse
2698 1680 2904 1735 habebit
2934 1693 2983 1737 et
3014 1703 3219 1740 armum
3245 1688 3509 1753 dextrum,

256 1756 519 1827 prehensi
551 1797 563 1808 .
587 1754 742 1820 Quod
770 1763 830 1806 ut
851 1767 955 1806 non
976 1753 1264 1820 patiamur,
1293 1765 1483 1805 rursus
1503 1749 1697 1803 Petrus
1722 1747 1828 1800 ait:

1938 1767 1991 1821 in
2028 1768 2263 1837 portione
2284 1784 2399 1821 sua.
2434 1765 2809 1824 Pectnsculum
2837 1780 3013 1826 autem
3056 1775 3298 1831 elationis
3342 1787 3389 1831 et
3419 1797 3509 1831 ar-

257 1846 434 1902 Sobrii
463 1854 642 1907 estote,
674 1842 910 1911 vigilate,
935 1842 1266 1895 adversarius
1297 1841 1433 1894 enim
1464 1849 1625 1893 vester
1651 1838 1836 1891 diabo-

253 1939 335 1992 lus
386 1938 531 1990 sicut
582 1935 662 1988 leo
706 1933 915 2002 rugiens
961 1931 1149 1985 circuit
1178 1947 1414 2001 quwrens
1448 1944 1601 2000 quem
1628 1928 1835 1980 devoret

257 2028 308 2102 (I
347 2028 500 2081 Petr.
526 2024 581 2093 γ)
607 2043 621 2077 :
650 2038 882 2099 quorum
910 2036 1018 2075 non
1059 2020 1305 2076 concedit
1335 2020 1547 2089 adipem
1602 2016 1834 2081 comedi,

254 2116 477 2171 noxium
505 2113 649 2169 enim
668 2120 751 2167 est
775 2110 933 2171 nobis
956 2110 1147 2163 horum
1174 2109 1455 2163 desideriis
1483 2108 1584 2171 uti,
1614 2108 1709 2161 sed
1732 2121 1837 2160 nec

253 2208 360 2263 Deo
388 2223 458 2262 ca
497 2205 653 2273 jubet
694 2203 910 2267 oﬁ'erri;
949 2200 1280 2254 Desiderium
1307 2200 1449 2254 enim
1507 2207 1838 2268 peccatorum

256 2288 446 2355 peribit
483 2285 656 2350 (Psal.
693 2288 826 2339 cui.
985 2283 1111 2351 quid
1145 2282 1445 2351 pra'repit?
1475 2282 1743 2335 liabebilit
1773 2282 1833 2336 in

257 2393 379 2430 usus
403 2376 611 2429 varios.
643 2373 961 2428 Transierre
980 2388 1112 2442 ergo
1133 2371 1261 2425 illud
1297 2373 1360 2424 ad
1384 2372 1634 2425 virtutem
1659 2371 1830 2426 debeo

263 2483 397 2529 tutus.
424 2476 491 2519 ut
521 2473 618 2519 aut
646 2466 713 2517 ad
737 2463 1062 2527 casﬁtatenu,
1084 2472 1179 2515 aut
1206 2462 1272 2514 ad
1299 2462 1717 2531 cleemnsynam,
1735 2469 1831 2515 aut

259 2558 322 2609 ad
338 2555 637 2624 justitiam,
662 2564 756 2609 aut
782 2554 848 2607 ad
868 2567 1248 2622 quamcunque
1271 2553 1503 2621 speciem
1523 2551 1676 2606 boum.
1694 2566 1831 2619 opeo

261 2648 511 2712 rationis,
549 2650 741 2701 borum
765 2646 1091 2701 desiderium
1122 2655 1526 2704 cuuvertamus,
1562 2644 1833 2699 resolven-

262 2752 337 2794 Irs
352 2741 490 2794 illud
508 2740 636 2794 etin
661 2738 825 2792 alium
844 2738 1063 2793 modum
1086 2739 1409 2791 derivantes.
1435 2736 1546 2790 Hoc
1562 2736 1706 2791 enim
1725 2745 1829 2799 est,

261 2832 530 2887 Habebitis
552 2832 606 2884 in
623 2846 747 2884 usus
777 2830 973 2894 varios,
1004 2829 1131 2897 quia
1161 2828 1477 2895 etadeps,si
1502 2828 1569 2882 ad
1592 2828 1828 2896 aliquam

259 2924 555 2977 utilitatem
591 2922 881 2991 cujuslibet
916 2922 1237 2978 conﬁciendi
1267 2924 1449 2990 aperis
1490 2920 1831 2976 necessarius

259 3023 356 3081 est,
394 3014 717 3069 snbtiliatur
735 3024 898 3082 atque
923 3014 1236 3068 resolvitur.
1266 3012 1325 3068 Si
1353 3014 1473 3083 quis
1492 3014 1701 3081 adipem
1732 3011 1827 3083 qui

259 3108 435 3174 oferri
465 3105 617 3158 debet
646 3106 699 3157 in
724 3106 992 3158 incensum
1049 3105 1261 3158 Domini
1291 3105 1592 3165 comederit,
1640 3103 1826 3171 peribit
1847 3095 1892 3157 C

259 3200 319 3253 de
343 3198 543 3265 papqu
579 3212 695 3251 suo.
722 3195 891 3250 Recte
916 3198 1079 3265 perit,
1105 3195 1353 3250 videlicet
1372 3209 1569 3262 cogens
1597 3205 1691 3247 aut
1717 3195 1827 3247 alio

262 3291 416 3345 modo
439 3290 678 3344 suadens
691 3290 868 3359 ei,qui
894 3290 1240 3356 semetipsum
1265 3288 1458 3342 obtulit
1483 3287 1612 3347 Deo,
1636 3301 1741 3339 non
1762 3287 1828 3340 ad

260 3398 559 3450 supernum
594 3384 810 3435 oculum
849 3380 1176 3435 desiderium
1214 3379 1439 3442 habere,
1474 3380 1568 3432 sed
1601 3380 1667 3432 ad
1709 3378 1823 3447 pla-

271 3478 498 3531 cendum
536 3477 689 3531 sibi:
724 3473 1045 3543 Sanguinem
1099 3487 1302 3542 quoque
1356 3473 1528 3524 omnis
1579 3468 1824 3523 animalis

268 3584 362 3621 non
394 3567 719 3622 consumrtis
746 3567 796 3620 in
825 3555 957 3630 e'ibo,
993 3574 1101 3616 tam
1132 3565 1194 3616 de
1223 3562 1407 3617 auibus
1434 3576 1595 3630 quam
1652 3562 1717 3613 de
1744 3576 1826 3628 pe-

264 3658 459 3711 coribus
492 3674 512 3711 :
543 3656 711 3708 omnis
737 3656 913 3707 anima
938 3669 1052 3722 quae
1082 3653 1245 3705 ederit
1278 3653 1607 3721 sanguinem,
1633 3650 1821 3720 peribit

260 3752 320 3803 de
343 3749 560 3820 populis
591 3749 723 3802 suis.
759 3747 910 3813 Quod
948 3747 1267 3815 sanguinem
1299 3744 1538 3799 animam
1573 3743 1689 3797 vult
1724 3744 1824 3820 fin-

256 3818 407 3903 telligi
439 3832 774 3886 sullicienter
820 3827 1066 3898 superius
1108 3825 1538 3880 demonstratum
1567 3829 1669 3874 est.
1694 3818 1820 3873 Vult

253 3940 371 3992 ergo
415 3925 675 3978 virtutem
728 3935 825 3975 nos
872 3917 1087 3987 assequi
1125 3916 1346 3970 alterna:
1391 3911 1716 3974 dilectionis,
1765 3918 1820 3964 et

253 4031 412 4084 neque
448 4017 723 4086 justorum
749 4026 977 4080 quorum
1008 4011 1110 4064 hoc
1147 4008 1267 4062 loco
1296 4013 1515 4076 propter
1560 4004 1812 4058 altiorem

250 4105 477 4159 volatum
508 4102 973 4158 conversationem
1021 4098 1377 4170 signiﬁcavit;
1419 4111 1592 4164 neque
1619 4108 1816 4164 pecea—

252 4203 416 4247 torum
453 4194 659 4263 quibus
720 4205 976 4261 pecorum
1001 4189 1308 4258 appellatio,
1342 4202 1441 4258 pro
1467 4202 1532 4242 eo
1580 4185 1720 4255 quod
1749 4184 1817 4237 ad

253 4281 495 4338 inferiora
523 4283 829 4346 intendunt,
863 4280 1135 4347 convenit,
1165 4281 1449 4335 comedere
1473 4277 1813 4348 sanguinem,

254 4370 301 4425 id
322 4380 419 4437 est,
436 4371 575 4425 nihil
595 4371 665 4425 ad
690 4385 879 4425 eorum
904 4370 1121 4439 operari
1141 4378 1390 4423 mortem.
1411 4367 1519 4438 (Ex
1543 4363 1812 4436 Origene.)

1935 1871 2077 1909 mum
2097 1856 2442 1925 separationis
2466 1856 2563 1910 tuli
2607 1875 2639 1911 a
2662 1858 2793 1926 [iliis
2827 1860 2999 1915 Israel
3021 1863 3085 1917 de
3109 1864 3291 1918 hostiis
3322 1882 3502 1921 eorum

1933 1944 2190 2016 paciﬁcis,
2235 1956 2282 2000 et
2315 1946 2435 2000 dedi
2476 1948 2654 2002 Aaron
2704 1950 2963 2005 sacerdoti
2984 1969 3049 2007 ac
3075 1952 3203 2023 ﬁliis
3233 1956 3347 2025 ejus
3392 1956 3501 2027 lege

1938 2042 2192 2099 perpetua
2226 2037 2290 2085 ab
2315 2037 2458 2085 omni
2490 2038 2682 2104 populo
2699 2038 2889 2091 Israel.
2919 2040 3004 2094 Ea:
3064 2040 3348 2110 Hesychia.
3398 2045 3504 2106 Qui

1938 2122 2116 2190 offeret
2143 2126 2403 2179 victimam
2456 2129 2791 2196 paci/icorum
2826 2131 3066 2197 Domino,
3121 2135 3303 2202 offeret
3344 2136 3503 2187 simul

1935 2225 1986 2267 et
2052 2217 2407 2284 sacriﬁcium,
2472 2221 2524 2270 id
2586 2231 2680 2286 est,
2735 2223 3014 2276 libamenta
3061 2226 3199 2293 ejus.
3277 2224 3502 2294 Septua-

1931 2300 2079 2371 ginta
2113 2310 2294 2357 autem
2323 2320 2338 2358 :
2371 2301 2610 2373 θίγεν-ειη
2648 2307 2971 2377 sacri/icium
2992 2309 3227 2367 salutare
3254 2312 3500 2377 Domino,

1931 2396 2109 2464 o/feret
2131 2412 2321 2451 munus
2348 2413 2501 2451 suum
2523 2398 2748 2453 Domino
2764 2401 2829 2453 de
2841 2402 3106 2470 sacriﬁcio
3116 2402 3339 2457 salutari
3363 2405 3497 2474 ejus.

1930 2486 1998 2541 Et
2022 2499 2183 2555 quam
2234 2489 2337 2543 hoc
2387 2488 2888 2557 interpretationem
2938 2490 3159 2555 habeat,
3190 2493 3504 2550 manifestat

1928 2578 2086 2647 plane
2102 2580 2243 2648 quod
2259 2580 2503 2649 sequitur
2531 2598 2544 2633 :
2578 2578 2790 2634 Tenebit
2805 2580 3047 2635 manibus
3071 2583 3275 2653 adipem
3299 2587 3502 2640 hostire.

1927 2668 2026 2724 Vel
2066 2671 2208 2724 sicut
2243 2669 2628 2741 Septuaginta:
2659 2670 2852 2724 Manus
2873 2671 2988 2739 ejus
3009 2672 3228 2740 offerent
3253 2684 3374 2728 exta
3395 2674 3505 2729 Do—

1927 2759 2087 2823 mino,
2114 2760 2169 2814 id
2206 2768 2308 2825 est,
2352 2761 2529 2828 ipsum
2565 2762 2872 2830 quempiam
2921 2770 3136 2830 oportet
3165 2777 3247 2827 ea,
3288 2777 3406 2832 quae
3435 2765 3502 2818 ad

1925 2848 2151 2916 paciﬁca
2183 2849 2264 2902 vel
2293 2850 2522 2903 salutem
2569 2854 2840 2920 pertinent
2864 2852 3077 2921 operari
3109 2869 3125 2906 :
3158 2861 3217 2906 ut
3244 2862 3370 2923 pote
3402 2854 3496 2923 qui

1926 2937 2151 2992 alterius
2176 2939 2354 2993 studio
2396 2939 2558 2993 amici
2606 2935 2744 2993 forte
2773 2948 2867 2993 aut
2913 2941 3128 3010 cognati
3165 2942 3363 2996 salvari
3395 2960 3501 2997 uon

1925 3037 2128 3099 potest.

1993 3120 2452 3187 Quemadmodum
2496 3121 2640 3175 enim
2675 3121 2928 3192 iniquitas
2974 3123 3142 3191 iniqui
3178 3138 3340 3192 super
3379 3140 3499 3177 eum

1921 3209 2040 3275 erit,
2056 3211 2133 3263 sic
2156 3219 2203 3263 et
2217 3209 2432 3281 justitia
2450 3211 2589 3279 justi
2610 3226 2767 3279 super
2788 3227 2904 3264 eum
2929 3212 3026 3266 erit
3056 3211 3273 3282 (Ezeclt.
3302 3213 3455 3283 xvm)
3482 3252 3496 3266 .

1921 3300 2199 3369 Quomodo
2240 3308 2418 3353 autem
2442 3308 2654 3369 oportet
2688 3301 2924 3355 hostiam
2955 3302 3256 3357 celebrari?
3280 3302 3492 3356 Tenebit

1919 3388 2162 3443 manibus
2198 3388 2403 3459 adipem
2454 3391 2639 3445 hostia:
2665 3399 2712 3445 et
2746 3391 3149 3461 pectusculum;
3191 3393 3275 3447 vel
3305 3408 3491 3448 secum

1922 3478 2048 3532 dum
2075 3477 2426 3548 Septuaginta
2455 3497 2468 3531 :
2497 3477 2695 3549 Offeret
2716 3481 2946 3549 adipem,
2987 3483 3078 3550 qui
3101 3490 3175 3535 est
3199 3499 3357 3552 super
3381 3499 3501 3553 pec-

1920 3565 2181 3619 tusculum
2210 3576 2259 3619 et
2283 3567 2498 3636 pinnam
2512 3568 2733 3636 jecoris,
2763 3577 2811 3621 et
2834 3569 3015 3637 oﬁ'eret
3037 3585 3099 3622 ea
3123 3579 3179 3622 ut
3201 3571 3503 3639 imponatur

1918 3656 1975 3708 in
1998 3666 2273 3724 conspectu
2292 3655 2519 3709 Domini.
2554 3655 2930 3711 Pectusculum
2948 3658 3038 3711 hic
3057 3658 3291 3727 appellat
3315 3659 3496 3724 ﬁdem,

1919 3749 1975 3796 et
2033 3741 2456 3807 conﬁdentiam,
2496 3744 2623 3814 quia
2675 3744 2793 3798 lucc
2848 3743 3156 3801 fortitudini
3209 3747 3498 3817 conjuncta

1919 3838 2081 3885 sunt:
2118 3828 2379 3886 fortitudo
2409 3839 2589 3886 autem
2614 3831 2862 3887 animalis
2894 3831 3168 3902 perfectos
3207 3834 3498 3901 designare

1919 3920 2085 3986 solet;
2118 3921 2490 3991 pectusculum
2516 3930 2697 3977 autem
2742 3922 2902 3978 ﬁdem
2950 3922 3246 3995 designans
3288 3933 3343 3979 et
3373 3940 3507 3979 com

1919 4010 2216 4078 ﬁdentiam,
2255 4026 2419 4082 quam
2451 4011 2892 4083 olferriDomino
2917 4014 3033 4068 vult
3060 4006 3128 4070 ab
3154 4022 3242 4080 co,
3271 4015 3363 4084 qui
3391 4014 3493 4069 salo.

1917 4103 2032 4157 vari
2053 4103 2356 4161 desiderat.
2373 4103 2508 4170 Quia
2528 4104 2641 4159 sine
2666 4104 2772 4172 fide
2798 4104 3119 4175 impossibile
3145 4114 3222 4158 est
3251 4119 3345 4157 nos
3374 4103 3486 4172 plac

1916 4207 2032 4246 cere
2064 4191 2168 4246 Deo
2194 4189 2382 4263 (Hebr.
2406 4192 2510 4263 ιι).
2561 4192 2697 4259 Quid
2738 4202 2920 4247 autem
2950 4194 3037 4248 his
3092 4194 3274 4247 addit?
3302 4192 3492 4256 Tradat

1916 4281 2297 4351 sacerdoti,qui
2325 4280 2552 4334 adolebit
2603 4281 2811 4351 adipem
2860 4297 3017 4352 super
3064 4281 3252 4336 altare.
3285 4281 3490 4336 Recte:

1917 4370 2154 4425 diximus
2171 4370 2314 4422 enim
2361 4371 2486 4438 quia
2515 4384 2675 4424 omne
2712 4377 2958 4425 nostrum
2987 4370 3321 4427 desiderium
3349 4370 3494 4425 holov~

252 4460 424 4518 Potest
448 4480 583 4533 ergo
614 4462 731 4517 ﬁeri
757 4470 813 4517 et
837 4462 890 4516 in
920 4462 1024 4517 hoc
1054 4461 1172 4515 loco
1202 4500 1218 4526 ,
1257 4468 1317 4513 ιιι
1360 4458 1502 4528 quod
1531 4456 1818 4511 mandatur
1845 4441 1894 4499 D
1921 4469 2171 4517 (mustum
2190 4462 2309 4516 ﬁeri
2336 4461 2450 4516 vult,
2475 4479 2490 4528 ς
2516 4461 2880 4533 pectusculum
2907 4471 3080 4517 autem
3108 4463 3208 4517 erit
3250 4460 3429 4514 Aaron
3447 4469 3496 4523 ιε

256 4571 317 4609 ne
340 4557 458 4625 quis
500 4556 691 4624 adipes
714 4555 840 4609 edat
862 4570 928 4607 ex
957 4554 1041 4608 his
1069 4568 1190 4623 qua:
1234 4552 1462 4607 Domino
1486 4549 1809 4612 oll'eruntur,

251 4645 345 4701 hoc
380 4649 450 4701 sit
504 4647 648 4715 quod
682 4645 941 4700 Dominus
989 4644 1156 4699 dicit:
1198 4641 1281 4695 Ne
1321 4641 1438 4712 quis
1491 4636 1815 4693 scandalizet

253 4752 399 4790 unum
414 4754 479 4791 ex
495 4738 579 4790 his
605 4735 835 4789 minimis
856 4736 945 4804 qui
965 4733 1180 4787 credunt
1203 4732 1259 4785 in
1285 4748 1365 4784 me
1388 4728 1601 4801 (Matth.
1636 4729 1811 4795 xvm).

254 4828 393 4893 Quod
419 4837 606 4883 autem
635 4826 856 4897 sanguis
908 4825 1107 4879 nullius
1131 4822 1383 4877 animalis
1426 4822 1512 4877 edi
1557 4819 1810 4889 jubetur,

256 4915 374 4970 illud
394 4916 631 4971 fortasse
664 4915 737 4968 sit
765 4916 909 4983 quod
931 4915 998 4969 dc
1022 4912 1278 4967 Israelitis
1300 4912 1432 4967 dicit
1475 4909 1764 4981 Apostolus
1797 4928 1811 4962 :

254 5004 389 5059 Dicis
416 5023 541 5077 ergo
562 5019 583 5057 :
603 5003 661 5059 Si
683 5004 837 5073 fracti
856 5012 979 5058 sunt
999 5003 1153 5067 rami,
1185 5014 1240 5055 ut
1276 5018 1370 5072 ego
1395 5003 1671 5064 insererer,
1694 5000 1816 5053 bene

254 5107 452 5166 propter
500 5092 919 5149 incredulitatem
974 5093 1130 5163 fracti
1170 5101 1340 5146 sunt:
1380 5100 1437 5144 tu
1488 5099 1661 5144 autem
1712 5089 1816 5158 ﬁde

256 5195 375 5239 stas.
402 5185 528 5240 Noli
542 5184 707 5240 altum
717 5199 918 5254 sapere,
932 5184 1022 5237 sed
1041 5183 1164 5235 time
1185 5180 1361 5252 (Rom.
1378 5180 1474 5251 XI).
1495 5180 1562 5233 Et
1581 5180 1777 5234 iterum
1797 5196 1811 5232 :

259 5273 376 5328 Noli
408 5276 625 5345 gloriari
664 5276 910 5330 adversus
957 5289 1129 5327 ramos
1160 5311 1175 5335 ,
1225 5271 1367 5340 quod
1417 5270 1623 5325 scilicet
1666 5269 1814 5323 casui

258 5378 434 5419 eorum
452 5365 631 5421 nullus
654 5366 891 5428 insultet,
922 5381 985 5418 ne
1013 5364 1146 5433 forte
1175 5361 1317 5417 sicut
1341 5361 1483 5415 idem
1524 5359 1818 5429 Apostolus

259 5453 407 5521 dicit,
469 5468 517 5510 et
547 5466 607 5511 tu
635 5456 924 5520 excideris,
952 5466 1000 5509 et
1036 5453 1117 5507 illi
1155 5453 1201 5506 si
1231 5468 1335 5506 non
1360 5450 1741 5522 permanserint
1761 5450 1818 5503 iu

261 5539 631 5611 incredulitate,
685 5547 1006 5599 inserantur.
1039 5542 1269 5612 Sanguis
1310 5548 1491 5594 autem
1520 5548 1649 5609 puto
1674 5540 1816 5608 quod

263 5630 483 5700 populus
523 5633 997 5705 illcconipctenter
1026 5630 1372 5701 intelligatur.
1412 5627 1527 5682 Non
1574 5626 1715 5683 enim
1745 5641 1814 5681 ex

1915 4553 2148 4623 ﬁliorum
2169 4552 2284 4622 ejus
2306 4592 2321 4614 ,
2361 4568 2541 4606 armus
2568 4567 2771 4622 quoque
2797 4551 3008 4612 dexter:
3049 4551 3291 4606 actiones
3339 4548 3501 4604 bona)

1916 4651 2061 4709 sunt,
2083 4658 2215 4714 ergo
2241 4652 2296 4698 et
2334 4642 2497 4698 ﬁdem
2528 4651 2585 4699 et
2612 4644 2856 4699 actiones
2898 4642 3085 4699 oﬂ'erri
3135 4649 3349 4713 oportet
3367 4655 3492 4701 eum.

1915 4737 2007 4806 qui
2033 4734 2229 4791 salvari
2259 4735 2392 4790 vult.
2420 4735 2526 4790 Sed
2560 4736 2686 4805 quia
2713 4735 3084 4805 pectusculum
3139 4733 3264 4789 ﬁliis
3312 4732 3495 4791 Aaron

1915 4827 2210 4895 deputavit,
2236 4826 2326 4895 qui
2349 4826 2606 4882 sublimes
2625 4826 2736 4880 vita
2762 4836 2906 4891 sunt,
2929 4839 3139 4879 armum
3164 4832 3345 4878 autem
3368 4823 3496 4877 den

1920 4926 2061 4970 trum
2089 4916 2355 4971 sacerdoti
2394 4917 2485 4987 qui
2511 4917 2804 4987 imaginem
2837 4915 3040 4973 Christi
3074 4922 3244 4981 tenet,
3271 4925 3495 4985 propter

1917 5007 2058 5075 quod
2081 5006 2227 5060 solus
2244 5007 2498 5061 sacerdos
2522 5007 2625 5060 hoc
2646 5005 2976 5061 sacriﬁcium
3005 5005 3267 5074 perﬁcere
3290 5012 3486 5074 potest.

1917 5095 2108 5152 Oﬁ‘erri
2141 5103 2326 5165 aperte
2349 5095 2625 5165 legislator
2648 5097 2908 5160 ostendit,
2936 5096 3061 5165 quia
3109 5095 3334 5150 credere
3362 5093 3485 5162 qui-

1917 5185 2038 5239 dem
2072 5192 2128 5239 et
2163 5199 2466 5255 proponere
2509 5186 2648 5241 bona
2671 5185 2691 5256 (
2717 5198 2786 5241 ex
2834 5185 3193 5254 inspiratione
3225 5181 3342 5252 Dei)
3386 5197 3487 5234 tio-2

1917 5283 2087 5329 strum
2115 5282 2217 5339 est,
2233 5275 2347 5330 sive
2372 5275 2609 5345 incipere
2627 5290 2691 5330 ea
2716 5275 3001 5344 :operibus
3025 5283 3205 5328 autem
3230 5270 3491 5341 perﬁcere

1914 5372 1969 5420 et
1995 5364 2063 5420 ad
2086 5363 2246 5421 ﬁnem
2288 5364 2584 5434 perducere
2609 5380 2673 5419 ea
2703 5378 2824 5434 qua:
2863 5373 3043 5433 empta
3089 5366 3247 5422 sunt,
3276 5357 3381 5409 hoc
3400 5355 3483 5409 dis

1915 5459 2055 5515 vina:
2083 5467 2167 5510 es:
2211 5458 2418 5527 gratiae,
2450 5463 2670 5526 propter
2719 5455 2863 5526 quod
2907 5455 3041 5509 dixit
3083 5448 3321 5504 Paulus:
3364 5442 3486 5499 Non

1916 5547 2132 5601 rolentis
2180 5565 2343 5619 neque
2409 5548 2663 5602 currentis
2692 5586 2707 5613 ,
2762 5546 2855 5602 sed
2920 5540 3210 5601 miserentis
3259 5546 3336 5592 est
3388 5534 3483 5598 Boi

1919 5636 2093 5711 (llum.
2119 5635 2215 5709 nt).
