3956 6176
447 278 551 337 319

1094 270 1156 324 Β.
1196 268 1447 323 RABANI
1488 268 1708 323 MAURI
1745 268 2063 323 ARCHIEP.
2105 268 2411 325 MOGUNT.
2448 268 2732 355 OPERUM
2762 268 2943 325 PARS
2977 269 3020 325 ι.

3577 278 3691 331 5Ξο

510 393 691 448 Solius
719 389 864 442 enim
901 393 985 441 est
1031 384 1261 453 dirigere
1314 383 1574 444 actiones,
1623 391 1840 451 prepter
1865 381 2007 450 quod
2036 384 2083 441 Λ
2111 383 2325 452 plenum
2339 381 3689 457 sitsapientia,plenumomnidivinaintelligentia;

439 497 496 543 et
522 486 804 541 brachium
852 482 966 551 ipse
995 478 1089 532 Dei
1139 477 1450 530 nominatur
1490 477 1609 529 :ait
1632 476 1781 529 enim
1824 474 2009 538 Isaias,

441 579 683 637 Domine.
732 574 846 645 quis
895 571 1113 625 credidit
1148 568 1355 621 auditui
1402 577 1601 631 nostra,
1632 575 1680 620 et
1732 567 2002 619 brachium

442 665 655 721 Domini
685 663 770 717 cui
800 660 1081 715 revelatum
1094 667 1167 712 est
1189 656 1371 728 (Isaia:
1417 654 1573 728 un)?
1593 671 1719 709 nam
1745 655 1871 724 quia
1900 656 2011 723 ipse

442 765 528 811 est
554 768 741 809 verum
762 750 1066 813 brachium,
1105 753 1253 801 recte
1280 754 1526 800 nostrum
1554 760 1789 809 armum,
1817 760 1931 809 seu,
1955 752 2015 798 ut

447 843 799 915 Septuaginta
847 841 1048 902 dicunt,
1098 837 1378 893 brachium
1409 836 1637 905 accepit.
1683 835 1886 890 Deinde
1933 836 2015 889 in-

445 934 738 989 tentionem
782 938 1022 983 nostram
1051 926 1284 981 dilatans
1310 924 1585 993 legislator
1606 924 1879 977 subdidit:
1910 922 2014 988 Qui

447 1019 687 1075 obtulerit
716 1016 1019 1085 sanguinem
1048 1024 1098 1068 et
1142 1014 1347 1084 adipem
1392 1012 1626 1081 ﬁliorum
1660 1016 1858 1077 Aaron,
1905 1013 2016 1082 ipse

446 1108 649 1163 habebit
676 1121 880 1160 armum
914 1104 1155 1157 dextrum
1179 1104 1232 1156 in
1259 1102 1495 1171 portione
1526 1119 1642 1154 sua.
1671 1100 1919 1157 Christus
1933 1110 2019 1156 est

446 1196 611 1259 enim,
642 1191 1034 1262 intelligibilem
1081 1190 1395 1260 sanguinem
1423 1192 1771 1260 paciﬁcorum
1800 1200 1858 1245 et
1899 1192 2013 1245 adi-

444 1282 825 1355 pem,Videlicet
847 1282 1056 1335 animas
1078 1290 1133 1335 et
1146 1281 1413 1335 desideria
1429 1279 1742 1335 salutarium
1757 1280 2011 1346 ollerens,

445 1375 538 1444 qui
564 1382 648 1429 est
669 1373 885 1443 quidem
912 1372 977 1426 de
1005 1371 1128 1425 ﬁliis
1168 1370 1350 1425 Aaron
1377 1411 1392 1436 ,
1423 1387 1530 1426 non
1572 1380 1791 1442 propter
1816 1387 2015 1442 cogna-

446 1464 669 1528 tionem,
700 1462 795 1516 sed
824 1469 1044 1531 propter
1089 1460 1359 1530 propriam
1386 1459 1731 1530 dignitatem,
1761 1462 2015 1515 sacerdos

446 1550 732 1621 singularis
754 1558 808 1603 et
836 1550 891 1604 in
935 1548 1242 1603 hominibus
1270 1548 1594 1618 praecipuus,
1642 1549 1698 1602 in
1728 1545 1846 1617 ejus
1888 1564 2015 1618 por-

449 1640 651 1693 tionem
675 1654 857 1692 armus
882 1638 1069 1692 dexter
1095 1651 1190 1691 seu
1215 1637 1496 1691 brachium
1527 1636 1800 1701 dextrum,
1827 1637 1881 1690 id
1908 1645 2011 1701 est,

2115 482 2222 531 imo
2243 479 2383 544 quod
2408 476 2626 546 plenum
2647 476 2718 530 sit
2744 476 2872 529 Deo.
2898 474 3065 541 Quale
3091 484 3174 530 est
3195 486 3251 531 et
3288 479 3571 536 brachium
3602 501 3697 539 sa-

2114 569 2364 628 cerdotis,
2411 567 2552 635 quod
2581 567 2630 619 ei
2672 565 2907 620 oﬂerunt
2937 566 3033 620 ﬁlii
3059 567 3225 622 lsrael
3264 584 3363 638 pro
3384 571 3554 627 salute
3583 590 3691 629 sua

2113 672 2218 725 qua
2262 655 2569 710 salvantur?
2601 655 2811 709 Forma:
2838 663 2965 708 sunt
2988 656 3088 709 ista
3129 656 3338 727 singula
3384 674 3505 727 qua:
3550 662 3704 717 seri.

2112 748 2315 803 buntur
2341 748 2392 801 in
2421 745 2537 816 lege
2565 761 2779 811 eorum,
2806 761 2926 815 qua:
2952 746 3005 799 in
3028 745 3267 800 Ecclesia
3311 750 3425 817 geri
3456 751 3697 817 debent;

2114 837 2353 905 alioquin
2390 852 2492 891 nec
2512 834 2703 890 fuisset
2735 836 3101 890 necessarium
3128 836 3231 906 legi
3262 839 3378 893 tunc
3419 841 3474 894 in
3505 840 3704 897 Eccle-

2115 926 2214 989 sia,
2240 925 2341 979 nisi
2382 940 2451 979 ex
2484 925 2569 979 his
2592 924 2875 979 aediﬁcatio
2914 924 3091 993 aliqua
3116 927 3457 983 audientibus
3480 931 3700 999 praebe-

2116 1023 2286 1070 retur.
2320 1015 2379 1070 Si
2426 1030 2555 1086 ergo
2582 1015 2838 1071 sacerdos
2874 1014 3131 1070 Ecclesia:
3161 1031 3258 1085 per
3294 1018 3458 1072 verba
3506 1030 3564 1074 et
3596 1021 3702 1074 do-

2114 1109 2346 1161 ctrinam
2370 1116 2427 1163 et
2459 1107 2687 1162 multam
2735 1105 3148 1160 sollicitudinem
3180 1121 3331 1161 suam
3363 1117 3419 1163 et
3447 1109 3700 1164 laborem

2114 1198 2418 1267 vigiliarum
2447 1237 2462 1263 ,
2490 1204 2805 1252 convertere
2847 1196 3081 1264 potuerit
3118 1205 3455 1264 peccatorem
3488 1206 3543 1253 et
3589 1198 3695 1252 do-

2115 1305 2238 1343 cere
2259 1303 2383 1342 eum
2411 1295 2472 1340 ut
2494 1285 2771 1341 meliorem
2794 1286 2960 1339 vitam
3006 1294 3307 1355 sequatur;
3335 1287 3402 1340 ad
3434 1288 3698 1342 timorem

2116 1377 2209 1432 Dei
2236 1376 2439 1441 redeat,
2489 1375 2688 1445 cogitet
2737 1389 2887 1443 spem
2918 1372 3174 1439 futuram,
3203 1389 3232 1427 a
3283 1373 3439 1431 malis
3476 1376 3702 1430 actibus

2114 1468 2345 1532 desinat,
2375 1475 2432 1520 et
2467 1472 2819 1521 convertatur
2860 1464 2928 1517 ad
2964 1462 3176 1518 bonos:
3213 1464 3284 1528 si,
3306 1463 3544 1533 inquam,
3583 1466 3701 1520 tale

2115 1573 2251 1628 Opus
2272 1556 2481 1621 fecerit,
2512 1568 2849 1624 consequens
2862 1561 2946 1608 est
2965 1567 3088 1607 eum
3115 1553 3207 1622 qui
3237 1554 3292 1606 in
3312 1553 3485 1622 ipsius
3501 1553 3705 1609 labore

2116 1648 2377 1712 salvatur,
2408 1647 2520 1700 Deo
2546 1644 2750 1716 gratias
2776 1651 3023 1713 agere-et
3063 1641 3260 1698 oﬂ‘erre
3283 1643 3514 1698 hostiam
3542 1645 3703 1699 salu-

445 1729 620 1783 omnis
648 1729 789 1783 bona
816 1729 957 1783 actio
984 1737 1039 1782 et
1058 1728 1237 1797 operis
1264 1726 1486 1782 ellectus
1513 1728 1729 1781 transit.
1753 1726 1860 1799 (Ea:
1891 1726 2015 1782 Ori-
2045 1724 2094 1782 B
2123 1740 2273 1803 uiris,
2313 1753 2411 1808 pm
2445 1752 2511 1791 eo
2543 1736 2685 1806 quod
2737 1734 2965 1789 salutem
3009 1743 3331 1789 consecutus
3377 1734 3467 1789 sit,
3503 1734 3615 1789 Sed
3639 1745 3703 1792 ει

445 1819 617 1891 gene.)
659 1819 996 1875 Sacriﬁcium
1022 1821 1164 1890 quod
1193 1818 1389 1873 dicitur
1417 1818 1652 1873 salutare
1676 1835 1834 1874 nemo
1855 1817 2013 1874 oﬁ‘ert

446 1912 672 1966 Domino
697 1912 801 1966 nisi
826 1912 918 1981 qui
955 1927 1118 1966 sanus
1142 1920 1225 1966 est
1248 1952 1262 1974 ,
1292 1920 1346 1965 et
1374 1912 1563 1965 salutis
1583 1927 1694 1965 suae
1736 1913 2008 1979 conscius,

446 2004 644 2073 gratias
673 2003 898 2058 Domino
925 2001 1108 2057 refert.
1148 2001 1316 2057 Nemo
1338 2018 1467 2073 ergo
1500 2004 1593 2073 qui
1620 2019 1763 2074 aager
1784 2014 1868 2059 est
1894 2007 2013 2060 ani-

445 2110 533 2149 mo
556 2096 901 2165 etlanguidus
941 2095 997 2149 in
1027 2096 1302 2163 Operibus,
1343 2095 1540 2150 oﬁ‘erre
1585 2105 1767 2165 potest
1807 2097 2015 2151 sacriﬁ-

444 2186 588 2240 cium
627 2186 878 2241 salutare.
918 2186 1012 2241 Vis
1051 2186 1230 2241 videre
1263 2187 1404 2254 quod
1428 2202 1585 2241 nemo
1612 2201 1756 2257 aeger
1793 2196 1847 2242 et
1887 2187 2011 2242 lan-

445 2278 635 2345 guidus
658 2319 674 2344 ,
707 2287 884 2350 potest
927 2279 1057 2334 illud
1090 2278 1302 2335 oﬁ‘erre.
1339 2280 1700 2336 sacriﬁcium?
1740 2280 2015 2351 Leprosus

445 2366 554 2432 ille,
576 2380 733 2437 quem
759 2368 1016 2421 Dominus
1040 2367 1093 2421 in
1111 2366 1401 2434 Evangelio
1424 2382 1645 2422 curasse
1659 2362 2010 2437 describitur,

448 2474 555 2512 non
577 2467 789 2527 poterat
811 2455 1004 2513 oﬁ‘erre
1027 2457 1280 2521 hostiam,
1309 2458 1483 2512 donec
1507 2457 1671 2527 leprze
1695 2459 2015 2529 aegritudine

449 2548 910 2612 tcnebatur;‘cum
936 2555 1115 2600 autem
1157 2545 1386 2599 accessit
1411 2545 1479 2600 ad
1503 2543 1689 2602 Jesum
1713 2556 1769 2601 et
1791 2548 2016 2605 munda-

449 2647 535 2691 tus
560 2644 662 2700 est,
710 2644 840 2691 tunc
880 2634 1099 2703 iubetur
1125 2650 1155 2688 a
1185 2634 1410 2689 Domino
1456 2633 1651 2692 offerre
1694 2652 1919 2692 munera
1946 2637 2016 2693 ad

447 2729 638 2791 altare,
672 2728 823 2793 Quod
837 2729 1101 2798 precepit,
1120 2728 1312 2798 inquit,
1348 2726 1553 2798 Moyses
1582 2728 1639 2782 in
1660 2729 2013 2782 testimonium

448 2818 574 2872 illis.
608 2817 800 2874 Vidisti
830 2818 920 2886 qui
944 2817 1015 2871 sit
1043 2819 1135 2886 qui
1165 2817 1361 2872 oﬁ‘erre
1384 2818 1577 2873 debeat
1601 2818 1837 2873 hostiam
1864 2818 2013 2872 salu-

449 2908 622 2963 taris?
648 2908 787 2964 Audi
815 2924 957 2964 nunc
992 2909 1260 2979 quomodo
1286 2910 1480 2966 debeat
1508 2908 1706 2966 offerre
1732 2929 1745 2965 ε
1777 2910 1974 2966 Manus
1996 2951 2013 2977 ,

450 2999 661 3069 inquit,
690 2999 803 3070 ejus
830 3000 1053 3068 oﬁerunt
1081 2999 1305 3054 hostiam
1344 2999 1590 3055 Domino.
1622 2999 1875 3070 Nunquid
1903 3016 2009 3055 non

2116 1831 2259 1901 quod
2285 1828 2489 1883 addidit
2533 1824 2904 1895 pectusculum
2939 1825 3045 1879 dici
3092 1825 3446 1894 appositionis
3472 1833 3527 1877 et
3560 1824 3701 1878 bra-

2115 1923 2298 1978 chium
2326 1919 2670 1987 demptionis,
2696 1932 2801 1971 non
2824 1917 2956 1970 mihi
2976 1917 3093 1971 sine
3115 1931 3278 1972 causa
3298 1916 3499 1970 dictum
3517 1917 3694 1970 videt.

2114 2012 2181 2067 Et
2207 2010 2326 2065 ideo
2359 2007 2519 2062 velim
2547 2006 2822 2075 requirere
2860 2005 2988 2074 quid
3006 2014 3114 2071 est,
3137 2005 3283 2074 quod
3308 2006 3694 2075 apponendum

2113 2109 2198 2155 est
2251 2097 2560 2170 pectusculo
2603 2104 2665 2150 ut
2720 2095 2816 2149 ﬁat
2869 2093 3242 2164 pectusculum
3294 2095 3701 2165 appositionis?

2114 2191 2472 2258 Posteaquam
2499 2187 2737 2242 ablatum
2762 2185 2925 2241 fuerit
2947 2200 2978 2239 a
3022 2185 3186 2241 corde
3208 2193 3302 2241 tuo
3338 2201 3497 2240 omne
3541 2187 3702 2255 quod

2115 2295 2359 2336 crassum
2402 2286 2505 2342 est,
2536 2285 2590 2333 et
2618 2276 2969 2331 emundatum
3012 2273 3178 2330 fuerit
3203 2276 3271 2330 ab
3314 2276 3458 2330 omni
3507 2278 3704 2345 cperi-

2115 2378 2300 2425 mento
2320 2369 2462 2439 quod
2488 2368 2597 2439 igni
2626 2366 2943 2421 tradendum
2973 2373 3078 2430 est,
3119 2373 3288 2420 restat
3309 2375 3368 2420 ut
3388 2376 3703 2436 apponatur

2115 2462 2166 2516 ei
2202 2460 2375 2532 gratia
2428 2458 2660 2529 Spiritus
2703 2457 2896 2521 sancti,
2923 2464 2978 2512 et
3023 2465 3152 2512 tunc
3183 2456 3275 2511 ﬁet
3318 2458 3700 2526 pectusculum

2115 2548 2486 2619 appositionis,
2514 2547 2610 2602 sed
2631 2555 2686 2601 et
2709 2545 2992 2600 brachium
3020 2546 3376 2616 separationis
3394 2547 3508 2603 sive
3536 2548 3700 2603 dem-

2114 2639 2352 2710 ptionis;
2380 2637 2649 2707 quomodo
2680 2636 2785 2691 erit
2827 2643 2885 2690 et
2906 2636 3186 2690 brachium
3211 2635 3586 2705 separationis.
3636 2635 3703 2691 Si

2116 2728 2259 2783 scias
2284 2734 2338 2781 et
2361 2725 2628 2796 intelligas
2651 2724 2960 2779 discernere
2980 2737 3099 2791 qua:
3124 2722 3236 2777 sint
3264 2737 3428 2792 opera
3449 2722 3621 2787 lucis,
3641 2733 3702 2777 et

2115 2832 2236 2888 qua:
2273 2816 2383 2872 sint
2415 2829 2579 2885 opera
2609 2814 2950 2868 tenebrarum
2977 2851 2992 2876 ,
3021 2819 3076 2865 et
3103 2825 3356 2880 separare
3383 2818 3538 2865 actus
3566 2817 3704 2866 tuos

2118 2908 2184 2963 de
2213 2907 2481 2972 tenebris,
2506 2912 2566 2960 ut
2590 2905 2699 2960 sint
2742 2918 2906 2973 opera
2936 2909 3026 2956 tua
3064 2902 3120 2955 in
3148 2901 3380 2965 lumine,
3406 2901 3703 2956 brachium

2117 3005 2268 3051 tuum
2289 2995 2517 3052 efﬁcitur
2536 2994 2812 3050 brachium
2832 2992 3214 3062 separationis;
3234 2991 3319 3046 vel
3340 3007 3461 3046 cum
3476 3006 3705 3061 separa-

448 3063 729 3142 evi-denter
750 3063 945 3143 clamat
968 3087 1273 3158 legislator,
1310 3089 1437 3156 quia
1464 3104 1572 3143 non
1616 3063 1779 3144 homo
1804 3097 1889 3144 est
1915 3090 2010 3159 qui
2041 3063 2085 3125 C
2118 3089 2261 3143 veris
2284 3096 2335 3141 te
2356 3087 2424 3143 ab
2444 3087 2591 3142 omni
2613 3086 2781 3139 fratre
2803 3084 3041 3154 inquiete
3064 3083 3391 3148 ambulante,
3425 3083 3508 3137 vel
3538 3093 3702 3137 certe

448 3178 605 3231 olfert
625 3178 881 3243 hostiam,
911 3177 1010 3232 sed
1040 3192 1230 3231 manus
1266 3175 1403 3243 ejus,
1440 3176 1495 3230 id
1521 3185 1633 3241 est,
1664 3192 1827 3245 Opera
1855 3176 1971 3245 ejus
1996 3197 2011 3233 :

451 3282 615 3335 opera
644 3281 877 3335 namque
906 3273 1176 3335 suntquae
1209 3265 1589 3320 commendant
1614 3265 1847 3319 hostiam
1871 3267 2006 3322 Deo.

452 3358 510 3411 Si
545 3357 689 3410 enim
717 3362 948 3410 attracta
977 3355 1050 3409 sit
1083 3369 1277 3409 manus
1315 3363 1405 3409 tua
1430 3355 1498 3410 ad
1529 3355 1782 3418 dandu’m,
1824 3364 1879 3411 et
1920 3371 2017 3410 ex-

448 3458 618 3514 pansa
675 3442 744 3497 ad
798 3441 1196 3511 accipiendum,
1244 3441 1386 3496 intra
1438 3449 1492 3497 te
1516 3450 1601 3497 est
1639 3442 1814 3497 adhuc
1867 3443 2015 3513 lepra

453 3543 541 3587 tua
569 3574 585 3599 ,
622 3542 678 3588 et
700 3531 894 3588 oﬂ‘erre
916 3547 1021 3587 non
1043 3540 1198 3601 potes
1249 3532 1480 3586 hostiam
1508 3530 1784 3587 salutaris.
1832 3534 1888 3587 ln
1913 3534 2014 3589 hoc

453 3628 568 3684 loco
595 3629 686 3685 ubi
715 3643 814 3685 nos
840 3628 1131 3693 habemus,
1157 3642 1346 3681 manus
1374 3627 1488 3698 ejus
1534 3630 1751 3698 oﬁ'erent
1790 3630 2015 3683 hostium

452 3721 673 3776 Domino
706 3740 726 3776 :
760 3722 814 3776 in
852 3720 1055 3778 Griecis
1098 3720 1326 3774 habetur
1364 3734 1464 3789 pro
1492 3720 1667 3775 hostia
1710 3719 2016 3789 holocarpo-

443 3816 614 3872 mata,
650 3820 760 3873 quo
789 3806 1108 3875 intelligitur
1132 3806 1314 3860 omnis
1350 3805 1586 3870 fructus,
1620 3821 1714 3873 per
1739 3807 1883 3875 quod
1927 3822 2016 3860 os-

448 3898 620 3952 tendit
658 3913 762 3950 non
796 3912 952 3964 posse
1007 3897 1232 3952 Domino
1264 3897 1462 3951 offerre
1501 3912 1717 3951 omnem
1782 3898 2011 3950 fructum

448 4003 572 4043 eum
599 3988 689 4056 qni
713 3985 1080 4040 infructuosus
1095 3996 1207 4042 est:
1227 3987 1320 4054 qui
1346 4002 1452 4041 non
1473 3988 1628 4041 aﬂert
1643 3986 1880 4043 fructum
1899 3987 2017 4056 jus-

454 4080 604 4141 titize,
639 4078 868 4132 fructum
901 4076 1307 4141 misericordiae,
1335 4078 1417 4132 vel
1455 4080 1618 4132 etiam
1648 4077 1860 4133 fructus
1907 4079 2017 4147 spi-

457 4173 616 4231 ritus,
650 4185 782 4237 quos
812 4179 1089 4224 enumerat
1119 4171 1410 4238 Apostolus
1441 4169 1642 4230 (Galat.
1672 4184 1701 4220 v
1733 4169 1750 4236 )
1783 4188 1798 4225 :
1828 4170 2010 4225 chari-

449 4268 635 4326 tatem,
661 4257 934 4329 gaudium,
975 4272 1181 4326 pacem,
1226 4255 1563 4326 patientiam,
1599 4262 1657 4309 et
1690 4254 2016 4309 unanimita-

449 4361 577 4414 tem,
608 4362 663 4407 et
696 4362 896 4407 czetera
926 4351 1012 4407 his
1045 4351 1263 4406 similia.

515 4440 667 4505 Quod
704 4449 883 4495 autem
913 4440 1063 4504 dicit,
1111 4439 1289 4509 adipes
1334 4440 1425 4511 qui
1451 4456 1605 4510 super
1655 4438 2009 4510 pectusculum

445 4537 605 4593 sunt;
634 4528 1003 4601 pectusculum
1038 4535 1183 4581 tuum
1229 4528 1465 4598 intellige
1500 4543 1618 4583 esse
1646 4543 1741 4582 cor
1771 4529 2013 4595 tuum,de

445 4632 552 4686 quo
579 4617 676 4671 tibi
703 4615 1008 4672 auferenda:
1046 4622 1171 4669 sunt
1199 4630 1386 4669 omnes
1433 4615 1586 4668 malae
1633 4615 2006 4684 cogitationes,

446 4710 570 4764 inde
593 4709 735 4763 enim
761 4710 1074 4778 procedunt,
1116 4715 1171 4762 et
1197 4706 1384 4761 altaris
1419 4707 1531 4775 igni
1560 4706 1835 4761 tradendze
1863 4714 2007 4771 sunt,

445 4809 504 4854 ut
526 4800 696 4869 possit
729 4815 823 4855 cor
845 4807 993 4854 tuum
1026 4799 1280 4853 mundum
1310 4796 1558 4852 effectum
1590 4796 1761 4851 Deum
1798 4798 2002 4853 videre.

447 4889 551 4944 Sed
576 4897 633 4943 et
654 4889 873 4958 pinnam
903 4887 1101 4957 jecoris
1130 4887 1373 4956 praecipit
1393 4885 1751 4950 oil'erendam;
1778 4887 2013 4943 diximus

443 4990 498 5034 et
519 4988 665 5043 ante,
684 4978 885 5048 jecoris
924 4985 1154 5046 partem,
1200 4975 1319 5030 loca
1367 4977 1660 5031 iracundia:
1688 4976 1775 5030 vel
1803 4977 2013 5046 cupidi-

447 5071 572 5124 tatis
607 5070 820 5138 exponi.
854 5068 1023 5123 Oﬁ'ert
1065 5083 1192 5138 ergo
1220 5067 1438 5136 pinnam
1461 5064 1680 5133 jecoris,
1725 5068 1818 5136 qui
1855 5083 1923 5122 ex
1953 5084 2013 5123 se

444 5175 602 5216 omne
631 5160 816 5213 vitium
843 5159 937 5212 ira:
969 5165 1027 5212 et
1058 5157 1256 5211 luroris
1283 5157 1508 5212 excidit.

512 5271 709 5340 Adipes
730 5267 893 5338 igitur
912 5268 1003 5337 qui
1024 5276 1150 5321 sunt
1169 5282 1329 5336 super
1340 5266 1704 5337 pectusculum
1726 5266 2009 5335 imponun-

445 5368 497 5413 tu
507 5378 530 5413 r
542 5360 694 5428 altari
713 5375 728 5425 ;
743 5358 916 5427 ipsum
930 5372 1056 5410 vero
1067 5356 1430 5426 pectusculum
1448 5356 1626 5409 Aaron
1649 5364 1703 5409 et
1716 5354 1841 5410 ﬁliis
1867 5355 2006 5425 ejus,

444 5451 538 5504 sed
572 5460 627 5505 et
651 5449 931 5505 brachium
956 5449 1202 5503 dextrum
1226 5446 1464 5515 separari
1489 5445 1734 5514 praecipit
1757 5484 1772 5509 ,
1795 5452 1851 5498 et
1886 5459 2006 5499 esse

438 5540 523 5592 eis
548 5540 782 5596 muneris
803 5540 921 5596 loco
945 5554 1011 5593 ex
1041 5536 1303 5593 sacriﬁcio
1331 5535 1571 5591 salutari.
1599 5535 1738 5602 Quid
1765 5550 1894 5603 ergo
1922 5544 2005 5590 est

445 5630 742 5687 sacerdotis
773 5642 959 5702 pectus
983 5638 1074 5684 aut
1104 5626 1291 5700 quale?
1311 5641 1408 5698 ego
1431 5625 1536 5681 tale
1556 5634 1686 5697 puto
1712 5639 1834 5682 esse
1861 5624 2003 5692 quod

2114 3180 2409 3235 secundum
2431 3176 2754 3245 Prophetam
2769 3216 2784 3240 ,
2809 3184 3062 3243 separant
3086 3190 3145 3229 se
3169 3213 3185 3239 ,
3212 3181 3261 3227 et
3282 3181 3467 3226 exeunt
3493 3173 3558 3225 de
3580 3189 3704 3227 me-

2113 3271 2200 3323 dio
2232 3278 2563 3339 peccatorum
2599 3267 2687 3337 qui
2720 3275 2930 3335 portant
2965 3281 3089 3319 vasa
3115 3264 3323 3318 Domini
3353 3261 3505 3335 (Isai.
3532 3261 3637 3332 LI).
3692 3317 3697 3320 .

2736 3373 2964 3430 CAPUT
3002 3374 3070 3428 Χ.

2210 3468 2290 3524 De
2321 3468 2563 3523 unctione
2591 3467 2795 3530 Aaron;
2822 3474 2869 3518 et
2901 3464 3154 3533 ﬁliorum,
3184 3464 3250 3519 de
3275 3463 3599 3519 daemoniis

2410 3546 2459 3590 et
2491 3536 2713 3591 uestibus
2741 3535 2810 3588 ad
2839 3550 2955 3587 eam
2981 3534 3379 3604 pertinentibus.

2185 3626 2403 3700 (1310.)
2446 3626 2577 3681 Hice
2617 3636 2692 3681 est
2736 3627 2909 3679 unctio
2937 3625 3117 3678 Aaron
3141 3633 3191 3678 et
3216 3624 3448 3692 ﬁliorum
3475 3625 3589 3693 ejus
3640 3626 3707 3680 in

2115 3722 2437 3777 creremoniis
2463 3719 2695 3784 Domini,
2723 3718 2806 3772 die
2832 3733 2935 3787 qua
2953 3715 3138 3770 obtulit
3166 3731 3254 3770 eos
3278 3714 3481 3785 Moyses
3510 3724 3567 3769 ut
3601 3734 3703 3770 sa-

2115 3811 2343 3865 cerdotio
2373 3810 2736 3881 fungerentur,
2767 3817 2817 3862 et
2853 3824 2971 3877 quae
3000 3808 3243 3878 prtecepit
3278 3807 3399 3860 dari
3467 3810 3544 3863 eis
3571 3807 3697 3862 Do-

2113 3902 2286 3954 minus
2310 3917 2343 3954 a
2366 3899 2491 3969 ﬁliis
2515 3897 2686 3952 Israel
2710 3897 2958 3967 religione
2981 3905 3235 3966 perpetua
3256 3897 3311 3949 in
3338 3898 3701 3965 generationi-

2116 3992 2210 4045 bus
2234 3993 2364 4045 suis.
2397 3990 2506 4060 (Ea:
2532 3988 2839 4059 Hesychia.)
2869 3988 2942 4041 Ea
2970 4003 3089 4056 quae
3116 3988 3261 4042 dicta
3287 3996 3413 4042 sunt
3438 3987 3701 4042 videntur

2115 4080 2511 4149 quodammodo
2543 4079 2614 4133 ad
2650 4078 2965 4132 unctionem
3000 4079 3341 4133 sacerdotum
3379 4077 3696 4147 pertinere,

2114 4171 2212 4227 sed
2239 4186 2345 4225 non
2374 4170 2428 4224 in
2456 4170 2710 4238 prmsenti
2735 4169 2803 4224 de
2832 4170 2936 4224 hac
2963 4169 3229 4224 disserere
3256 4169 3533 4238 legislator
3560 4186 3696 4239 pro-

2113 4270 2415 4332 posuerat:
2465 4275 2630 4330 quam
2673 4260 2818 4313 enim
2869 4274 2993 4314 cum
3039 4259 3295 4314 unctione
3343 4259 3693 4314 sacerdotum

2038 4390 2092 4451 Β
2116 4348 2435 4408 societatem
2466 4352 2672 4407 habent
2699 4365 2763 4407 ea
2792 4367 2912 4421 qua:
2937 4350 3193 4420 prmdicta
3225 4357 3350 4404 sunt
3378 4350 3651 4406 sacriﬁcia
3670 4351 3697 4404 ξ’

2125 4444 2225 4500 sed
2263 4442 2598 4497 solummodo
2635 4455 2826 4495 eorum
2861 4455 2982 4510 quae
3019 4439 3273 4509 superius
3318 4440 3386 4493 ab
3429 4454 3496 4494 eo
3540 4439 3696 4494 dicta

2114 4545 2241 4588 sunt
2260 4574 2274 4596 ,
2303 4532 2387 4587 vel
2414 4532 2699 4587 ostendere
2725 4530 3041 4600 dignitatem
3058 4568 3074 4595 ,
3105 4537 3161 4583 et
3185 4543 3346 4597 quem
3372 4537 3695 4599 provectum

2112 4633 2371 4695 praestent
2396 4625 2484 4679 his
2505 4623 2596 4693 qui
2623 4637 2686 4677 ea
2710 4622 3041 4676 custodiunt.
3067 4620 3218 4688 Quod
3242 4620 3385 4674 enim
3412 4620 3487 4672 ait
3512 4637 3527 4672 ;
3554 4617 3693 4672 Ilwe

2114 4728 2186 4772 est
2223 4718 2399 4771 unctio
2437 4716 2616 4769 Aaron
2649 4723 2699 4769 et
2732 4714 2966 4783 ﬁliorum
2994 4713 3107 4781 ejus
3135 4712 3190 4764 in
3219 4710 3542 4764 creremoniis
3570 4708 3690 4762 Do-

2113 4810 2279 4875 mini,
2312 4810 2379 4864 ad
2407 4808 2690 4877 superiora
2726 4807 2830 4860 hoc
2866 4804 3099 4859 reddidit
3183 4803 3273 4873 (id
3309 4810 3423 4865 est,
3460 4810 3733 4877 pectus-‘

2113 4902 2292 4956 culum
2329 4897 2690 4967 impositionis
2719 4905 2776 4951 et
2807 4896 3091 4950 brachium
3125 4891 3522 4962 separationis;
3562 4890 3688 4960 ipsa

2112 4999 2260 5047 esset
2297 4989 2481 5043 unctio
2513 4986 2691 5040 Aaron
2723 4994 2780 5039 et
2806 4984 3040 5039 ﬁliorum
3077 4982 3196 5050 ejus
3216 5021 3231 5045 ,
3264 4995 3331 5035 ne
3366 4988 3693 5048 putaremus

2112 5079 2204 5134 illa
2239 5092 2339 5148 pro
2376 5076 2633 5130 carnibus
2668 5073 2811 5128 dicta
2832 5113 2847 5137 ,
2889 5073 2985 5127 sed
3020 5080 3080 5124 ut
3111 5069 3332 5124 doceret
3366 5068 3529 5121 etiam
3565 5067 3690 5135 ipsa

2112 5170 2212 5224 sub
2238 5173 2579 5222 sacramento
2603 5162 2877 5218 unctionis
2903 5161 3224 5232 inserta),ut
3248 5167 3305 5212 tu
3328 5168 3690 5226 cognosceres

2114 5260 2239 5329 quia
2273 5256 2583 5311 custodiens
2615 5266 2951 5324 qumcunque
2998 5251 3085 5305 lex
3131 5250 3380 5319 superius
3426 5245 3567 5301 dixit
3613 5245 3689 5298 ad

2113 5349 2413 5406 sacerdotis
2437 5347 2685 5419 proﬁciat
2714 5345 3030 5415 dignitatem
3048 5382 3064 5407 ,
3090 5348 3146 5397 et
3171 5338 3436 5395 studendo
3462 5350 3525 5390 ea
3545 5375 3561 5398 ,
3588 5349 3688 5387 va—

2111 5442 2223 5496 leas
2267 5440 2446 5511 regale
2498 5436 2895 5499 sacerdotium,
2933 5448 3074 5503 gens.
3109 5440 3298 5487 sancta
3345 5427 3481 5490 dici,
3525 5426 3689 5480 aliter

2111 5540 2291 5585 autem
2335 5541 2698 5598 nequaquam.
2734 5523 2857 5577 Haec
2885 5531 2969 5577 est
3011 5523 3155 5578 enim
3190 5520 3377 5574 unctio
3416 5519 3471 5572 in
3506 5532 3683 5571 caere-

2113 5620 2311 5677 moniis
2332 5618 2575 5684 Domini,
2597 5614 2842 5673 videlicet
2869 5629 2936 5669 ex
2956 5610 3535 5669 communicationibus
3555 5622 3681 5678 qua:
