  <div class='ocr_page' id='page_1' title='image "/cluster/home/n/w/nwhite01/storage/ocr_20150623/108/hvd.32044054759733/166.png"; bbox 0 0 3954 6176; ppageno 0'>
   <div class='ocr_carea' id='block_1_1' title="bbox 245 271 351 325">
    <p class='ocr_par' dir='ltr' id='par_1_1' title="bbox 245 271 351 325">
     <span class='ocr_line' id='line_1_1' title="bbox 245 271 351 325; baseline -0.019 0"><span class='ocrx_word' id='word_1_1' title='bbox 245 271 351 325; x_wconf 72' lang='grc'><strong>521</strong></span> 
     </span>
    </p>
   </div>
   <div class='ocr_carea' id='block_1_2' title="bbox 1178 273 2598 357">
    <p class='ocr_par' dir='ltr' id='par_1_2' title="bbox 1178 273 2598 357">
     <span class='ocr_line' id='line_1_2' title="bbox 1178 273 2598 357; baseline 0.007 -30"><span class='ocrx_word' id='word_1_2' title='bbox 1178 273 1682 357; x_wconf 78' lang='lat' dir='ltr'><strong>EXPOSITIQNES</strong></span> <span class='ocrx_word' id='word_1_3' title='bbox 1717 276 1787 333; x_wconf 83' lang='lat' dir='ltr'><strong>IN</strong></span> <span class='ocrx_word' id='word_1_4' title='bbox 1823 277 2219 334; x_wconf 80' lang='lat' dir='ltr'><strong>LEVITICUM.</strong></span> <span class='ocrx_word' id='word_1_5' title='bbox 2261 310 2332 321; x_wconf 89' lang='lat'><em>—</em></span> <span class='ocrx_word' id='word_1_6' title='bbox 2371 280 2497 335; x_wconf 85' lang='lat' dir='ltr'><strong>LIB.</strong></span> <span class='ocrx_word' id='word_1_7' title='bbox 2537 282 2598 337; x_wconf 85' lang='lat' dir='ltr'><strong>ll.</strong></span> 
     </span>
    </p>
   </div>
   <div class='ocr_carea' id='block_1_3' title="bbox 3410 292 3519 348">
    <p class='ocr_par' dir='ltr' id='par_1_3' title="bbox 3410 292 3519 348">
     <span class='ocr_line' id='line_1_3' title="bbox 3410 292 3519 348; baseline 0.009 -1"><span class='ocrx_word' id='word_1_8' title='bbox 3410 292 3519 348; x_wconf 71' lang='lat'><strong>522</strong></span> 
     </span>
    </p>
   </div>
   <div class='ocr_carea' id='block_1_4' title="bbox 247 382 3514 474">
    <p class='ocr_par' dir='ltr' id='par_1_4' title="bbox 247 382 3514 474">
     <span class='ocr_line' id='line_1_4' title="bbox 247 382 3514 474; baseline 0.008 -39"><span class='ocrx_word' id='word_1_9' title='bbox 247 384 306 474; x_wconf 77' lang='lat' dir='ltr'><strong>in</strong></span> <span class='ocrx_word' id='word_1_10' title='bbox 357 382 633 451; x_wconf 61' lang='lat' dir='ltr'><strong>praedictis</strong></span> <span class='ocrx_word' id='word_1_11' title='bbox 681 391 807 437; x_wconf 91' lang='lat' dir='ltr'><strong>sunt</strong></span> <span class='ocrx_word' id='word_1_12' title='bbox 855 382 1141 454; x_wconf 77' lang='lat' dir='ltr'><strong>descripta:</strong></span> <span class='ocrx_word' id='word_1_13' title='bbox 1187 385 1469 441; x_wconf 91' lang='lat' dir='ltr'><strong>sacriﬁciis</strong></span> <span class='ocrx_word' id='word_1_14' title='bbox 1512 397 1820 457; x_wconf 66' lang='lat' dir='ltr'><strong>praestatur.</strong></span> <span class='ocrx_word' id='word_1_15' title='bbox 1853 403 1901 459; x_wconf 82' lang='grc' dir='ltr'>Α</span> <span class='ocrx_word' id='word_1_16' title='bbox 1927 388 2223 444; x_wconf 89' lang='lat' dir='ltr'><strong>Christiani</strong></span> <span class='ocrx_word' id='word_1_17' title='bbox 2245 392 2493 446; x_wconf 92' lang='lat' dir='ltr'><strong>dicimur.</strong></span> <span class='ocrx_word' id='word_1_18' title='bbox 2520 394 2638 448; x_wconf 85' lang='lat' dir='ltr'><strong>Non</strong></span> <span class='ocrx_word' id='word_1_19' title='bbox 2664 398 2968 453; x_wconf 88' lang='lat' dir='ltr'><strong>communis</strong></span> <span class='ocrx_word' id='word_1_20' title='bbox 2996 407 3209 467; x_wconf 89' lang='lat' dir='ltr'><strong>autem,</strong></span> <span class='ocrx_word' id='word_1_21' title='bbox 3235 404 3362 474; x_wconf 88' lang='lat' dir='ltr'><strong>quia</strong></span> <span class='ocrx_word' id='word_1_22' title='bbox 3384 406 3514 460; x_wconf 79' lang='lat' dir='ltr'><strong>inae-</strong></span> 
     </span>
    </p>
   </div>
   <div class='ocr_carea' id='block_1_5' title="bbox 246 473 1832 550">
    <p class='ocr_par' dir='ltr' id='par_1_5' title="bbox 246 473 1832 550">
     <span class='ocr_line' id='line_1_5' title="bbox 246 473 1832 550; baseline 0.004 -23"><span class='ocrx_word' id='word_1_23' title='bbox 246 473 485 542; x_wconf 75' lang='lat' dir='ltr'><strong>Propter</strong></span> <span class='ocrx_word' id='word_1_24' title='bbox 514 475 659 541; x_wconf 83' lang='lat' dir='ltr'><strong>quod</strong></span> <span class='ocrx_word' id='word_1_25' title='bbox 687 475 895 528; x_wconf 87' lang='lat' dir='ltr'><strong>addidit</strong></span> <span class='ocrx_word' id='word_1_26' title='bbox 922 493 935 529; x_wconf 87' lang='lat'><strong>:</strong></span> <span class='ocrx_word' id='word_1_27' title='bbox 968 475 1038 529; x_wconf 87' lang='lat' dir='ltr'><strong>In</strong></span> <span class='ocrx_word' id='word_1_28' title='bbox 1065 476 1150 529; x_wconf 89' lang='lat' dir='ltr'><strong>die</strong></span> <span class='ocrx_word' id='word_1_29' title='bbox 1174 494 1277 547; x_wconf 90' lang='lat' dir='ltr'><strong>qua</strong></span> <span class='ocrx_word' id='word_1_30' title='bbox 1303 477 1488 531; x_wconf 87' lang='lat' dir='ltr'><strong>obtulit</strong></span> <span class='ocrx_word' id='word_1_31' title='bbox 1512 495 1599 532; x_wconf 89' lang='lat' dir='ltr'><strong>eos</strong></span> <span class='ocrx_word' id='word_1_32' title='bbox 1627 479 1832 550; x_wconf 80' lang='lat' dir='ltr'><strong>Moyses</strong></span> 
     </span>
    </p>
   </div>
   <div class='ocr_carea' id='block_1_6' title="bbox 246 562 1835 637">
    <p class='ocr_par' dir='ltr' id='par_1_6' title="bbox 246 562 1835 637">
     <span class='ocr_line' id='line_1_6' title="bbox 246 562 1835 637; baseline 0.003 -19"><span class='ocrx_word' id='word_1_33' title='bbox 246 574 311 619; x_wconf 85' lang='lat' dir='ltr'><strong>ut</strong></span> <span class='ocrx_word' id='word_1_34' title='bbox 336 564 633 618; x_wconf 86' lang='lat' dir='ltr'><strong>sacerdotio</strong></span> <span class='ocrx_word' id='word_1_35' title='bbox 657 562 1002 632; x_wconf 77' lang='lat' dir='ltr'><strong>fungerentur</strong></span> <span class='ocrx_word' id='word_1_36' title='bbox 1024 565 1153 619; x_wconf 81' lang='lat' dir='ltr'><strong>mihi</strong></span> <span class='ocrx_word' id='word_1_37' title='bbox 1169 605 1184 629; x_wconf 93' lang='lat'><strong>,</strong></span> <span class='ocrx_word' id='word_1_38' title='bbox 1211 575 1258 619; x_wconf 87' lang='lat' dir='ltr'><strong>et</strong></span> <span class='ocrx_word' id='word_1_39' title='bbox 1287 582 1404 635; x_wconf 78' lang='lat' dir='ltr'><strong>qua:</strong></span> <span class='ocrx_word' id='word_1_40' title='bbox 1438 568 1681 637; x_wconf 74' lang='lat' dir='ltr'><strong>prwcepit</strong></span> <span class='ocrx_word' id='word_1_41' title='bbox 1714 568 1835 622; x_wconf 88' lang='lat' dir='ltr'><strong>dari</strong></span> 
     </span>
    </p>
   </div>
   <div class='ocr_carea' id='block_1_7' title="bbox 246 653 1837 727">
    <p class='ocr_par' dir='ltr' id='par_1_7' title="bbox 246 653 1837 727">
     <span class='ocr_line' id='line_1_7' title="bbox 246 653 1837 727; baseline 0 -15"><span class='ocrx_word' id='word_1_42' title='bbox 246 659 328 712; x_wconf 88' lang='lat' dir='ltr'><strong>eis</strong></span> <span class='ocrx_word' id='word_1_43' title='bbox 353 655 614 709; x_wconf 78' lang='lat' dir='ltr'><strong>Dominus</strong></span> <span class='ocrx_word' id='word_1_44' title='bbox 643 671 674 707; x_wconf 93' lang='lat' dir='ltr'><strong>a</strong></span> <span class='ocrx_word' id='word_1_45' title='bbox 702 653 832 722; x_wconf 76' lang='lat' dir='ltr'><strong>ﬁliis</strong></span> <span class='ocrx_word' id='word_1_46' title='bbox 860 653 1054 709; x_wconf 84' lang='lat' dir='ltr'><strong>Israel.</strong></span> <span class='ocrx_word' id='word_1_47' title='bbox 1077 656 1219 727; x_wconf 88' lang='lat' dir='ltr'><strong>Ergo</strong></span> <span class='ocrx_word' id='word_1_48' title='bbox 1249 656 1302 709; x_wconf 93' lang='lat' dir='ltr'><strong>in</strong></span> <span class='ocrx_word' id='word_1_49' title='bbox 1326 656 1412 711; x_wconf 88' lang='lat' dir='ltr'><strong>his</strong></span> <span class='ocrx_word' id='word_1_50' title='bbox 1440 656 1595 713; x_wconf 91' lang='lat' dir='ltr'><strong>nobis</strong></span> <span class='ocrx_word' id='word_1_51' title='bbox 1623 659 1837 717; x_wconf 86' lang='lat' dir='ltr'><strong>unctio-</strong></span> 
     </span>
    </p>
   </div>
   <div class='ocr_carea' id='block_1_8' title="bbox 247 746 1834 821">
    <p class='ocr_par' dir='ltr' id='par_1_8' title="bbox 247 746 1834 821">
     <span class='ocr_line' id='line_1_8' title="bbox 247 746 1834 821; baseline 0 -16"><span class='ocrx_word' id='word_1_52' title='bbox 247 766 384 805; x_wconf 82' lang='lat' dir='ltr'><strong>nem</strong></span> <span class='ocrx_word' id='word_1_53' title='bbox 423 748 603 812; x_wconf 93' lang='lat' dir='ltr'><strong>dedit,</strong></span> <span class='ocrx_word' id='word_1_54' title='bbox 638 755 694 801; x_wconf 89' lang='lat' dir='ltr'><strong>et</strong></span> <span class='ocrx_word' id='word_1_55' title='bbox 728 747 783 801; x_wconf 91' lang='lat' dir='ltr'><strong>in</strong></span> <span class='ocrx_word' id='word_1_56' title='bbox 823 746 945 802; x_wconf 91' lang='lat' dir='ltr'><strong>istis</strong></span> <span class='ocrx_word' id='word_1_57' title='bbox 979 764 1081 803; x_wconf 90' lang='lat' dir='ltr'><strong>nos</strong></span> <span class='ocrx_word' id='word_1_58' title='bbox 1116 748 1333 803; x_wconf 89' lang='lat' dir='ltr'><strong>vocavit</strong></span> <span class='ocrx_word' id='word_1_59' title='bbox 1365 749 1509 804; x_wconf 87' lang='lat' dir='ltr'><strong>Deus</strong></span> <span class='ocrx_word' id='word_1_60' title='bbox 1536 791 1549 802; x_wconf 91' lang='lat'><strong>.</strong></span> <span class='ocrx_word' id='word_1_61' title='bbox 1586 749 1687 804; x_wconf 86' lang='lat' dir='ltr'><strong>Die</strong></span> <span class='ocrx_word' id='word_1_62' title='bbox 1730 767 1834 821; x_wconf 86' lang='lat' dir='ltr'><strong>qua</strong></span> 
     </span>
    </p>
   </div>
   <div class='ocr_carea' id='block_1_9' title="bbox 251 836 1835 904">
    <p class='ocr_par' dir='ltr' id='par_1_9' title="bbox 251 836 1835 904">
     <span class='ocr_line' id='line_1_9' title="bbox 251 836 1835 904; baseline 0 -10"><span class='ocrx_word' id='word_1_63' title='bbox 251 838 445 894; x_wconf 84' lang='lat' dir='ltr'><strong>obtulit</strong></span> <span class='ocrx_word' id='word_1_64' title='bbox 479 854 586 891; x_wconf 90' lang='lat' dir='ltr'><strong>eos.</strong></span> <span class='ocrx_word' id='word_1_65' title='bbox 626 836 857 903; x_wconf 82' lang='lat' dir='ltr'><strong>Quando</strong></span> <span class='ocrx_word' id='word_1_66' title='bbox 892 846 1074 892; x_wconf 90' lang='lat' dir='ltr'><strong>autem</strong></span> <span class='ocrx_word' id='word_1_67' title='bbox 1110 838 1255 893; x_wconf 88' lang='lat' dir='ltr'><strong>hoc?</strong></span> <span class='ocrx_word' id='word_1_68' title='bbox 1284 837 1400 904; x_wconf 92' lang='lat' dir='ltr'><strong>Qua</strong></span> <span class='ocrx_word' id='word_1_69' title='bbox 1435 838 1521 893; x_wconf 91' lang='lat' dir='ltr'><strong>die</strong></span> <span class='ocrx_word' id='word_1_70' title='bbox 1553 839 1712 892; x_wconf 84' lang='lat' dir='ltr'><strong>unxit</strong></span> <span class='ocrx_word' id='word_1_71' title='bbox 1742 853 1835 894; x_wconf 89' lang='lat' dir='ltr'><strong>eos</strong></span> 
     </span>
    </p>
   </div>
   <div class='ocr_carea' id='block_1_10' title="bbox 251 927 1835 998">
    <p class='ocr_par' dir='ltr' id='par_1_10' title="bbox 251 927 1835 998">
     <span class='ocr_line' id='line_1_10' title="bbox 251 927 1835 998; baseline -0.001 -13"><span class='ocrx_word' id='word_1_72' title='bbox 251 939 315 985; x_wconf 91' lang='lat' dir='ltr'><strong>ut</strong></span> <span class='ocrx_word' id='word_1_73' title='bbox 349 929 656 986; x_wconf 88' lang='lat' dir='ltr'><strong>sacerdotio</strong></span> <span class='ocrx_word' id='word_1_74' title='bbox 690 927 1066 998; x_wconf 80' lang='lat' dir='ltr'><strong>fungerentur,</strong></span> <span class='ocrx_word' id='word_1_75' title='bbox 1102 929 1157 984; x_wconf 88' lang='lat' dir='ltr'><strong>id</strong></span> <span class='ocrx_word' id='word_1_76' title='bbox 1191 936 1308 993; x_wconf 89' lang='lat' dir='ltr'><strong>est,</strong></span> <span class='ocrx_word' id='word_1_77' title='bbox 1348 944 1453 997; x_wconf 89' lang='lat' dir='ltr'><strong>qua</strong></span> <span class='ocrx_word' id='word_1_78' title='bbox 1487 929 1575 983; x_wconf 90' lang='lat' dir='ltr'><strong>die</strong></span> <span class='ocrx_word' id='word_1_79' title='bbox 1612 929 1732 983; x_wconf 91' lang='lat' dir='ltr'><strong>illos</strong></span> <span class='ocrx_word' id='word_1_80' title='bbox 1767 944 1835 985; x_wconf 81' lang='lat' dir='ltr'><strong>ex</strong></span> 
     </span>
    </p>
   </div>
   <div class='ocr_carea' id='block_1_11' title="bbox 250 1021 1836 1092">
    <p class='ocr_par' dir='ltr' id='par_1_11' title="bbox 250 1021 1836 1092">
     <span class='ocr_line' id='line_1_11' title="bbox 250 1021 1836 1092; baseline 0.001 -15"><span class='ocrx_word' id='word_1_81' title='bbox 250 1024 385 1079; x_wconf 86' lang='lat' dir='ltr'><strong>ﬁliis</strong></span> <span class='ocrx_word' id='word_1_82' title='bbox 407 1022 577 1078; x_wconf 88' lang='lat' dir='ltr'><strong>Israel</strong></span> <span class='ocrx_word' id='word_1_83' title='bbox 605 1023 793 1086; x_wconf 76' lang='lat' dir='ltr'><strong>unxit,</strong></span> <span class='ocrx_word' id='word_1_84' title='bbox 818 1037 917 1092; x_wconf 88' lang='lat' dir='ltr'><strong>per</strong></span> <span class='ocrx_word' id='word_1_85' title='bbox 935 1021 1523 1090; x_wconf 89' lang='lat' dir='ltr'><strong>unctionem,videlicet</strong></span> <span class='ocrx_word' id='word_1_86' title='bbox 1549 1037 1670 1092; x_wconf 64' lang='lat' dir='ltr'><strong>quae</strong></span> <span class='ocrx_word' id='word_1_87' title='bbox 1692 1037 1836 1078; x_wconf 90' lang='lat' dir='ltr'><strong>nunc</strong></span> 
     </span>
    </p>
   </div>
   <div class='ocr_carea' id='block_1_12' title="bbox 251 1112 1838 1180">
    <p class='ocr_par' dir='ltr' id='par_1_12' title="bbox 251 1112 1838 1180">
     <span class='ocr_line' id='line_1_12' title="bbox 251 1112 1838 1180; baseline -0.002 -10"><span class='ocrx_word' id='word_1_88' title='bbox 251 1117 405 1170; x_wconf 89' lang='lat' dir='ltr'><strong>dicta</strong></span> <span class='ocrx_word' id='word_1_89' title='bbox 438 1122 585 1169; x_wconf 90' lang='lat' dir='ltr'><strong>sunt.</strong></span> <span class='ocrx_word' id='word_1_90' title='bbox 624 1112 724 1180; x_wconf 91' lang='lat' dir='ltr'><strong>Qui</strong></span> <span class='ocrx_word' id='word_1_91' title='bbox 761 1114 906 1168; x_wconf 88' lang='lat' dir='ltr'><strong>enim</strong></span> <span class='ocrx_word' id='word_1_92' title='bbox 945 1112 1227 1167; x_wconf 86' lang='lat' dir='ltr'><strong>sublimius</strong></span> <span class='ocrx_word' id='word_1_93' title='bbox 1263 1113 1454 1167; x_wconf 85' lang='lat' dir='ltr'><strong>vivunt</strong></span> <span class='ocrx_word' id='word_1_94' title='bbox 1488 1128 1583 1168; x_wconf 90' lang='lat' dir='ltr'><strong>seu</strong></span> <span class='ocrx_word' id='word_1_95' title='bbox 1613 1126 1838 1168; x_wconf 90' lang='lat' dir='ltr'><strong>conver-</strong></span> 
     </span>
    </p>
   </div>
   <div class='ocr_carea' id='block_1_13' title="bbox 250 1201 1836 1272">
    <p class='ocr_par' dir='ltr' id='par_1_13' title="bbox 250 1201 1836 1272">
     <span class='ocr_line' id='line_1_13' title="bbox 250 1201 1836 1272; baseline 0 -14"><span class='ocrx_word' id='word_1_96' title='bbox 250 1212 469 1268; x_wconf 90' lang='lat' dir='ltr'><strong>santur,</strong></span> <span class='ocrx_word' id='word_1_97' title='bbox 499 1211 647 1257; x_wconf 89' lang='lat' dir='ltr'><strong>recte</strong></span> <span class='ocrx_word' id='word_1_98' title='bbox 674 1202 822 1256; x_wconf 88' lang='lat' dir='ltr'><strong>omni</strong></span> <span class='ocrx_word' id='word_1_99' title='bbox 851 1201 1263 1256; x_wconf 82' lang='lat' dir='ltr'><strong>excellentiores</strong></span> <span class='ocrx_word' id='word_1_100' title='bbox 1290 1211 1420 1256; x_wconf 87' lang='lat' dir='ltr'><strong>sunt</strong></span> <span class='ocrx_word' id='word_1_101' title='bbox 1446 1202 1664 1272; x_wconf 87' lang='lat' dir='ltr'><strong>populo,</strong></span> <span class='ocrx_word' id='word_1_102' title='bbox 1694 1204 1836 1258; x_wconf 90' lang='lat' dir='ltr'><strong>unde</strong></span> 
     </span>
    </p>
   </div>
   <div class='ocr_carea' id='block_1_14' title="bbox 251 1291 1837 1363">
    <p class='ocr_par' dir='ltr' id='par_1_14' title="bbox 251 1291 1837 1363">
     <span class='ocr_line' id='line_1_14' title="bbox 251 1291 1837 1363; baseline -0.001 -15"><span class='ocrx_word' id='word_1_103' title='bbox 251 1303 313 1349; x_wconf 87' lang='lat' dir='ltr'><strong>et</strong></span> <span class='ocrx_word' id='word_1_104' title='bbox 364 1294 528 1347; x_wconf 89' lang='lat' dir='ltr'><strong>nimis</strong></span> <span class='ocrx_word' id='word_1_105' title='bbox 575 1300 875 1361; x_wconf 80' lang='lat' dir='ltr'><strong>opportune</strong></span> <span class='ocrx_word' id='word_1_106' title='bbox 924 1292 1204 1361; x_wconf 85' lang='lat' dir='ltr'><strong>legislator</strong></span> <span class='ocrx_word' id='word_1_107' title='bbox 1253 1291 1535 1351; x_wconf 88' lang='lat' dir='ltr'><strong>subdidit:</strong></span> <span class='ocrx_word' id='word_1_108' title='bbox 1566 1291 1837 1363; x_wconf 86' lang='lat' dir='ltr'><strong>Religione</strong></span> 
     </span>
    </p>
   </div>
   <div class='ocr_carea' id='block_1_15' title="bbox 247 1383 1838 1457">
    <p class='ocr_par' dir='ltr' id='par_1_15' title="bbox 247 1383 1838 1457">
     <span class='ocr_line' id='line_1_15' title="bbox 247 1383 1838 1457; baseline 0.001 -19"><span class='ocrx_word' id='word_1_109' title='bbox 247 1395 505 1457; x_wconf 83' lang='lat' dir='ltr'><strong>perpetua</strong></span> <span class='ocrx_word' id='word_1_110' title='bbox 534 1385 588 1436; x_wconf 87' lang='lat' dir='ltr'><strong>in</strong></span> <span class='ocrx_word' id='word_1_111' title='bbox 613 1383 1033 1453; x_wconf 73' lang='lat' dir='ltr'><strong>generationibus</strong></span> <span class='ocrx_word' id='word_1_112' title='bbox 1060 1383 1269 1450; x_wconf 75' lang='lat' dir='ltr'><strong>vestris,</strong></span> <span class='ocrx_word' id='word_1_113' title='bbox 1294 1391 1559 1452; x_wconf 77' lang='lat' dir='ltr'><strong>quatenus</strong></span> <span class='ocrx_word' id='word_1_114' title='bbox 1584 1393 1642 1439; x_wconf 85' lang='grc' dir='ltr'><strong>ιιι</strong></span> <span class='ocrx_word' id='word_1_115' title='bbox 1668 1386 1838 1439; x_wconf 81' lang='lat' dir='ltr'><strong>scires</strong></span> 
     </span>
    </p>
   </div>
   <div class='ocr_carea' id='block_1_16' title="bbox 248 1473 1834 1545">
    <p class='ocr_par' dir='ltr' id='par_1_16' title="bbox 248 1473 1834 1545">
     <span class='ocr_line' id='line_1_16' title="bbox 248 1473 1834 1545; baseline 0.002 -18"><span class='ocrx_word' id='word_1_116' title='bbox 248 1475 385 1545; x_wconf 85' lang='lat' dir='ltr'><strong>quia</strong></span> <span class='ocrx_word' id='word_1_117' title='bbox 414 1475 738 1529; x_wconf 87' lang='lat' dir='ltr'><strong>inconcussa</strong></span> <span class='ocrx_word' id='word_1_118' title='bbox 767 1474 884 1528; x_wconf 75' lang='lat' dir='ltr'><strong>haec</strong></span> <span class='ocrx_word' id='word_1_119' title='bbox 911 1473 1051 1543; x_wconf 88' lang='lat' dir='ltr'><strong>apud</strong></span> <span class='ocrx_word' id='word_1_120' title='bbox 1078 1473 1247 1527; x_wconf 91' lang='lat' dir='ltr'><strong>Deum</strong></span> <span class='ocrx_word' id='word_1_121' title='bbox 1276 1473 1468 1545; x_wconf 77' lang='lat' dir='ltr'><strong>religio</strong></span> <span class='ocrx_word' id='word_1_122' title='bbox 1495 1482 1610 1542; x_wconf 91' lang='lat' dir='ltr'><strong>est,</strong></span> <span class='ocrx_word' id='word_1_123' title='bbox 1641 1483 1706 1529; x_wconf 88' lang='lat' dir='ltr'><strong>ut</strong></span> <span class='ocrx_word' id='word_1_124' title='bbox 1731 1490 1834 1530; x_wconf 87' lang='lat' dir='ltr'><strong>ne-</strong></span> 
     </span>
    </p>
   </div>
   <div class='ocr_carea' id='block_1_17' title="bbox 254 1562 1837 1637">
    <p class='ocr_par' dir='ltr' id='par_1_17' title="bbox 254 1562 1837 1637">
     <span class='ocr_line' id='line_1_17' title="bbox 254 1562 1837 1637; baseline 0.004 -21"><span class='ocrx_word' id='word_1_125' title='bbox 254 1578 370 1633; x_wconf 89' lang='lat' dir='ltr'><strong>que</strong></span> <span class='ocrx_word' id='word_1_126' title='bbox 404 1562 702 1634; x_wconf 73' lang='lat' dir='ltr'><strong>dignitate,</strong></span> <span class='ocrx_word' id='word_1_127' title='bbox 743 1577 920 1633; x_wconf 90' lang='lat' dir='ltr'><strong>neque</strong></span> <span class='ocrx_word' id='word_1_128' title='bbox 953 1563 1217 1632; x_wconf 79' lang='lat' dir='ltr'><strong>sapientia</strong></span> <span class='ocrx_word' id='word_1_129' title='bbox 1240 1604 1255 1630; x_wconf 92' lang='lat'><strong>,</strong></span> <span class='ocrx_word' id='word_1_130' title='bbox 1289 1580 1468 1636; x_wconf 88' lang='lat' dir='ltr'><strong>neque</strong></span> <span class='ocrx_word' id='word_1_131' title='bbox 1515 1567 1837 1637; x_wconf 76' lang='lat' dir='ltr'><strong>cognatione</strong></span> 
     </span>
    </p>
   </div>
   <div class='ocr_carea' id='block_1_18' title="bbox 244 1655 1837 1728">
    <p class='ocr_par' dir='ltr' id='par_1_18' title="bbox 244 1655 1837 1728">
     <span class='ocr_line' id='line_1_18' title="bbox 244 1655 1837 1728; baseline 0.001 -17"><span class='ocrx_word' id='word_1_132' title='bbox 244 1657 527 1727; x_wconf 74' lang='lat' dir='ltr'><strong>iustorum</strong></span> <span class='ocrx_word' id='word_1_133' title='bbox 546 1697 561 1719; x_wconf 91' lang='lat'><strong>,</strong></span> <span class='ocrx_word' id='word_1_134' title='bbox 594 1671 770 1725; x_wconf 87' lang='lat' dir='ltr'><strong>neque</strong></span> <span class='ocrx_word' id='word_1_135' title='bbox 798 1655 904 1710; x_wconf 90' lang='lat' dir='ltr'><strong>alia</strong></span> <span class='ocrx_word' id='word_1_136' title='bbox 935 1656 1096 1711; x_wconf 87' lang='lat' dir='ltr'><strong>simili</strong></span> <span class='ocrx_word' id='word_1_137' title='bbox 1139 1671 1205 1711; x_wconf 76' lang='lat' dir='ltr'><strong>ex</strong></span> <span class='ocrx_word' id='word_1_138' title='bbox 1235 1672 1295 1712; x_wconf 91' lang='lat' dir='ltr'><strong>re</strong></span> <span class='ocrx_word' id='word_1_139' title='bbox 1332 1657 1528 1728; x_wconf 81' lang='lat' dir='ltr'><strong>pupulo</strong></span> <span class='ocrx_word' id='word_1_140' title='bbox 1554 1658 1639 1713; x_wconf 90' lang='lat' dir='ltr'><strong>vel</strong></span> <span class='ocrx_word' id='word_1_141' title='bbox 1664 1657 1837 1728; x_wconf 80' lang='lat' dir='ltr'><strong>pluri-</strong></span> 
     </span>
    </p>
   </div>
   <div class='ocr_carea' id='block_1_19' title="bbox 1935 479 3519 551">
    <p class='ocr_par' dir='ltr' id='par_1_19' title="bbox 1935 479 3519 551">
     <span class='ocr_line' id='line_1_19' title="bbox 1935 479 3519 551; baseline 0.011 -18"><span class='ocrx_word' id='word_1_142' title='bbox 1935 479 2195 534; x_wconf 90' lang='lat' dir='ltr'><strong>stimabili</strong></span> <span class='ocrx_word' id='word_1_143' title='bbox 2223 481 2455 550; x_wconf 91' lang='lat' dir='ltr'><strong>quadam</strong></span> <span class='ocrx_word' id='word_1_144' title='bbox 2486 483 2816 540; x_wconf 85' lang='lat' dir='ltr'><strong>sublimitate</strong></span> <span class='ocrx_word' id='word_1_145' title='bbox 2844 489 3059 543; x_wconf 78' lang='lat' dir='ltr'><strong>excellit</strong></span> <span class='ocrx_word' id='word_1_146' title='bbox 3100 490 3245 546; x_wconf 87' lang='lat' dir='ltr'><strong>Deus</strong></span> <span class='ocrx_word' id='word_1_147' title='bbox 3290 495 3519 551; x_wconf 87' lang='lat' dir='ltr'><strong>homini-</strong></span> 
     </span>
    </p>
   </div>
   <div class='ocr_carea' id='block_1_20' title="bbox 1932 571 3517 656">
    <p class='ocr_par' dir='ltr' id='par_1_20' title="bbox 1932 571 3517 656">
     <span class='ocr_line' id='line_1_20' title="bbox 1932 571 3517 656; baseline 0.011 -32"><span class='ocrx_word' id='word_1_148' title='bbox 1932 571 2035 626; x_wconf 90' lang='lat' dir='ltr'><strong>bus</strong></span> <span class='ocrx_word' id='word_1_149' title='bbox 2057 582 2113 626; x_wconf 90' lang='lat' dir='ltr'><strong>et</strong></span> <span class='ocrx_word' id='word_1_150' title='bbox 2137 574 2309 644; x_wconf 88' lang='lat' dir='ltr'><strong>gratia</strong></span> <span class='ocrx_word' id='word_1_151' title='bbox 2334 574 2388 628; x_wconf 90' lang='lat' dir='ltr'><strong>in</strong></span> <span class='ocrx_word' id='word_1_152' title='bbox 2413 590 2516 644; x_wconf 88' lang='lat' dir='ltr'><strong>qua</strong></span> <span class='ocrx_word' id='word_1_153' title='bbox 2547 577 2596 630; x_wconf 90' lang='lat' dir='ltr'><strong>ei</strong></span> <span class='ocrx_word' id='word_1_154' title='bbox 2624 580 3087 635; x_wconf 89' lang='lat' dir='ltr'><strong>communicamus</strong></span> <span class='ocrx_word' id='word_1_155' title='bbox 3111 598 3125 647; x_wconf 94' lang='lat'><strong>;</strong></span> <span class='ocrx_word' id='word_1_156' title='bbox 3157 586 3377 655; x_wconf 89' lang='lat' dir='ltr'><strong>ungitur</strong></span> <span class='ocrx_word' id='word_1_157' title='bbox 3401 587 3517 656; x_wconf 83' lang='lat' dir='ltr'><strong>ipse</strong></span> 
     </span>
    </p>
   </div>
   <div class='ocr_carea' id='block_1_21' title="bbox 1935 664 3517 746">
    <p class='ocr_par' dir='ltr' id='par_1_21' title="bbox 1935 664 3517 746">
     <span class='ocr_line' id='line_1_21' title="bbox 1935 664 3517 746; baseline 0.011 -29"><span class='ocrx_word' id='word_1_158' title='bbox 1935 664 2203 734; x_wconf 88' lang='lat' dir='ltr'><strong>siquidem</strong></span> <span class='ocrx_word' id='word_1_159' title='bbox 2238 665 2692 733; x_wconf 86' lang='lat' dir='ltr'><strong>substantialiter,</strong></span> <span class='ocrx_word' id='word_1_160' title='bbox 2730 686 2828 725; x_wconf 91' lang='lat' dir='ltr'><strong>nos</strong></span> <span class='ocrx_word' id='word_1_161' title='bbox 2865 687 2998 726; x_wconf 88' lang='lat' dir='ltr'><strong>vero</strong></span> <span class='ocrx_word' id='word_1_162' title='bbox 3035 677 3351 742; x_wconf 80' lang='lat' dir='ltr'><strong>operatione</strong></span> <span class='ocrx_word' id='word_1_163' title='bbox 3396 679 3517 746; x_wconf 83' lang='lat' dir='ltr'><strong>ejus</strong></span> 
     </span>
    </p>
   </div>
   <div class='ocr_carea' id='block_1_22' title="bbox 1935 753 3514 829">
    <p class='ocr_par' dir='ltr' id='par_1_22' title="bbox 1935 753 3514 829">
     <span class='ocr_line' id='line_1_22' title="bbox 1935 753 3514 829; baseline 0.01 -24"><span class='ocrx_word' id='word_1_164' title='bbox 1935 759 1991 806; x_wconf 88' lang='lat' dir='ltr'><strong>et</strong></span> <span class='ocrx_word' id='word_1_165' title='bbox 2024 753 2198 820; x_wconf 88' lang='lat' dir='ltr'><strong>gratia</strong></span> <span class='ocrx_word' id='word_1_166' title='bbox 2234 771 2247 807; x_wconf 92' lang='lat'><strong>:</strong></span> <span class='ocrx_word' id='word_1_167' title='bbox 2299 763 2586 824; x_wconf 85' lang='lat' dir='ltr'><strong>propterea</strong></span> <span class='ocrx_word' id='word_1_168' title='bbox 2626 768 2901 829; x_wconf 89' lang='lat' dir='ltr'><strong>unguntur</strong></span> <span class='ocrx_word' id='word_1_169' title='bbox 2935 761 3151 828; x_wconf 90' lang='lat' dir='ltr'><strong>quidem</strong></span> <span class='ocrx_word' id='word_1_170' title='bbox 3192 765 3351 818; x_wconf 90' lang='lat' dir='ltr'><strong>simul</strong></span> <span class='ocrx_word' id='word_1_171' title='bbox 3390 782 3514 822; x_wconf 88' lang='lat' dir='ltr'><strong>cum</strong></span> 
     </span>
    </p>
   </div>
   <div class='ocr_carea' id='block_1_23' title="bbox 1936 842 3513 922">
    <p class='ocr_par' dir='ltr' id='par_1_23' title="bbox 1936 842 3513 922">
     <span class='ocr_line' id='line_1_23' title="bbox 1936 842 3513 922; baseline 0.011 -27"><span class='ocrx_word' id='word_1_172' title='bbox 1936 842 2121 896; x_wconf 85' lang='lat' dir='ltr'><strong>Aaron</strong></span> <span class='ocrx_word' id='word_1_173' title='bbox 2159 843 2255 897; x_wconf 90' lang='lat' dir='ltr'><strong>ﬁlii</strong></span> <span class='ocrx_word' id='word_1_174' title='bbox 2286 843 2438 912; x_wconf 88' lang='lat' dir='ltr'><strong>ejus,</strong></span> <span class='ocrx_word' id='word_1_175' title='bbox 2476 847 2570 899; x_wconf 91' lang='lat' dir='ltr'><strong>scd</strong></span> <span class='ocrx_word' id='word_1_176' title='bbox 2607 862 2713 900; x_wconf 91' lang='lat' dir='ltr'><strong>non</strong></span> <span class='ocrx_word' id='word_1_177' title='bbox 2754 848 2878 901; x_wconf 87' lang='lat' dir='ltr'><strong>talia</strong></span> <span class='ocrx_word' id='word_1_178' title='bbox 2918 849 2972 903; x_wconf 92' lang='lat' dir='ltr'><strong>in</strong></span> <span class='ocrx_word' id='word_1_179' title='bbox 3007 851 3121 917; x_wconf 92' lang='lat' dir='ltr'><strong>eis,</strong></span> <span class='ocrx_word' id='word_1_180' title='bbox 3154 854 3335 922; x_wconf 88' lang='lat' dir='ltr'><strong>qualia</strong></span> <span class='ocrx_word' id='word_1_181' title='bbox 3366 865 3421 911; x_wconf 90' lang='lat' dir='ltr'><strong>et</strong></span> <span class='ocrx_word' id='word_1_182' title='bbox 3457 857 3513 912; x_wconf 89' lang='lat' dir='ltr'><strong>in</strong></span> 
     </span>
    </p>
   </div>
   <div class='ocr_carea' id='block_1_24' title="bbox 1934 932 3515 1004">
    <p class='ocr_par' dir='ltr' id='par_1_24' title="bbox 1934 932 3515 1004">
     <span class='ocr_line' id='line_1_24' title="bbox 1934 932 3515 1004; baseline 0.01 -17"><span class='ocrx_word' id='word_1_183' title='bbox 1934 932 2119 988; x_wconf 85' lang='lat' dir='ltr'><strong>Aaron</strong></span> <span class='ocrx_word' id='word_1_184' title='bbox 2158 936 2212 989; x_wconf 90' lang='lat' dir='ltr'><strong>in</strong></span> <span class='ocrx_word' id='word_1_185' title='bbox 2247 937 2501 991; x_wconf 90' lang='lat' dir='ltr'><strong>unctione</strong></span> <span class='ocrx_word' id='word_1_186' title='bbox 2539 947 2796 1004; x_wconf 90' lang='lat' dir='ltr'><strong>aguntur,</strong></span> <span class='ocrx_word' id='word_1_187' title='bbox 2845 941 2985 994; x_wconf 90' lang='lat' dir='ltr'><strong>sicut</strong></span> <span class='ocrx_word' id='word_1_188' title='bbox 3030 944 3383 1000; x_wconf 81' lang='lat' dir='ltr'><strong>manifestam</strong></span> <span class='ocrx_word' id='word_1_189' title='bbox 3427 963 3515 1003; x_wconf 86' lang='lat' dir='ltr'><strong>se-</strong></span> 
     </span>
    </p>
   </div>
   <div class='ocr_carea' id='block_1_25' title="bbox 1900 1025 3516 1107">
    <p class='ocr_par' dir='ltr' id='par_1_25' title="bbox 1900 1025 3516 1107">
     <span class='ocr_line' id='line_1_25' title="bbox 1900 1025 3516 1107; baseline 0.01 -32"><span class='ocrx_word' id='word_1_190' title='bbox 1900 1044 1903 1047; x_wconf 56' lang='grc' dir='ltr'><strong><em>ν</em></strong></span> <span class='ocrx_word' id='word_1_191' title='bbox 1934 1025 2155 1094; x_wconf 87' lang='lat' dir='ltr'><strong>quentia</strong></span> <span class='ocrx_word' id='word_1_192' title='bbox 2185 1042 2198 1077; x_wconf 75' lang='grc' dir='ltr'><strong>ε</strong></span> <span class='ocrx_word' id='word_1_193' title='bbox 2239 1025 2335 1080; x_wconf 88' lang='lat' dir='ltr'><strong>sed</strong></span> <span class='ocrx_word' id='word_1_194' title='bbox 2360 1026 2525 1079; x_wconf 88' lang='lat' dir='ltr'><strong>etiam</strong></span> <span class='ocrx_word' id='word_1_195' title='bbox 2553 1027 2607 1080; x_wconf 92' lang='lat' dir='ltr'><strong>in</strong></span> <span class='ocrx_word' id='word_1_196' title='bbox 2632 1027 2736 1081; x_wconf 89' lang='lat' dir='ltr'><strong>hoc</strong></span> <span class='ocrx_word' id='word_1_197' title='bbox 2759 1043 2913 1083; x_wconf 91' lang='lat' dir='ltr'><strong>mens</strong></span> <span class='ocrx_word' id='word_1_198' title='bbox 2940 1030 2994 1084; x_wconf 88' lang='lat' dir='ltr'><strong>in</strong></span> <span class='ocrx_word' id='word_1_199' title='bbox 3020 1035 3273 1100; x_wconf 68' lang='lat' dir='ltr'><strong>praesenti</strong></span> <span class='ocrx_word' id='word_1_200' title='bbox 3303 1036 3516 1107; x_wconf 87' lang='lat' dir='ltr'><strong>ﬁgenda</strong></span> 
     </span>
    </p>
   </div>
   <div class='ocr_carea' id='block_1_26' title="bbox 1934 1114 3517 1193">
    <p class='ocr_par' dir='ltr' id='par_1_26' title="bbox 1934 1114 3517 1193">
     <span class='ocr_line' id='line_1_26' title="bbox 1934 1114 3517 1193; baseline 0.009 -26"><span class='ocrx_word' id='word_1_201' title='bbox 1934 1122 2019 1167; x_wconf 88' lang='lat' dir='ltr'><strong>est</strong></span> <span class='ocrx_word' id='word_1_202' title='bbox 2039 1154 2054 1178; x_wconf 94' lang='lat'><strong>,</strong></span> <span class='ocrx_word' id='word_1_203' title='bbox 2083 1115 2225 1182; x_wconf 91' lang='lat' dir='ltr'><strong>quod</strong></span> <span class='ocrx_word' id='word_1_204' title='bbox 2253 1131 2361 1169; x_wconf 92' lang='lat' dir='ltr'><strong>non</strong></span> <span class='ocrx_word' id='word_1_205' title='bbox 2396 1114 2600 1169; x_wconf 79' lang='lat' dir='ltr'><strong>frustra</strong></span> <span class='ocrx_word' id='word_1_206' title='bbox 2629 1116 2746 1172; x_wconf 62' lang='lat' dir='ltr'><strong>haec</strong></span> <span class='ocrx_word' id='word_1_207' title='bbox 2774 1118 2826 1172; x_wconf 92' lang='lat' dir='ltr'><strong>in</strong></span> <span class='ocrx_word' id='word_1_208' title='bbox 2857 1117 3134 1175; x_wconf 75' lang='lat' dir='ltr'><strong>Christum</strong></span> <span class='ocrx_word' id='word_1_209' title='bbox 3164 1125 3517 1193; x_wconf 87' lang='lat' dir='ltr'><strong>accipiamus,</strong></span> 
     </span>
    </p>
   </div>
   <div class='ocr_carea' id='block_1_27' title="bbox 1934 1204 3519 1286">
    <p class='ocr_par' dir='ltr' id='par_1_27' title="bbox 1934 1204 3519 1286">
     <span class='ocr_line' id='line_1_27' title="bbox 1934 1204 3519 1286; baseline 0.009 -29"><span class='ocrx_word' id='word_1_210' title='bbox 1934 1204 2115 1258; x_wconf 89' lang='lat' dir='ltr'><strong>sciens</strong></span> <span class='ocrx_word' id='word_1_211' title='bbox 2139 1205 2284 1258; x_wconf 89' lang='lat' dir='ltr'><strong>enim</strong></span> <span class='ocrx_word' id='word_1_212' title='bbox 2313 1204 2613 1260; x_wconf 86' lang='lat' dir='ltr'><strong>Eeelesiam</strong></span> <span class='ocrx_word' id='word_1_213' title='bbox 2642 1208 2823 1262; x_wconf 89' lang='lat' dir='ltr'><strong>dicere</strong></span> <span class='ocrx_word' id='word_1_214' title='bbox 2854 1209 2971 1265; x_wconf 53' lang='lat' dir='ltr'><strong>haec</strong></span> <span class='ocrx_word' id='word_1_215' title='bbox 3002 1211 3280 1283; x_wconf 87' lang='lat' dir='ltr'><strong>legislator</strong></span> <span class='ocrx_word' id='word_1_216' title='bbox 3318 1226 3519 1286; x_wconf 87' lang='lat' dir='ltr'><strong>myste-</strong></span> 
     </span>
    </p>
   </div>
   <div class='ocr_carea' id='block_1_28' title="bbox 1934 1290 3522 1376">
    <p class='ocr_par' dir='ltr' id='par_1_28' title="bbox 1934 1290 3522 1376">
     <span class='ocr_line' id='line_1_28' title="bbox 1934 1290 3522 1376; baseline 0.012 -32"><span class='ocrx_word' id='word_1_217' title='bbox 1934 1290 2043 1354; x_wconf 90' lang='lat' dir='ltr'><strong>ria,</strong></span> <span class='ocrx_word' id='word_1_218' title='bbox 2076 1294 2364 1347; x_wconf 87' lang='lat' dir='ltr'><strong>convocari</strong></span> <span class='ocrx_word' id='word_1_219' title='bbox 2394 1308 2608 1349; x_wconf 89' lang='lat' dir='ltr'><strong>omnem</strong></span> <span class='ocrx_word' id='word_1_220' title='bbox 2641 1304 2843 1350; x_wconf 71' lang='lat' dir='ltr'><strong>emtum</strong></span> <span class='ocrx_word' id='word_1_221' title='bbox 2874 1299 2989 1354; x_wconf 84' lang='lat' dir='ltr'><strong>sive</strong></span> <span class='ocrx_word' id='word_1_222' title='bbox 3025 1311 3356 1375; x_wconf 84' lang='lat' dir='ltr'><strong>synagogam</strong></span> <span class='ocrx_word' id='word_1_223' title='bbox 3384 1322 3522 1376; x_wconf 63' lang='lat' dir='ltr'><strong>pra:-</strong></span> 
     </span>
    </p>
   </div>
   <div class='ocr_carea' id='block_1_29' title="bbox 1934 1382 3518 1462">
    <p class='ocr_par' dir='ltr' id='par_1_29' title="bbox 1934 1382 3518 1462">
     <span class='ocr_line' id='line_1_29' title="bbox 1934 1382 3518 1462; baseline 0.012 -28"><span class='ocrx_word' id='word_1_224' title='bbox 1934 1382 2117 1452; x_wconf 89' lang='lat' dir='ltr'><strong>cepit,</strong></span> <span class='ocrx_word' id='word_1_225' title='bbox 2158 1383 2212 1437; x_wconf 95' lang='lat' dir='ltr'><strong>id</strong></span> <span class='ocrx_word' id='word_1_226' title='bbox 2246 1392 2364 1449; x_wconf 91' lang='lat' dir='ltr'><strong>est,</strong></span> <span class='ocrx_word' id='word_1_227' title='bbox 2400 1385 2543 1454; x_wconf 91' lang='lat' dir='ltr'><strong>quod</strong></span> <span class='ocrx_word' id='word_1_228' title='bbox 2576 1385 2759 1458; x_wconf 29' lang='lat' dir='ltr'><strong>.Grteci</strong></span> <span class='ocrx_word' id='word_1_229' title='bbox 2798 1388 3144 1448; x_wconf 68' lang='lat' dir='ltr'><strong>Ecclesiaste:</strong></span> <span class='ocrx_word' id='word_1_230' title='bbox 3182 1394 3405 1462; x_wconf 89' lang='lat' dir='ltr'><strong>dicunt,</strong></span> <span class='ocrx_word' id='word_1_231' title='bbox 3447 1400 3518 1454; x_wconf 87' lang='lat' dir='ltr'><strong>ad</strong></span> 
     </span>
    </p>
   </div>
   <div class='ocr_carea' id='block_1_30' title="bbox 1929 1472 3516 1557">
    <p class='ocr_par' dir='ltr' id='par_1_30' title="bbox 1929 1472 3516 1557">
     <span class='ocr_line' id='line_1_30' title="bbox 1929 1472 3516 1557; baseline 0.01 -30"><span class='ocrx_word' id='word_1_232' title='bbox 1929 1472 2152 1542; x_wconf 90' lang='lat' dir='ltr'><strong>januam</strong></span> <span class='ocrx_word' id='word_1_233' title='bbox 2194 1476 2525 1532; x_wconf 87' lang='lat' dir='ltr'><strong>tabernaculi</strong></span> <span class='ocrx_word' id='word_1_234' title='bbox 2565 1478 2882 1534; x_wconf 83' lang='lat' dir='ltr'><strong>testimonii.</strong></span> <span class='ocrx_word' id='word_1_235' title='bbox 2924 1481 3054 1549; x_wconf 70' lang='lat' dir='ltr'><strong>Qua:</strong></span> <span class='ocrx_word' id='word_1_236' title='bbox 3099 1500 3371 1557; x_wconf 88' lang='lat' dir='ltr'><strong>synagoga</strong></span> <span class='ocrx_word' id='word_1_237' title='bbox 3405 1504 3516 1544; x_wconf 90' lang='lat' dir='ltr'><strong>non</strong></span> 
     </span>
    </p>
   </div>
   <div class='ocr_carea' id='block_1_31' title="bbox 1933 1565 3510 1643">
    <p class='ocr_par' dir='ltr' id='par_1_31' title="bbox 1933 1565 3510 1643">
     <span class='ocr_line' id='line_1_31' title="bbox 1933 1565 3510 1643; baseline 0.01 -26"><span class='ocrx_word' id='word_1_238' title='bbox 1933 1572 2115 1635; x_wconf 90' lang='lat' dir='ltr'><strong>potest</strong></span> <span class='ocrx_word' id='word_1_239' title='bbox 2141 1565 2300 1620; x_wconf 87' lang='lat' dir='ltr'><strong>aliter</strong></span> <span class='ocrx_word' id='word_1_240' title='bbox 2327 1568 2393 1621; x_wconf 92' lang='lat' dir='ltr'><strong>ad</strong></span> <span class='ocrx_word' id='word_1_241' title='bbox 2422 1569 2563 1624; x_wconf 88' lang='lat' dir='ltr'><strong>hanc</strong></span> <span class='ocrx_word' id='word_1_242' title='bbox 2590 1568 2764 1640; x_wconf 85' lang='lat' dir='ltr'><strong>legem</strong></span> <span class='ocrx_word' id='word_1_243' title='bbox 2803 1574 3239 1629; x_wconf 87' lang='lat' dir='ltr'><strong>communionem</strong></span> <span class='ocrx_word' id='word_1_244' title='bbox 3275 1577 3510 1643; x_wconf 88' lang='lat' dir='ltr'><strong>habere,</strong></span> 
     </span>
    </p>
   </div>
   <div class='ocr_carea' id='block_1_32' title="bbox 1936 1658 3517 1735">
    <p class='ocr_par' dir='ltr' id='par_1_32' title="bbox 1936 1658 3517 1735">
     <span class='ocr_line' id='line_1_32' title="bbox 1936 1658 3517 1735; baseline 0.008 -24"><span class='ocrx_word' id='word_1_245' title='bbox 1936 1658 2041 1712; x_wconf 91' lang='lat' dir='ltr'><strong>nisi</strong></span> <span class='ocrx_word' id='word_1_246' title='bbox 2082 1659 2152 1712; x_wconf 92' lang='lat' dir='ltr'><strong>ad</strong></span> <span class='ocrx_word' id='word_1_247' title='bbox 2185 1658 2483 1714; x_wconf 85' lang='lat' dir='ltr'><strong>Ecclesiam</strong></span> <span class='ocrx_word' id='word_1_248' title='bbox 2518 1662 2834 1727; x_wconf 86' lang='lat' dir='ltr'><strong>conveniat,</strong></span> <span class='ocrx_word' id='word_1_249' title='bbox 2868 1665 3011 1734; x_wconf 89' lang='lat' dir='ltr'><strong>apud</strong></span> <span class='ocrx_word' id='word_1_250' title='bbox 3037 1680 3199 1735; x_wconf 87' lang='lat' dir='ltr'><strong>quam</strong></span> <span class='ocrx_word' id='word_1_251' title='bbox 3229 1667 3422 1723; x_wconf 87' lang='lat' dir='ltr'><strong>harum</strong></span> <span class='ocrx_word' id='word_1_252' title='bbox 3455 1670 3517 1722; x_wconf 94' lang='lat' dir='ltr'><strong>ﬁ-</strong></span> 
     </span>
    </p>
   </div>
   <div class='ocr_carea' id='block_1_33' title="bbox 251 1730 2842 1818">
    <p class='ocr_par' dir='ltr' id='par_1_33' title="bbox 251 1730 2842 1818">
     <span class='ocr_line' id='line_1_33' title="bbox 251 1730 2842 1818; baseline 0.002 -16"><span class='ocrx_word' id='word_1_253' title='bbox 251 1748 368 1802; x_wconf 87' lang='lat' dir='ltr'><strong>mis</strong></span> <span class='ocrx_word' id='word_1_254' title='bbox 401 1745 670 1802; x_wconf 76' lang='lat' dir='ltr'><strong>excellere</strong></span> <span class='ocrx_word' id='word_1_255' title='bbox 702 1746 876 1816; x_wconf 85' lang='lat' dir='ltr'><strong>possit</strong></span> <span class='ocrx_word' id='word_1_256' title='bbox 927 1744 1053 1815; x_wconf 88' lang='lat' dir='ltr'><strong>quis</strong></span> <span class='ocrx_word' id='word_1_257' title='bbox 1073 1785 1088 1810; x_wconf 99' lang='lat'><strong>,</strong></span> <span class='ocrx_word' id='word_1_258' title='bbox 1120 1746 1225 1800; x_wconf 86' lang='lat' dir='ltr'><strong>nisi</strong></span> <span class='ocrx_word' id='word_1_259' title='bbox 1264 1761 1325 1801; x_wconf 91' lang='lat' dir='ltr'><strong>ea</strong></span> <span class='ocrx_word' id='word_1_260' title='bbox 1363 1754 1645 1801; x_wconf 84' lang='lat' dir='ltr'><strong>assecutus</strong></span> <span class='ocrx_word' id='word_1_261' title='bbox 1674 1746 1836 1802; x_wconf 82' lang='lat' dir='ltr'><strong>fuerit</strong></span> <span class='ocrx_word' id='word_1_262' title='bbox 1864 1730 1913 1789; x_wconf 84' lang='grc' dir='ltr'><strong>Β</strong></span> <span class='ocrx_word' id='word_1_263' title='bbox 1940 1761 2199 1818; x_wconf 84' lang='lat' dir='ltr'><strong>gurarum</strong></span> <span class='ocrx_word' id='word_1_264' title='bbox 2232 1750 2437 1804; x_wconf 90' lang='lat' dir='ltr'><strong>veritas</strong></span> <span class='ocrx_word' id='word_1_265' title='bbox 2469 1761 2842 1807; x_wconf 86' lang='lat' dir='ltr'><strong>conservatur.</strong></span> 
     </span>
    </p>
   </div>
   <div class='ocr_carea' id='block_1_34' title="bbox 249 1835 1837 1910">
    <p class='ocr_par' dir='ltr' id='par_1_34' title="bbox 249 1835 1837 1910">
     <span class='ocr_line' id='line_1_34' title="bbox 249 1835 1837 1910; baseline -0.001 -17"><span class='ocrx_word' id='word_1_266' title='bbox 249 1854 381 1910; x_wconf 70' lang='lat' dir='ltr'><strong>qua:</strong></span> <span class='ocrx_word' id='word_1_267' title='bbox 410 1840 467 1892; x_wconf 94' lang='lat' dir='ltr'><strong>in</strong></span> <span class='ocrx_word' id='word_1_268' title='bbox 498 1837 873 1907; x_wconf 88' lang='lat' dir='ltr'><strong>superioribus</strong></span> <span class='ocrx_word' id='word_1_269' title='bbox 901 1842 1027 1891; x_wconf 90' lang='lat' dir='ltr'><strong>sunt</strong></span> <span class='ocrx_word' id='word_1_270' title='bbox 1052 1845 1343 1906; x_wconf 72' lang='lat' dir='ltr'><strong>prtecepta.</strong></span> <span class='ocrx_word' id='word_1_271' title='bbox 1385 1835 1478 1891; x_wconf 90' lang='lat' dir='ltr'><strong>Sic</strong></span> <span class='ocrx_word' id='word_1_272' title='bbox 1510 1837 1655 1891; x_wconf 87' lang='lat' dir='ltr'><strong>enim</strong></span> <span class='ocrx_word' id='word_1_273' title='bbox 1690 1837 1837 1907; x_wconf 80' lang='lat' dir='ltr'><strong>quis-</strong></span> 
     </span>
    </p>
   </div>
   <div class='ocr_carea' id='block_1_35' title="bbox 247 1925 1835 2001">
    <p class='ocr_par' dir='ltr' id='par_1_35' title="bbox 247 1925 1835 2001">
     <span class='ocr_line' id='line_1_35' title="bbox 247 1925 1835 2001; baseline -0.002 -17"><span class='ocrx_word' id='word_1_274' title='bbox 247 1931 403 2001; x_wconf 85' lang='lat' dir='ltr'><strong>piam</strong></span> <span class='ocrx_word' id='word_1_275' title='bbox 432 1937 487 1983; x_wconf 90' lang='lat' dir='ltr'><strong>et</strong></span> <span class='ocrx_word' id='word_1_276' title='bbox 516 1926 773 1983; x_wconf 88' lang='lat' dir='ltr'><strong>sacerdos</strong></span> <span class='ocrx_word' id='word_1_277' title='bbox 803 1925 863 1980; x_wconf 90' lang='lat' dir='ltr'><strong>ﬁt</strong></span> <span class='ocrx_word' id='word_1_278' title='bbox 892 1926 1189 1981; x_wconf 89' lang='lat' dir='ltr'><strong>secundum</strong></span> <span class='ocrx_word' id='word_1_279' title='bbox 1220 1926 1599 1996; x_wconf 83' lang='lat' dir='ltr'><strong>cognationem</strong></span> <span class='ocrx_word' id='word_1_280' title='bbox 1629 1925 1835 1982; x_wconf 89' lang='lat' dir='ltr'><strong>Christi</strong></span> 
     </span>
    </p>
   </div>
   <div class='ocr_carea' id='block_1_36' title="bbox 250 2018 1832 2089">
    <p class='ocr_par' dir='ltr' id='par_1_36' title="bbox 250 2018 1832 2089">
     <span class='ocr_line' id='line_1_36' title="bbox 250 2018 1832 2089; baseline -0.001 -13"><span class='ocrx_word' id='word_1_281' title='bbox 250 2022 375 2076; x_wconf 88' lang='lat' dir='ltr'><strong>veri</strong></span> <span class='ocrx_word' id='word_1_282' title='bbox 401 2019 734 2085; x_wconf 87' lang='lat' dir='ltr'><strong>sacerdotis,</strong></span> <span class='ocrx_word' id='word_1_283' title='bbox 766 2018 858 2088; x_wconf 89' lang='lat' dir='ltr'><strong>qui</strong></span> <span class='ocrx_word' id='word_1_284' title='bbox 889 2018 1290 2073; x_wconf 89' lang='lat' dir='ltr'><strong>immaculatam</strong></span> <span class='ocrx_word' id='word_1_285' title='bbox 1321 2028 1375 2073; x_wconf 91' lang='lat' dir='ltr'><strong>et</strong></span> <span class='ocrx_word' id='word_1_286' title='bbox 1404 2018 1703 2089; x_wconf 83' lang='lat' dir='ltr'><strong>perfectam</strong></span> <span class='ocrx_word' id='word_1_287' title='bbox 1734 2020 1832 2075; x_wconf 85' lang='lat' dir='ltr'><strong>de-</strong></span> 
     </span>
    </p>
   </div>
   <div class='ocr_carea' id='block_1_37' title="bbox 249 2107 1835 2180">
    <p class='ocr_par' dir='ltr' id='par_1_37' title="bbox 249 2107 1835 2180">
     <span class='ocr_line' id='line_1_37' title="bbox 249 2107 1835 2180; baseline -0.001 -13"><span class='ocrx_word' id='word_1_288' title='bbox 249 2110 586 2167; x_wconf 86' lang='lat' dir='ltr'><strong>monstravit</strong></span> <span class='ocrx_word' id='word_1_289' title='bbox 617 2109 806 2163; x_wconf 90' lang='lat' dir='ltr'><strong>vitam.</strong></span> <span class='ocrx_word' id='word_1_290' title='bbox 845 2107 952 2164; x_wconf 88' lang='lat' dir='ltr'><strong>Sed</strong></span> <span class='ocrx_word' id='word_1_291' title='bbox 980 2109 1106 2177; x_wconf 88' lang='lat' dir='ltr'><strong>quia</strong></span> <span class='ocrx_word' id='word_1_292' title='bbox 1136 2108 1448 2164; x_wconf 88' lang='lat' dir='ltr'><strong>unctionem</strong></span> <span class='ocrx_word' id='word_1_293' title='bbox 1483 2124 1547 2165; x_wconf 91' lang='lat' dir='ltr'><strong>ea</strong></span> <span class='ocrx_word' id='word_1_294' title='bbox 1584 2124 1705 2180; x_wconf 66' lang='lat' dir='ltr'><strong>qua:</strong></span> <span class='ocrx_word' id='word_1_295' title='bbox 1740 2126 1835 2165; x_wconf 82' lang='lat' dir='ltr'><strong>su—</strong></span> 
     </span>
    </p>
   </div>
   <div class='ocr_carea' id='block_1_38' title="bbox 247 2196 1837 2273">
    <p class='ocr_par' dir='ltr' id='par_1_38' title="bbox 247 2196 1837 2273">
     <span class='ocr_line' id='line_1_38' title="bbox 247 2196 1837 2273; baseline 0.001 -19"><span class='ocrx_word' id='word_1_296' title='bbox 247 2201 442 2273; x_wconf 88' lang='lat' dir='ltr'><strong>perius</strong></span> <span class='ocrx_word' id='word_1_297' title='bbox 467 2199 625 2270; x_wconf 85' lang='lat' dir='ltr'><strong>plane</strong></span> <span class='ocrx_word' id='word_1_298' title='bbox 650 2199 791 2253; x_wconf 90' lang='lat' dir='ltr'><strong>dicta</strong></span> <span class='ocrx_word' id='word_1_299' title='bbox 816 2206 939 2253; x_wconf 91' lang='lat' dir='ltr'><strong>sunt</strong></span> <span class='ocrx_word' id='word_1_300' title='bbox 963 2196 1258 2263; x_wconf 85' lang='lat' dir='ltr'><strong>intellexit,</strong></span> <span class='ocrx_word' id='word_1_301' title='bbox 1295 2213 1416 2267; x_wconf 69' lang='lat' dir='ltr'><strong>quae</strong></span> <span class='ocrx_word' id='word_1_302' title='bbox 1436 2198 1837 2268; x_wconf 87' lang='lat' dir='ltr'><strong>subsequuntur</strong></span> 
     </span>
    </p>
   </div>
   <div class='ocr_carea' id='block_1_39' title="bbox 249 2286 1835 2361">
    <p class='ocr_par' dir='ltr' id='par_1_39' title="bbox 249 2286 1835 2361">
     <span class='ocr_line' id='line_1_39' title="bbox 249 2286 1835 2361; baseline -0.002 -16"><span class='ocrx_word' id='word_1_303' title='bbox 249 2292 602 2361; x_wconf 87' lang='lat' dir='ltr'><strong>approbant:</strong></span> <span class='ocrx_word' id='word_1_304' title='bbox 638 2287 747 2344; x_wconf 88' lang='lat' dir='ltr'><strong>Ista</strong></span> <span class='ocrx_word' id='word_1_305' title='bbox 788 2297 863 2341; x_wconf 89' lang='lat' dir='ltr'><strong>est</strong></span> <span class='ocrx_word' id='word_1_306' title='bbox 902 2286 988 2341; x_wconf 75' lang='lat' dir='ltr'><strong>lex</strong></span> <span class='ocrx_word' id='word_1_307' title='bbox 1022 2286 1317 2341; x_wconf 85' lang='lat' dir='ltr'><strong>holocausti</strong></span> <span class='ocrx_word' id='word_1_308' title='bbox 1359 2296 1407 2341; x_wconf 89' lang='lat' dir='ltr'><strong>et</strong></span> <span class='ocrx_word' id='word_1_309' title='bbox 1449 2287 1698 2357; x_wconf 78' lang='lat' dir='ltr'><strong>sacriﬁcii</strong></span> <span class='ocrx_word' id='word_1_310' title='bbox 1741 2304 1835 2359; x_wconf 89' lang='lat' dir='ltr'><strong>pro</strong></span> 
     </span>
    </p>
   </div>
   <div class='ocr_carea' id='block_1_40' title="bbox 246 2374 1836 2453">
    <p class='ocr_par' dir='ltr' id='par_1_40' title="bbox 246 2374 1836 2453">
     <span class='ocr_line' id='line_1_40' title="bbox 246 2374 1836 2453; baseline -0.003 -17"><span class='ocrx_word' id='word_1_311' title='bbox 246 2391 466 2453; x_wconf 81' lang='lat' dir='ltr'><strong>peccato</strong></span> <span class='ocrx_word' id='word_1_312' title='bbox 507 2389 664 2450; x_wconf 86' lang='lat' dir='ltr'><strong>atque</strong></span> <span class='ocrx_word' id='word_1_313' title='bbox 703 2374 891 2432; x_wconf 85' lang='lat' dir='ltr'><strong>delicto</strong></span> <span class='ocrx_word' id='word_1_314' title='bbox 911 2417 926 2442; x_wconf 93' lang='lat'><strong>,</strong></span> <span class='ocrx_word' id='word_1_315' title='bbox 956 2386 1004 2430; x_wconf 89' lang='lat' dir='ltr'><strong>et</strong></span> <span class='ocrx_word' id='word_1_316' title='bbox 1033 2394 1127 2448; x_wconf 91' lang='lat' dir='ltr'><strong>pro</strong></span> <span class='ocrx_word' id='word_1_317' title='bbox 1154 2377 1542 2432; x_wconf 87' lang='lat' dir='ltr'><strong>consecratione</strong></span> <span class='ocrx_word' id='word_1_318' title='bbox 1569 2386 1620 2432; x_wconf 90' lang='lat' dir='ltr'><strong>et</strong></span> <span class='ocrx_word' id='word_1_319' title='bbox 1648 2379 1836 2449; x_wconf 79' lang='lat' dir='ltr'><strong>paciﬁ-</strong></span> 
     </span>
    </p>
   </div>
   <div class='ocr_carea' id='block_1_41' title="bbox 249 2466 1835 2539">
    <p class='ocr_par' dir='ltr' id='par_1_41' title="bbox 249 2466 1835 2539">
     <span class='ocr_line' id='line_1_41' title="bbox 249 2466 1835 2539; baseline -0.001 -15"><span class='ocrx_word' id='word_1_320' title='bbox 249 2486 440 2525; x_wconf 86' lang='lat' dir='ltr'><strong>corum</strong></span> <span class='ocrx_word' id='word_1_321' title='bbox 495 2468 720 2522; x_wconf 79' lang='lat' dir='ltr'><strong>victimis</strong></span> <span class='ocrx_word' id='word_1_322' title='bbox 754 2484 884 2537; x_wconf 91' lang='lat' dir='ltr'><strong>quas</strong></span> <span class='ocrx_word' id='word_1_323' title='bbox 924 2468 1191 2521; x_wconf 84' lang='lat' dir='ltr'><strong>constituit</strong></span> <span class='ocrx_word' id='word_1_324' title='bbox 1245 2466 1496 2522; x_wconf 82' lang='lat' dir='ltr'><strong>Dominus</strong></span> <span class='ocrx_word' id='word_1_325' title='bbox 1559 2466 1732 2539; x_wconf 78' lang='lat' dir='ltr'><strong>Moysi</strong></span> <span class='ocrx_word' id='word_1_326' title='bbox 1777 2471 1835 2524; x_wconf 90' lang='lat' dir='ltr'><strong>in</strong></span> 
     </span>
    </p>
   </div>
   <div class='ocr_carea' id='block_1_42' title="bbox 248 2555 1834 2627">
    <p class='ocr_par' dir='ltr' id='par_1_42' title="bbox 248 2555 1834 2627">
     <span class='ocr_line' id='line_1_42' title="bbox 248 2555 1834 2627; baseline 0.001 -17"><span class='ocrx_word' id='word_1_327' title='bbox 248 2567 429 2611; x_wconf 86' lang='lat' dir='ltr'><strong>monte</strong></span> <span class='ocrx_word' id='word_1_328' title='bbox 447 2555 624 2623; x_wconf 88' lang='lat' dir='ltr'><strong>Sinai,</strong></span> <span class='ocrx_word' id='word_1_329' title='bbox 639 2555 849 2627; x_wconf 81' lang='lat' dir='ltr'><strong>quando</strong></span> <span class='ocrx_word' id='word_1_330' title='bbox 864 2556 1127 2610; x_wconf 82' lang='lat' dir='ltr'><strong>mandavit</strong></span> <span class='ocrx_word' id='word_1_331' title='bbox 1151 2555 1277 2624; x_wconf 82' lang='lat' dir='ltr'><strong>ﬁliis</strong></span> <span class='ocrx_word' id='word_1_332' title='bbox 1300 2555 1491 2622; x_wconf 89' lang='lat' dir='ltr'><strong>Israel,</strong></span> <span class='ocrx_word' id='word_1_333' title='bbox 1510 2567 1566 2610; x_wconf 91' lang='lat' dir='ltr'><strong>ut</strong></span> <span class='ocrx_word' id='word_1_334' title='bbox 1586 2558 1834 2627; x_wconf 70' lang='lat' dir='ltr'><strong>o/ferrent</strong></span> 
     </span>
    </p>
   </div>
   <div class='ocr_carea' id='block_1_43' title="bbox 249 2644 1835 2718">
    <p class='ocr_par' dir='ltr' id='par_1_43' title="bbox 249 2644 1835 2718">
     <span class='ocr_line' id='line_1_43' title="bbox 249 2644 1835 2718; baseline 0 -17"><span class='ocrx_word' id='word_1_335' title='bbox 249 2648 547 2702; x_wconf 85' lang='lat' dir='ltr'><strong>oblationes</strong></span> <span class='ocrx_word' id='word_1_336' title='bbox 573 2664 699 2701; x_wconf 88' lang='lat' dir='ltr'><strong>suas</strong></span> <span class='ocrx_word' id='word_1_337' title='bbox 725 2646 950 2699; x_wconf 89' lang='lat' dir='ltr'><strong>Domino</strong></span> <span class='ocrx_word' id='word_1_338' title='bbox 979 2646 1033 2700; x_wconf 90' lang='lat' dir='ltr'><strong>in</strong></span> <span class='ocrx_word' id='word_1_339' title='bbox 1059 2645 1261 2700; x_wconf 87' lang='lat' dir='ltr'><strong>deserto</strong></span> <span class='ocrx_word' id='word_1_340' title='bbox 1290 2645 1443 2701; x_wconf 90' lang='lat' dir='ltr'><strong>Sinai</strong></span> <span class='ocrx_word' id='word_1_341' title='bbox 1471 2645 1489 2718; x_wconf 96' lang='lat'><strong>(</strong></span> <span class='ocrx_word' id='word_1_342' title='bbox 1512 2644 1653 2700; x_wconf 84' lang='lat' dir='ltr'><strong>Ibid.</strong></span> <span class='ocrx_word' id='word_1_343' title='bbox 1675 2646 1717 2718; x_wconf 80' lang='lat'><strong>).</strong></span> <span class='ocrx_word' id='word_1_344' title='bbox 1742 2647 1835 2703; x_wconf 78' lang='lat' dir='ltr'><strong>Vi-</strong></span> 
     </span>
    </p>
   </div>
   <div class='ocr_carea' id='block_1_44' title="bbox 249 2734 1830 2804">
    <p class='ocr_par' dir='ltr' id='par_1_44' title="bbox 249 2734 1830 2804">
     <span class='ocr_line' id='line_1_44' title="bbox 249 2734 1830 2804; baseline -0.003 -11"><span class='ocrx_word' id='word_1_345' title='bbox 249 2740 351 2793; x_wconf 87' lang='lat' dir='ltr'><strong>des</strong></span> <span class='ocrx_word' id='word_1_346' title='bbox 378 2736 693 2793; x_wconf 75' lang='lat' dir='ltr'><strong>diﬁ‘erentes</strong></span> <span class='ocrx_word' id='word_1_347' title='bbox 721 2736 1162 2791; x_wconf 87' lang='lat' dir='ltr'><strong>conversationes</strong></span> <span class='ocrx_word' id='word_1_348' title='bbox 1188 2750 1309 2804; x_wconf 68' lang='lat' dir='ltr'><strong>qua:</strong></span> <span class='ocrx_word' id='word_1_349' title='bbox 1339 2734 1673 2803; x_wconf 88' lang='lat' dir='ltr'><strong>conjungunt</strong></span> <span class='ocrx_word' id='word_1_350' title='bbox 1699 2735 1830 2797; x_wconf 90' lang='lat' dir='ltr'><strong>Deo,</strong></span> 
     </span>
    </p>
   </div>
   <div class='ocr_carea' id='block_1_45' title="bbox 248 2821 1832 2898">
    <p class='ocr_par' dir='ltr' id='par_1_45' title="bbox 248 2821 1832 2898">
     <span class='ocr_line' id='line_1_45' title="bbox 248 2821 1832 2898; baseline -0.005 -14"><span class='ocrx_word' id='word_1_351' title='bbox 248 2831 369 2884; x_wconf 81' lang='lat' dir='ltr'><strong>sive</strong></span> <span class='ocrx_word' id='word_1_352' title='bbox 401 2826 706 2898; x_wconf 82' lang='lat' dir='ltr'><strong>perfectum</strong></span> <span class='ocrx_word' id='word_1_353' title='bbox 743 2827 1005 2881; x_wconf 88' lang='lat' dir='ltr'><strong>honorem</strong></span> <span class='ocrx_word' id='word_1_354' title='bbox 1044 2824 1359 2894; x_wconf 82' lang='lat' dir='ltr'><strong>sapientiae,</strong></span> <span class='ocrx_word' id='word_1_355' title='bbox 1397 2824 1490 2893; x_wconf 90' lang='lat' dir='ltr'><strong>qui</strong></span> <span class='ocrx_word' id='word_1_356' title='bbox 1532 2837 1631 2891; x_wconf 89' lang='lat' dir='ltr'><strong>per</strong></span> <span class='ocrx_word' id='word_1_357' title='bbox 1678 2821 1832 2876; x_wconf 85' lang='lat' dir='ltr'><strong>holo-</strong></span> 
     </span>
    </p>
   </div>
   <div class='ocr_carea' id='block_1_46' title="bbox 248 2910 1833 2987">
    <p class='ocr_par' dir='ltr' id='par_1_46' title="bbox 248 2910 1833 2987">
     <span class='ocr_line' id='line_1_46' title="bbox 248 2910 1833 2987; baseline -0.006 -13"><span class='ocrx_word' id='word_1_358' title='bbox 248 2928 507 2975; x_wconf 85' lang='lat' dir='ltr'><strong>caustum</strong></span> <span class='ocrx_word' id='word_1_359' title='bbox 550 2916 908 2987; x_wconf 88' lang='lat' dir='ltr'><strong>signiﬁcatur,</strong></span> <span class='ocrx_word' id='word_1_360' title='bbox 937 2915 1051 2970; x_wconf 92' lang='lat' dir='ltr'><strong>sive</strong></span> <span class='ocrx_word' id='word_1_361' title='bbox 1079 2928 1176 2983; x_wconf 87' lang='lat' dir='ltr'><strong>per</strong></span> <span class='ocrx_word' id='word_1_362' title='bbox 1212 2912 1541 2968; x_wconf 90' lang='lat' dir='ltr'><strong>mediocrem</strong></span> <span class='ocrx_word' id='word_1_363' title='bbox 1566 2910 1833 2980; x_wconf 88' lang='lat' dir='ltr'><strong>justitiam</strong></span> 
     </span>
    </p>
   </div>
   <div class='ocr_carea' id='block_1_47' title="bbox 246 3002 1831 3083">
    <p class='ocr_par' dir='ltr' id='par_1_47' title="bbox 246 3002 1831 3083">
     <span class='ocr_line' id='line_1_47' title="bbox 246 3002 1831 3083; baseline -0.006 -17"><span class='ocrx_word' id='word_1_364' title='bbox 246 3027 374 3083; x_wconf 77' lang='lat' dir='ltr'><strong>qua:</strong></span> <span class='ocrx_word' id='word_1_365' title='bbox 413 3011 612 3066; x_wconf 87' lang='lat' dir='ltr'><strong>idonea</strong></span> <span class='ocrx_word' id='word_1_366' title='bbox 640 3016 754 3074; x_wconf 87' lang='lat' dir='ltr'><strong>est,</strong></span> <span class='ocrx_word' id='word_1_367' title='bbox 786 3016 844 3062; x_wconf 92' lang='lat' dir='ltr'><strong>et</strong></span> <span class='ocrx_word' id='word_1_368' title='bbox 872 3022 993 3076; x_wconf 79' lang='lat' dir='ltr'><strong>qua:</strong></span> <span class='ocrx_word' id='word_1_369' title='bbox 1022 3007 1089 3060; x_wconf 86' lang='lat' dir='ltr'><strong>ad</strong></span> <span class='ocrx_word' id='word_1_370' title='bbox 1123 3004 1351 3061; x_wconf 82' lang='lat' dir='ltr'><strong>salutem</strong></span> <span class='ocrx_word' id='word_1_371' title='bbox 1387 3002 1663 3074; x_wconf 90' lang='lat' dir='ltr'><strong>pertinent</strong></span> <span class='ocrx_word' id='word_1_372' title='bbox 1700 3017 1831 3071; x_wconf 63' lang='lat' dir='ltr'><strong>opeo</strong></span> 
     </span>
    </p>
   </div>
   <div class='ocr_carea' id='block_1_48' title="bbox 248 3073 1904 3166">
    <p class='ocr_par' dir='ltr' id='par_1_48' title="bbox 248 3073 1904 3166">
     <span class='ocr_line' id='line_1_48' title="bbox 248 3073 1904 3166; baseline -0.004 -11"><span class='ocrx_word' id='word_1_373' title='bbox 248 3101 386 3155; x_wconf 89' lang='lat' dir='ltr'><strong>rari.</strong></span> <span class='ocrx_word' id='word_1_374' title='bbox 429 3098 711 3154; x_wconf 90' lang='lat' dir='ltr'><strong>Sacriﬁcia</strong></span> <span class='ocrx_word' id='word_1_375' title='bbox 743 3098 888 3153; x_wconf 90' lang='lat' dir='ltr'><strong>enim</strong></span> <span class='ocrx_word' id='word_1_376' title='bbox 918 3096 1034 3152; x_wconf 70' lang='lat' dir='ltr'><strong>lucc</strong></span> <span class='ocrx_word' id='word_1_377' title='bbox 1062 3094 1416 3166; x_wconf 87' lang='lat' dir='ltr'><strong>paciﬁcorum</strong></span> <span class='ocrx_word' id='word_1_378' title='bbox 1452 3093 1567 3148; x_wconf 88' lang='lat' dir='ltr'><strong>sive</strong></span> <span class='ocrx_word' id='word_1_379' title='bbox 1600 3108 1699 3163; x_wconf 91' lang='lat' dir='ltr'><strong>per</strong></span> <span class='ocrx_word' id='word_1_380' title='bbox 1736 3095 1833 3148; x_wconf 87' lang='lat' dir='ltr'><strong>ho-</strong></span> <span class='ocrx_word' id='word_1_381' title='bbox 1860 3073 1904 3133; x_wconf 62' lang='grc' dir='ltr'><strong>(ἶ</strong></span> 
     </span>
    </p>
   </div>
   <div class='ocr_carea' id='block_1_49' title="bbox 245 3181 1826 3258">
    <p class='ocr_par' dir='ltr' id='par_1_49' title="bbox 245 3181 1826 3258">
     <span class='ocr_line' id='line_1_49' title="bbox 245 3181 1826 3258; baseline -0.006 -13"><span class='ocrx_word' id='word_1_382' title='bbox 245 3190 499 3245; x_wconf 86' lang='lat' dir='ltr'><strong>loeausta</strong></span> <span class='ocrx_word' id='word_1_383' title='bbox 536 3195 789 3258; x_wconf 87' lang='lat' dir='ltr'><strong>agantur,</strong></span> <span class='ocrx_word' id='word_1_384' title='bbox 832 3186 946 3240; x_wconf 82' lang='lat' dir='ltr'><strong>sive</strong></span> <span class='ocrx_word' id='word_1_385' title='bbox 982 3198 1077 3254; x_wconf 90' lang='lat' dir='ltr'><strong>per</strong></span> <span class='ocrx_word' id='word_1_386' title='bbox 1114 3181 1479 3247; x_wconf 88' lang='lat' dir='ltr'><strong>oblationem,</strong></span> <span class='ocrx_word' id='word_1_387' title='bbox 1518 3190 1666 3236; x_wconf 91' lang='lat' dir='ltr'><strong>recte</strong></span> <span class='ocrx_word' id='word_1_388' title='bbox 1704 3195 1826 3236; x_wconf 88' lang='lat' dir='ltr'><strong>esse</strong></span> 
     </span>
    </p>
   </div>
   <div class='ocr_carea' id='block_1_50' title="bbox 246 3272 1833 3350">
    <p class='ocr_par' dir='ltr' id='par_1_50' title="bbox 246 3272 1833 3350">
     <span class='ocr_line' id='line_1_50' title="bbox 246 3272 1833 3350; baseline -0.008 -13"><span class='ocrx_word' id='word_1_389' title='bbox 246 3282 446 3345; x_wconf 89' lang='lat' dir='ltr'><strong>utilia,</strong></span> <span class='ocrx_word' id='word_1_390' title='bbox 484 3288 545 3334; x_wconf 92' lang='lat' dir='ltr'><strong>ut</strong></span> <span class='ocrx_word' id='word_1_391' title='bbox 581 3287 707 3350; x_wconf 86' lang='lat' dir='ltr'><strong>pote</strong></span> <span class='ocrx_word' id='word_1_392' title='bbox 744 3279 1063 3348; x_wconf 90' lang='lat' dir='ltr'><strong>dignitatem</strong></span> <span class='ocrx_word' id='word_1_393' title='bbox 1102 3272 1492 3331; x_wconf 88' lang='lat' dir='ltr'><strong>sacerdotalem</strong></span> <span class='ocrx_word' id='word_1_394' title='bbox 1520 3272 1833 3342; x_wconf 67' lang='lat' dir='ltr'><strong>praestantia</strong></span> 
     </span>
    </p>
   </div>
   <div class='ocr_carea' id='block_1_51' title="bbox 243 3363 1835 3441">
    <p class='ocr_par' dir='ltr' id='par_1_51' title="bbox 243 3363 1835 3441">
     <span class='ocr_line' id='line_1_51' title="bbox 243 3363 1835 3441; baseline -0.007 -12"><span class='ocrx_word' id='word_1_395' title='bbox 243 3376 337 3430; x_wconf 81' lang='lat' dir='ltr'><strong>lex</strong></span> <span class='ocrx_word' id='word_1_396' title='bbox 376 3373 681 3436; x_wconf 79' lang='lat' dir='ltr'><strong>intellexit,</strong></span> <span class='ocrx_word' id='word_1_397' title='bbox 710 3380 763 3427; x_wconf 88' lang='lat' dir='ltr'><strong>et</strong></span> <span class='ocrx_word' id='word_1_398' title='bbox 794 3378 1079 3441; x_wconf 87' lang='lat' dir='ltr'><strong>propterea</strong></span> <span class='ocrx_word' id='word_1_399' title='bbox 1108 3366 1162 3421; x_wconf 90' lang='lat' dir='ltr'><strong>in</strong></span> <span class='ocrx_word' id='word_1_400' title='bbox 1192 3366 1279 3422; x_wconf 89' lang='lat' dir='ltr'><strong>die</strong></span> <span class='ocrx_word' id='word_1_401' title='bbox 1307 3378 1414 3435; x_wconf 90' lang='lat' dir='ltr'><strong>qua</strong></span> <span class='ocrx_word' id='word_1_402' title='bbox 1445 3363 1723 3419; x_wconf 90' lang='lat' dir='ltr'><strong>unctionis</strong></span> <span class='ocrx_word' id='word_1_403' title='bbox 1756 3363 1835 3418; x_wconf 90' lang='lat' dir='ltr'><strong>le-</strong></span> 
     </span>
    </p>
   </div>
   <div class='ocr_carea' id='block_1_52' title="bbox 248 3456 1835 3540">
    <p class='ocr_par' dir='ltr' id='par_1_52' title="bbox 248 3456 1835 3540">
     <span class='ocr_line' id='line_1_52' title="bbox 248 3456 1835 3540; baseline -0.008 -18"><span class='ocrx_word' id='word_1_404' title='bbox 248 3484 378 3540; x_wconf 85' lang='lat' dir='ltr'><strong>gem</strong></span> <span class='ocrx_word' id='word_1_405' title='bbox 418 3465 589 3536; x_wconf 77' lang='lat' dir='ltr'><strong>Moysi</strong></span> <span class='ocrx_word' id='word_1_406' title='bbox 627 3465 682 3518; x_wconf 90' lang='lat' dir='ltr'><strong>in</strong></span> <span class='ocrx_word' id='word_1_407' title='bbox 721 3471 906 3518; x_wconf 88' lang='lat' dir='ltr'><strong>monte</strong></span> <span class='ocrx_word' id='word_1_408' title='bbox 940 3460 1071 3515; x_wconf 88' lang='lat' dir='ltr'><strong>Sina</strong></span> <span class='ocrx_word' id='word_1_409' title='bbox 1108 3456 1580 3529; x_wconf 87' lang='lat' dir='ltr'><strong>mandavit,etiam</strong></span> <span class='ocrx_word' id='word_1_410' title='bbox 1613 3471 1675 3510; x_wconf 93' lang='lat' dir='ltr'><strong>ea</strong></span> <span class='ocrx_word' id='word_1_411' title='bbox 1714 3471 1835 3526; x_wconf 71' lang='lat' dir='ltr'><strong>qua:</strong></span> 
     </span>
    </p>
   </div>
   <div class='ocr_carea' id='block_1_53' title="bbox 255 3546 1834 3618">
    <p class='ocr_par' dir='ltr' id='par_1_53' title="bbox 255 3546 1834 3618">
     <span class='ocr_line' id='line_1_53' title="bbox 255 3546 1834 3618; baseline -0.007 -7"><span class='ocrx_word' id='word_1_412' title='bbox 255 3565 390 3612; x_wconf 88' lang='lat' dir='ltr'><strong>sunt</strong></span> <span class='ocrx_word' id='word_1_413' title='bbox 418 3557 483 3610; x_wconf 83' lang='lat' dir='ltr'><strong>de</strong></span> <span class='ocrx_word' id='word_1_414' title='bbox 513 3552 798 3609; x_wconf 88' lang='lat' dir='ltr'><strong>sacriﬁciis</strong></span> <span class='ocrx_word' id='word_1_415' title='bbox 822 3551 1094 3616; x_wconf 89' lang='lat' dir='ltr'><strong>subdidit,</strong></span> <span class='ocrx_word' id='word_1_416' title='bbox 1124 3547 1391 3618; x_wconf 88' lang='lat' dir='ltr'><strong>simulque</strong></span> <span class='ocrx_word' id='word_1_417' title='bbox 1413 3561 1479 3603; x_wconf 90' lang='lat' dir='ltr'><strong>ea</strong></span> <span class='ocrx_word' id='word_1_418' title='bbox 1504 3546 1685 3601; x_wconf 88' lang='lat' dir='ltr'><strong>omnia</strong></span> <span class='ocrx_word' id='word_1_419' title='bbox 1709 3546 1834 3600; x_wconf 91' lang='lat' dir='ltr'><strong>bre-</strong></span> 
     </span>
    </p>
   </div>
   <div class='ocr_carea' id='block_1_54' title="bbox 246 3636 1834 3702">
    <p class='ocr_par' dir='ltr' id='par_1_54' title="bbox 246 3636 1834 3702">
     <span class='ocr_line' id='line_1_54' title="bbox 246 3636 1834 3702; baseline -0.008 0"><span class='ocrx_word' id='word_1_420' title='bbox 246 3648 398 3702; x_wconf 77' lang='lat' dir='ltr'><strong>viter</strong></span> <span class='ocrx_word' id='word_1_421' title='bbox 445 3644 787 3700; x_wconf 89' lang='lat' dir='ltr'><strong>enumeravit</strong></span> <span class='ocrx_word' id='word_1_422' title='bbox 827 3650 884 3698; x_wconf 90' lang='lat' dir='ltr'><strong>et</strong></span> <span class='ocrx_word' id='word_1_423' title='bbox 926 3638 1394 3696; x_wconf 81' lang='lat' dir='ltr'><strong>commemoravit.</strong></span> <span class='ocrx_word' id='word_1_424' title='bbox 1447 3636 1554 3692; x_wconf 90' lang='lat' dir='ltr'><strong>Sed</strong></span> <span class='ocrx_word' id='word_1_425' title='bbox 1586 3636 1681 3692; x_wconf 92' lang='lat' dir='ltr'><strong>ubi</strong></span> <span class='ocrx_word' id='word_1_426' title='bbox 1716 3636 1834 3690; x_wconf 82' lang='lat' dir='ltr'><strong>haec</strong></span> 
     </span>
    </p>
   </div>
   <div class='ocr_carea' id='block_1_55' title="bbox 247 3729 1835 3792">
    <p class='ocr_par' dir='ltr' id='par_1_55' title="bbox 247 3729 1835 3792">
     <span class='ocr_line' id='line_1_55' title="bbox 247 3729 1835 3792; baseline -0.008 0"><span class='ocrx_word' id='word_1_427' title='bbox 247 3737 551 3792; x_wconf 81' lang='lat' dir='ltr'><strong>constituta</strong></span> <span class='ocrx_word' id='word_1_428' title='bbox 581 3734 765 3789; x_wconf 80' lang='lat' dir='ltr'><strong>dixit?</strong></span> <span class='ocrx_word' id='word_1_429' title='bbox 793 3733 860 3787; x_wconf 88' lang='lat' dir='ltr'><strong>In</strong></span> <span class='ocrx_word' id='word_1_430' title='bbox 890 3732 1091 3787; x_wconf 87' lang='lat' dir='ltr'><strong>deserto</strong></span> <span class='ocrx_word' id='word_1_431' title='bbox 1120 3731 1273 3786; x_wconf 88' lang='lat' dir='ltr'><strong>Sinai</strong></span> <span class='ocrx_word' id='word_1_432' title='bbox 1303 3744 1322 3782; x_wconf 90' lang='lat'><strong>:</strong></span> <span class='ocrx_word' id='word_1_433' title='bbox 1356 3729 1507 3785; x_wconf 89' lang='lat' dir='ltr'><strong>Sinai</strong></span> <span class='ocrx_word' id='word_1_434' title='bbox 1534 3736 1715 3783; x_wconf 86' lang='lat' dir='ltr'><strong>autem</strong></span> <span class='ocrx_word' id='word_1_435' title='bbox 1746 3743 1835 3780; x_wconf 86' lang='lat' dir='ltr'><strong>ru-</strong></span> 
     </span>
    </p>
   </div>
   <div class='ocr_carea' id='block_1_56' title="bbox 248 3818 1833 3893">
    <p class='ocr_par' dir='ltr' id='par_1_56' title="bbox 248 3818 1833 3893">
     <span class='ocr_line' id='line_1_56' title="bbox 248 3818 1833 3893; baseline -0.006 -12"><span class='ocrx_word' id='word_1_436' title='bbox 248 3828 351 3881; x_wconf 85' lang='lat' dir='ltr'><strong>bus</strong></span> <span class='ocrx_word' id='word_1_437' title='bbox 394 3826 482 3880; x_wconf 84' lang='lat' dir='ltr'><strong>vel</strong></span> <span class='ocrx_word' id='word_1_438' title='bbox 525 3825 790 3893; x_wconf 85' lang='lat' dir='ltr'><strong>temptatio</strong></span> <span class='ocrx_word' id='word_1_439' title='bbox 835 3823 1241 3892; x_wconf 91' lang='lat' dir='ltr'><strong>interpretatur.</strong></span> <span class='ocrx_word' id='word_1_440' title='bbox 1290 3818 1496 3873; x_wconf 84' lang='lat' dir='ltr'><strong>Similis</strong></span> <span class='ocrx_word' id='word_1_441' title='bbox 1532 3826 1617 3872; x_wconf 90' lang='lat' dir='ltr'><strong>est</strong></span> <span class='ocrx_word' id='word_1_442' title='bbox 1651 3825 1833 3872; x_wconf 85' lang='lat' dir='ltr'><strong>autem</strong></span> 
     </span>
    </p>
   </div>
   <div class='ocr_carea' id='block_1_57' title="bbox 248 3910 1835 3987">
    <p class='ocr_par' dir='ltr' id='par_1_57' title="bbox 248 3910 1835 3987">
     <span class='ocr_line' id='line_1_57' title="bbox 248 3910 1835 3987; baseline -0.006 -14"><span class='ocrx_word' id='word_1_443' title='bbox 248 3921 394 3973; x_wconf 84' lang='lat' dir='ltr'><strong>rubo</strong></span> <span class='ocrx_word' id='word_1_444' title='bbox 432 3916 714 3987; x_wconf 88' lang='lat' dir='ltr'><strong>temptatio</strong></span> <span class='ocrx_word' id='word_1_445' title='bbox 735 3956 750 3981; x_wconf 92' lang='lat'><strong>,</strong></span> <span class='ocrx_word' id='word_1_446' title='bbox 781 3929 1032 3985; x_wconf 88' lang='lat' dir='ltr'><strong>asperum</strong></span> <span class='ocrx_word' id='word_1_447' title='bbox 1064 3913 1263 3983; x_wconf 89' lang='lat' dir='ltr'><strong>quippe</strong></span> <span class='ocrx_word' id='word_1_448' title='bbox 1302 3910 1594 3982; x_wconf 84' lang='lat' dir='ltr'><strong>virgultum</strong></span> <span class='ocrx_word' id='word_1_449' title='bbox 1631 3917 1835 3977; x_wconf 91' lang='lat' dir='ltr'><strong>est,_et</strong></span> 
     </span>
    </p>
   </div>
   <div class='ocr_carea' id='block_1_58' title="bbox 250 3999 1837 4077">
    <p class='ocr_par' dir='ltr' id='par_1_58' title="bbox 250 3999 1837 4077">
     <span class='ocr_line' id='line_1_58' title="bbox 250 3999 1837 4077; baseline -0.004 -16"><span class='ocrx_word' id='word_1_450' title='bbox 250 4005 406 4077; x_wconf 90' lang='lat' dir='ltr'><strong>quod</strong></span> <span class='ocrx_word' id='word_1_451' title='bbox 451 4004 667 4060; x_wconf 86' lang='lat' dir='ltr'><strong>dillicilc</strong></span> <span class='ocrx_word' id='word_1_452' title='bbox 719 4020 881 4057; x_wconf 87' lang='lat' dir='ltr'><strong>manu</strong></span> <span class='ocrx_word' id='word_1_453' title='bbox 937 4000 1434 4071; x_wconf 87' lang='lat' dir='ltr'><strong>comprehenditur.</strong></span> <span class='ocrx_word' id='word_1_454' title='bbox 1486 3999 1837 4072; x_wconf 88' lang='lat' dir='ltr'><strong>Signiﬁcatur</strong></span> 
     </span>
    </p>
   </div>
   <div class='ocr_carea' id='block_1_59' title="bbox 249 4091 1834 4166">
    <p class='ocr_par' dir='ltr' id='par_1_59' title="bbox 249 4091 1834 4166">
     <span class='ocr_line' id='line_1_59' title="bbox 249 4091 1834 4166; baseline -0.003 -15"><span class='ocrx_word' id='word_1_455' title='bbox 249 4106 441 4151; x_wconf 85' lang='lat' dir='ltr'><strong>autem</strong></span> <span class='ocrx_word' id='word_1_456' title='bbox 469 4111 567 4166; x_wconf 87' lang='lat' dir='ltr'><strong>per</strong></span> <span class='ocrx_word' id='word_1_457' title='bbox 595 4095 739 4149; x_wconf 88' lang='lat' dir='ltr'><strong>hunc</strong></span> <span class='ocrx_word' id='word_1_458' title='bbox 758 4134 773 4160; x_wconf 98' lang='lat'><strong>,</strong></span> <span class='ocrx_word' id='word_1_459' title='bbox 805 4094 931 4164; x_wconf 90' lang='lat' dir='ltr'><strong>quia</strong></span> <span class='ocrx_word' id='word_1_460' title='bbox 960 4092 1412 4162; x_wconf 88' lang='lat' dir='ltr'><strong>quemadmodum</strong></span> <span class='ocrx_word' id='word_1_461' title='bbox 1441 4106 1628 4147; x_wconf 88' lang='lat' dir='ltr'><strong>eorum</strong></span> <span class='ocrx_word' id='word_1_462' title='bbox 1658 4091 1751 4162; x_wconf 91' lang='lat' dir='ltr'><strong>qui</strong></span> <span class='ocrx_word' id='word_1_463' title='bbox 1780 4092 1834 4146; x_wconf 86' lang='lat' dir='ltr'><strong>in</strong></span> 
     </span>
    </p>
   </div>
   <div class='ocr_carea' id='block_1_60' title="bbox 249 4179 1832 4256">
    <p class='ocr_par' dir='ltr' id='par_1_60' title="bbox 249 4179 1832 4256">
     <span class='ocr_line' id='line_1_60' title="bbox 249 4179 1832 4256; baseline -0.004 -17"><span class='ocrx_word' id='word_1_464' title='bbox 249 4199 432 4256; x_wconf 84' lang='lat' dir='ltr'><strong>agone</strong></span> <span class='ocrx_word' id='word_1_465' title='bbox 464 4184 824 4245; x_wconf 89' lang='lat' dir='ltr'><strong>contendunt,</strong></span> <span class='ocrx_word' id='word_1_466' title='bbox 856 4195 1060 4236; x_wconf 87' lang='lat' dir='ltr'><strong>corona</strong></span> <span class='ocrx_word' id='word_1_467' title='bbox 1091 4181 1150 4235; x_wconf 93' lang='lat' dir='ltr'><strong>in</strong></span> <span class='ocrx_word' id='word_1_468' title='bbox 1180 4180 1381 4236; x_wconf 89' lang='lat' dir='ltr'><strong>sudore</strong></span> <span class='ocrx_word' id='word_1_469' title='bbox 1408 4187 1465 4235; x_wconf 89' lang='lat' dir='ltr'><strong>et</strong></span> <span class='ocrx_word' id='word_1_470' title='bbox 1493 4179 1679 4234; x_wconf 90' lang='lat' dir='ltr'><strong>labore</strong></span> <span class='ocrx_word' id='word_1_471' title='bbox 1708 4188 1793 4235; x_wconf 89' lang='lat' dir='ltr'><strong>est</strong></span> <span class='ocrx_word' id='word_1_472' title='bbox 1818 4198 1832 4234; x_wconf 92' lang='lat'><strong>:</strong></span> 
     </span>
    </p>
   </div>
   <div class='ocr_carea' id='block_1_61' title="bbox 249 4270 1840 4341">
    <p class='ocr_par' dir='ltr' id='par_1_61' title="bbox 249 4270 1840 4341">
     <span class='ocr_line' id='line_1_61' title="bbox 249 4270 1840 4341; baseline -0.005 -10"><span class='ocrx_word' id='word_1_473' title='bbox 249 4277 337 4331; x_wconf 86' lang='lat' dir='ltr'><strong>sic</strong></span> <span class='ocrx_word' id='word_1_474' title='bbox 367 4283 423 4328; x_wconf 89' lang='lat' dir='ltr'><strong>et</strong></span> <span class='ocrx_word' id='word_1_475' title='bbox 448 4288 651 4330; x_wconf 90' lang='lat' dir='ltr'><strong>corona</strong></span> <span class='ocrx_word' id='word_1_476' title='bbox 681 4273 840 4327; x_wconf 76' lang='lat' dir='ltr'><strong>bona:</strong></span> <span class='ocrx_word' id='word_1_477' title='bbox 867 4272 992 4326; x_wconf 70' lang='lat' dir='ltr'><strong>vitae</strong></span> <span class='ocrx_word' id='word_1_478' title='bbox 1021 4271 1076 4325; x_wconf 92' lang='lat' dir='ltr'><strong>in</strong></span> <span class='ocrx_word' id='word_1_479' title='bbox 1107 4271 1556 4341; x_wconf 83' lang='lat' dir='ltr'><strong>temptationibus</strong></span> <span class='ocrx_word' id='word_1_480' title='bbox 1585 4278 1643 4325; x_wconf 94' lang='lat' dir='ltr'><strong>et</strong></span> <span class='ocrx_word' id='word_1_481' title='bbox 1671 4270 1840 4325; x_wconf 89' lang='lat' dir='ltr'><strong>tribu-</strong></span> 
     </span>
    </p>
   </div>
   <div class='ocr_carea' id='block_1_62' title="bbox 248 4359 1837 4427">
    <p class='ocr_par' dir='ltr' id='par_1_62' title="bbox 248 4359 1837 4427">
     <span class='ocr_line' id='line_1_62' title="bbox 248 4359 1837 4427; baseline -0.003 -10"><span class='ocrx_word' id='word_1_482' title='bbox 248 4363 551 4418; x_wconf 86' lang='lat' dir='ltr'><strong>lationibus</strong></span> <span class='ocrx_word' id='word_1_483' title='bbox 587 4368 1039 4416; x_wconf 87' lang='lat' dir='ltr'><strong>consummatur:</strong></span> <span class='ocrx_word' id='word_1_484' title='bbox 1089 4359 1249 4413; x_wconf 91' lang='lat' dir='ltr'><strong>ﬁnem</strong></span> <span class='ocrx_word' id='word_1_485' title='bbox 1296 4367 1476 4415; x_wconf 90' lang='lat' dir='ltr'><strong>autem</strong></span> <span class='ocrx_word' id='word_1_486' title='bbox 1525 4359 1837 4427; x_wconf 57' lang='lat' dir='ltr'><strong>temptatio.</strong></span> 
     </span>
    </p>
   </div>
   <div class='ocr_carea' id='block_1_63' title="bbox 250 4447 1836 4507">
    <p class='ocr_par' dir='ltr' id='par_1_63' title="bbox 250 4447 1836 4507">
     <span class='ocr_line' id='line_1_63' title="bbox 250 4447 1836 4507; baseline -0.003 0"><span class='ocrx_word' id='word_1_487' title='bbox 250 4468 389 4507; x_wconf 90' lang='lat' dir='ltr'><strong>num</strong></span> <span class='ocrx_word' id='word_1_488' title='bbox 416 4458 474 4507; x_wconf 90' lang='lat' dir='ltr'><strong>et</strong></span> <span class='ocrx_word' id='word_1_489' title='bbox 502 4450 909 4506; x_wconf 74' lang='lat' dir='ltr'><strong>tribulationum</strong></span> <span class='ocrx_word' id='word_1_490' title='bbox 934 4448 1169 4505; x_wconf 84' lang='lat' dir='ltr'><strong>Jacobus</strong></span> <span class='ocrx_word' id='word_1_491' title='bbox 1196 4449 1356 4504; x_wconf 88' lang='lat' dir='ltr'><strong>nobis</strong></span> <span class='ocrx_word' id='word_1_492' title='bbox 1383 4447 1713 4505; x_wconf 80' lang='lat' dir='ltr'><strong>suﬁicienter</strong></span> <span class='ocrx_word' id='word_1_493' title='bbox 1741 4464 1836 4503; x_wconf 80' lang='lat' dir='ltr'><strong>ex—</strong></span> 
     </span>
    </p>
   </div>
   <div class='ocr_carea' id='block_1_64' title="bbox 248 4540 1834 4615">
    <p class='ocr_par' dir='ltr' id='par_1_64' title="bbox 248 4540 1834 4615">
     <span class='ocr_line' id='line_1_64' title="bbox 248 4540 1834 4615; baseline -0.001 -19"><span class='ocrx_word' id='word_1_494' title='bbox 248 4543 439 4615; x_wconf 89' lang='lat' dir='ltr'><strong>posuit</strong></span> <span class='ocrx_word' id='word_1_495' title='bbox 468 4560 481 4595; x_wconf 91' lang='lat'><strong>:</strong></span> <span class='ocrx_word' id='word_1_496' title='bbox 521 4540 713 4595; x_wconf 88' lang='lat' dir='ltr'><strong>Beatus</strong></span> <span class='ocrx_word' id='word_1_497' title='bbox 758 4542 839 4595; x_wconf 84' lang='lat' dir='ltr'><strong>vir</strong></span> <span class='ocrx_word' id='word_1_498' title='bbox 872 4540 961 4612; x_wconf 86' lang='lat' dir='ltr'><strong>qui</strong></span> <span class='ocrx_word' id='word_1_499' title='bbox 986 4542 1208 4595; x_wconf 89' lang='lat' dir='ltr'><strong>sustinet</strong></span> <span class='ocrx_word' id='word_1_500' title='bbox 1253 4541 1675 4612; x_wconf 84' lang='lat' dir='ltr'><strong>temptationem,</strong></span> <span class='ocrx_word' id='word_1_501' title='bbox 1709 4541 1834 4610; x_wconf 87' lang='lat' dir='ltr'><strong>quia</strong></span> 
     </span>
    </p>
   </div>
   <div class='ocr_carea' id='block_1_65' title="bbox 250 4631 1836 4704">
    <p class='ocr_par' dir='ltr' id='par_1_65' title="bbox 250 4631 1836 4704">
     <span class='ocr_line' id='line_1_65' title="bbox 250 4631 1836 4704; baseline -0.003 -15"><span class='ocrx_word' id='word_1_502' title='bbox 250 4649 377 4689; x_wconf 76' lang='lat' dir='ltr'><strong>cunt</strong></span> <span class='ocrx_word' id='word_1_503' title='bbox 402 4632 655 4704; x_wconf 85' lang='lat' dir='ltr'><strong>probatus</strong></span> <span class='ocrx_word' id='word_1_504' title='bbox 684 4631 878 4702; x_wconf 77' lang='lat' dir='ltr'><strong>fuerit,</strong></span> <span class='ocrx_word' id='word_1_505' title='bbox 908 4632 1126 4703; x_wconf 86' lang='lat' dir='ltr'><strong>accipiet</strong></span> <span class='ocrx_word' id='word_1_506' title='bbox 1153 4649 1399 4687; x_wconf 85' lang='lat' dir='ltr'><strong>coronam</strong></span> <span class='ocrx_word' id='word_1_507' title='bbox 1428 4632 1546 4687; x_wconf 76' lang='lat' dir='ltr'><strong>vita:</strong></span> <span class='ocrx_word' id='word_1_508' title='bbox 1569 4649 1726 4702; x_wconf 91' lang='lat' dir='ltr'><strong>quam</strong></span> <span class='ocrx_word' id='word_1_509' title='bbox 1755 4649 1836 4686; x_wconf 86' lang='lat' dir='ltr'><strong>rc-</strong></span> 
     </span>
    </p>
   </div>
   <div class='ocr_carea' id='block_1_66' title="bbox 248 4724 1471 4797">
    <p class='ocr_par' dir='ltr' id='par_1_66' title="bbox 248 4724 1471 4797">
     <span class='ocr_line' id='line_1_66' title="bbox 248 4724 1471 4797; baseline 0 -18"><span class='ocrx_word' id='word_1_510' title='bbox 248 4727 496 4797; x_wconf 85' lang='lat' dir='ltr'><strong>promisit</strong></span> <span class='ocrx_word' id='word_1_511' title='bbox 522 4725 664 4781; x_wconf 85' lang='lat' dir='ltr'><strong>Deus</strong></span> <span class='ocrx_word' id='word_1_512' title='bbox 692 4724 1026 4796; x_wconf 86' lang='lat' dir='ltr'><strong>diligentibus</strong></span> <span class='ocrx_word' id='word_1_513' title='bbox 1051 4743 1106 4780; x_wconf 85' lang='lat' dir='ltr'><strong>se</strong></span> <span class='ocrx_word' id='word_1_514' title='bbox 1133 4724 1359 4795; x_wconf 78' lang='lat' dir='ltr'><strong>(Iacob.</strong></span> <span class='ocrx_word' id='word_1_515' title='bbox 1388 4740 1407 4780; x_wconf 89' lang='grc' dir='ltr'><strong>ι</strong></span> <span class='ocrx_word' id='word_1_516' title='bbox 1430 4725 1471 4796; x_wconf 90' lang='grc'><strong>).</strong></span> 
     </span>
    </p>
   </div>
   <div class='ocr_carea' id='block_1_67' title="bbox 327 4813 1828 4888">
    <p class='ocr_par' dir='ltr' id='par_1_67' title="bbox 327 4813 1828 4888">
     <span class='ocr_line' id='line_1_67' title="bbox 327 4813 1828 4888; baseline 0 -18"><span class='ocrx_word' id='word_1_517' title='bbox 327 4816 531 4888; x_wconf 82' lang='lat' dir='ltr'><strong>(Leuit.</strong></span> <span class='ocrx_word' id='word_1_518' title='bbox 558 4815 714 4886; x_wconf 88' lang='lat' dir='ltr'><strong>vm.)</strong></span> <span class='ocrx_word' id='word_1_519' title='bbox 746 4814 1074 4886; x_wconf 87' lang='lat' dir='ltr'><strong>Locutusque</strong></span> <span class='ocrx_word' id='word_1_520' title='bbox 1099 4824 1173 4869; x_wconf 87' lang='lat' dir='ltr'><strong>est</strong></span> <span class='ocrx_word' id='word_1_521' title='bbox 1200 4813 1458 4869; x_wconf 85' lang='lat' dir='ltr'><strong>Dominus</strong></span> <span class='ocrx_word' id='word_1_522' title='bbox 1481 4815 1552 4869; x_wconf 86' lang='lat' dir='ltr'><strong>ad</strong></span> <span class='ocrx_word' id='word_1_523' title='bbox 1579 4814 1797 4886; x_wconf 77' lang='lat' dir='ltr'><strong>Moysen</strong></span> <span class='ocrx_word' id='word_1_524' title='bbox 1813 4855 1828 4879; x_wconf 93' lang='lat'><strong>,</strong></span> 
     </span>
    </p>
   </div>
   <div class='ocr_carea' id='block_1_68' title="bbox 249 4904 1836 4975">
    <p class='ocr_par' dir='ltr' id='par_1_68' title="bbox 249 4904 1836 4975">
     <span class='ocr_line' id='line_1_68' title="bbox 249 4904 1836 4975; baseline -0.003 -12"><span class='ocrx_word' id='word_1_525' title='bbox 249 4909 481 4963; x_wconf 81' lang='lat' dir='ltr'><strong>dicens:</strong></span> <span class='ocrx_word' id='word_1_526' title='bbox 516 4906 660 4961; x_wconf 86' lang='lat' dir='ltr'><strong>Tolle</strong></span> <span class='ocrx_word' id='word_1_527' title='bbox 699 4909 878 4961; x_wconf 81' lang='lat' dir='ltr'><strong>Aaron</strong></span> <span class='ocrx_word' id='word_1_528' title='bbox 922 4923 1039 4960; x_wconf 86' lang='lat' dir='ltr'><strong>cum</strong></span> <span class='ocrx_word' id='word_1_529' title='bbox 1084 4904 1212 4975; x_wconf 76' lang='lat' dir='ltr'><strong>ﬁliis</strong></span> <span class='ocrx_word' id='word_1_530' title='bbox 1253 4905 1551 4968; x_wconf 81' lang='lat' dir='ltr'><strong>suis,vestes</strong></span> <span class='ocrx_word' id='word_1_531' title='bbox 1577 4922 1757 4960; x_wconf 91' lang='lat' dir='ltr'><strong>eorum</strong></span> <span class='ocrx_word' id='word_1_532' title='bbox 1787 4915 1836 4960; x_wconf 91' lang='lat' dir='ltr'><strong>et</strong></span> 
     </span>
    </p>
   </div>
   <div class='ocr_carea' id='block_1_69' title="bbox 248 4996 1834 5068">
    <p class='ocr_par' dir='ltr' id='par_1_69' title="bbox 248 4996 1834 5068">
     <span class='ocr_line' id='line_1_69' title="bbox 248 4996 1834 5068; baseline -0.001 -15"><span class='ocrx_word' id='word_1_533' title='bbox 248 5000 523 5055; x_wconf 80' lang='lat' dir='ltr'><strong>unctionis</strong></span> <span class='ocrx_word' id='word_1_534' title='bbox 565 4998 735 5053; x_wconf 88' lang='lat' dir='ltr'><strong>oleum</strong></span> <span class='ocrx_word' id='word_1_535' title='bbox 757 4996 1027 5063; x_wconf 63' lang='lat' dir='ltr'><strong>{vitulum</strong></span> <span class='ocrx_word' id='word_1_536' title='bbox 1056 5013 1151 5067; x_wconf 89' lang='lat' dir='ltr'><strong>pro</strong></span> <span class='ocrx_word' id='word_1_537' title='bbox 1178 5007 1414 5068; x_wconf 88' lang='lat' dir='ltr'><strong>peccato,</strong></span> <span class='ocrx_word' id='word_1_538' title='bbox 1444 4997 1576 5051; x_wconf 88' lang='lat' dir='ltr'><strong>duos</strong></span> <span class='ocrx_word' id='word_1_539' title='bbox 1612 4997 1834 5061; x_wconf 84' lang='lat' dir='ltr'><strong>arietes,</strong></span> 
     </span>
    </p>
   </div>
   <div class='ocr_carea' id='block_1_70' title="bbox 252 5089 1837 5168">
    <p class='ocr_par' dir='ltr' id='par_1_70' title="bbox 252 5089 1837 5168">
     <span class='ocr_line' id='line_1_70' title="bbox 252 5089 1837 5168; baseline -0.003 -23"><span class='ocrx_word' id='word_1_540' title='bbox 252 5093 550 5145; x_wconf 84' lang='lat' dir='ltr'><strong>canistrum</strong></span> <span class='ocrx_word' id='word_1_541' title='bbox 586 5107 701 5144; x_wconf 90' lang='lat' dir='ltr'><strong>cum</strong></span> <span class='ocrx_word' id='word_1_542' title='bbox 732 5089 951 5168; x_wconf 68' lang='lat' dir='ltr'><strong>azymis,</strong></span> <span class='ocrx_word' id='word_1_543' title='bbox 984 5098 1032 5143; x_wconf 91' lang='lat' dir='ltr'><strong>et</strong></span> <span class='ocrx_word' id='word_1_544' title='bbox 1061 5089 1397 5158; x_wconf 86' lang='lat' dir='ltr'><strong>congregabis</strong></span> <span class='ocrx_word' id='word_1_545' title='bbox 1417 5104 1622 5142; x_wconf 87' lang='lat' dir='ltr'><strong>omnem</strong></span> <span class='ocrx_word' id='word_1_546' title='bbox 1650 5096 1837 5142; x_wconf 73' lang='lat' dir='ltr'><strong>coetum</strong></span> 
     </span>
    </p>
   </div>
   <div class='ocr_carea' id='block_1_71' title="bbox 251 5179 1839 5246">
    <p class='ocr_par' dir='ltr' id='par_1_71' title="bbox 251 5179 1839 5246">
     <span class='ocr_line' id='line_1_71' title="bbox 251 5179 1839 5246; baseline -0.003 -10"><span class='ocrx_word' id='word_1_547' title='bbox 251 5184 329 5237; x_wconf 88' lang='lat' dir='ltr'><strong>ad</strong></span> <span class='ocrx_word' id='word_1_548' title='bbox 369 5185 566 5238; x_wconf 86' lang='lat' dir='ltr'><strong>ostium</strong></span> <span class='ocrx_word' id='word_1_549' title='bbox 610 5181 930 5236; x_wconf 88' lang='lat' dir='ltr'><strong>tabernaculi</strong></span> <span class='ocrx_word' id='word_1_550' title='bbox 974 5180 1276 5235; x_wconf 85' lang='lat' dir='ltr'><strong>testimonii.</strong></span> <span class='ocrx_word' id='word_1_551' title='bbox 1321 5180 1461 5246; x_wconf 85' lang='lat' dir='ltr'><strong>Quid</strong></span> <span class='ocrx_word' id='word_1_552' title='bbox 1502 5187 1682 5233; x_wconf 86' lang='lat' dir='ltr'><strong>autem</strong></span> <span class='ocrx_word' id='word_1_553' title='bbox 1721 5179 1839 5233; x_wconf 67' lang='lat' dir='ltr'><strong>haec</strong></span> 
     </span>
    </p>
   </div>
   <div class='ocr_carea' id='block_1_72' title="bbox 254 5268 1838 5342">
    <p class='ocr_par' dir='ltr' id='par_1_72' title="bbox 254 5268 1838 5342">
     <span class='ocr_line' id='line_1_72' title="bbox 254 5268 1838 5342; baseline -0.001 -18"><span class='ocrx_word' id='word_1_554' title='bbox 254 5288 381 5342; x_wconf 84' lang='lat' dir='ltr'><strong>quae</strong></span> <span class='ocrx_word' id='word_1_555' title='bbox 411 5288 556 5328; x_wconf 91' lang='lat' dir='ltr'><strong>nunc</strong></span> <span class='ocrx_word' id='word_1_556' title='bbox 583 5273 728 5328; x_wconf 88' lang='lat' dir='ltr'><strong>dicta</strong></span> <span class='ocrx_word' id='word_1_557' title='bbox 753 5280 880 5326; x_wconf 90' lang='lat' dir='ltr'><strong>sunt</strong></span> <span class='ocrx_word' id='word_1_558' title='bbox 903 5270 1240 5342; x_wconf 87' lang='lat' dir='ltr'><strong>signiﬁcent,</strong></span> <span class='ocrx_word' id='word_1_559' title='bbox 1266 5270 1371 5324; x_wconf 88' lang='lat' dir='ltr'><strong>hoc</strong></span> <span class='ocrx_word' id='word_1_560' title='bbox 1397 5268 1493 5323; x_wconf 91' lang='lat' dir='ltr'><strong>tibi</strong></span> <span class='ocrx_word' id='word_1_561' title='bbox 1523 5268 1838 5337; x_wconf 67' lang='lat' dir='ltr'><strong>praecedens</strong></span> 
     </span>
    </p>
   </div>
   <div class='ocr_carea' id='block_1_73' title="bbox 256 5357 1839 5431">
    <p class='ocr_par' dir='ltr' id='par_1_73' title="bbox 256 5357 1839 5431">
     <span class='ocr_line' id='line_1_73' title="bbox 256 5357 1839 5431; baseline -0.003 -15"><span class='ocrx_word' id='word_1_562' title='bbox 256 5376 442 5416; x_wconf 88' lang='lat' dir='ltr'><strong>sermo</strong></span> <span class='ocrx_word' id='word_1_563' title='bbox 489 5362 668 5417; x_wconf 88' lang='lat' dir='ltr'><strong>tradet</strong></span> <span class='ocrx_word' id='word_1_564' title='bbox 690 5401 707 5423; x_wconf 83' lang='lat'><strong>,</strong></span> <span class='ocrx_word' id='word_1_565' title='bbox 753 5361 882 5431; x_wconf 88' lang='lat' dir='ltr'><strong>quia</strong></span> <span class='ocrx_word' id='word_1_566' title='bbox 915 5361 1100 5416; x_wconf 86' lang='lat' dir='ltr'><strong>unctio</strong></span> <span class='ocrx_word' id='word_1_567' title='bbox 1128 5358 1332 5415; x_wconf 90' lang='lat' dir='ltr'><strong>Christi</strong></span> <span class='ocrx_word' id='word_1_568' title='bbox 1362 5366 1417 5414; x_wconf 89' lang='lat' dir='ltr'><strong>et</strong></span> <span class='ocrx_word' id='word_1_569' title='bbox 1453 5358 1539 5414; x_wconf 89' lang='lat' dir='ltr'><strong>his</strong></span> <span class='ocrx_word' id='word_1_570' title='bbox 1590 5359 1684 5428; x_wconf 88' lang='lat' dir='ltr'><strong>qui</strong></span> <span class='ocrx_word' id='word_1_571' title='bbox 1720 5357 1839 5427; x_wconf 88' lang='lat' dir='ltr'><strong>ejus</strong></span> 
     </span>
    </p>
   </div>
   <div class='ocr_carea' id='block_1_74' title="bbox 256 5449 1839 5508">
    <p class='ocr_par' dir='ltr' id='par_1_74' title="bbox 256 5449 1839 5508">
     <span class='ocr_line' id='line_1_74' title="bbox 256 5449 1839 5508; baseline -0.001 -4"><span class='ocrx_word' id='word_1_572' title='bbox 256 5461 391 5505; x_wconf 87' lang='lat' dir='ltr'><strong>sunt</strong></span> <span class='ocrx_word' id='word_1_573' title='bbox 435 5454 738 5507; x_wconf 87' lang='lat' dir='ltr'><strong>communis</strong></span> <span class='ocrx_word' id='word_1_574' title='bbox 786 5460 843 5507; x_wconf 90' lang='lat' dir='ltr'><strong>et</strong></span> <span class='ocrx_word' id='word_1_575' title='bbox 888 5468 997 5508; x_wconf 90' lang='lat' dir='ltr'><strong>non</strong></span> <span class='ocrx_word' id='word_1_576' title='bbox 1042 5451 1349 5507; x_wconf 90' lang='lat' dir='ltr'><strong>communis</strong></span> <span class='ocrx_word' id='word_1_577' title='bbox 1384 5458 1487 5505; x_wconf 90' lang='lat' dir='ltr'><strong>est.</strong></span> <span class='ocrx_word' id='word_1_578' title='bbox 1521 5449 1839 5505; x_wconf 87' lang='lat' dir='ltr'><strong>Communis</strong></span> 
     </span>
    </p>
   </div>
   <div class='ocr_carea' id='block_1_75' title="bbox 258 5538 1840 5610">
    <p class='ocr_par' dir='ltr' id='par_1_75' title="bbox 258 5538 1840 5610">
     <span class='ocr_line' id='line_1_75' title="bbox 258 5538 1840 5610; baseline -0.001 -17"><span class='ocrx_word' id='word_1_579' title='bbox 258 5540 508 5609; x_wconf 87' lang='lat' dir='ltr'><strong>quidem,</strong></span> <span class='ocrx_word' id='word_1_580' title='bbox 558 5540 685 5610; x_wconf 89' lang='lat' dir='ltr'><strong>quia</strong></span> <span class='ocrx_word' id='word_1_581' title='bbox 729 5539 971 5609; x_wconf 84' lang='lat' dir='ltr'><strong>ejusdem</strong></span> <span class='ocrx_word' id='word_1_582' title='bbox 1004 5540 1277 5596; x_wconf 89' lang='lat' dir='ltr'><strong>unctionis</strong></span> <span class='ocrx_word' id='word_1_583' title='bbox 1312 5546 1439 5594; x_wconf 86' lang='lat' dir='ltr'><strong>sunt</strong></span> <span class='ocrx_word' id='word_1_584' title='bbox 1470 5546 1528 5594; x_wconf 92' lang='lat' dir='ltr'><strong>et</strong></span> <span class='ocrx_word' id='word_1_585' title='bbox 1564 5538 1666 5608; x_wconf 84' lang='lat' dir='ltr'><strong>ipsi</strong></span> <span class='ocrx_word' id='word_1_586' title='bbox 1712 5553 1840 5607; x_wconf 86' lang='lat' dir='ltr'><strong>par-</strong></span> 
     </span>
    </p>
   </div>
   <div class='ocr_carea' id='block_1_76' title="bbox 263 5632 1833 5705">
    <p class='ocr_par' dir='ltr' id='par_1_76' title="bbox 263 5632 1833 5705">
     <span class='ocr_line' id='line_1_76' title="bbox 263 5632 1833 5705; baseline 0.001 -21"><span class='ocrx_word' id='word_1_587' title='bbox 263 5632 486 5705; x_wconf 86' lang='lat' dir='ltr'><strong>ticipes,</strong></span> <span class='ocrx_word' id='word_1_588' title='bbox 539 5636 890 5705; x_wconf 80' lang='lat' dir='ltr'><strong>quamobrem</strong></span> <span class='ocrx_word' id='word_1_589' title='bbox 929 5643 984 5690; x_wconf 92' lang='lat' dir='ltr'><strong>et</strong></span> <span class='ocrx_word' id='word_1_590' title='bbox 1019 5650 1118 5690; x_wconf 89' lang='lat' dir='ltr'><strong>nos</strong></span> <span class='ocrx_word' id='word_1_591' title='bbox 1150 5633 1562 5705; x_wconf 86' lang='lat' dir='ltr'><strong>participatione</strong></span> <span class='ocrx_word' id='word_1_592' title='bbox 1600 5632 1833 5697; x_wconf 88' lang='lat' dir='ltr'><strong>Christi,</strong></span> 
     </span>
    </p>
   </div>
   <div class='ocr_carea' id='block_1_77' title="bbox 2009 1833 3515 1918">
    <p class='ocr_par' dir='ltr' id='par_1_77' title="bbox 2009 1833 3515 1918">
     <span class='ocr_line' id='line_1_77' title="bbox 2009 1833 3515 1918; baseline 0.009 -30"><span class='ocrx_word' id='word_1_593' title='bbox 2009 1833 2159 1890; x_wconf 83' lang='lat' dir='ltr'><strong>Fecit</strong></span> <span class='ocrx_word' id='word_1_594' title='bbox 2202 1835 2409 1907; x_wconf 77' lang='lat' dir='ltr'><strong>Moyses</strong></span> <span class='ocrx_word' id='word_1_595' title='bbox 2439 1848 2495 1892; x_wconf 91' lang='lat' dir='ltr'><strong>ut</strong></span> <span class='ocrx_word' id='word_1_596' title='bbox 2527 1839 2782 1895; x_wconf 86' lang='lat' dir='ltr'><strong>Dominus</strong></span> <span class='ocrx_word' id='word_1_597' title='bbox 2814 1843 3190 1913; x_wconf 87' lang='lat' dir='ltr'><strong>imperaverat,</strong></span> <span class='ocrx_word' id='word_1_598' title='bbox 3227 1861 3515 1918; x_wconf 83' lang='lat' dir='ltr'><strong>congrega-</strong></span> 
     </span>
    </p>
   </div>
   <div class='ocr_carea' id='block_1_78' title="bbox 1938 1929 3518 2007">
    <p class='ocr_par' dir='ltr' id='par_1_78' title="bbox 1938 1929 3518 2007">
     <span class='ocr_line' id='line_1_78' title="bbox 1938 1929 3518 2007; baseline 0.006 -26"><span class='ocrx_word' id='word_1_599' title='bbox 1938 1935 2094 1999; x_wconf 91' lang='lat' dir='ltr'><strong>taque</strong></span> <span class='ocrx_word' id='word_1_600' title='bbox 2122 1930 2263 1982; x_wconf 90' lang='lat' dir='ltr'><strong>omni</strong></span> <span class='ocrx_word' id='word_1_601' title='bbox 2285 1929 2441 1983; x_wconf 87' lang='lat' dir='ltr'><strong>turba</strong></span> <span class='ocrx_word' id='word_1_602' title='bbox 2467 1940 2589 1984; x_wconf 85' lang='lat' dir='ltr'><strong>ante</strong></span> <span class='ocrx_word' id='word_1_603' title='bbox 2614 1931 2751 2000; x_wconf 81' lang='lat' dir='ltr'><strong>fores</strong></span> <span class='ocrx_word' id='word_1_604' title='bbox 2782 1933 2856 1985; x_wconf 89' lang='lat' dir='ltr'><strong>ait</strong></span> <span class='ocrx_word' id='word_1_605' title='bbox 2881 1945 2900 1983; x_wconf 89' lang='lat'><strong>:</strong></span> <span class='ocrx_word' id='word_1_606' title='bbox 2931 1930 3040 1986; x_wconf 84' lang='lat' dir='ltr'><strong>Iste</strong></span> <span class='ocrx_word' id='word_1_607' title='bbox 3065 1942 3142 1987; x_wconf 87' lang='lat' dir='ltr'><strong>est</strong></span> <span class='ocrx_word' id='word_1_608' title='bbox 3169 1950 3339 1989; x_wconf 88' lang='lat' dir='ltr'><strong>sermo</strong></span> <span class='ocrx_word' id='word_1_609' title='bbox 3363 1953 3518 2007; x_wconf 87' lang='lat' dir='ltr'><strong>quem</strong></span> 
     </span>
    </p>
   </div>
   <div class='ocr_carea' id='block_1_79' title="bbox 1919 2013 3520 2094">
    <p class='ocr_par' dir='ltr' id='par_1_79' title="bbox 1919 2013 3520 2094">
     <span class='ocr_line' id='line_1_79' title="bbox 1919 2013 3520 2094; baseline 0.007 -26"><span class='ocrx_word' id='word_1_610' title='bbox 1919 2013 2076 2083; x_wconf 84' lang='lat' dir='ltr'><strong>jussit</strong></span> <span class='ocrx_word' id='word_1_611' title='bbox 2110 2016 2368 2070; x_wconf 88' lang='lat' dir='ltr'><strong>Dominus</strong></span> <span class='ocrx_word' id='word_1_612' title='bbox 2400 2017 2516 2085; x_wconf 83' lang='lat' dir='ltr'><strong>ﬁeri</strong></span> <span class='ocrx_word' id='word_1_613' title='bbox 2542 2055 2555 2069; x_wconf 93' lang='lat'><strong>.</strong></span> <span class='ocrx_word' id='word_1_614' title='bbox 2609 2017 2903 2090; x_wconf 87' lang='lat' dir='ltr'><strong>Statimque</strong></span> <span class='ocrx_word' id='word_1_615' title='bbox 2933 2020 3117 2074; x_wconf 84' lang='lat' dir='ltr'><strong>obtulit</strong></span> <span class='ocrx_word' id='word_1_616' title='bbox 3145 2022 3325 2077; x_wconf 79' lang='lat' dir='ltr'><strong>Aaron</strong></span> <span class='ocrx_word' id='word_1_617' title='bbox 3362 2034 3411 2078; x_wconf 92' lang='lat' dir='ltr'><strong>et</strong></span> <span class='ocrx_word' id='word_1_618' title='bbox 3454 2025 3520 2094; x_wconf 81' lang='lat' dir='ltr'><strong>ﬁ-</strong></span> 
     </span>
    </p>
   </div>
   <div class='ocr_carea' id='block_1_80' title="bbox 1936 2110 3515 2185">
    <p class='ocr_par' dir='ltr' id='par_1_80' title="bbox 1936 2110 3515 2185">
     <span class='ocr_line' id='line_1_80' title="bbox 1936 2110 3515 2185; baseline 0.004 -22"><span class='ocrx_word' id='word_1_619' title='bbox 1936 2110 2036 2164; x_wconf 90' lang='lat' dir='ltr'><strong>lios</strong></span> <span class='ocrx_word' id='word_1_620' title='bbox 2075 2110 2209 2180; x_wconf 88' lang='lat' dir='ltr'><strong>ejus,</strong></span> <span class='ocrx_word' id='word_1_621' title='bbox 2243 2126 2462 2182; x_wconf 90' lang='lat' dir='ltr'><strong>cumque</strong></span> <span class='ocrx_word' id='word_1_622' title='bbox 2491 2110 2701 2165; x_wconf 83' lang='lat' dir='ltr'><strong>lavisset</strong></span> <span class='ocrx_word' id='word_1_623' title='bbox 2731 2128 2838 2178; x_wconf 92' lang='lat' dir='ltr'><strong>eos,</strong></span> <span class='ocrx_word' id='word_1_624' title='bbox 2871 2114 3068 2167; x_wconf 81' lang='lat' dir='ltr'><strong>vestivit</strong></span> <span class='ocrx_word' id='word_1_625' title='bbox 3095 2116 3395 2185; x_wconf 77' lang='lat' dir='ltr'><strong>pontiﬁcem</strong></span> <span class='ocrx_word' id='word_1_626' title='bbox 3423 2134 3515 2171; x_wconf 91' lang='lat' dir='ltr'><strong>su-</strong></span> 
     </span>
    </p>
   </div>
   <div class='ocr_carea' id='block_1_81' title="bbox 1937 2201 3514 2273">
    <p class='ocr_par' dir='ltr' id='par_1_81' title="bbox 1937 2201 3514 2273">
     <span class='ocr_line' id='line_1_81' title="bbox 1937 2201 3514 2273; baseline 0.005 -18"><span class='ocrx_word' id='word_1_627' title='bbox 1937 2201 2128 2255; x_wconf 86' lang='lat' dir='ltr'><strong>bucula</strong></span> <span class='ocrx_word' id='word_1_628' title='bbox 2158 2201 2298 2257; x_wconf 90' lang='lat' dir='ltr'><strong>linea</strong></span> <span class='ocrx_word' id='word_1_629' title='bbox 2322 2242 2338 2267; x_wconf 89' lang='lat'><strong>,</strong></span> <span class='ocrx_word' id='word_1_630' title='bbox 2394 2202 2670 2273; x_wconf 86' lang='lat' dir='ltr'><strong>accingens</strong></span> <span class='ocrx_word' id='word_1_631' title='bbox 2700 2220 2817 2258; x_wconf 89' lang='lat' dir='ltr'><strong>eum</strong></span> <span class='ocrx_word' id='word_1_632' title='bbox 2846 2204 3015 2259; x_wconf 88' lang='lat' dir='ltr'><strong>balteo</strong></span> <span class='ocrx_word' id='word_1_633' title='bbox 3036 2246 3052 2271; x_wconf 98' lang='lat'><strong>,</strong></span> <span class='ocrx_word' id='word_1_634' title='bbox 3092 2215 3142 2259; x_wconf 92' lang='lat' dir='ltr'><strong>et</strong></span> <span class='ocrx_word' id='word_1_635' title='bbox 3168 2207 3391 2262; x_wconf 85' lang='lat' dir='ltr'><strong>induens</strong></span> <span class='ocrx_word' id='word_1_636' title='bbox 3425 2219 3514 2263; x_wconf 81' lang='lat' dir='ltr'><strong>tu-</strong></span> 
     </span>
    </p>
   </div>
   <div class='ocr_carea' id='block_1_82' title="bbox 1937 2290 3516 2368">
    <p class='ocr_par' dir='ltr' id='par_1_82' title="bbox 1937 2290 3516 2368">
     <span class='ocr_line' id='line_1_82' title="bbox 1937 2290 3516 2368; baseline 0.005 -25"><span class='ocrx_word' id='word_1_637' title='bbox 1937 2290 2055 2344; x_wconf 90' lang='lat' dir='ltr'><strong>nica</strong></span> <span class='ocrx_word' id='word_1_638' title='bbox 2080 2291 2443 2361; x_wconf 81' lang='lat' dir='ltr'><strong>hyacinthina,</strong></span> <span class='ocrx_word' id='word_1_639' title='bbox 2473 2301 2521 2345; x_wconf 90' lang='lat' dir='ltr'><strong>et</strong></span> <span class='ocrx_word' id='word_1_640' title='bbox 2539 2292 2761 2363; x_wconf 83' lang='lat' dir='ltr'><strong>desuper</strong></span> <span class='ocrx_word' id='word_1_641' title='bbox 2782 2293 3051 2348; x_wconf 83' lang='lat' dir='ltr'><strong>Itumerale</strong></span> <span class='ocrx_word' id='word_1_642' title='bbox 3080 2294 3347 2365; x_wconf 89' lang='lat' dir='ltr'><strong>imposuit,</strong></span> <span class='ocrx_word' id='word_1_643' title='bbox 3374 2297 3516 2368; x_wconf 87' lang='lat' dir='ltr'><strong>quod</strong></span> 
     </span>
    </p>
   </div>
   <div class='ocr_carea' id='block_1_83' title="bbox 1894 2382 3516 2459">
    <p class='ocr_par' dir='ltr' id='par_1_83' title="bbox 1894 2382 3516 2459">
     <span class='ocr_line' id='line_1_83' title="bbox 1894 2382 3516 2459; baseline 0.006 -25"><span class='ocrx_word' id='word_1_644' title='bbox 1894 2418 1899 2423; x_wconf 59' lang='grc' dir='ltr'><em>ρ</em></span> <span class='ocrx_word' id='word_1_645' title='bbox 1936 2382 2233 2451; x_wconf 88' lang='lat' dir='ltr'><strong>astringens</strong></span> <span class='ocrx_word' id='word_1_646' title='bbox 2264 2382 2474 2453; x_wconf 77' lang='lat' dir='ltr'><strong>cingulo</strong></span> <span class='ocrx_word' id='word_1_647' title='bbox 2518 2384 2780 2455; x_wconf 81' lang='lat' dir='ltr'><strong>cooptavit</strong></span> <span class='ocrx_word' id='word_1_648' title='bbox 2824 2385 3118 2440; x_wconf 88' lang='lat' dir='ltr'><strong>rationali:</strong></span> <span class='ocrx_word' id='word_1_649' title='bbox 3162 2387 3217 2441; x_wconf 92' lang='lat' dir='ltr'><strong>in</strong></span> <span class='ocrx_word' id='word_1_650' title='bbox 3260 2404 3362 2459; x_wconf 92' lang='lat' dir='ltr'><strong>quo</strong></span> <span class='ocrx_word' id='word_1_651' title='bbox 3392 2400 3516 2444; x_wconf 87' lang='lat' dir='ltr'><strong>‘erat</strong></span> 
     </span>
    </p>
   </div>
   <div class='ocr_carea' id='block_1_84' title="bbox 1935 2470 3516 2550">
    <p class='ocr_par' dir='ltr' id='par_1_84' title="bbox 1935 2470 3516 2550">
     <span class='ocr_line' id='line_1_84' title="bbox 1935 2470 3516 2550; baseline 0.008 -27"><span class='ocrx_word' id='word_1_652' title='bbox 1935 2470 2175 2524; x_wconf 84' lang='lat' dir='ltr'><strong>doctrina</strong></span> <span class='ocrx_word' id='word_1_653' title='bbox 2203 2481 2250 2525; x_wconf 88' lang='lat' dir='ltr'><strong>et</strong></span> <span class='ocrx_word' id='word_1_654' title='bbox 2281 2474 2494 2526; x_wconf 86' lang='lat' dir='ltr'><strong>veritas.</strong></span> <span class='ocrx_word' id='word_1_655' title='bbox 2527 2472 2776 2544; x_wconf 87' lang='lat' dir='ltr'><strong>Cydarim</strong></span> <span class='ocrx_word' id='word_1_656' title='bbox 2817 2492 3019 2546; x_wconf 90' lang='lat' dir='ltr'><strong>quoque</strong></span> <span class='ocrx_word' id='word_1_657' title='bbox 3062 2479 3190 2532; x_wconf 78' lang='lat' dir='ltr'><strong>texit</strong></span> <span class='ocrx_word' id='word_1_658' title='bbox 3232 2489 3420 2550; x_wconf 87' lang='lat' dir='ltr'><strong>caput,</strong></span> <span class='ocrx_word' id='word_1_659' title='bbox 3466 2491 3516 2535; x_wconf 90' lang='lat' dir='ltr'><strong>et</strong></span> 
     </span>
    </p>
   </div>
   <div class='ocr_carea' id='block_1_85' title="bbox 1934 2562 3515 2634">
    <p class='ocr_par' dir='ltr' id='par_1_85' title="bbox 1934 2562 3515 2634">
     <span class='ocr_line' id='line_1_85' title="bbox 1934 2562 3515 2634; baseline 0.008 -21"><span class='ocrx_word' id='word_1_660' title='bbox 1934 2576 2091 2631; x_wconf 86' lang='lat' dir='ltr'><strong>super</strong></span> <span class='ocrx_word' id='word_1_661' title='bbox 2134 2578 2250 2615; x_wconf 89' lang='lat' dir='ltr'><strong>eam</strong></span> <span class='ocrx_word' id='word_1_662' title='bbox 2301 2572 2483 2616; x_wconf 85' lang='lat' dir='ltr'><strong>contra</strong></span> <span class='ocrx_word' id='word_1_663' title='bbox 2526 2562 2750 2632; x_wconf 78' lang='lat' dir='ltr'><strong>frontem</strong></span> <span class='ocrx_word' id='word_1_664' title='bbox 2795 2567 2967 2634; x_wconf 86' lang='lat' dir='ltr'><strong>posuit</strong></span> <span class='ocrx_word' id='word_1_665' title='bbox 3005 2565 3258 2622; x_wconf 87' lang='lat' dir='ltr'><strong>laminam</strong></span> <span class='ocrx_word' id='word_1_666' title='bbox 3298 2586 3515 2625; x_wconf 86' lang='lat' dir='ltr'><strong>auream</strong></span> 
     </span>
    </p>
   </div>
   <div class='ocr_carea' id='block_1_86' title="bbox 1934 2654 3516 2731">
    <p class='ocr_par' dir='ltr' id='par_1_86' title="bbox 1934 2654 3516 2731">
     <span class='ocr_line' id='line_1_86' title="bbox 1934 2654 3516 2731; baseline 0.007 -26"><span class='ocrx_word' id='word_1_667' title='bbox 1934 2662 2292 2706; x_wconf 89' lang='lat' dir='ltr'><strong>consecratam</strong></span> <span class='ocrx_word' id='word_1_668' title='bbox 2333 2654 2390 2707; x_wconf 89' lang='lat' dir='ltr'><strong>in</strong></span> <span class='ocrx_word' id='word_1_669' title='bbox 2428 2655 2926 2723; x_wconf 83' lang='lat' dir='ltr'><strong>sanctiﬁcationem,</strong></span> <span class='ocrx_word' id='word_1_670' title='bbox 2956 2657 3093 2711; x_wconf 87' lang='lat' dir='ltr'><strong>sicut</strong></span> <span class='ocrx_word' id='word_1_671' title='bbox 3126 2671 3442 2731; x_wconf 67' lang='lat' dir='ltr'><strong>praeceperat</strong></span> <span class='ocrx_word' id='word_1_672' title='bbox 3467 2664 3516 2716; x_wconf 90' lang='lat' dir='ltr'><strong>ei</strong></span> 
     </span>
    </p>
   </div>
   <div class='ocr_carea' id='block_1_87' title="bbox 1936 2740 3517 2819">
    <p class='ocr_par' dir='ltr' id='par_1_87' title="bbox 1936 2740 3517 2819">
     <span class='ocr_line' id='line_1_87' title="bbox 1936 2740 3517 2819; baseline 0.008 -25"><span class='ocrx_word' id='word_1_673' title='bbox 1936 2740 2215 2796; x_wconf 86' lang='lat' dir='ltr'><strong>Dominus.</strong></span> <span class='ocrx_word' id='word_1_674' title='bbox 2251 2742 2381 2810; x_wconf 65' lang='lat' dir='ltr'><strong>Qua:</strong></span> <span class='ocrx_word' id='word_1_675' title='bbox 2415 2745 2643 2814; x_wconf 87' lang='lat' dir='ltr'><strong>mystice</strong></span> <span class='ocrx_word' id='word_1_676' title='bbox 2691 2746 2743 2799; x_wconf 90' lang='lat' dir='ltr'><strong>in</strong></span> <span class='ocrx_word' id='word_1_677' title='bbox 2794 2747 3038 2802; x_wconf 84' lang='lat' dir='ltr'><strong>Ecclesia</strong></span> <span class='ocrx_word' id='word_1_678' title='bbox 3085 2760 3339 2819; x_wconf 89' lang='lat' dir='ltr'><strong>aguntur,</strong></span> <span class='ocrx_word' id='word_1_679' title='bbox 3388 2762 3517 2807; x_wconf 90' lang='lat' dir='ltr'><strong>ante</strong></span> 
     </span>
    </p>
   </div>
   <div class='ocr_carea' id='block_1_88' title="bbox 1936 2833 3518 2910">
    <p class='ocr_par' dir='ltr' id='par_1_88' title="bbox 1936 2833 3518 2910">
     <span class='ocr_line' id='line_1_88' title="bbox 1936 2833 3518 2910; baseline 0.009 -26"><span class='ocrx_word' id='word_1_680' title='bbox 1936 2833 2135 2887; x_wconf 90' lang='lat' dir='ltr'><strong>multas</strong></span> <span class='ocrx_word' id='word_1_681' title='bbox 2172 2836 2554 2903; x_wconf 87' lang='lat' dir='ltr'><strong>generationes</strong></span> <span class='ocrx_word' id='word_1_682' title='bbox 2594 2836 2832 2906; x_wconf 88' lang='lat' dir='ltr'><strong>Spiritus</strong></span> <span class='ocrx_word' id='word_1_683' title='bbox 2868 2838 2962 2893; x_wconf 91' lang='lat' dir='ltr'><strong>Dei</strong></span> <span class='ocrx_word' id='word_1_684' title='bbox 3000 2841 3279 2910; x_wconf 67' lang='lat' dir='ltr'><strong>praacepit,</strong></span> <span class='ocrx_word' id='word_1_685' title='bbox 3319 2842 3413 2897; x_wconf 92' lang='lat' dir='ltr'><strong>sed</strong></span> <span class='ocrx_word' id='word_1_686' title='bbox 3461 2854 3518 2898; x_wconf 90' lang='lat' dir='ltr'><strong>et</strong></span> 
     </span>
    </p>
   </div>
   <div class='ocr_carea' id='block_1_89' title="bbox 1937 2925 3516 2997">
    <p class='ocr_par' dir='ltr' id='par_1_89' title="bbox 1937 2925 3516 2997">
     <span class='ocr_line' id='line_1_89' title="bbox 1937 2925 3516 2997; baseline 0.006 -21"><span class='ocrx_word' id='word_1_687' title='bbox 1937 2938 2062 2976; x_wconf 91' lang='lat' dir='ltr'><strong>cum</strong></span> <span class='ocrx_word' id='word_1_688' title='bbox 2098 2926 2394 2978; x_wconf 91' lang='lat' dir='ltr'><strong>secundum</strong></span> <span class='ocrx_word' id='word_1_689' title='bbox 2427 2925 2780 2997; x_wconf 86' lang='lat' dir='ltr'><strong>Septuaginta</strong></span> <span class='ocrx_word' id='word_1_690' title='bbox 2812 2929 3063 2996; x_wconf 87' lang='lat' dir='ltr'><strong>superius</strong></span> <span class='ocrx_word' id='word_1_691' title='bbox 3092 2930 3316 2985; x_wconf 85' lang='lat' dir='ltr'><strong>dixisset</strong></span> <span class='ocrx_word' id='word_1_692' title='bbox 3343 2931 3516 2986; x_wconf 87' lang='lat' dir='ltr'><strong>:Con—</strong></span> 
     </span>
    </p>
   </div>
   <div class='ocr_carea' id='block_1_90' title="bbox 1936 3016 3515 3086">
    <p class='ocr_par' dir='ltr' id='par_1_90' title="bbox 1936 3016 3515 3086">
     <span class='ocr_line' id='line_1_90' title="bbox 1936 3016 3515 3086; baseline 0.006 -18"><span class='ocrx_word' id='word_1_693' title='bbox 1936 3031 2064 3070; x_wconf 88' lang='lat' dir='ltr'><strong>voca</strong></span> <span class='ocrx_word' id='word_1_694' title='bbox 2095 3016 2163 3070; x_wconf 91' lang='lat' dir='ltr'><strong>ad</strong></span> <span class='ocrx_word' id='word_1_695' title='bbox 2185 3016 2384 3086; x_wconf 88' lang='lat' dir='ltr'><strong>januas</strong></span> <span class='ocrx_word' id='word_1_696' title='bbox 2413 3017 2743 3073; x_wconf 88' lang='lat' dir='ltr'><strong>tabernaculi</strong></span> <span class='ocrx_word' id='word_1_697' title='bbox 2771 3021 3075 3086; x_wconf 88' lang='lat' dir='ltr'><strong>testimonii,</strong></span> <span class='ocrx_word' id='word_1_698' title='bbox 3110 3022 3201 3076; x_wconf 91' lang='lat' dir='ltr'><strong>hic</strong></span> <span class='ocrx_word' id='word_1_699' title='bbox 3230 3023 3345 3077; x_wconf 88' lang='lat' dir='ltr'><strong>ait:</strong></span> <span class='ocrx_word' id='word_1_700' title='bbox 3377 3023 3515 3077; x_wconf 84' lang='lat' dir='ltr'><strong>Con-</strong></span> 
     </span>
    </p>
   </div>
   <div class='ocr_carea' id='block_1_91' title="bbox 1937 3110 3514 3185">
    <p class='ocr_par' dir='ltr' id='par_1_91' title="bbox 1937 3110 3514 3185">
     <span class='ocr_line' id='line_1_91' title="bbox 1937 3110 3514 3185; baseline 0.004 -23"><span class='ocrx_word' id='word_1_701' title='bbox 1937 3110 2132 3163; x_wconf 82' lang='lat' dir='ltr'><strong>vocavit</strong></span> <span class='ocrx_word' id='word_1_702' title='bbox 2172 3112 2625 3180; x_wconf 84' lang='lat' dir='ltr'><strong>congregationem</strong></span> <span class='ocrx_word' id='word_1_703' title='bbox 2663 3127 2770 3167; x_wconf 90' lang='lat' dir='ltr'><strong>non</strong></span> <span class='ocrx_word' id='word_1_704' title='bbox 2818 3112 2884 3167; x_wconf 88' lang='lat' dir='ltr'><strong>ad</strong></span> <span class='ocrx_word' id='word_1_705' title='bbox 2918 3113 3115 3183; x_wconf 87' lang='lat' dir='ltr'><strong>januas</strong></span> <span class='ocrx_word' id='word_1_706' title='bbox 3139 3154 3154 3180; x_wconf 96' lang='lat'><strong>,</strong></span> <span class='ocrx_word' id='word_1_707' title='bbox 3185 3115 3279 3169; x_wconf 85' lang='lat' dir='ltr'><strong>sed</strong></span> <span class='ocrx_word' id='word_1_708' title='bbox 3319 3115 3389 3168; x_wconf 88' lang='lat' dir='ltr'><strong>ad</strong></span> <span class='ocrx_word' id='word_1_709' title='bbox 3415 3115 3514 3185; x_wconf 84' lang='lat' dir='ltr'><strong>ja-</strong></span> 
     </span>
    </p>
   </div>
   <div class='ocr_carea' id='block_1_92' title="bbox 1896 3197 3516 3259">
    <p class='ocr_par' dir='ltr' id='par_1_92' title="bbox 1896 3197 3516 3259">
     <span class='ocr_line' id='line_1_92' title="bbox 1896 3197 3516 3259; baseline 0.004 -8"><span class='ocrx_word' id='word_1_710' title='bbox 1896 3214 2096 3252; x_wconf 19' lang='lat' dir='ltr'><strong>inuam</strong></span> <span class='ocrx_word' id='word_1_711' title='bbox 2136 3197 2464 3253; x_wconf 87' lang='lat' dir='ltr'><strong>tabernaculi</strong></span> <span class='ocrx_word' id='word_1_712' title='bbox 2504 3200 2831 3255; x_wconf 88' lang='lat' dir='ltr'><strong>testimonii:</strong></span> <span class='ocrx_word' id='word_1_713' title='bbox 2877 3201 3173 3257; x_wconf 87' lang='lat' dir='ltr'><strong>admonens</strong></span> <span class='ocrx_word' id='word_1_714' title='bbox 3214 3218 3374 3259; x_wconf 90' lang='lat' dir='ltr'><strong>aures</strong></span> <span class='ocrx_word' id='word_1_715' title='bbox 3419 3218 3516 3258; x_wconf 84' lang='lat' dir='ltr'><strong>no-</strong></span> 
     </span>
    </p>
   </div>
   <div class='ocr_carea' id='block_1_93' title="bbox 1935 3291 3516 3366">
    <p class='ocr_par' dir='ltr' id='par_1_93' title="bbox 1935 3291 3516 3366">
     <span class='ocr_line' id='line_1_93' title="bbox 1935 3291 3516 3366; baseline 0.003 -21"><span class='ocrx_word' id='word_1_716' title='bbox 1935 3297 2077 3346; x_wconf 89' lang='lat' dir='ltr'><strong>stras</strong></span> <span class='ocrx_word' id='word_1_717' title='bbox 2111 3291 2414 3358; x_wconf 89' lang='lat' dir='ltr'><strong>evidenter,</strong></span> <span class='ocrx_word' id='word_1_718' title='bbox 2454 3293 2598 3361; x_wconf 91' lang='lat' dir='ltr'><strong>quod</strong></span> <span class='ocrx_word' id='word_1_719' title='bbox 2633 3294 3004 3363; x_wconf 89' lang='lat' dir='ltr'><strong>apostolorum</strong></span> <span class='ocrx_word' id='word_1_720' title='bbox 3052 3295 3347 3362; x_wconf 67' lang='lat' dir='ltr'><strong>doctrinae,</strong></span> <span class='ocrx_word' id='word_1_721' title='bbox 3378 3311 3516 3366; x_wconf 88' lang='lat' dir='ltr'><strong>quas</strong></span> 
     </span>
    </p>
   </div>
   <div class='ocr_carea' id='block_1_94' title="bbox 1933 3377 3514 3456">
    <p class='ocr_par' dir='ltr' id='par_1_94' title="bbox 1933 3377 3514 3456">
     <span class='ocr_line' id='line_1_94' title="bbox 1933 3377 3514 3456; baseline 0.005 -23"><span class='ocrx_word' id='word_1_722' title='bbox 1933 3394 2054 3434; x_wconf 88' lang='lat' dir='ltr'><strong>esse</strong></span> <span class='ocrx_word' id='word_1_723' title='bbox 2077 3377 2272 3447; x_wconf 88' lang='lat' dir='ltr'><strong>januas</strong></span> <span class='ocrx_word' id='word_1_724' title='bbox 2304 3382 2635 3437; x_wconf 86' lang='lat' dir='ltr'><strong>tabernaculi</strong></span> <span class='ocrx_word' id='word_1_725' title='bbox 2668 3384 2962 3439; x_wconf 89' lang='lat' dir='ltr'><strong>testimonii</strong></span> <span class='ocrx_word' id='word_1_726' title='bbox 2992 3387 3302 3456; x_wconf 61' lang='lat' dir='ltr'><strong>praecedens</strong></span> <span class='ocrx_word' id='word_1_727' title='bbox 3332 3402 3514 3441; x_wconf 91' lang='lat' dir='ltr'><strong>sermo</strong></span> 
     </span>
    </p>
   </div>
   <div class='ocr_carea' id='block_1_95' title="bbox 1933 3473 3515 3549">
    <p class='ocr_par' dir='ltr' id='par_1_95' title="bbox 1933 3473 3515 3549">
     <span class='ocr_line' id='line_1_95' title="bbox 1933 3473 3515 3549; baseline 0.004 -24"><span class='ocrx_word' id='word_1_728' title='bbox 1933 3473 2217 3540; x_wconf 76' lang='lat' dir='ltr'><strong>exposuit,</strong></span> <span class='ocrx_word' id='word_1_729' title='bbox 2251 3481 2305 3528; x_wconf 89' lang='lat' dir='ltr'><strong>et</strong></span> <span class='ocrx_word' id='word_1_730' title='bbox 2334 3473 2537 3529; x_wconf 90' lang='lat' dir='ltr'><strong>Christi</strong></span> <span class='ocrx_word' id='word_1_731' title='bbox 2567 3475 2814 3530; x_wconf 86' lang='lat' dir='ltr'><strong>doctrina</strong></span> <span class='ocrx_word' id='word_1_732' title='bbox 2844 3484 2971 3530; x_wconf 86' lang='lat' dir='ltr'><strong>sunt</strong></span> <span class='ocrx_word' id='word_1_733' title='bbox 2999 3477 3168 3547; x_wconf 87' lang='lat' dir='ltr'><strong>ipsius</strong></span> <span class='ocrx_word' id='word_1_734' title='bbox 3198 3477 3391 3549; x_wconf 80' lang='lat' dir='ltr'><strong>lingua:</strong></span> <span class='ocrx_word' id='word_1_735' title='bbox 3431 3478 3515 3532; x_wconf 85' lang='lat' dir='ltr'><strong>in-</strong></span> 
     </span>
    </p>
   </div>
   <div class='ocr_carea' id='block_1_96' title="bbox 1937 3559 3515 3637">
    <p class='ocr_par' dir='ltr' id='par_1_96' title="bbox 1937 3559 3515 3637">
     <span class='ocr_line' id='line_1_96' title="bbox 1937 3559 3515 3637; baseline 0.003 -23"><span class='ocrx_word' id='word_1_736' title='bbox 1937 3559 2090 3626; x_wconf 66' lang='lat' dir='ltr'><strong>fusas,</strong></span> <span class='ocrx_word' id='word_1_737' title='bbox 2117 3570 2170 3615; x_wconf 89' lang='lat' dir='ltr'><strong>et</strong></span> <span class='ocrx_word' id='word_1_738' title='bbox 2192 3576 2258 3615; x_wconf 83' lang='lat' dir='ltr'><strong>ex</strong></span> <span class='ocrx_word' id='word_1_739' title='bbox 2281 3563 2367 3617; x_wconf 90' lang='lat' dir='ltr'><strong>his</strong></span> <span class='ocrx_word' id='word_1_740' title='bbox 2393 3579 2461 3617; x_wconf 81' lang='lat' dir='ltr'><strong>ex</strong></span> <span class='ocrx_word' id='word_1_741' title='bbox 2486 3563 2683 3632; x_wconf 90' lang='lat' dir='ltr'><strong>quibus</strong></span> <span class='ocrx_word' id='word_1_742' title='bbox 2710 3564 2823 3633; x_wconf 88' lang='lat' dir='ltr'><strong>ipse</strong></span> <span class='ocrx_word' id='word_1_743' title='bbox 2849 3563 3050 3619; x_wconf 88' lang='lat' dir='ltr'><strong>docuit.</strong></span> <span class='ocrx_word' id='word_1_744' title='bbox 3083 3565 3515 3637; x_wconf 84' lang='lat' dir='ltr'><strong>Congregataque</strong></span> 
     </span>
    </p>
   </div>
   <div class='ocr_carea' id='block_1_97' title="bbox 1935 3653 3515 3727">
    <p class='ocr_par' dir='ltr' id='par_1_97' title="bbox 1935 3653 3515 3727">
     <span class='ocr_line' id='line_1_97' title="bbox 1935 3653 3515 3727; baseline 0.002 -22"><span class='ocrx_word' id='word_1_745' title='bbox 1935 3653 2079 3706; x_wconf 91' lang='lat' dir='ltr'><strong>omni</strong></span> <span class='ocrx_word' id='word_1_746' title='bbox 2106 3653 2259 3706; x_wconf 88' lang='lat' dir='ltr'><strong>turba</strong></span> <span class='ocrx_word' id='word_1_747' title='bbox 2284 3664 2407 3707; x_wconf 90' lang='lat' dir='ltr'><strong>ante</strong></span> <span class='ocrx_word' id='word_1_748' title='bbox 2432 3654 2571 3722; x_wconf 80' lang='lat' dir='ltr'><strong>[ores</strong></span> <span class='ocrx_word' id='word_1_749' title='bbox 2600 3655 2673 3707; x_wconf 89' lang='lat' dir='ltr'><strong>ait</strong></span> <span class='ocrx_word' id='word_1_750' title='bbox 2701 3668 2720 3705; x_wconf 88' lang='lat'><strong>:</strong></span> <span class='ocrx_word' id='word_1_751' title='bbox 2752 3654 2854 3707; x_wconf 84' lang='lat' dir='ltr'><strong>Hic</strong></span> <span class='ocrx_word' id='word_1_752' title='bbox 2883 3665 2957 3709; x_wconf 87' lang='lat' dir='ltr'><strong>est</strong></span> <span class='ocrx_word' id='word_1_753' title='bbox 2983 3672 3152 3710; x_wconf 89' lang='lat' dir='ltr'><strong>sermo</strong></span> <span class='ocrx_word' id='word_1_754' title='bbox 3178 3672 3329 3727; x_wconf 89' lang='lat' dir='ltr'><strong>quem</strong></span> <span class='ocrx_word' id='word_1_755' title='bbox 3348 3656 3515 3725; x_wconf 86' lang='lat' dir='ltr'><strong>jussit</strong></span> 
     </span>
    </p>
   </div>
   <div class='ocr_carea' id='block_1_98' title="bbox 1935 3741 3517 3818">
    <p class='ocr_par' dir='ltr' id='par_1_98' title="bbox 1935 3741 3517 3818">
     <span class='ocr_line' id='line_1_98' title="bbox 1935 3741 3517 3818; baseline 0.004 -23"><span class='ocrx_word' id='word_1_756' title='bbox 1935 3741 2191 3797; x_wconf 88' lang='lat' dir='ltr'><strong>Dominus</strong></span> <span class='ocrx_word' id='word_1_757' title='bbox 2222 3744 2359 3812; x_wconf 77' lang='lat' dir='ltr'><strong>ﬁeri.</strong></span> <span class='ocrx_word' id='word_1_758' title='bbox 2400 3745 2531 3813; x_wconf 88' lang='lat' dir='ltr'><strong>Quis</strong></span> <span class='ocrx_word' id='word_1_759' title='bbox 2565 3762 2745 3803; x_wconf 92' lang='lat' dir='ltr'><strong>sermo</strong></span> <span class='ocrx_word' id='word_1_760' title='bbox 2771 3748 2858 3802; x_wconf 91' lang='lat' dir='ltr'><strong>ille</strong></span> <span class='ocrx_word' id='word_1_761' title='bbox 2878 3748 2904 3801; x_wconf 86' lang='lat'><strong>?</strong></span> <span class='ocrx_word' id='word_1_762' title='bbox 2926 3748 3001 3802; x_wconf 91' lang='lat' dir='ltr'><strong>De</strong></span> <span class='ocrx_word' id='word_1_763' title='bbox 3030 3764 3137 3818; x_wconf 92' lang='lat' dir='ltr'><strong>quo</strong></span> <span class='ocrx_word' id='word_1_764' title='bbox 3168 3749 3375 3804; x_wconf 90' lang='lat' dir='ltr'><strong>scilicet</strong></span> <span class='ocrx_word' id='word_1_765' title='bbox 3407 3748 3517 3802; x_wconf 89' lang='lat' dir='ltr'><strong>Da-</strong></span> 
     </span>
    </p>
   </div>
   <div class='ocr_carea' id='block_1_99' title="bbox 1934 3831 3515 3909">
    <p class='ocr_par' dir='ltr' id='par_1_99' title="bbox 1934 3831 3515 3909">
     <span class='ocr_line' id='line_1_99' title="bbox 1934 3831 3515 3909; baseline 0.005 -23"><span class='ocrx_word' id='word_1_766' title='bbox 1934 3832 2024 3887; x_wconf 89' lang='lat' dir='ltr'><strong>vid</strong></span> <span class='ocrx_word' id='word_1_767' title='bbox 2052 3833 2268 3888; x_wconf 86' lang='lat' dir='ltr'><strong>dicebat</strong></span> <span class='ocrx_word' id='word_1_768' title='bbox 2294 3853 2306 3889; x_wconf 91' lang='lat'><strong>:</strong></span> <span class='ocrx_word' id='word_1_769' title='bbox 2340 3834 2597 3891; x_wconf 87' lang='lat' dir='ltr'><strong>Dominus</strong></span> <span class='ocrx_word' id='word_1_770' title='bbox 2625 3831 2770 3891; x_wconf 84' lang='lat' dir='ltr'><strong>dabit</strong></span> <span class='ocrx_word' id='word_1_771' title='bbox 2798 3837 3005 3892; x_wconf 89' lang='lat' dir='ltr'><strong>verbum</strong></span> <span class='ocrx_word' id='word_1_772' title='bbox 3036 3838 3515 3909; x_wconf 75' lang='lat' dir='ltr'><strong>euangelizantibus</strong></span> 
     </span>
    </p>
   </div>
   <div class='ocr_carea' id='block_1_100' title="bbox 1934 3924 3517 3999">
    <p class='ocr_par' dir='ltr' id='par_1_100' title="bbox 1934 3924 3517 3999">
     <span class='ocr_line' id='line_1_100' title="bbox 1934 3924 3517 3999; baseline 0.004 -23"><span class='ocrx_word' id='word_1_773' title='bbox 1934 3924 2126 3977; x_wconf 83' lang='lat' dir='ltr'><strong>virtute</strong></span> <span class='ocrx_word' id='word_1_774' title='bbox 2157 3924 2322 3980; x_wconf 89' lang='lat' dir='ltr'><strong>multa</strong></span> <span class='ocrx_word' id='word_1_775' title='bbox 2361 3925 2381 3999; x_wconf 93' lang='lat'><strong>(</strong></span> <span class='ocrx_word' id='word_1_776' title='bbox 2409 3925 2551 3981; x_wconf 84' lang='lat' dir='ltr'><strong>Psal.</strong></span> <span class='ocrx_word' id='word_1_777' title='bbox 2587 3944 2734 3983; x_wconf 80' lang='lat' dir='ltr'><strong>van</strong></span> <span class='ocrx_word' id='word_1_778' title='bbox 2758 3927 2818 3996; x_wconf 91' lang='lat'><strong>);</strong></span> <span class='ocrx_word' id='word_1_779' title='bbox 2857 3929 2951 3983; x_wconf 89' lang='lat' dir='ltr'><strong>sed</strong></span> <span class='ocrx_word' id='word_1_780' title='bbox 2985 3936 3040 3983; x_wconf 91' lang='lat' dir='ltr'><strong>et</strong></span> <span class='ocrx_word' id='word_1_781' title='bbox 3076 3927 3270 3983; x_wconf 90' lang='lat' dir='ltr'><strong>Petrus</strong></span> <span class='ocrx_word' id='word_1_782' title='bbox 3301 3927 3517 3998; x_wconf 88' lang='lat' dir='ltr'><strong>planius</strong></span> 
     </span>
    </p>
   </div>
   <div class='ocr_carea' id='block_1_101' title="bbox 1935 4012 3516 4087">
    <p class='ocr_par' dir='ltr' id='par_1_101' title="bbox 1935 4012 3516 4087">
     <span class='ocr_line' id='line_1_101' title="bbox 1935 4012 3516 4087; baseline 0.002 -21"><span class='ocrx_word' id='word_1_783' title='bbox 1935 4012 2052 4067; x_wconf 89' lang='lat' dir='ltr'><strong>ait:</strong></span> <span class='ocrx_word' id='word_1_784' title='bbox 2084 4012 2201 4068; x_wconf 87' lang='lat' dir='ltr'><strong>Hoc</strong></span> <span class='ocrx_word' id='word_1_785' title='bbox 2229 4024 2306 4069; x_wconf 88' lang='lat' dir='ltr'><strong>est</strong></span> <span class='ocrx_word' id='word_1_786' title='bbox 2335 4015 2544 4069; x_wconf 85' lang='lat' dir='ltr'><strong>verbum</strong></span> <span class='ocrx_word' id='word_1_787' title='bbox 2572 4016 2713 4087; x_wconf 90' lang='lat' dir='ltr'><strong>quod</strong></span> <span class='ocrx_word' id='word_1_788' title='bbox 2744 4017 3117 4070; x_wconf 88' lang='lat' dir='ltr'><strong>annuntiutum</strong></span> <span class='ocrx_word' id='word_1_789' title='bbox 3161 4026 3235 4070; x_wconf 91' lang='lat' dir='ltr'><strong>est</strong></span> <span class='ocrx_word' id='word_1_790' title='bbox 3271 4017 3414 4071; x_wconf 84' lang='lat' dir='ltr'><strong>vobis</strong></span> <span class='ocrx_word' id='word_1_791' title='bbox 3445 4015 3516 4086; x_wconf 90' lang='lat' dir='ltr'><strong>(I</strong></span> 
     </span>
    </p>
   </div>
   <div class='ocr_carea' id='block_1_102' title="bbox 1938 4102 3513 4177">
    <p class='ocr_par' dir='ltr' id='par_1_102' title="bbox 1938 4102 3513 4177">
     <span class='ocr_line' id='line_1_102' title="bbox 1938 4102 3513 4177; baseline 0.003 -22"><span class='ocrx_word' id='word_1_792' title='bbox 1938 4102 2084 4156; x_wconf 85' lang='lat' dir='ltr'><strong>Petr‘.</strong></span> <span class='ocrx_word' id='word_1_793' title='bbox 2115 4103 2195 4175; x_wconf 91' lang='grc' dir='ltr'><strong>ι).</strong></span> <span class='ocrx_word' id='word_1_794' title='bbox 2228 4104 2584 4177; x_wconf 76' lang='lat' dir='ltr'><strong>Evangelicus</strong></span> <span class='ocrx_word' id='word_1_795' title='bbox 2616 4105 2885 4176; x_wconf 89' lang='lat' dir='ltr'><strong>siquidem</strong></span> <span class='ocrx_word' id='word_1_796' title='bbox 2914 4121 3152 4176; x_wconf 71' lang='lat' dir='ltr'><strong>prresens</strong></span> <span class='ocrx_word' id='word_1_797' title='bbox 3186 4120 3367 4161; x_wconf 87' lang='lat' dir='ltr'><strong>sermo</strong></span> <span class='ocrx_word' id='word_1_798' title='bbox 3396 4113 3513 4169; x_wconf 88' lang='lat' dir='ltr'><strong>est,</strong></span> 
     </span>
    </p>
   </div>
   <div class='ocr_carea' id='block_1_103' title="bbox 1936 4193 3513 4266">
    <p class='ocr_par' dir='ltr' id='par_1_103' title="bbox 1936 4193 3513 4266">
     <span class='ocr_line' id='line_1_103' title="bbox 1936 4193 3513 4266; baseline 0.001 -21"><span class='ocrx_word' id='word_1_799' title='bbox 1936 4193 2062 4261; x_wconf 89' lang='lat' dir='ltr'><strong>quia</strong></span> <span class='ocrx_word' id='word_1_800' title='bbox 2092 4201 2148 4247; x_wconf 89' lang='lat' dir='ltr'><strong>et</strong></span> <span class='ocrx_word' id='word_1_801' title='bbox 2176 4193 2502 4265; x_wconf 88' lang='lat' dir='ltr'><strong>Evangelica</strong></span> <span class='ocrx_word' id='word_1_802' title='bbox 2531 4203 2656 4250; x_wconf 88' lang='lat' dir='ltr'><strong>sunt</strong></span> <span class='ocrx_word' id='word_1_803' title='bbox 2684 4196 2753 4250; x_wconf 90' lang='lat' dir='ltr'><strong>ab</strong></span> <span class='ocrx_word' id='word_1_804' title='bbox 2781 4211 2847 4249; x_wconf 91' lang='lat' dir='ltr'><strong>eo</strong></span> <span class='ocrx_word' id='word_1_805' title='bbox 2876 4196 3193 4249; x_wconf 89' lang='lat' dir='ltr'><strong>annuntiata</strong></span> <span class='ocrx_word' id='word_1_806' title='bbox 3222 4195 3476 4266; x_wconf 84' lang='lat' dir='ltr'><strong>mysteria</strong></span> <span class='ocrx_word' id='word_1_807' title='bbox 3496 4234 3513 4259; x_wconf 96' lang='lat'><strong>,</strong></span> 
     </span>
    </p>
   </div>
   <div class='ocr_carea' id='block_1_104' title="bbox 1940 4283 3518 4354">
    <p class='ocr_par' dir='ltr' id='par_1_104' title="bbox 1940 4283 3518 4354">
     <span class='ocr_line' id='line_1_104' title="bbox 1940 4283 3518 4354; baseline 0.001 -19"><span class='ocrx_word' id='word_1_808' title='bbox 1940 4283 2135 4352; x_wconf 91' lang='lat' dir='ltr'><strong>quibus</strong></span> <span class='ocrx_word' id='word_1_809' title='bbox 2184 4291 2239 4337; x_wconf 90' lang='lat' dir='ltr'><strong>et</strong></span> <span class='ocrx_word' id='word_1_810' title='bbox 2284 4285 2456 4353; x_wconf 90' lang='lat' dir='ltr'><strong>gratia</strong></span> <span class='ocrx_word' id='word_1_811' title='bbox 2502 4284 2645 4338; x_wconf 88' lang='lat' dir='ltr'><strong>inest</strong></span> <span class='ocrx_word' id='word_1_812' title='bbox 2693 4284 3064 4354; x_wconf 87' lang='lat' dir='ltr'><strong>baptismatis.</strong></span> <span class='ocrx_word' id='word_1_813' title='bbox 3105 4283 3212 4338; x_wconf 91' lang='lat' dir='ltr'><strong>Sed</strong></span> <span class='ocrx_word' id='word_1_814' title='bbox 3258 4284 3387 4351; x_wconf 90' lang='lat' dir='ltr'><strong>quid</strong></span> <span class='ocrx_word' id='word_1_815' title='bbox 3433 4292 3518 4337; x_wconf 91' lang='lat' dir='ltr'><strong>est</strong></span> 
     </span>
    </p>
   </div>
   <div class='ocr_carea' id='block_1_105' title="bbox 1940 4368 3514 4439">
    <p class='ocr_par' dir='ltr' id='par_1_105' title="bbox 1940 4368 3514 4439">
     <span class='ocr_line' id='line_1_105' title="bbox 1940 4368 3514 4439; baseline -0.001 -15"><span class='ocrx_word' id='word_1_816' title='bbox 1940 4370 2107 4424; x_wconf 87' lang='lat' dir='ltr'><strong>etiam</strong></span> <span class='ocrx_word' id='word_1_817' title='bbox 2137 4372 2279 4439; x_wconf 90' lang='lat' dir='ltr'><strong>quod</strong></span> <span class='ocrx_word' id='word_1_818' title='bbox 2310 4386 2455 4424; x_wconf 89' lang='lat' dir='ltr'><strong>nunc</strong></span> <span class='ocrx_word' id='word_1_819' title='bbox 2481 4371 2702 4439; x_wconf 77' lang='lat' dir='ltr'><strong>exponit</strong></span> <span class='ocrx_word' id='word_1_820' title='bbox 2729 4371 2897 4423; x_wconf 90' lang='lat' dir='ltr'><strong>Deum</strong></span> <span class='ocrx_word' id='word_1_821' title='bbox 2928 4370 3269 4439; x_wconf 66' lang='lat' dir='ltr'><strong>praecipere?</strong></span> <span class='ocrx_word' id='word_1_822' title='bbox 3294 4368 3514 4424; x_wconf 86' lang='lat' dir='ltr'><strong>Statim-</strong></span> 
     </span>
    </p>
   </div>
   <div class='ocr_carea' id='block_1_106' title="bbox 1943 4457 3518 4531">
    <p class='ocr_par' dir='ltr' id='par_1_106' title="bbox 1943 4457 3518 4531">
     <span class='ocr_line' id='line_1_106' title="bbox 1943 4457 3518 4531; baseline 0.001 -21"><span class='ocrx_word' id='word_1_823' title='bbox 1943 4474 2042 4528; x_wconf 90' lang='lat' dir='ltr'><strong>que</strong></span> <span class='ocrx_word' id='word_1_824' title='bbox 2069 4457 2255 4511; x_wconf 88' lang='lat' dir='ltr'><strong>obtulit</strong></span> <span class='ocrx_word' id='word_1_825' title='bbox 2282 4458 2463 4513; x_wconf 83' lang='lat' dir='ltr'><strong>Aaron</strong></span> <span class='ocrx_word' id='word_1_826' title='bbox 2491 4469 2538 4513; x_wconf 92' lang='lat' dir='ltr'><strong>et</strong></span> <span class='ocrx_word' id='word_1_827' title='bbox 2568 4457 2706 4528; x_wconf 82' lang='lat' dir='ltr'><strong>ﬁlios</strong></span> <span class='ocrx_word' id='word_1_828' title='bbox 2736 4458 2850 4529; x_wconf 88' lang='lat' dir='ltr'><strong>ejus</strong></span> <span class='ocrx_word' id='word_1_829' title='bbox 2870 4498 2884 4523; x_wconf 95' lang='lat'><strong>,</strong></span> <span class='ocrx_word' id='word_1_830' title='bbox 2914 4475 3131 4531; x_wconf 90' lang='lat' dir='ltr'><strong>cumque</strong></span> <span class='ocrx_word' id='word_1_831' title='bbox 3158 4458 3365 4514; x_wconf 84' lang='lat' dir='ltr'><strong>lavisset</strong></span> <span class='ocrx_word' id='word_1_832' title='bbox 3394 4473 3518 4513; x_wconf 90' lang='lat' dir='ltr'><strong>eos:</strong></span> 
     </span>
    </p>
   </div>
   <div class='ocr_carea' id='block_1_107' title="bbox 1943 4547 3516 4619">
    <p class='ocr_par' dir='ltr' id='par_1_107' title="bbox 1943 4547 3516 4619">
     <span class='ocr_line' id='line_1_107' title="bbox 1943 4547 3516 4619; baseline 0.001 -18"><span class='ocrx_word' id='word_1_833' title='bbox 1943 4547 2159 4617; x_wconf 88' lang='lat' dir='ltr'><strong>quando</strong></span> <span class='ocrx_word' id='word_1_834' title='bbox 2193 4550 2238 4603; x_wconf 88' lang='lat' dir='ltr'><strong>is</strong></span> <span class='ocrx_word' id='word_1_835' title='bbox 2271 4548 2364 4619; x_wconf 92' lang='lat' dir='ltr'><strong>qui</strong></span> <span class='ocrx_word' id='word_1_836' title='bbox 2401 4564 2531 4604; x_wconf 87' lang='lat' dir='ltr'><strong>vere</strong></span> <span class='ocrx_word' id='word_1_837' title='bbox 2574 4556 2659 4604; x_wconf 92' lang='lat' dir='ltr'><strong>est</strong></span> <span class='ocrx_word' id='word_1_838' title='bbox 2705 4549 2959 4604; x_wconf 88' lang='lat' dir='ltr'><strong>sacerdos</strong></span> <span class='ocrx_word' id='word_1_839' title='bbox 3001 4549 3251 4606; x_wconf 89' lang='lat' dir='ltr'><strong>Christus</strong></span> <span class='ocrx_word' id='word_1_840' title='bbox 3291 4548 3516 4605; x_wconf 80' lang='lat' dir='ltr'><strong>oﬂ&#39;ertur</strong></span> 
     </span>
    </p>
   </div>
   <div class='ocr_carea' id='block_1_108' title="bbox 1939 4640 3514 4711">
    <p class='ocr_par' dir='ltr' id='par_1_108' title="bbox 1939 4640 3514 4711">
     <span class='ocr_line' id='line_1_108' title="bbox 1939 4640 3514 4711; baseline 0.001 -18"><span class='ocrx_word' id='word_1_841' title='bbox 1939 4640 2088 4694; x_wconf 85' lang='lat' dir='ltr'><strong>Patri</strong></span> <span class='ocrx_word' id='word_1_842' title='bbox 2122 4657 2135 4694; x_wconf 91' lang='lat'><strong>:</strong></span> <span class='ocrx_word' id='word_1_843' title='bbox 2181 4640 2469 4697; x_wconf 86' lang='lat' dir='ltr'><strong>oblationis</strong></span> <span class='ocrx_word' id='word_1_844' title='bbox 2507 4641 2653 4697; x_wconf 91' lang='lat' dir='ltr'><strong>enim</strong></span> <span class='ocrx_word' id='word_1_845' title='bbox 2680 4640 2797 4711; x_wconf 85' lang='lat' dir='ltr'><strong>eius</strong></span> <span class='ocrx_word' id='word_1_846' title='bbox 2825 4642 2987 4696; x_wconf 88' lang='lat' dir='ltr'><strong>etiam</strong></span> <span class='ocrx_word' id='word_1_847' title='bbox 3016 4641 3203 4698; x_wconf 90' lang='lat' dir='ltr'><strong>Daniel</strong></span> <span class='ocrx_word' id='word_1_848' title='bbox 3233 4641 3514 4707; x_wconf 90' lang='lat' dir='ltr'><strong>meminit,</strong></span> 
     </span>
    </p>
   </div>
   <div class='ocr_carea' id='block_1_109' title="bbox 1942 4731 3517 4802">
    <p class='ocr_par' dir='ltr' id='par_1_109' title="bbox 1942 4731 3517 4802">
     <span class='ocr_line' id='line_1_109' title="bbox 1942 4731 3517 4802; baseline 0 -14"><span class='ocrx_word' id='word_1_849' title='bbox 1942 4747 2062 4788; x_wconf 89' lang='lat' dir='ltr'><strong>cum</strong></span> <span class='ocrx_word' id='word_1_850' title='bbox 2105 4731 2277 4787; x_wconf 84' lang='lat' dir='ltr'><strong>dicit:</strong></span> <span class='ocrx_word' id='word_1_851' title='bbox 2325 4731 2395 4786; x_wconf 85' lang='lat' dir='ltr'><strong>Et</strong></span> <span class='ocrx_word' id='word_1_852' title='bbox 2438 4749 2554 4787; x_wconf 88' lang='lat' dir='ltr'><strong>ecce</strong></span> <span class='ocrx_word' id='word_1_853' title='bbox 2599 4742 2656 4788; x_wconf 89' lang='lat' dir='ltr'><strong>ut</strong></span> <span class='ocrx_word' id='word_1_854' title='bbox 2696 4732 2840 4802; x_wconf 82' lang='lat' dir='ltr'><strong>ﬁlius</strong></span> <span class='ocrx_word' id='word_1_855' title='bbox 2880 4732 3112 4787; x_wconf 71' lang='lat' dir='ltr'><strong>nominis</strong></span> <span class='ocrx_word' id='word_1_856' title='bbox 3139 4750 3258 4787; x_wconf 91' lang='lat' dir='ltr'><strong>cum</strong></span> <span class='ocrx_word' id='word_1_857' title='bbox 3294 4734 3517 4788; x_wconf 84' lang='lat' dir='ltr'><strong>nubibus</strong></span> 
     </span>
    </p>
   </div>
   <div class='ocr_carea' id='block_1_110' title="bbox 1940 4821 3519 4895">
    <p class='ocr_par' dir='ltr' id='par_1_110' title="bbox 1940 4821 3519 4895">
     <span class='ocr_line' id='line_1_110' title="bbox 1940 4821 3519 4895; baseline -0.001 -19"><span class='ocrx_word' id='word_1_858' title='bbox 1940 4825 2052 4877; x_wconf 74' lang='lat' dir='ltr'><strong>caeli</strong></span> <span class='ocrx_word' id='word_1_859' title='bbox 2069 4864 2085 4889; x_wconf 92' lang='lat'><strong>,</strong></span> <span class='ocrx_word' id='word_1_860' title='bbox 2114 4833 2162 4878; x_wconf 92' lang='lat' dir='ltr'><strong>et</strong></span> <span class='ocrx_word' id='word_1_861' title='bbox 2192 4841 2354 4895; x_wconf 86' lang='lat' dir='ltr'><strong>usque</strong></span> <span class='ocrx_word' id='word_1_862' title='bbox 2382 4823 2450 4877; x_wconf 89' lang='lat' dir='ltr'><strong>ad</strong></span> <span class='ocrx_word' id='word_1_863' title='bbox 2473 4823 2746 4879; x_wconf 86' lang='lat' dir='ltr'><strong>Vetustum</strong></span> <span class='ocrx_word' id='word_1_864' title='bbox 2771 4823 2974 4876; x_wconf 90' lang='lat' dir='ltr'><strong>dierum</strong></span> <span class='ocrx_word' id='word_1_865' title='bbox 2999 4825 3253 4892; x_wconf 86' lang='lat' dir='ltr'><strong>pervenit,</strong></span> <span class='ocrx_word' id='word_1_866' title='bbox 3293 4831 3345 4876; x_wconf 90' lang='lat' dir='ltr'><strong>et</strong></span> <span class='ocrx_word' id='word_1_867' title='bbox 3372 4821 3519 4875; x_wconf 85' lang='lat' dir='ltr'><strong>obla-</strong></span> 
     </span>
    </p>
   </div>
   <div class='ocr_carea' id='block_1_111' title="bbox 1940 4912 3520 4985">
    <p class='ocr_par' dir='ltr' id='par_1_111' title="bbox 1940 4912 3520 4985">
     <span class='ocr_line' id='line_1_111' title="bbox 1940 4912 3520 4985; baseline -0.002 -18"><span class='ocrx_word' id='word_1_868' title='bbox 1940 4923 2025 4968; x_wconf 89' lang='lat' dir='ltr'><strong>tus</strong></span> <span class='ocrx_word' id='word_1_869' title='bbox 2060 4922 2136 4969; x_wconf 90' lang='lat' dir='ltr'><strong>est</strong></span> <span class='ocrx_word' id='word_1_870' title='bbox 2174 4916 2231 4969; x_wconf 88' lang='lat' dir='ltr'><strong>in</strong></span> <span class='ocrx_word' id='word_1_871' title='bbox 2264 4924 2541 4985; x_wconf 89' lang='lat' dir='ltr'><strong>conspectu</strong></span> <span class='ocrx_word' id='word_1_872' title='bbox 2584 4914 2730 4985; x_wconf 87' lang='lat' dir='ltr'><strong>ejus:</strong></span> <span class='ocrx_word' id='word_1_873' title='bbox 2776 4913 2951 4968; x_wconf 87' lang='lat' dir='ltr'><strong>nostri</strong></span> <span class='ocrx_word' id='word_1_874' title='bbox 2991 4912 3178 4982; x_wconf 91' lang='lat' dir='ltr'><strong>utique</strong></span> <span class='ocrx_word' id='word_1_875' title='bbox 3219 4926 3419 4977; x_wconf 85' lang='lat' dir='ltr'><strong>causa,</strong></span> <span class='ocrx_word' id='word_1_876' title='bbox 3463 4917 3520 4965; x_wconf 88' lang='lat' dir='ltr'><strong>et</strong></span> 
     </span>
    </p>
   </div>
   <div class='ocr_carea' id='block_1_112' title="bbox 1939 5003 3516 5075">
    <p class='ocr_par' dir='ltr' id='par_1_112' title="bbox 1939 5003 3516 5075">
     <span class='ocr_line' id='line_1_112' title="bbox 1939 5003 3516 5075; baseline -0.003 -16"><span class='ocrx_word' id='word_1_877' title='bbox 1939 5006 2257 5070; x_wconf 90' lang='lat' dir='ltr'><strong>nobiscum,</strong></span> <span class='ocrx_word' id='word_1_878' title='bbox 2292 5013 2346 5061; x_wconf 90' lang='lat' dir='ltr'><strong>et</strong></span> <span class='ocrx_word' id='word_1_879' title='bbox 2391 5015 2613 5075; x_wconf 88' lang='lat' dir='ltr'><strong>propter</strong></span> <span class='ocrx_word' id='word_1_880' title='bbox 2657 5020 2758 5061; x_wconf 92' lang='lat' dir='ltr'><strong>nos</strong></span> <span class='ocrx_word' id='word_1_881' title='bbox 2806 5003 3079 5060; x_wconf 72' lang='lat' dir='ltr'><strong>offertur:</strong></span> <span class='ocrx_word' id='word_1_882' title='bbox 3127 5010 3412 5072; x_wconf 88' lang='lat' dir='ltr'><strong>propterea</strong></span> <span class='ocrx_word' id='word_1_883' title='bbox 3461 5008 3516 5055; x_wconf 89' lang='lat' dir='ltr'><strong>et</strong></span> 
     </span>
    </p>
   </div>
   <div class='ocr_carea' id='block_1_113' title="bbox 1940 5089 3519 5157">
    <p class='ocr_par' dir='ltr' id='par_1_113' title="bbox 1940 5089 3519 5157">
     <span class='ocr_line' id='line_1_113' title="bbox 1940 5089 3519 5157; baseline -0.004 -8"><span class='ocrx_word' id='word_1_884' title='bbox 1940 5110 2087 5150; x_wconf 91' lang='lat' dir='ltr'><strong>nunc</strong></span> <span class='ocrx_word' id='word_1_885' title='bbox 2132 5109 2254 5149; x_wconf 91' lang='lat' dir='ltr'><strong>eum</strong></span> <span class='ocrx_word' id='word_1_886' title='bbox 2300 5110 2425 5149; x_wconf 88' lang='lat' dir='ltr'><strong>cum</strong></span> <span class='ocrx_word' id='word_1_887' title='bbox 2474 5094 2600 5149; x_wconf 91' lang='lat' dir='ltr'><strong>ﬁliis</strong></span> <span class='ocrx_word' id='word_1_888' title='bbox 2642 5095 2755 5150; x_wconf 90' lang='lat' dir='ltr'><strong>suis</strong></span> <span class='ocrx_word' id='word_1_889' title='bbox 2800 5094 2931 5149; x_wconf 91' lang='lat' dir='ltr'><strong>dicit</strong></span> <span class='ocrx_word' id='word_1_890' title='bbox 2970 5093 3243 5157; x_wconf 91' lang='lat' dir='ltr'><strong>oblatum,</strong></span> <span class='ocrx_word' id='word_1_891' title='bbox 3280 5106 3401 5145; x_wconf 89' lang='lat' dir='ltr'><strong>cum</strong></span> <span class='ocrx_word' id='word_1_892' title='bbox 3431 5089 3519 5143; x_wconf 91' lang='lat' dir='ltr'><strong>his</strong></span> 
     </span>
    </p>
   </div>
   <div class='ocr_carea' id='block_1_114' title="bbox 1944 5181 3517 5253">
    <p class='ocr_par' dir='ltr' id='par_1_114' title="bbox 1944 5181 3517 5253">
     <span class='ocr_line' id='line_1_114' title="bbox 1944 5181 3517 5253; baseline -0.006 -16"><span class='ocrx_word' id='word_1_893' title='bbox 1944 5183 2198 5239; x_wconf 86' lang='lat' dir='ltr'><strong>videlicet</strong></span> <span class='ocrx_word' id='word_1_894' title='bbox 2245 5183 2339 5252; x_wconf 90' lang='lat' dir='ltr'><strong>qui</strong></span> <span class='ocrx_word' id='word_1_895' title='bbox 2386 5183 2700 5238; x_wconf 88' lang='lat' dir='ltr'><strong>sublimiora</strong></span> <span class='ocrx_word' id='word_1_896' title='bbox 2749 5184 2967 5253; x_wconf 88' lang='lat' dir='ltr'><strong>sapiunt</strong></span> <span class='ocrx_word' id='word_1_897' title='bbox 3008 5191 3063 5237; x_wconf 90' lang='lat' dir='ltr'><strong>et</strong></span> <span class='ocrx_word' id='word_1_898' title='bbox 3105 5182 3195 5252; x_wconf 88' lang='lat' dir='ltr'><strong>qui</strong></span> <span class='ocrx_word' id='word_1_899' title='bbox 3234 5181 3517 5234; x_wconf 90' lang='lat' dir='ltr'><strong>imitantur</strong></span> 
     </span>
    </p>
   </div>
   <div class='ocr_carea' id='block_1_115' title="bbox 1946 5265 3519 5341">
    <p class='ocr_par' dir='ltr' id='par_1_115' title="bbox 1946 5265 3519 5341">
     <span class='ocr_line' id='line_1_115' title="bbox 1946 5265 3519 5341; baseline -0.008 -12"><span class='ocrx_word' id='word_1_900' title='bbox 1946 5288 2071 5330; x_wconf 90' lang='lat' dir='ltr'><strong>eum</strong></span> <span class='ocrx_word' id='word_1_901' title='bbox 2092 5313 2108 5339; x_wconf 90' lang='lat'><strong>,</strong></span> <span class='ocrx_word' id='word_1_902' title='bbox 2138 5281 2395 5341; x_wconf 88' lang='lat' dir='ltr'><strong>quantum</strong></span> <span class='ocrx_word' id='word_1_903' title='bbox 2426 5271 2509 5327; x_wconf 82' lang='lat' dir='ltr'><strong>fas</strong></span> <span class='ocrx_word' id='word_1_904' title='bbox 2536 5281 2620 5328; x_wconf 90' lang='lat' dir='ltr'><strong>est</strong></span> <span class='ocrx_word' id='word_1_905' title='bbox 2646 5272 2975 5338; x_wconf 86' lang='lat' dir='ltr'><strong>hominibus,</strong></span> <span class='ocrx_word' id='word_1_906' title='bbox 3006 5274 3147 5327; x_wconf 91' lang='lat' dir='ltr'><strong>sicut</strong></span> <span class='ocrx_word' id='word_1_907' title='bbox 3174 5270 3392 5331; x_wconf 85' lang='lat' dir='ltr'><strong>Paulus,</strong></span> <span class='ocrx_word' id='word_1_908' title='bbox 3424 5265 3519 5334; x_wconf 88' lang='lat' dir='ltr'><strong>qui</strong></span> 
     </span>
    </p>
   </div>
   <div class='ocr_carea' id='block_1_116' title="bbox 1946 5351 3514 5430">
    <p class='ocr_par' dir='ltr' id='par_1_116' title="bbox 1946 5351 3514 5430">
     <span class='ocr_line' id='line_1_116' title="bbox 1946 5351 3514 5430; baseline -0.008 -13"><span class='ocrx_word' id='word_1_909' title='bbox 1946 5364 2059 5417; x_wconf 86' lang='lat' dir='ltr'><strong>ait:</strong></span> <span class='ocrx_word' id='word_1_910' title='bbox 2090 5361 2390 5416; x_wconf 87' lang='lat' dir='ltr'><strong>lmitatores</strong></span> <span class='ocrx_word' id='word_1_911' title='bbox 2420 5362 2521 5416; x_wconf 88' lang='lat' dir='ltr'><strong>mei</strong></span> <span class='ocrx_word' id='word_1_912' title='bbox 2550 5371 2737 5427; x_wconf 89' lang='lat' dir='ltr'><strong>estote,</strong></span> <span class='ocrx_word' id='word_1_913' title='bbox 2765 5362 2899 5414; x_wconf 84' lang='lat' dir='ltr'><strong>sicut</strong></span> <span class='ocrx_word' id='word_1_914' title='bbox 2928 5371 2976 5414; x_wconf 90' lang='lat' dir='ltr'><strong>et</strong></span> <span class='ocrx_word' id='word_1_915' title='bbox 3004 5376 3097 5430; x_wconf 89' lang='lat' dir='ltr'><strong>ego</strong></span> <span class='ocrx_word' id='word_1_916' title='bbox 3122 5356 3317 5413; x_wconf 84' lang='lat' dir='ltr'><strong>Christi</strong></span> <span class='ocrx_word' id='word_1_917' title='bbox 3347 5351 3514 5423; x_wconf 78' lang='lat' dir='ltr'><strong>(Phil.</strong></span> 
     </span>
    </p>
   </div>
   <div class='ocr_carea' id='block_1_117' title="bbox 1945 5444 3515 5526">
    <p class='ocr_par' dir='ltr' id='par_1_117' title="bbox 1945 5444 3515 5526">
     <span class='ocr_line' id='line_1_117' title="bbox 1945 5444 3515 5526; baseline -0.006 -18"><span class='ocrx_word' id='word_1_918' title='bbox 1945 5468 2006 5509; x_wconf 90' lang='grc' dir='ltr'><strong>ιιι</strong></span> <span class='ocrx_word' id='word_1_919' title='bbox 2027 5452 2082 5526; x_wconf 79' lang='lat'><strong>),</strong></span> <span class='ocrx_word' id='word_1_920' title='bbox 2121 5453 2216 5507; x_wconf 89' lang='lat' dir='ltr'><strong>sed</strong></span> <span class='ocrx_word' id='word_1_921' title='bbox 2256 5453 2459 5508; x_wconf 90' lang='lat' dir='ltr'><strong>oblatio</strong></span> <span class='ocrx_word' id='word_1_922' title='bbox 2509 5453 2623 5522; x_wconf 92' lang='lat' dir='ltr'><strong>ipsa</strong></span> <span class='ocrx_word' id='word_1_923' title='bbox 2671 5466 2769 5523; x_wconf 91' lang='lat' dir='ltr'><strong>per</strong></span> <span class='ocrx_word' id='word_1_924' title='bbox 2815 5452 3140 5521; x_wconf 88' lang='lat' dir='ltr'><strong>baptismum</strong></span> <span class='ocrx_word' id='word_1_925' title='bbox 3187 5444 3515 5508; x_wconf 89' lang='lat' dir='ltr'><strong>celebratur,</strong></span> 
     </span>
    </p>
   </div>
   <div class='ocr_carea' id='block_1_118' title="bbox 1941 5532 3518 5612">
    <p class='ocr_par' dir='ltr' id='par_1_118' title="bbox 1941 5532 3518 5612">
     <span class='ocr_line' id='line_1_118' title="bbox 1941 5532 3518 5612; baseline -0.008 -15"><span class='ocrx_word' id='word_1_926' title='bbox 1941 5549 2165 5612; x_wconf 85' lang='lat' dir='ltr'><strong>propter</strong></span> <span class='ocrx_word' id='word_1_927' title='bbox 2202 5540 2345 5610; x_wconf 90' lang='lat' dir='ltr'><strong>quod</strong></span> <span class='ocrx_word' id='word_1_928' title='bbox 2387 5540 2502 5594; x_wconf 89' lang='lat' dir='ltr'><strong>ait:</strong></span> <span class='ocrx_word' id='word_1_929' title='bbox 2531 5536 2764 5610; x_wconf 86' lang='lat' dir='ltr'><strong>Cumque</strong></span> <span class='ocrx_word' id='word_1_930' title='bbox 2796 5538 3003 5593; x_wconf 87' lang='lat' dir='ltr'><strong>lavisset</strong></span> <span class='ocrx_word' id='word_1_931' title='bbox 3031 5553 3138 5589; x_wconf 89' lang='lat' dir='ltr'><strong>eos.</strong></span> <span class='ocrx_word' id='word_1_932' title='bbox 3170 5532 3390 5587; x_wconf 83' lang='lat' dir='ltr'><strong>Certum</strong></span> <span class='ocrx_word' id='word_1_933' title='bbox 3432 5538 3518 5586; x_wconf 87' lang='lat' dir='ltr'><strong>est</strong></span> 
     </span>
    </p>
   </div>
   <div class='ocr_carea' id='block_1_119' title="bbox 1943 5621 3510 5702">
    <p class='ocr_par' dir='ltr' id='par_1_119' title="bbox 1943 5621 3510 5702">
     <span class='ocr_line' id='line_1_119' title="bbox 1943 5621 3510 5702; baseline -0.008 -16"><span class='ocrx_word' id='word_1_934' title='bbox 1943 5641 2124 5687; x_wconf 90' lang='lat' dir='ltr'><strong>autem</strong></span> <span class='ocrx_word' id='word_1_935' title='bbox 2153 5632 2295 5702; x_wconf 88' lang='lat' dir='ltr'><strong>quod</strong></span> <span class='ocrx_word' id='word_1_936' title='bbox 2328 5630 2577 5687; x_wconf 86' lang='lat' dir='ltr'><strong>Christus</strong></span> <span class='ocrx_word' id='word_1_937' title='bbox 2614 5630 2682 5685; x_wconf 88' lang='lat' dir='ltr'><strong>ad</strong></span> <span class='ocrx_word' id='word_1_938' title='bbox 2720 5625 3102 5684; x_wconf 88' lang='lat' dir='ltr'><strong>sacriﬁcandas</strong></span> <span class='ocrx_word' id='word_1_939' title='bbox 3132 5636 3302 5693; x_wconf 80' lang='lat' dir='ltr'><strong>aquas</strong></span> <span class='ocrx_word' id='word_1_940' title='bbox 3328 5621 3510 5690; x_wconf 88' lang='lat' dir='ltr'><strong>bapti-</strong></span> 
     </span>
    </p>
   </div>
  </div>
