3956 6176
488 214 592 267 525

1163 204 1224 258 Β.
1266 202 1520 259 RABANl
1559 200 1778 257 MAURI
1817 195 2085 252 ARCIIIFJ

2188 194 2483 251 HOGUNT.
2526 192 2810 251 OPERUM
2847 187 3028 247 PARS
3061 190 3103 244 Ι.
3651 189 3755 245 κξι

489 317 681 374 sinatis
706 314 879 370 nostri
910 313 966 368 in
994 310 1233 369 Jordane
1262 309 1424 364 ﬂuvio
1454 309 1777 380 baptizatus.
1810 305 1917 361 Sed
1946 306 2061 361 hzec
2087 306 2138 365 Α
2162 302 2380 373 cydaris
2412 303 2785 357 indumentum
2813 300 3006 371 capitis
3033 306 3137 361 est,
3175 311 3315 368 opus
3336 305 3522 351 autem
3550 297 3757 366 cinguli

489 407 708 477 quidem
734 402 1042 459 communia
1073 409 1201 458 sunt
1224 399 1406 455 Aaron
1436 415 1560 455 cum
1592 397 1719 452 ﬁliis
1746 394 1883 463 ejus,
1911 393 2069 449 Chri-

489 506 575 552 sto
603 495 849 550 videlicet
881 493 1196 557 nobiscum;
1242 489 1523 561 sequentia
1565 502 1695 542 vero
1730 499 2091 555 nequaquam;

489 587 758 641 excedunt
796 584 996 653 quippe
1043 596 1146 636 nos
1178 591 1337 649 atque
1365 578 1684 634 sublimiora
1714 576 1871 632 nobis
1911 583 2069 639 sunt,

492 678 701 747 solique
740 676 917 746 primo
965 684 1050 726 am
1074 686 1201 726 vero
1243 669 1516 726 sacerdoti
1545 667 1928 738 contpetentia.
1971 665 2068 719 Vc-

491 772 733 840 stivitque
782 766 1079 838 pontiﬁcem
1133 762 1389 819 subucula
1443 762 1904 832 linea,accingens
1949 777 2069 815 eum

495 858 663 914 balteo
684 898 699 923 ,
737 866 783 911 et
828 854 1049 909 induens
1079 853 1256 908 tunica
1282 870 1301 918 ;
1331 856 1475 922 quod
1504 851 1857 922 Septuaginta
1888 860 2070 906 trans-

498 950 766 1012 tulerunt,
826 945 893 1000 Et
939 944 1108 998 induit
1152 960 1269 998 eum
1311 944 1546 997 tunicam
1574 952 1622 995 et
1661 942 1938 1013 pra'cinxit
1979 957 2070 994 zo—

498 1056 618 1092 nam
638 1078 652 1102 ,
679 1047 727 1092 et
756 1035 952 1091 vestivit
984 1032 1135 1087 illum
1173 1032 1452 1105 ypoditim.
1486 1031 1585 1088 Hie
1628 1031 1913 1087 mnifesto
1943 1029 2074 1086 Uni-

491 1129 660 1200 geniti
709 1126 957 1196 sequitur
1008 1121 1408 1197 [exsequitur]
1458 1122 1927 1186 incarnationem;
1980 1122 2070 1189 qui

493 1221 623 1290 quia
666 1227 835 1274 totum
871 1225 1114 1273 nostrum
1148 1215 1461 1271 incarnatus
1505 1222 1592 1271 est
1637 1214 1939 1279 hominem,
1990 1223 2075 1267 tu-

496 1311 619 1364 nica
666 1308 815 1363 indui
858 1315 912 1360 et
953 1305 1217 1379 ypoditim
1263 1305 1465 1359 dicitur
1505 1318 1521 1357 :
1569 1302 1764 1372 duplex
1805 1311 1890 1361 est
1927 1302 2072 1357 enim

499 1409 683 1459 nostra
732 1398 1006 1463 conditio,
1051 1405 1106 1451 et
1167 1413 1307 1454 unus
1351 1395 1572 1467 quidem
1615 1396 1670 1450 in
1711 1395 1870 1450 nobis
1899 1402 1983 1449 est
2011 1393 2077 1448 de

498 1492 754 1563 pulvere,
786 1491 924 1547 alter
962 1490 1239 1555 caelestis,
1270 1490 1365 1545 sed
1407 1496 1588 1546 tamen
1629 1488 1790 1544 unius
1828 1496 2072 1556 uterque.

498 1585 588 1639 Ait
617 1584 760 1639 enim
788 1582 996 1654 Moyses
1026 1599 1040 1634 :
1073 1579 1342 1635 Formarit
1373 1579 1516 1635 Deus
1543 1578 1805 1633 hominem
1846 1577 1912 1630 de
1950 1576 2076 1631 limo

500 1683 655 1729 terra:
686 1670 849 1743 (Gen.
886 1672 993 1745 ιι),
1024 1673 1113 1726 hic
1140 1679 1223 1726 est
1251 1686 1382 1741 ergo
1414 1679 1660 1727 terrenus
1685 1686 1698 1723 :
1728 1678 1774 1723 et
1801 1668 2075 1739 insufﬂauit
2105 1660 2151 1717 Β

499 1764 554 1818 in
583 1762 770 1832 faciem
797 1763 909 1833 eius
932 1763 1173 1833 spiritum
1197 1762 1313 1815 vita:
1337 1759 1515 1833 (Ibid.
1537 1760 1587 1831 ),
1620 1759 1960 1833 apertissime
1988 1759 2078 1813 hic

503 1852 744 1907 caelestis
783 1859 888 1907 est.
931 1850 1184 1907 Christus
1224 1859 1405 1905 autem
1444 1849 1685 1904 induitur
1723 1849 1938 1918 quidem
1971 1857 2080 1905 ter-

510 1958 698 1997 renum
724 1983 740 2008 ,
774 1942 826 1997 id
868 1954 951 1997 est
982 1941 1128 1997 illum
1158 1941 1251 2011 qui
1278 1941 1345 1998 de
1378 1950 1520 1998 terra
1551 1949 1665 2003 est,
1697 1949 1935 1996 veterem
1978 1940 2078 1995 ho—

512 2034 743 2094 minem,
778 2047 939 2102 quem
967 2033 1132 2087 etiam
1166 2032 1323 2086 simul
1356 2031 1525 2087 aﬂixit
1549 2033 1721 2087 cruci.
1766 2030 1857 2089 Ait
1885 2031 2082 2100 quippe

503 2120 704 2175 Paulus
752 2120 879 2190 quia
923 2130 1067 2177 vetus
1106 2120 1261 2174 homo
1309 2130 1483 2175 noster
1505 2119 1662 2175 simul
1691 2119 1976 2188 cruciﬁxus
2006 2127 2081 2175 est

508 2218 564 2262 ut
595 2209 896 2263 destruatur
923 2226 1109 2280 corpus
1133 2210 1330 2280 peccati
1366 2208 1556 2281 (Rom.
1586 2225 1638 2263 vt
1659 2208 1698 2280 ).
1743 2208 1964 2265 lndutus
2002 2216 2086 2263 est

510 2311 693 2357 autem
723 2307 778 2357 et
804 2300 1079 2355 cmlestem
1100 2342 1115 2366 ,
1145 2316 1305 2370 quem
1336 2302 1451 2371 ipse
1481 2300 1787 2355 insnlllavit.
1823 2298 1927 2356 Sed
1960 2299 2085 2368 quia

512 2388 652 2447 nihil
677 2389 787 2459 egit
810 2398 1084 2445 terrenum
1111 2392 1203 2445 hic
1220 2432 1235 2457 ,
1261 2406 1363 2445 nec
1386 2390 1721 2459 corruptioni
1749 2391 2051 2460 proximum
2067 2430 2081 2453 ,

511 2478 698 2547 procul
728 2478 891 2534 dubio
921 2479 1160 2535 caelestis
1188 2481 1407 2535 dicitur.
1442 2480 1558 2537 lloc
1587 2479 1787 2536 Paulus
1813 2495 2086 2548 exponens

508 2572 678 2627 dicit;
712 2569 925 2626 Primus
955 2572 1108 2627 homo
1137 2573 1201 2627 de
1228 2582 1367 2627 terra
1409 2582 1677 2637 terrenus,
1720 2572 1976 2628 secundus
2022 2571 2087 2626 de

510 2660 635 2716 cwlo
666 2661 882 2718 ccelestis
912 2661 964 2733 (1
996 2660 1118 2717 Cor.
1149 2662 1260 2732 xv).
1294 2661 1445 2729 Quod
1475 2662 1682 2719 duobus
1712 2662 1888 2721 modis
1915 2664 2087 2734 accipi

511 2760 725 2820 oportet
754 2769 767 2806 :
800 2753 1008 2822 primus
1036 2753 1180 2807 enim
1222 2753 1383 2809 homo
1412 2762 1615 2818 noster,
1646 2752 1700 2807 id
1742 2762 1825 2808 est
1854 2769 2084 2823 corpus,

512 2855 580 2893 ex
613 2851 757 2898 terra
788 2840 1082 2899 formatum
1108 2849 1209 2907 est,
1232 2849 1456 2913 propter
1476 2842 1619 2914 quod
1645 2850 1891 2899 terrenus
1913 2843 2090 2900 dictus

512 2939 635 2995 est;
684 2931 867 2987 anima
897 2946 1027 2988 vero
1056 2932 1121 2987 de
1154 2932 1314 2998 coelo,
1358 2933 1453 2987 Dei
1493 2941 1577 2988 est
1603 2934 1747 2988 enim
1775 2932 2082 2988 insufﬂatio.

515 3019 765 3081 Rursus:
814 3024 1023 3094 primus
1062 3026 1225 3079 homo
1268 3025 1581 3082 inohediens
1617 3026 1789 3080 Adam
1833 3042 1898 3081 ex
1942 3034 2086 3082 terra

517 3120 768 3168 trrrcnus
788 3152 803 3176 ,
832 3113 958 3181 quia
998 3114 1251 3182 operibus
1279 3114 1521 3184 pulveris
1546 3116 1896 3184 semetipsum
1926 3117 2091 3185 depu-

513 3201 686 3266 tavit;
716 3203 986 3257 sccundus
1027 3202 1189 3257 homo
1218 3218 1421 3267 novus,
1452 3211 1537 3258 est
1578 3204 1862 3269 Christus,
1893 3206 1984 3274 qui
2024 3206 2092 3261 de

519 3287 658 3340 cazlo
698 3296 821 3340 est:
865 3304 969 3343 non
1012 3289 1184 3343 solum
1224 3291 1347 3360 quia
1388 3292 1455 3347 de
1483 3292 1623 3347 coelo
1652 3293 1964 3361 descendit,
1995 3297 2091 3351 sed

519 3374 643 3444 quia
675 3382 729 3429 et
757 3376 1073 3444 dignitatem
1105 3379 1342 3436 caelestis
1372 3383 1638 3444 servavit,
1673 3383 1800 3437 dum
1845 3400 1946 3441 nec
1986 3395 2094 3442 ter-

517 3479 707 3518 renum
736 3465 940 3536 aliquid
971 3477 1226 3538 operatus
1252 3478 1365 3535 est,
1396 3487 1497 3529 nec
1536 3473 1869 3545 corruptioni
1910 3477 2094 3546 proxi-

519 3569 687 3608 mum.
735 3556 876 3626 Ergo
925 3557 1159 3612 tunicam
1205 3559 1295 3615 hic
1341 3569 1613 3617 terrenum
1662 3563 1992 3635 appellavit:
2026 3567 2093 3622 de

524 3643 634 3699 lino
672 3645 847 3708 enim,
880 3647 1021 3715 quod
1047 3655 1132 3703 est
1166 3664 1235 3703 ex
1268 3657 1444 3716 terra,
1474 3653 1658 3708 tunica
1690 3654 1829 3709 facta
1861 3664 1986 3721 est;
2016 3657 2095 3711 ait

517 3736 703 3792 enim:
748 3736 816 3790 Et
857 3736 981 3807 fecit
1021 3739 1093 3793 eis
1136 3741 1339 3796 tunicas
1383 3741 1589 3808 lineas;
1620 3745 1881 3814 ypoditim
1911 3756 2091 3801 autem

519 3826 794 3881 cmlestcm
813 3867 827 3889 ,
870 3828 995 3896 quia
1026 3830 1261 3898 ypoditis
1288 3831 1541 3902 ponderis
1568 3840 1681 3896 est,
1713 3834 1871 3888 simul
1913 3844 2093 3892 autem

519 3922 574 3969 et
592 3916 976 3985 hyacinthinus
991 3926 1102 3984 est;
1127 3918 1216 3973 hic
1238 3927 1419 3972 autem
1441 3918 1589 3973 color
1611 3922 1732 3975 cadi
1758 3922 2096 3980 est.-Utrum-

522 4021 626 4075 que
651 4014 895 4059 nostrum
926 4005 1181 4065 Christus
1220 4008 1456 4077 suscepit
1491 4009 1797 4076 hominem,
1829 4022 1886 4068 et
1925 4016 2097 4069 mani-

518 4093 713 4149 festum
757 4102 812 4149 et
852 4096 1158 4163 occultum,
1199 4106 1255 4153 et
1298 4106 1572 4157 terrenum
1607 4109 1663 4157 et
1703 4103 2008 4170 cmlcstcm,
2042 4106 2096 4162 id

523 4193 612 4239 est
654 4201 852 4255 corpus
890 4186 1190 4257 perfectum
1231 4197 1288 4245 et
1317 4189 1555 4245 animam
1584 4190 1917 4261 perfectam,
1946 4202 2000 4248 et
2042 4196 2094 4249 in

516 4274 771 4331 omnibus
803 4274 1070 4347 integram
1104 4295 1115 4333 :
1152 4286 1445 4349 utrumque
1473 4281 1620 4335 enim
1652 4290 1709 4334 ut
1736 4292 1861 4352 pote
1892 4285 2095 4339 utrius-

519 4381 625 4435 que
654 4376 870 4422 creator
898 4368 1146 4423 salvavit.
1188 4370 1322 4425 Illud
1347 4371 1511 4426 etiam
1544 4372 1763 4427 intende
1794 4392 1805 4426 :
1840 4373 1907 4427 Et
1938 4374 2095 4430 desu-

518 4474 610 4525 per
660 4458 932 4512 ltumcrafe
987 4460 1263 4530 imposuit,
1316 4463 1454 4531 quod
1503 4469 1795 4534 astringens
1846 4466 2091 4534 cingulo,

527 4547 723 4613 aptavit
760 4548 1030 4602 rationali.
1075 4549 1426 4620 Septuaginta
1457 4561 1637 4606 autem
1668 4554 1953 4607 ediderunt
1983 4572 1995 4606 ε
2028 4554 2096 4608 Et

519 4634 691 4702 posuit
722 4652 878 4704 super
906 4636 1057 4690 illum
1086 4639 1407 4709 epomidem,
1442 4648 1489 4696 et
1527 4640 1688 4693 cinxit
1722 4639 1870 4693 illum
1905 4658 2092 4696 secuit-

521 4720 648 4774 dum
696 4722 898 4776 aditum
935 4725 1218 4794 epomidis,
1265 4735 1314 4780 et
1351 4727 1659 4781 constrinxit
1692 4726 1841 4781 illum
1875 4728 1944 4782 ad
1977 4746 2093 4784 eam

521 4812 966 4881 super/tumerale.
1021 4816 1198 4877 Suave
1246 4817 1447 4873 Christi
1488 4817 1676 4888 jugum
1719 4829 1839 4884 est,
1876 4820 1929 4875 id
1972 4831 2092 4887 est,

522 4906 836 4976 evangelica
870 4908 1018 4975 vita,
1069 4924 1231 4979 quam
1268 4918 1328 4966 ut
1374 4919 1499 4979 pote
1532 4912 1648 4982 ipse
1682 4914 2091 4981 demonstrans,

525 5007 673 5050 recte
709 5010 873 5065 super
908 4998 1167 5056 humeros
1198 5002 1480 5071 portabat,
1515 5003 1580 5061 de
1617 5019 1725 5074 qua
1754 5005 1832 5061 ait
1861 5024 1874 5061 :
1911 5006 2095 5063 Tollite

519 5086 706 5157 jugum
748 5104 917 5141 meum
955 5105 1112 5158 super
1144 5106 1251 5157 vos,
1292 5102 1339 5145 et
1376 5092 1559 5147 discite
1584 5097 1709 5165 quia
1739 5097 1880 5152 mitis
1904 5114 2019 5153 sum
2046 5109 2095 5153 et

524 5174 735 5228 humilis
768 5176 921 5230 corde
950 5176 1184 5247 :jugum
1211 5178 1348 5233 enim
1380 5194 1547 5232 meum
1580 5194 1738 5231 suave
1768 5188 1866 5242 est,
1890 5190 1934 5232 et
1961 5197 2091 5233 onus

523 5283 694 5321 meum
736 5266 839 5323 leve
873 5266 1087 5335 (Matth.
1124 5268 1224 5335 XI).
1279 5269 1414 5333 Quid
1462 5278 1547 5322 est
1586 5279 1763 5323 autem
1814 5271 2087 5340 cingulum

527 5374 632 5424 quo
663 5360 895 5412 tuniCam
928 5357 1258 5426 etypoditim
1292 5358 1501 5414 cinxit?
1542 5359 1718 5429 ipsum
1756 5374 1890 5428 opus
1923 5361 2087 5415 disce.

532 5451 667 5504 Dicit
696 5452 840 5507 en'm
894 5450 945 5505 in
982 5450 1311 5505 tabernaculi
1344 5452 1747 5508 constructione
1787 5469 1800 5507 :
1832 5450 1898 5505 Et
1932 5451 2092 5519 facies

527 5544 762 5609 cydarim
792 5544 1057 5615 byssinum
1087 5551 1137 5599 ct
1163 5559 1348 5600 zonam
1383 5559 1511 5611 opus
1532 5544 1761 5599 varium.
1788 5543 1921 5609 Quia
1948 5545 2090 5598 enim

2171 394 2285 448 sive
2318 410 2469 450 zona:
2505 394 2814 449 confortarc
2850 391 3250 462 quodammodo
3286 396 3341 444 et
3373 390 3761 460 constringere

2168 494 2253 543 est
2279 500 2404 541 cum
2433 484 2525 555 qui
2554 484 2824 554 cingitur;
2858 482 2963 536 hoc
2999 479 3288 536 ostendere
3316 478 3597 549 legislator
3625 493 3762 547 pro-

2169 576 2376 647 posuit,
2417 576 2545 645 quia
2579 574 2830 631 Christus
2864 572 3028 627 simul
3061 580 3373 626 creaturam
3411 584 3632 647 omnem
3676 584 3766 621 re-

2169 669 2476 738 capitulans
2510 668 2625 723 sive
2664 675 2978 721 restaurans
2999 704 3013 729 ,
3052 663 3215 719 simul
3245 662 3409 717 etiam
3439 640 3765 715 confo‘rtan;

2170 766 2414 814 nostram
2454 771 2723 819 massam,
2757 755 2911 824 cujus
2939 754 3208 822 primitias
3236 752 3469 820 sumpsit
3507 751 3765 804 incarna-

2172 849 2337 905 tionis
2384 849 2699 917 dispensare
2746 846 3108 917 mysterium;
3160 845 3285 913 quia
3335 859 3433 914 per
3478 844 3654 913 ipsam
3704 852 3765 896 et

2174 958 2272 999 nos
2318 942 2483 998 fortes
2523 941 2650 997 facti
2701 956 2911 995 sumus.
2967 940 3101 1007 Quis
3130 950 3312 995 autem
3356 940 3429 994 sit
3470 940 3767 1009 dispensa-

2175 1035 2338 1090 tionis
2377 1034 2569 1088 modus
2604 1032 2844 1087 Joannes
2882 1031 2960 1085 ait
2991 1049 3003 1084 :
3049 1030 3269 1085 Verbum
3297 1048 3422 1085 caro
3452 1031 3655 1099 factum
3685 1040 3767 1083 est

2174 1124 2192 1189 (
2213 1121 2373 1179 Joan.
2398 1139 2416 1176 ι
2441 1121 2504 1193 );
2547 1121 2780 1191 ideoque
2816 1121 3064 1191 cydarim
3103 1129 3160 1174 et
3197 1136 3388 1174 zonam
3427 1120 3505 1174 ait
3547 1120 3770 1190 MoySes

2172 1216 2451 1287 byssinam
2480 1229 2604 1269 csse
2631 1229 2768 1283 opus
2792 1213 3085 1267 Variatum.
3114 1213 3318 1283 Byssns
3343 1211 3488 1265 enim
3515 1213 3584 1265 de
3614 1220 3769 1265 terra

2175 1326 2299 1364 cum
2328 1310 2431 1374 sit,
2463 1322 2687 1364 carnem
2715 1307 3083 1370 demonstrat,
3114 1320 3235 1374 quae
3277 1319 3345 1358 ex
3387 1311 3533 1358 terra
3568 1313 3765 1357 nostra

2174 1408 2295 1462 est;
2329 1414 2466 1469 opus
2505 1396 2788 1469 plumarii,
2822 1396 2992 1450 Deum
3021 1396 3292 1459 Verbum,
3323 1396 3416 1463 qui
3459 1394 3664 1448 artifex
3711 1403 3772 1449 et

2176 1490 2420 1545 variator
2455 1489 2622 1543 totius
2665 1497 2749 1545 est
2790 1497 3095 1554 creaturae;
3146 1488 3260 1558 ipse
3305 1487 3408 1542 sibi
3458 1502 3684 1543 carnem
3737 1504 3770 1541 a

2177 1580 2333 1636 nobis
2365 1588 2636 1648 sumptam
2667 1589 2922 1649 operatus
2950 1587 3065 1645 est,
3097 1579 3316 1633 varians
3358 1579 3412 1633 in
3452 1594 3515 1633 ea
3560 1588 3775 1648 mystc-

2179 1673 2261 1727 ria
2303 1672 2704 1743 quodammodo
2744 1682 2797 1727 et
2837 1671 3135 1726 creationis
3176 1670 3459 1725 miracula.
3490 1670 3622 1725 Post
3666 1672 3772 1725 hoc

2180 1762 2448 1827 subdidit,
2499 1762 2797 1816 secundum
2842 1759 3236 1830 Septuaginta:
3298 1758 3369 1812 Et
3395 1759 3566 1829 posuit
3609 1774 3776 1827 super

2179 1868 2298 1908 eum
2353 1851 2630 1906 rationale.
2690 1852 2757 1905 Et
2803 1851 3076 1922 quomodo
3129 1851 3375 1920 quaedam
3425 1850 3775 1920 autographa

2181 1943 2417 2007 habent,
2464 1957 2621 2012 super
2667 1957 2806 1995 eum.
2856 1939 2966 1994 Sed
3012 1947 3241 2009 utraque
3287 1940 3353 1993 a.l
3403 1939 3542 1993 idem
3591 1938 3772 2006 respi-

2180 2034 2334 2088 ciunt
2372 2050 2384 2086 :
2422 2030 2576 2097 Quod
2617 2032 2911 2100 astringcns
2967 2029 3177 2100 cingulo
3228 2030 3425 2099 aptavit
3476 2027 3772 2090 rationali,

2182 2123 2238 2177 in
2264 2139 2367 2192 quo
2412 2130 2527 2176 erat
2566 2121 2807 2175 doctrina
2849 2127 2898 2172 et
2940 2120 3149 2173 veritas.
3193 2118 3543 2188 Septuaginta
3583 2127 3774 2171 autem

2184 2212 2475 2267 ediderunt
2502 2228 2517 2263 ε
2554 2209 2619 2262 Et
2649 2208 2897 2279 imposuit
2937 2225 3095 2279 super
3123 2207 3319 2277 logium
3348 2208 3696 2262 ostensionem
3726 2217 3777 2260 et

2188 2303 2477 2357 ceritatem.
2508 2299 2623 2354 Hoc
2653 2308 2834 2353 autem
2865 2298 2993 2353 alibi
3029 2297 3368 2354 sacerdotale
3453 2312 3776 2369 exponens,

2187 2396 2383 2451 stolam
2428 2396 2752 2450 rationalem
2776 2394 2967 2465 judicii
2999 2393 3313 2465 appellavit.
3345 2392 3655 2449 Secundum
3688 2408 3781 2446 ra-

2186 2488 2392 2543 tionalc
2435 2487 2579 2542 enim
2620 2486 2856 2551 Christi,
2898 2488 2953 2541 id
2983 2497 3065 2541 est
3097 2486 3397 2541 doctrinam
3427 2494 3478 2540 et
3507 2485 3778 2555 praedica-

2189 2583 2391 2638 tionem
2417 2582 2608 2653 judicii
2642 2582 2805 2637 futuri
2836 2583 3062 2652 regitur.
3094 2581 3470 2638 Ostensionem
3515 2597 3680 2652 ergo.
3719 2582 3776 2635 id

2186 2682 2303 2739 est,
2349 2672 2842 2727 manifestationem
2885 2682 2943 2728 et
2986 2689 3108 2728 cum
3139 2688 3203 2727 ea
3239 2674 3524 2727 veritatem
3565 2672 3773 2737 habet,

2189 2772 2250 2819 ut
2280 2771 2409 2834 pote
2438 2762 2828 2819 manifestante
2858 2780 2922 2819 eo
2950 2765 3262 2818 hominibus
3291 2764 3528 2835 ignotam
3564 2772 3780 2834 myste-

2190 2856 2394 2909 riorum
2429 2855 2734 2909 veritatem.
2765 2852 3008 2919 Quatuor
3036 2862 3216 2908 autem
3248 2869 3503 2908 versuum
3534 2854 3581 2907 ei
3615 2855 3781 2907 ratio-

2190 2943 2334 3007 nali,
2368 2944 2420 2996 id
2448 2950 2567 3008 est,
2598 2958 2667 2997 ex
2709 2950 2944 3013 quatuor
2985 2943 3325 3015 generalibus
3362 2944 3689 3009 virtutibus,
3724 2953 3781 2999 et

2191 3051 2259 3091 cx
2316 3036 2600 3090 duodecim
2646 3035 2915 3106 lapidibus
2955 3037 3243 3106 partilibus
3282 3037 3681 3106 quodammodo
3726 3046 3784 3090 et

2193 3125 2523 3196 specialibus
2566 3126 2687 3183 tleri
2731 3131 3007 3201 praecepit.
3061 3129 3191 3198 Qua:
3236 3139 3362 3185 sunt
3414 3138 3591 3185 autem
3617 3131 3787 3185 hzrc?

2194 3215 2392 3285 Utique
2434 3217 2500 3271 de
2544 3218 2741 3287 quibus
2789 3220 3062 3276 scribebat
3107 3220 3346 3276 Paulus:
3380 3220 3593 3292 Oportet
3640 3221 3788 3274 enim

2193 3305 2491 3375 episcopum
2519 3307 3019 3379 irreprehensibilem
3047 3329 3158 3367 esse
3176 3352 3192 3377 ,
3220 3313 3354 3367 sicut
3382 3312 3478 3367 Dei
3502 3312 3792 3382 dispensav-

2194 3409 2358 3450 torem
2390 3398 2407 3469 (
2435 3397 2537 3453 Tit.
2569 3399 2651 3471 ι).
2695 3402 2804 3456 Sed
2847 3405 3121 3472 quomodo
3162 3404 3693 3475 irreprehensibilis,
3728 3405 3746 3459 i
3775 3408 3790 3459 I

2195 3496 2309 3551 est,
2353 3489 2421 3543 ab
2452 3492 2805 3546 accusatione
2836 3493 3105 3560 mundus,
3137 3503 3194 3549 et
3224 3511 3254 3549 a
3286 3494 3503 3565 querela
3533 3496 3686 3550 omni
3726 3495 3794 3550 li-

2196 3578 2294 3632 ber
2334 3579 2442 3643 sit,
2483 3580 2569 3635 his
2611 3596 2731 3651 qua:
2774 3590 2963 3651 postea
3005 3594 3309 3654 sequuntur
3336 3586 3617 3640 ostendit:
3657 3586 3790 3641 Non

2197 3669 2517 3738 superbum,
2566 3688 2672 3725 non
2717 3673 3072 3742 iracundum,
3119 3692 3223 3730 non
3270 3674 3625 3740 vinolentum,
3676 3694 3791 3731 non

2196 3772 2583 3828 percussorem,
2626 3779 2729 3817 non
2767 3764 2936 3833 turpis
2978 3762 3113 3818 lucri
3149 3764 3430 3835 cupidum,
3472 3765 3565 3819 sed
3603 3766 3793 3835 hospi-

2197 3848 2383 3914 talem,
2430 3848 2731 3920 benignum,
2778 3863 3014 3916 castum,
3048 3853 3281 3923 justum,
3312 3864 3581 3918 sanctum,
3612 3856 3789 3908 conti-

2198 3948 2433 4000 nentem,
2469 3939 2861 4010 amplectentem
2905 3960 3022 3996 eum
3053 3945 3142 4015 qui
3170 3944 3456 3998 secundum
3483 3945 3791 3999 doctrinam

2196 4037 2271 4081 est
2303 4027 2509 4086 ﬁdelem
2535 4045 2823 4084 sermonem
2852 4032 3083 4103 (Ibid.).
3120 4033 3246 4088 Haec
3288 4035 3432 4088 enim
3485 4034 3793 4104 unicuique

2198 4117 2413 4185 quidem
2441 4119 2693 4173 convenit
2717 4123 2966 4190 assequi,
2994 4123 3231 4177 maxime
3258 4132 3439 4178 tamen
3470 4126 3747 4179 sacerdoti
3772 4164 3788 4189 ,

2200 4208 2468 4277 siquidem
2508 4208 2735 4280 ﬁguram
2769 4214 2909 4280 gerit
2932 4214 3167 4281 Christi,
3200 4216 3290 4284 qni
3318 4217 3610 4286 praedictos
3642 4217 3786 4270 duo-

2121 4336 2174 4395 Β
2201 4300 2377 4395 decim
2406 4300 2615 4371 lapides
2640 4317 2802 4374 super
2830 4313 3018 4373 pectus
3058 4307 3339 4376 preprium
3378 4307 3635 4377 portavit.
3680 4307 3790 4378 Cy-

2200 4386 2320 4440 dari
2362 4403 2565 4458 quoque
2612 4391 2739 4443 texit
2780 4400 2969 4460 caput,
3011 4393 3156 4456 sive,
3206 4396 3499 4449 secundum
3544 4393 3788 4464 Septua-

2200 4479 2382 4548 ginta,
2416 4478 2482 4531 Et
2525 4480 2735 4549 posuit,
2768 4481 2972 4550 inquit,
3004 4500 3160 4553 super
3197 4493 3355 4555 caput
3396 4485 3507 4554 ejus
3545 4488 3785 4539 mitram.

2203 4566 2312 4621 Sed
2359 4569 2483 4637 quia
2534 4576 2590 4622 et
2634 4570 2810 4624 mitrzc
2856 4571 2971 4625 sive
3017 4574 3202 4642 cydari
3252 4575 3621 4645 operationem
3672 4592 3786 4630 non

2201 4657 2516 4726 ignoramus
2536 4699 2550 4722 ,
2574 4668 2627 4712 et
2647 4660 2851 4715 Christi
2880 4671 3042 4733 caput
3068 4678 3188 4718 esse
3216 4664 3432 4720 Patrem
3463 4666 3755 4721 didicimus
3773 4711 3791 4734 ,

2203 4747 2492 4801 audiamus
2514 4749 2656 4817 quod
2684 4750 2929 4819 sequitur
2958 4768 2972 4806 :
3005 4751 3075 4806 Et
3102 4769 3260 4824 super
3283 4771 3397 4808 eam
3428 4766 3609 4809 contra
3638 4756 3795 4825 fron-

2197 4847 2298 4889 tem
2325 4839 2498 4908 posuit
2529 4838 2779 4893 laminam
2809 4858 3026 4896 auream
3068 4854 3425 4898 consecratam
3460 4847 3515 4899 in
3546 4848 3796 4916 sanctiﬁ-

2203 4926 2430 4994 catione,
2462 4928 2596 4981 sicut
2636 4942 2952 5002 prteceperat
2982 4933 3029 4987 ei
3056 4933 3335 4988 Dominus.
3358 4933 3653 4991 Sublevare
3687 4955 3795 4993 nos

2197 5014 2479 5084 legislator
2516 5016 2956 5082 volens,mitram
3002 5023 3117 5077 sive
3153 5024 3397 5095 cydarim
3433 5041 3595 5095 super
3619 5038 3796 5097 caput

2201 5114 2426 5175 prOpter
2465 5107 2680 5164 Patrem
2721 5112 3063 5166 memoravit.
3106 5112 3210 5167 Per
3250 5112 3507 5168 laminam
3546 5121 3601 5169 et
3647 5117 3798 5169 scul-

2205 5205 2418 5263 pturam
2440 5238 2455 5260 ,
2487 5213 2582 5252 seu
2607 5199 2983 5256 formationem
3013 5202 3479 5269 sanctiﬁcationis,
3511 5207 3793 5260 incarnati

2204 5284 2298 5341 Dei
2330 5287 2488 5342 Verbi
2510 5328 2525 5352 ,
2556 5289 2649 5358 qui
2678 5299 2734 5344 et
2762 5291 3020 5347 sacerdos
3046 5301 3231 5348 noster
3259 5293 3436 5349 factus
3464 5303 3580 5360 est,
3611 5295 3803 5364 digni-

2203 5384 2367 5430 tatem
2415 5377 2468 5431 in
2513 5379 2781 5449 principio
2825 5396 2988 5450 quam
3035 5383 3198 5436 simul
3242 5399 3364 5439 cum
3411 5384 3573 5439 Patre
3616 5386 3799 5442 habet

2203 5465 2547 5523 manifestum
2590 5477 2676 5523 est
2716 5470 2844 5537 quia
2884 5472 3162 5541 exposuit;
3203 5482 3430 5543 propter
3457 5474 3601 5543 quod
3632 5474 3796 5531 illam

2199 5565 2252 5610 ct
2276 5572 2435 5627 super
2462 5558 2702 5631 cydarim
2728 5573 2825 5614 seu
2849 5560 3066 5616 mitram
3092 5570 3149 5617 et
3169 5572 3355 5619 contra
3385 5562 3577 5618 faciem
3606 5566 3801 5624 mitra:
