3954 6176
298 282 402 338 39.5

1226 287 1720 344 EXPOSITIONES
1755 289 1823 344 iN
1861 289 2257 348 LEVITICUM.
2295 323 2366 334 -—
2403 293 2531 349 LIB.
2573 295 2631 350 li.

3445 312 3554 371 526

293 395 410 448 sive
439 391 655 464 cydaris
680 394 928 489 imponit.
961 396 1105 450 Dicit
1156 407 1342 452 autem
1369 418 1380 452 :
1412 399 1728 471 Ligabisque
1754 416 1869 455 eam
1898 407 1946 466 Α
1980 377 2153 455 forma
2204 401 2419 457 videtur
2460 406 2691 460 ostendi.
2744 407 2964 468 Sciebat
3004 429 3131 489 ergo
3174 422 3414 489 pontifex
3462 386 3551 481 illo

289 486 418 538 vitta
454 482 828 553 hyacinthina,
861 484 1008 550 sive,
1042 486 1337 540 secundum
1378 486 1727 558 Septuaginta
1749 530 1764 554 ,
1796 488 1867 542 Et

286 573 677 644 superimpones
723 590 880 643 super
919 575 1202 645 hyacintho
1248 588 1460 632 retorto.
1501 578 1868 650 Hyacinthum

288 671 552 717 returtum
598 664 988 719 humanitatem
1037 666 1240 722 Christi
1282 667 1621 738 intelligens,
1662 683 1761 739 pro
1799 684 1866 723 eo

284 754 431 823 quod
472 752 906 823 inseparabiliter
930 753 1210 823 conjuncta
1228 764 1314 811 est
1334 756 1622 811 divinitati.
1666 756 1735 809 Et
1763 758 1865 810 erit

281 859 441 912 super
479 843 707 896 thiaram
746 843 1021 916 imntiitens
1054 842 1228 913 fronte
1263 846 1552 917 pontificis.
1581 847 1680 902 Vel
1721 848 1860 903 sicut

280 930 665 1001 Septuaginta,
696 938 746 983 et
774 931 872 983 erit
901 948 1059 1001 super
1087 934 1297 986 mitram
1323 945 1508 988 contra
1537 936 1724 1005 [aciem
1766 939 1863 991 mi-

277 1028 392 1073 ma.
422 1018 540 1072 Erit
565 1034 724 1088 super
744 1019 954 1071 mitram
975 1060 990 1083 ,
1015 1020 1138 1088 quia
1162 1020 1325 1075 Pater
1346 1022 1400 1075 in
1425 1022 1584 1088 Filio,
1606 1033 1661 1078 et
1689 1023 1858 1078 Filius

277 1114 331 1166 in
366 1112 531 1166 Patre
556 1127 570 1165 :
606 1111 672 1164 Et
701 1120 822 1167 ante
847 1109 1036 1178 faciem
1063 1113 1252 1167 mitrae.
1287 1111 1389 1179 Qui
1418 1114 1563 1169 enim
1594 1114 1740 1169 videt
1762 1114 1855 1168 Fi-

273 1202 427 1272 lium,
446 1202 536 1256 hic
572 1201 756 1255 videre
795 1209 852 1255 et
888 1201 1105 1256 Patrem
1146 1202 1364 1258 dicitur.
1409 1205 1535 1277 (Ea:
1562 1203 1853 1278 Origene.)

268 1294 412 1364 Ergo
459 1294 641 1348 omnis
686 1309 832 1349 nunc
884 1294 1091 1349 sanctio
1135 1294 1417 1349 evidenter
1468 1295 1521 1350 in
1576 1295 1851 1368 Unigeniti

269 1382 561 1452 explanata
613 1391 698 1436 est
752 1382 1093 1453 mysterium.
1148 1382 1337 1449 Aliter,
1388 1382 1533 1438 lavet
1587 1395 1639 1439 te
1684 1386 1853 1456 igitur

269 1472 514 1543 Moyses,
562 1472 676 1541 ipse
718 1480 769 1525 te
810 1472 984 1538 lavet,
1029 1480 1083 1528 et
1125 1473 1240 1543 ipse
1269 1482 1322 1527 te
1354 1474 1571 1541 induat,
1603 1474 1689 1530 lex
1720 1488 1849 1544 ergo

266 1574 350 1619 est
391 1580 514 1634 qua:
557 1572 607 1618 te
647 1562 825 1629 lavat,
871 1563 987 1633 ipsa
1025 1564 1214 1619 sordes
1254 1571 1375 1618 tuas
1404 1564 1591 1629 diluit,
1621 1565 1768 1634 ipsa,
1802 1564 1849 1620 si

264 1654 460 1707 audias
490 1669 608 1707 eam
629 1694 644 1716 ,
671 1660 1018 1721 peccatorum
1045 1661 1259 1708 tuorum
1288 1652 1529 1709 maculas
1549 1654 1843 1725 absterget.

1975 503 2137 558 quem
2172 497 2298 544 tunc
2324 491 2610 547 ordinabat
2651 494 2863 568 Moyses
2884 540 2899 564 ,
2931 502 3057 570 quia
3091 516 3234 560 esset
3263 510 3551 569 circumci-

1970 578 2071 640 sio,
2090 579 2504 637 incircumcisus
2524 586 2766 652 pontifex
2788 603 2907 645 esse
2931 607 3036 645 non
3057 603 3285 663 poterat.
3305 599 3547 657 Habebat

1967 682 2097 737 ergo
2146 668 2249 723 iste
2292 669 2428 725 duas
2464 673 2713 729 tunicas:
2755 693 2918 733 unam
2960 681 3247 741 ministerii
3290 693 3545 757 carnalis,

1966 765 2019 810 et
2049 756 2206 810 aliam
2239 757 2604 830 intelligentia:
2647 765 2925 833 spiritalis.
2973 768 3193 826 Sciebat
3223 776 3349 844 quia
3375 787 3431 831 et
3454 756 3543 834 sa?

1964 846 2165 900 criﬁcia
2198 849 2457 918 spiritalia
2482 850 2663 907 oflerri
2691 854 2889 911 debent
2915 858 3045 925 Deo,
3080 862 3338 920 offerebat
3364 875 3543 924 tamen

1962 934 2310 991 nihilominus
2334 947 2387 992 et
2412 941 2649 995 carnalia
2676 960 2689 995 :
2719 958 2826 998 non
2848 948 2992 1001 enim
3020 959 3235 1019 poterat
3258 970 3380 1010 esse
3414 972 3543 1028 pon-

1961 1022 2093 1077 tifex
2124 1041 2313 1079 eorum
2350 1028 2442 1096 qui
2480 1036 2607 1083 tunc
2640 1040 2815 1098 erant,
2840 1035 2943 1089 nisi
2979 1036 3187 1095 hostias
3215 1022 3541 1100 immolaret.

1957 1111 2037 1167 Ita
2083 1130 2213 1185 ergo
2256 1118 2643 1174 convenienter
2671 1121 2759 1176 ille
2808 1126 3049 1194 pontifex
3085 1131 3293 1188 duabus
3322 1135 3544 1193 indutus

1960 1204 2152 1259 tunicis
2212 1205 2445 1273 dicitur;
2505 1211 2732 1279 apostoli
2785 1227 2914 1268 vero
2963 1218 3053 1286 qui
3112 1220 3305 1277 dicturi
3332 1235 3539 1282 erant:

1952 1292 2076 1361 quia
2105 1288 2151 1345 si
2188 1294 2668 1363 circumcidamini,
2699 1296 2937 1357 Christus
2984 1307 3123 1361 vobis
3167 1311 3299 1363 nihil
3348 1316 3540 1382 prode-

1954 1380 2021 1431 rit
2044 1377 2299 1471 (‘Cal.v);
2326 1392 2383 1437 et
2409 1385 2501 1454 qui
2525 1385 2721 1441 dicturi
2748 1400 2927 1458 erant,
2955 1394 3081 1462 quia
3108 1414 3258 1451 nemo
3282 1377 3369 1454 vos
3386 1402 3538 1471 judi-

1953 1477 2031 1521 cet
2064 1468 2116 1521 in
2146 1469 2260 1525 cibo
2291 1482 2383 1524 aut
2412 1473 2466 1525 in
2492 1485 2639 1544 potu,
2672 1486 2766 1529 aut
2814 1478 2868 1531 in
2909 1492 3060 1549 parte
3101 1484 3206 1537 diei
3252 1468 3401 1555 festi,
3443 1502 3539 1545 aut

1950 1560 2240 1629 neomenia,
2261 1571 2352 1614 aut
2373 1562 2727 1633 sabbatorum,
2750 1586 2865 1639 qua:
2886 1581 3008 1624 sunt
3030 1576 3212 1630 umbra
3233 1577 3533 1646 futurorum

1950 1644 2172 1718 (Coloss.
2202 1648 2292 1723 it):
2315 1651 2407 1708 isti
2434 1666 2583 1723 ergo,
2613 1663 2673 1709 ut
2718 1655 3026 1724 hujusmodi
3053 1644 3348 1719 secundum
3386 1668 3537 1724 litte-

262 1743 380 1813 Ipse
409 1750 496 1798 est
523 1742 767 1815 Moyses,
798 1744 902 1798 hoc
929 1749 1012 1796 est
1040 1742 1124 1797 lex
1142 1783 1157 1810 ,
1188 1758 1306 1812 quae
1335 1744 1640 1798 sacerdotes
1664 1758 1847 1799 conse-
1876 1736 1922 1795 B
1951 1738 2236 1812 ram,legis
2251 1741 2650 1798 observantiam
2673 1748 2889 1815 penitus
2919 1752 3288 1823 repudiarent,
3311 1773 3412 1812 nec
3434 1775 3532 1815 oc-

259 1843 415 1897 crat,
448 1848 551 1888 nec
588 1841 767 1903 potest
807 1834 1063 1891 sacerdos
1094 1847 1242 1900 esse,
1274 1849 1435 1902 quem
1465 1850 1573 1889 non
1602 1833 1688 1889 lex
1720 1850 1845 1889 con-

259 1922 506 1976 stituerit
549 1922 909 1979 sacerdotem.
955 1920 1014 1977 Si
1043 1931 1098 1977 et
1127 1930 1183 1977 tu
1212 1921 1356 1978 lotus
1384 1921 1553 1977 fueris
1577 1938 1676 1996 per
1703 1923 1848 1997 Moy-

257 2030 356 2068 sen
403 2022 461 2067 et
501 2012 672 2069 fueris
720 2014 794 2068 ita
838 2015 1072 2070 mundus
1115 2016 1384 2086 quomodo
1427 2030 1587 2086 quem
1633 2015 1845 2087 Moyses

256 2106 487 2171 laverit,
522 2114 705 2161 tantus
751 2106 841 2159 ille
881 2122 947 2161 ac
979 2107 1102 2163 talis
1140 2108 1316 2179 possis
1355 2108 1521 2162 etiam
1560 2108 1846 2177 pervenire

254 2198 323 2251 ad
349 2197 469 2252 haec
492 2197 801 2252 indumenta
825 2212 947 2267 quae
965 2197 1175 2268 profert
1194 2197 1422 2270 Moyses,
1437 2193 1497 2253 et
1521 2197 1687 2252 stolas
1711 2198 1843 2252 istas

253 2286 457 2355 quibus
506 2286 682 2340 induit
723 2287 903 2340 Aaron
945 2285 1172 2343 fratrem
1216 2302 1373 2342 suum
1414 2295 1470 2341 et
1513 2285 1653 2342 ﬁlios
1701 2285 1838 2356 ejus.

253 2375 363 2428 Sed
390 2390 500 2430 non
529 2375 704 2429 solum
732 2376 1063 2431 indumentis
1093 2392 1228 2448 opus
1255 2384 1339 2431 est
1366 2376 1434 2431 ad
1473 2376 1841 2432 sacerdotales

252 2462 494 2529 infulas,
540 2480 734 2519 verum
780 2473 837 2520 et
883 2466 1152 2538 cingulis:
1205 2464 1355 2519 Fecit
1403 2467 1581 2532 enim,
1626 2465 1836 2537 inquit,

249 2551 399 2605 Deus
467 2555 673 2607 tunicas
701 2553 980 2625 pell'ceas,
1006 2565 1055 2611 et
1084 2555 1253 2610 induit
1284 2556 1455 2609 Adam
1481 2566 1529 2609 et
1558 2556 1832 2610 mulierem

248 2642 371 2712 ejus
402 2641 422 2714 (
440 2641 756 2716 Gcneuu).
788 2644 893 2698 illae
910 2661 1038 2716 ergo
1070 2646 1265 2701 tunica:
1293 2648 1359 2701 de
1388 2646 1616 2717 pellibus
1642 2655 1833 2713 erant,

248 2750 318 2788 ex
352 2733 678 2788 animalibus
705 2746 950 2804 sumptm.
977 2736 1197 2791 Talibus
1216 2736 1361 2790 enim
1382 2737 1665 2808 Oportebat
1686 2737 1833 2791 indui

246 2833 619 2897 peecatorem.
657 2824 930 2891 Pelliciis,
970 2826 1186 2895 inquit,
1226 2825 1463 2892 tunicis,
1500 2842 1619 2895 qua:
1651 2834 1835 2881 essent

246 2917 606 2971 mortalitatis
635 2916 832 2971 indicia
863 2933 1022 2986 quam
1053 2932 1150 2987 pro
1173 2926 1399 2987 peccato
1429 2925 1748 2992 acceperat,
1778 2924 1834 2972 et

244 3009 569 3079 fragilitatis
595 3009 713 3079 ejus
743 3024 862 3080 quae
895 3025 960 3063 ex
992 3009 1174 3065 carnis
1205 3008 1549 3079 corruptione
1583 3008 1832 3063 veniebat

243 3098 536 3153 indicium.
584 3097 642 3152 Si
680 3113 808 3152 vero
840 3096 951 3165 jam
982 3098 1123 3152 lotus
1155 3098 1320 3152 fueris
1350 3098 1418 3153 ab
1449 3097 1534 3153 his
1562 3105 1618 3152 et
1641 3097 1832 3168 puriﬁ-

242 3198 408 3243 eatus
440 3204 539 3259 per
570 3188 739 3259 legem
771 3189 901 3253 Dei,
945 3188 1131 3242 induet
1171 3197 1223 3243 te
1262 3189 1473 3259 Moyses
1513 3187 1831 3242 indumento

242 3279 707 3346 incorruptionis,
744 3280 816 3332 ita
855 3288 913 3333 ut
952 3294 1216 3349 nusquam
1255 3286 1513 3349 appareat
1555 3278 1830 3349 turpitudo

244 3383 341 3427 tua
366 3410 382 3435 ,
418 3377 472 3422 et
516 3379 573 3423 ut
619 3369 977 3424 absorbeatur
1022 3368 1249 3424 mortale
1290 3370 1392 3424 hoc
1418 3384 1447 3422 a
1474 3369 1607 3424 vita.
1640 3366 1832 3424 Videac

247 3477 378 3515 mus
405 3476 535 3530 ergo
565 3461 709 3528 quali
740 3460 931 3516 ordine
960 3459 1199 3529 pontifex
1225 3461 1595 3515 constituitur.
1627 3459 1833 3515 Convo-

241 3553 432 3618 cavit,
482 3553 685 3621 inquit,
718 3552 927 3623 Moyses
967 3548 1294 3623 synagogam
1316 3594 1330 3617 ,
1364 3562 1417 3608 et
1444 3554 1577 3608 dixit
1607 3553 1674 3608 ad
1695 3569 1828 3612 eos:

244 3642 370 3698 lloc
396 3650 479 3696 est
505 3641 729 3695 verbum
761 3643 903 3712 quod
929 3643 1186 3713 praecepit
1213 3643 1492 3698 Dominus.
1524 3643 1676 3699 Licet
1701 3660 1831 3717 ergo

242 3733 511 3788 Dominus
543 3733 609 3787 de
648 3733 1025 3789 constituendo
1069 3735 1323 3803 pontifice
1362 3736 1746 3806 praecepisset,
1777 3745 1832 3792 et

243 3821 514 3876 Dominus
540 3822 826 3890 elegisset,
857 3831 1041 3878 tamen
1072 3833 1405 3878 convocatur
1446 3833 1501 3877 et
1538 3815 1833 3896 synagoga.

242 3912 571 3981 Requiritur
613 3913 758 3967 enim
802 3913 857 3967 in
901 3914 1201 3969 ordinando
1246 3915 1559 3982 sacerdote,
1603 3925 1660 3971 et
1700 3933 1833 3989 plte-

245 4006 434 4062 sentia
462 4005 638 4078 populi
663 4046 677 4070 ,
713 4015 771 4060 ut
799 4006 973 4061 sciant
998 4022 1188 4063 omnes
1216 4017 1270 4063 et
1300 4008 1433 4062 certi
1462 4009 1571 4063 sint
1590 4010 1714 4079 quia
1740 4011 1831 4080 qui

244 4097 598 4168 praestantior
635 4105 719 4152 est
754 4113 818 4151 ex
860 4099 1007 4151 omni
1046 4098 1278 4169 populo,
1321 4099 1411 4169 qui
1458 4096 1691 4165 doctior,
1739 4101 1832 4170 qui

246 4191 524 4253 sanctior,
556 4189 645 4258 qui
675 4189 821 4243 omni
854 4189 1056 4245 virtute
1083 4189 1429 4254 eminentior,
1464 4189 1551 4244 ille
1581 4189 1834 4260 deligitur

246 4283 321 4335 ad
358 4280 742 4335 sacerdotium.
787 4279 943 4334 Lavit
984 4296 1112 4350 ergo
1152 4295 1311 4345 eum,
1355 4290 1410 4335 et
1450 4280 1658 4345 induit;
1687 4279 1832 4350 quali

246 4374 608 4428 indumento?
639 4372 868 4437 Tunica,
904 4373 1107 4441 inquit,
1138 4382 1185 4426 et
1212 4373 1484 4442 prmeinxit
1510 4389 1627 4426 eum
1670 4388 1828 4425 zona.
1857 4416 1861 4420 .

247 4464 317 4518 Et
372 4463 609 4516 iterum:
664 4460 869 4515 Vestivit
910 4479 1027 4515 eum
1070 4460 1299 4514 tunicam
1341 4460 1598 4523 talarem,
1648 4459 1731 4513 vel
1774 4467 1863 4511 ut‘

247 4552 383 4606 alibi
423 4552 678 4624 legimus,
721 4552 1039 4604 interiorem.
1081 4551 1301 4607 Duabus
1328 4551 1485 4604 video
1516 4549 1712 4603 tunicis
1734 4565 1834 4618 per

250 4643 480 4711 Moysen
528 4643 773 4696 indutum
820 4640 1152 4712 pontificem.
1207 4641 1312 4696 Sed
1362 4641 1492 4710 quid
1539 4640 1832 4704 faciemus,

249 4732 403 4802 quod
433 4729 588 4787 Jesus
618 4724 926 4786 sacerdotes
954 4747 1102 4796 suos,
1133 4731 1187 4787 id
1212 4741 1295 4785 est
1322 4728 1594 4801 apostolos
1620 4738 1838 4783 nostros

245 4821 531 4895 prohibuit
552 4820 629 4876 uti
652 4821 859 4876 duabus
882 4821 1111 4877 tunicis?
1130 4829 1184 4874 et
1205 4818 1501 4875 dixerimus
1534 4820 1678 4890 quod
1699 4818 1838 4890 Moy-

248 4926 346 4967 ses
366 4920 421 4966 et
441 4908 596 4966 Iesus
611 4953 625 4976 ,
650 4911 705 4967 id
724 4920 807 4967 est
827 4914 911 4966 lex
932 4920 987 4967 et
1004 4910 1289 4983 Evangelia
1320 4911 1421 4966 sibi
1453 4912 1681 4966 invicem
1709 4926 1833 4966 con-

252 5003 558 5058 sonarent?
586 5002 775 5058 Posset
816 5003 1044 5058 fortasse
1083 5004 1262 5057 dicere
1301 5003 1470 5069 alius,
1514 5003 1650 5077 Quia
1689 5004 1832 5074 quod

249 5093 517 5163 prazcepit
553 5092 714 5148 Jesus
739 5095 871 5147 duas
903 5093 1111 5149 tunicas
1141 5107 1247 5145 non
1277 5092 1587 5157 habendas,
1615 5108 1721 5147 non
1750 5100 1835 5147 est

247 5185 591 5240 contrarium
633 5183 770 5255 legi,
802 5184 897 5238 sed
937 5182 1230 5254 perfectius
1271 5182 1427 5254 lege;
1457 5182 1598 5237 sicut
1626 5190 1830 5237 etcum

249 5277 340 5333 lex
365 5277 715 5331 homicidium
738 5285 909 5341 vetat,
927 5273 1087 5331 Jesus
1105 5284 1286 5331 autem
1306 5274 1471 5329 etiam
1495 5273 1831 5328 iracundiam

253 5375 507 5432 resecat;
556 5375 615 5423 et
660 5382 781 5424 cum
830 5366 918 5421 lex
966 5366 1218 5437 prohibet
1265 5363 1630 5427 adulterium,
1678 5359 1833 5416 Jesus

247 5456 422 5510 etiam
452 5454 945 5525 concupiscentiam
965 5454 1146 5510 cordis
1172 5453 1454 5508 abscindat
1479 5469 1492 5504 :
1525 5466 1625 5521 ego
1650 5457 1832 5503 tamen

250 5561 366 5599 non
396 5547 535 5599 intra
566 5544 724 5613 hujus
749 5543 1111 5615 intelligentiae
1134 5542 1436 5612 angustiam
1454 5580 1468 5603 ,
1497 5537 1833 5609 pontificalia

248 5646 598 5692 sacramenta
629 5638 925 5702 concludo,
958 5634 1189 5703 amplius
1220 5633 1348 5688 mihi
1394 5631 1598 5701 aliquid
1628 5645 1694 5684 ex
1726 5630 1830 5683 ista

1945 1835 2209 1914 cuparent
2258 1829 2551 1901 discipulos
2577 1831 2819 1889 Judaicis
2851 1835 3067 1905 fabulis,
3099 1850 3151 1894 et
3191 1843 3532 1914 imponerent

1943 1914 2024 1968 eis
2040 1913 2228 1985 jugum
2258 1920 2402 1988 quod
2424 1937 2597 1991 neque
2627 1923 2728 1994 ipsi
2758 1941 2932 1995 neque
2965 1939 3149 1999 patres
3191 1913 3378 1989 eorum
3404 1952 3529 2006 por.

1946 2012 2059 2094 tare
2110 2016 2419 2077 potuerunt,
2463 2013 2658 2067 merito
2688 2013 2822 2069 duas
2858 2020 3068 2075 tunicas
3104 2023 3306 2078 habere
3336 2028 3528 2094 prohi-

1941 2092 2157 2159 bentur,
2202 2097 2296 2150 sed
2342 2097 2543 2153 sufficit
2583 2101 2665 2155 eis
2711 2117 2837 2168 una,
2867 2112 2923 2158 et
2968 2107 3081 2162 inec
3118 2092 3366 2177 interior,
3398 2129 3528 2167 nam

1911 2190 1915 2195 ‘
1942 2180 2101 2235 istam
2130 2199 2250 2253 quae
2292 2183 2421 2240 foris
2449 2195 2553 2252 est,
2585 2198 2642 2242 et
2685 2205 2805 2260 qua:
2852 2194 3082 2263 desuper
3120 2207 3364 2267 apparet,
3392 2200 3526 2270 legis

1943 2273 2178 2327 tunicam
2207 2274 2414 2341 nolunt,
2457 2293 2617 2332 unam
2647 2295 2877 2349 namque
2910 2281 3068 2337 Jesus
3088 2294 3139 2339 et
3173 2287 3345 2355 ipsam
3386 2291 3528 2344 inte-

1940 2360 2173 2426 riorem,
2220 2363 2419 2419 habere
2468 2367 2756 2436 permittit.
2800 2370 3033 2443 lmponit
3077 2382 3255 2429 tamen
3310 2377 3524 2448 Moyses

1937 2450 2179 2518 pontifici
2212 2452 2568 2519 bumeralem,
2594 2456 2687 2525 qui
2714 2466 2800 2511 est
2828 2458 3180 2516 humerorum
3201 2465 3420 2535 quidam
3454 2483 3522 2522 ex

1937 2539 2400 2597 circumductione
2450 2545 2620 2599 vestis
2662 2553 2920 2602 ornatus:
2948 2550 3159 2605 humeri
3189 2563 3369 2609 autem
3395 2572 3524 2626 0pc.-

1936 2643 2056 2682 rum
2086 2636 2272 2685 tenent
2304 2645 2370 2687 ac
2393 2631 2596 2688 laboris
2622 2634 2842 2689 indicia.
2871 2637 2998 2693 Vult
3047 2654 3177 2711 ergo
3207 2643 3519 2711 pontificem

1946 2725 2067 2767 esse
2081 2715 2243 2767 etiam
2265 2716 2316 2768 in
2336 2719 2590 2784 operibus
2608 2730 2856 2773 ornatum
2870 2728 3197 2785 ,necsuflicit
3212 2731 3320 2781 sola
3338 2734 3518 2786 scicn-

1945 2803 2041 2867 tia,
2084 2806 2209 2872 quia
2253 2809 2341 2874 qui
2380 2807 2558 2873 fecerit
2582 2822 2629 2863 et
2651 2812 2905 2878 docuerit,
2935 2816 3020 2869 hic
3050 2834 3268 2888 magnus
3303 2825 3512 2876 vocabi—

1946 2900 2033 2946 ων
2051 2892 2104 2944 in
2127 2909 2283 2962 regno
2301 2897 2548 2953 caelorum
2569 2900 2945 2973 (Matth.v).Et
2967 2906 3151 2972 cinxit,
3178 2910 3371 2978 inquit,
3388 2928 3508 2964 eum

1929 2983 2215 3039 secundum
2237 2985 2499 3053 facturam
2524 2988 2831 3044 numeratis.
2874 2989 2991 3046 Jam
3016 3001 3070 3047 et
3095 2997 3345 3065 superius
3366 3001 3517 3053 dixe-

1856 3065 1901 3127 C
1933 3079 2020 3127 rat
2069 3074 2197 3143 quia
2242 3075 2407 3130 cinxit
2452 3093 2571 3130 eum
2618 3094 2752 3131 zona
2794 3096 2950 3149 super
2981 3084 3237 3150 tunicam,
3268 3095 3325 3141 et
3359 3090 3518 3142 modo

1928 3166 2121 3221 iterum
2148 3169 2383 3239 cingitur
2408 3172 2700 3226 secundum
2725 3171 2990 3229 facturam
3014 3176 3329 3234 humeralis.
3360 3180 3515 3247 Quod

1928 3264 2012 3311 est
2025 3256 2166 3311 istud
2179 3258 2374 3327 duplex
2388 3259 2681 3330 cingulum,
2698 3274 2806 3329 quo
2821 3263 3174 3318 constrictum
3192 3268 3277 3319 vul
3287 3278 3306 3320 t
3318 3284 3436 3323 esse
3448 3284 3517 3325 ex

1928 3352 2075 3407 omni
2094 3361 2257 3422 parte
2273 3352 2619 3424 pontificem?
2636 3353 2978 3411 Constrictus
3004 3357 3076 3412 sit
3098 3358 3151 3411 in
3175 3361 3358 3424 verbo,
3384 3377 3519 3416 con-

1929 3444 2151 3499 strictus
2168 3445 2220 3499 in
2236 3459 2420 3514 opere,
2437 3446 2718 3515 expeditus
2739 3445 2807 3502 ad
2829 3448 3031 3513 omnia,
3054 3448 3189 3502 nihil
3203 3451 3515 3517 remissum,

1928 3535 2060 3590 nihil
2078 3536 2275 3591 habeat
2289 3538 2627 3603 dissolutum,
2644 3541 2920 3594 accinctus
2940 3542 3009 3595 sit
3024 3542 3190 3595 animi
3205 3544 3519 3610 virtutibus,

1930 3628 2254 3683 constrictus
2280 3630 2402 3683 sita
2423 3630 2792 3699 corporalibus
2813 3632 2976 3697 vitiis,
2994 3633 3198 3688 nullum
3227 3637 3521 3691 animatis-

1927 3717 2316 3787 psum,nullum
2337 3721 2578 3787 corporis
2594 3721 2781 3775 timeat
2803 3738 2816 3773 :
2835 3730 3062 3791 utroque
3081 3725 3293 3794 cingulo
3307 3741 3520 3795 semper

1930 3816 2116 3862 utatur
2138 3816 2199 3863 ut
2223 3809 2295 3864 sit
2317 3819 2536 3865 sanctus
2560 3826 2784 3881 corpore
2805 3822 2859 3867 et
2878 3814 3091 3882 spiritu.
3125 3814 3193 3867 Et
3221 3824 3335 3884 post
3383 3816 3513 3878 Ιιανε,

1931 3899 2125 3970 inquit,
2142 3901 2386 3971 imposuit
2408 3919 2563 3971 super
2586 3919 2702 3956 eum
2724 3901 2917 3974 legium
2945 3903 3107 3976 (quod
3129 3914 3212 3958 est
3231 3905 3521 3972 rationale,

1930 3997 1986 4044 et
2011 3991 2267 4060 imposuit
2289 4007 2452 4061 super
2482 3992 2726 4064 legium),
2758 3994 3232 4063 manifestationem
3253 4005 3302 4049 et
3330 3996 3519 4049 verita-

1933 4093 2054 4148 tem,
2083 4092 2132 4136 et
2160 4083 2404 4154 imposuit
2434 4085 2642 4137 mitram
2675 4101 2832 4153 super
2859 4095 3012 4155 caput
3039 4086 3173 4155 ejus.
3205 4085 3311 4141 Sed
3336 4086 3519 4139 videa-

1933 4190 2054 4229 mus
2078 4176 2205 4244 quid
2231 4175 2454 4246 legium,
2485 4176 2628 4243 quod
2650 4184 2734 4229 est
2762 4175 3047 4239 rationale,
3075 4175 3373 4244 significet;
3408 4189 3517 4229 non

1933 4265 2077 4319 enim
2128 4263 2331 4319 sufficit
2381 4264 2621 4334 pontiiici
2647 4264 2848 4317 habere
2904 4264 3258 4333 sapientiam,
3289 4271 3344 4316 et
3375 4264 3521 4317 seire

1934 4355 2174 4409 omnium
2208 4355 2500 4418 rationem,
2524 4353 2625 4406 nisi
2654 4353 2826 4422 possit
2849 4353 3014 4406 etiam
3058 4352 3255 4421 populo
3284 4351 3516 4407 manife—
3574 4338 3579 4342 ’

1936 4452 2079 4498 stare
2117 4458 2238 4515 qum
2278 4445 2449 4497 novit.
2497 4444 2621 4497 ideo
2670 4457 2798 4512 ergo
2839 4443 3135 4512 imponitur
3165 4444 3413 4498 rationali
3462 4455 3518 4499 ct

1936 4533 2301 4589 manifestatio
2349 4542 2408 4587 ut
2434 4534 2605 4602 possit
2634 4533 2960 4603 respondere
3007 4533 3154 4588 omni
3184 4534 3426 4603 poscenti
3457 4548 3522 4589 se

1937 4626 2201 4680 rationem
2244 4624 2312 4679 de
2342 4624 2446 4679 fide
2482 4633 2536 4680 et
2583 4624 2833 4679 veritate.
2880 4622 3108 4679 Ponitur
3145 4632 3322 4677 autem
3359 4638 3522 4693 super

1938 4715 2067 4770 illud
2087 4725 2141 4769 et
2170 4715 2400 4780 veritas;
2430 4721 2491 4767 ut
2511 4729 2617 4768 non
2641 4713 2730 4767 illa
2750 4721 2958 4767 astruat
2980 4727 3099 4781 qua:
3119 4714 3339 4783 proprio
3359 4728 3521 4767 exco-

1939 4807 2111 4877 gitare
2139 4806 2310 4877 quivit
2334 4804 2571 4874 ingenio,
2607 4804 2703 4859 sed
2745 4818 2865 4873 quae
2916 4804 3118 4858 veritas
3173 4802 3353 4858 habet.
3413 4802 3522 4858 Sed

1939 4896 2174 4950 nondum
2201 4894 2396 4958 finivit,
2421 4902 2477 4948 et
2503 4893 2641 4947 alius
2662 4892 2839 4948 adhuc
2858 4893 3134 4948 addendus
3159 4900 3384 4948 ornatus
3412 4903 3519 4947 est.

1939 4987 2169 5043 Necesse
2209 4996 2293 5041 est
2343 4994 2404 5039 ut
2449 4986 2680 5054 accipiat
2705 4986 2868 5039 etiam
2915 4998 3203 5049 coronam,
3232 4994 3520 5053 propterea

1940 5077 2137 5145 accipit
2177 5076 2353 5145 primo
2399 5075 2663 5147 cydarim,
2709 5073 2852 5143 quod
2883 5082 2967 5128 est
2996 5074 3080 5128 vel
3120 5074 3521 5143 operimentum

1939 5167 2207 5237 quoddam
2246 5165 2459 5234 capitis,
2482 5164 2568 5218 vel
2596 5171 2996 5227 ornamentum,
3024 5171 3079 5217 et
3104 5171 3227 5233 post
3264 5164 3379 5217 hare
3431 5177 3521 5213 su-

1937 5259 2253 5331 perponitur
2279 5256 2329 5310 ei
2361 5257 2523 5310 mitra
2562 5261 2688 5308 ante
2724 5252 2938 5320 faciem,
2990 5254 3043 5308 id
3093 5260 3201 5319 est,
3256 5267 3285 5305 a
3341 5249 3522 5302 fronte

1936 5349 2225 5422 pontificis,
2254 5347 2644 5404 laminaaurea
2665 5344 3022 5410 sanctificata,
3046 5344 3100 5397 in
3120 5358 3226 5412 qua
3250 5338 3521 5405 δουιρῑυιιι

1938 5440 2134 5497 dicitur
2172 5436 2487 5492 vocabulum
2521 5434 2635 5489 Dei.
2664 5434 2864 5491 Verum
2906 5435 3007 5489 iste
3036 5434 3226 5500 capitis
3254 5434 3479 5481 ornatus
3497 5465 3518 5488 ,

1938 5531 2026 5585 ubi
2070 5542 2268 5584 nomen
2319 5526 2414 5580 Dei
2465 5525 2774 5596 impositum
2804 5525 3020 5585 dicitur,
3049 5528 3173 5589 post
3214 5518 3305 5571 illa
3336 5515 3520 5570 omnia

1937 5620 2133 5695 quibus
2160 5615 2415 5674 inferiora
2437 5616 2683 5686 corporis
2714 5614 2950 5670 membra
2978 5610 3193 5663 fuerant
3228 5612 3513 5673 exornata,
