3956 6176
526 238 632 297 527

1201 231 1262 285 B.
1308 229 1560 285 RABANI
1600 227 1818 284 unum
1856 226 2175 283 ARClllEP.
2218 198 2524 282 necum.
2564 224 2848 280 eranum
2883 223 3061 279 rans
3094 223 3135 278 l.

3667 225 3773 280 528

526 346 907 419 superponitur
943 360 957 396 :
990 335 1045 397 i'n
1080 356 1190 410 quo
1234 340 1369 395 mihi
1413 340 1651 393 indicare
1693 337 1904 392 videtur
1948 338 2093 407 quod
2118 346 2165 403 Α
2193 336 2248 391 in
2276 335 2470 405 capite,
2498 335 2639 390 unde
2663 345 2717 388 et
2746 333 2941 389 Paulus
2965 335 3094 390 dicit
3126 351 3139 388 :
3168 332 3315 389 State
3340 332 3608 403 prtrcinctt
3634 333 3780 391 lum-

526 456 687 509 super
707 437 888 494 omnia
912 450 1031 504 qua:
1055 432 1141 487 vel
1169 432 1235 487 de
1260 430 1480 495 mundo,
1508 430 1594 484 vel
1619 429 1685 484 de
1704 429 1915 484 caeteris
1942 444 2092 483 crea-

527 531 663 586 turis
688 526 878 583 sentiri
900 532 991 579 aut
1040 522 1267 592 intelligi
1322 527 1566 591 possunt,
1598 520 1927 574 eminentior
1974 526 2094 572 tan-

525 635 689 691 quam
709 615 946 671 auctoris
970 613 1210 669 omnium
1235 610 1459 666 scientia
1489 610 1583 663 Dei
1612 609 1703 673 sit,
1725 618 1781 663 et
1806 609 1932 678 quia
1978 607 2092 677 ipse

527 717 688 779 caput
716 714 801 763 est
837 702 1231 768 omnium,ideo
1259 708 1314 755 et
1340 709 1562 755 ornatus
1596 700 1697 753 iste
1724 711 1887 767 super
1911 698 2092 751 omnia

526 798 689 868 capiti
713 793 1091 865 superponitur
1128 808 1143 844 :
1178 789 1313 844 nihil
1338 790 1481 843 enim
1523 796 1646 855 post
1690 788 1803 842 haec
1827 787 2094 841 addicitur

525 885 798 957 pontiﬁcis
822 883 1005 952 capiti.
1039 878 1182 934 Tulit
1218 887 1265 932 et
1308 879 1481 930 oleum
1517 875 1776 929 unctionis
1801 891 1903 943 quo
1927 872 2091 927 linivit

527 973 916 1030 tabernaculum
949 985 1066 1024 cum
1087 968 1226 1022 omni
1245 964 1557 1037 supellectile
1576 981 1692 1017 sua.
1718 962 1947 1031 Cumque
1973 978 2095 1015 san-

527 1066 765 1134 ctiﬁcans
793 1062 1093 1132 aspersisset
1125 1057 1292 1111 altare
1309 1065 1499 1124 septem
1526 1053 1745 1117 vicibus,
1774 1052 1921 1106 unxit
1960 1049 2093 1103 illud

524 1163 574 1207 et
619 1152 793 1205 omnia
838 1165 962 1202 vasa
996 1142 1363 1216 ejus,labrum
1414 1156 1615 1211 quoque
1675 1156 1793 1193 cum
1838 1138 1951 1192 basi
1996 1154 2094 1190 sua

524 1239 865 1309 sanctiﬁcavit
890 1236 1021 1291 oleo.
1066 1234 1187 1307 (Ea:
1237 1229 1547 1301 Hesychia.)
1596 1228 1713 1298 Ipse
1766 1236 1886 1283 erat
1928 1226 2095 1280 Filius

526 1332 621 1387 Dei
667 1330 760 1400 qui
811 1327 1045 1398 angebat
1065 1338 1179 1387 eos,
1217 1323 1333 1390 ipse
1374 1320 1467 1391 qui
1518 1319 1839 1389 ungebatur,
1886 1329 2093 1384 ungens

528 1422 693 1477 verbo
706 1417 1021 1480 divinitatis,
1038 1414 1329 1471 secundum
1346 1426 1508 1481 quam
1522 1409 1571 1464 ei
1594 1408 1773 1463 omnia
1788 1407 2093 1462 communia

526 1527 649 1566 cum
698 1511 857 1564 Patre
888 1516 943 1563 et
962 1506 1167 1575 Spiritu
1197 1511 1337 1566 sunt,
1364 1518 1393 1556 a
1423 1516 1529 1570 quo
1555 1499 1682 1568 ungi
1714 1500 1930 1555 dicitur.
1960 1497 2093 1552 Nam

526 1600 695 1654 David
742 1598 957 1653 Patrem
1005 1602 1293 1665 ungentem
1336 1590 1471 1646 dixit
1513 1605 1636 1644 cum
1666 1589 1778 1643 ait:
1810 1585 2094 1657 Propterea

2191 423 2280 476 bos
2306 432 2499 476 vestros
2517 424 2572 475 in
2594 422 2806 475 veritate
2828 421 3043 493 (Ephes.
3068 420 3166 491 vt),
3194 421 3396 476 veritas
3416 432 3594 476 autem
3617 424 3779 480 Chri-

2189 522 2324 577 stus,
2350 522 2399 567 et
2427 514 2595 567 induti
2629 512 2848 566 loricam
2865 513 3109 582 justitiae,
3135 513 3248 583 ipse
3268 522 3445 568 autem
3475 516 3639 571 etiam
3672 519 3781 576 hoc

2188 606 2277 674 qui
2296 603 2469 659 factus
2487 611 2573 658 est
2599 604 2754 658 nobis
2786 619 2815 657 a
2844 604 2952 658 Deo
2975 604 3233 673 sapientia
3256 614 3309 658 et
3332 604 3576 675 justitia;
3605 610 3701 662 sed
3728 623 3778 663 et

2189 694 2338 766 galea
2370 709 2470 751 nos
2516 694 2703 748 salutis
2756 694 2953 748 Paulus
3009 694 3157 747 indui
3199 694 3471 765 praecepit,
3523 699 3784 756 Christus

2190 788 2335 842 enim
2378 790 2614 842 salutare
2664 794 2764 841 est.
2801 786 2953 842 Sicut
2986 786 3206 841 Simeon
3260 789 3584 846 testiﬁcatus
3636 804 3725 847 est
3763 814 3776 847 :

2194 876 2353 931 Nunc
2379 878 2599 931 dimittis
2624 893 2829 931 servum
2854 888 3021 940 tuum,
3062 877 3306 944 Domine,
3338 883 3629 935 secundum
3658 901 3778 937 ver-

2193 969 2314 1021 bum
2344 977 2512 1033 tuum,
2540 968 2595 1020 in
2618 985 2767 1038 pace,
2798 969 2921 1038 quia
2948 967 3186 1021 viderunt
3227 967 3368 1022 oculi
3397 972 3495 1024 mei
3535 973 3778 1027 salutare

2190 1066 2335 1111 tuum
2375 1057 2525 1129 (Luc.
2556 1058 2639 1130 ιι).
2684 1058 3000 1128 Quicunque
3026 1059 3170 1113 enim
3211 1058 3485 1116 Christum
3518 1064 3775 1129 induunt,

2189 1164 2287 1218 per
2307 1165 2429 1204 eum
2451 1160 2507 1204 et
2542 1150 2757 1204 Patrem
2801 1150 3048 1204 induunt.
3073 1150 3182 1221 (Ea:
3217 1150 3483 1223 Origene.)
3539 1157 3605 1211 Et
3650 1158 3778 1213 ideo

2193 1236 2247 1290 in
2277 1237 2364 1292 his
2389 1253 2509 1308 quae
2535 1238 2620 1292 lex
2651 1238 2831 1294 divina
2853 1238 3130 1306 describit,
3163 1241 3328 1297 veluti
3353 1244 3405 1297 in
3432 1247 3653 1316 speculo
3691 1250 3778 1303 in-

2192 1324 2399 1393 spicere
2421 1340 2479 1380 se
2502 1326 2657 1380 debet
2689 1327 3059 1397 unusquisque
3088 1331 3452 1399 sacerdotum,
3489 1344 3545 1388 et
3570 1339 3777 1407 gradus

2192 1412 2371 1465 meriti
2401 1413 2482 1466 sui
2509 1413 2633 1467 inde
2662 1414 2933 1485 colligere,
2963 1415 3009 1470 si
3039 1431 3097 1471 se
3116 1418 3297 1473 videat
3317 1419 3369 1473 in
3394 1422 3478 1476 his
3517 1426 3778 1482 omnibus

2193 1515 2312 1572 quae
2348 1516 2510 1573 supra
2548 1505 2892 1573 exposuimus
2916 1506 3152 1575 positum
3181 1510 3579 1577 pontificalibus
3604 1530 3775 1569 orna-

2194 1592 2406 1655 mentis,
2440 1593 2487 1648 si
2508 1595 2755 1650 consciu's
2786 1595 2890 1651 sibi
2931 1596 3002 1651 sit
3029 1598 3172 1666 quod
3203 1598 3285 1653 vel
3318 1599 3371 1653 in
3401 1602 3627 1657 scientia
3649 1646 3662 1669 ,
3687 1607 3777 1660 vel

528 1692 675 1745 unxit
698 1697 746 1742 te
770 1688 911 1741 Deus
956 1687 1093 1739 Deus
1144 1695 1265 1738 tuus
1304 1679 1472 1754 (Psal.
1500 1679 1667 1750 κων).
1698 1678 1865 1733 Isaias
1914 1686 2092 1731 autem
2120 1682 2168 1740 B
2196 1680 2251 1734 in
2288 1682 2517 1749 actibus,
2545 1683 2629 1738 vel
2659 1684 2712 1739 in
2742 1684 3006 1751 doctrina,
3037 1693 3217 1741 tantus
3241 1702 3304 1741 ac
3339 1688 3461 1745 talis
3497 1691 3586 1756 sit,
3634 1695 3778 1748 sciat

526 1778 833 1833 unctionem
859 1775 977 1829 Filii
1011 1776 1078 1829 ad
1104 1773 1366 1843 Spiritum
1392 1771 1577 1825 retulit
1605 1771 1789 1825 dicens
1818 1786 1831 1821 :
1866 1766 2092 1838 Spiritus

524 1868 737 1922 Domini
766 1881 920 1935 super
944 1880 1047 1929 me,
1088 1879 1147 1917 eo
1172 1862 1311 1933 quod
1342 1863 1491 1914 unxit
1518 1876 1598 1913 me
1629 1859 1762 1930 (lsa.
1796 1857 1927 1929 mu).
1964 1857 2095 1924 Quae

525 1969 705 2012 autem
728 1957 889 2011 Pater
911 1964 966 2009 et
995 1951 1366 2024 Spiritus,h:ec
1403 1950 1590 2005 eadem
1618 1959 1673 2004 et
1714 1949 1881 2003 Filius
1919 1947 2051 2002 facit
2076 1961 2088 2000 :

522 2062 652 2118 ergo
680 2047 889 2101 ratione
910 2043 1206 2099 divinitatis
1232 2041 1344 2112 ipse
1374 2050 1457 2096 est
1484 2040 1832 2109 semetipsum
1866 2052 2091 2110 ungens,

522 2147 578 2193 et
618 2138 732 2207 ipse
771 2144 855 2191 est
891 2135 982 2204 qui
1018 2133 1240 2204 ungitur
1272 2132 1686 2202 dispensationis
1740 2132 2089 2185 humanitate.

523 2225 785 2280 Similiter
811 2224 968 2278 offert
991 2231 1044 2278 et
1060 2223 1326 2278 olfertur:
1368 2222 1508 2277 unde
1541 2229 1597 2276 et
1623 2221 1808 2275 Daniel
1854 2219 2092 2275 oblatum

524 2316 672 2369 illum
698 2304 913 2383 quidem
942 2312 1087 2366 videt
1115 2311 1276 2383 (Dan.
1305 2309 1428 2383 vu),
1457 2326 1566 2365 non
1612 2308 1747 2364 vidit
1772 2316 1951 2363 autem
2000 2308 2091 2378 qui

524 2418 647 2458 eum
681 2403 897 2467 obtulit,
929 2402 1054 2471 quia
1084 2401 1200 2470 ipse
1234 2409 1353 2455 erat
1384 2401 1476 2469 qui
1515 2400 1860 2470 semetipsum
1903 2398 2091 2453 offere-

525 2493 635 2545 bat.
658 2492 797 2561 Ergo
817 2498 876 2544 ut
896 2490 1131 2546 salvetur
1155 2490 1444 2561 ﬁgurarum
1465 2489 1686 2554 veritas,
1703 2489 1855 2560 ungit
1874 2489 2091 2559 quidem

526 2590 580 2635 et
609 2581 766 2636 offert
788 2576 1016 2651 Moyses,
1053 2579 1342 2651 imaginem
1387 2588 1443 2635 et
1489 2579 1602 2651 ipse
1628 2579 1829 2635 Christi
1876 2594 2087 2648 gerens.

525 2673 773 2742 Aspergit
817 2685 947 2743 ergo
991 2672 1198 2741 Moyses
1247 2670 1446 2736 altare,
1512 2685 1709 2741 corpus
1756 2669 2091 2724 Dominicum

523 2767 788 2832 videlicet,
818 2764 1035 2835 septies,
1060 2763 1185 2833 quia
1215 2762 1425 2816 Domini
1457 2762 1640 2816 unctio
1670 2770 1779 2816 tota
1810 2768 1896 2816 est
1920 2760 2092 2832 Spiri-

525 2869 609 2913 tus
637 2857 931 2929 plenitudo,
960 2856 1051 2925 qui
1080 2856 1133 2909 in
1162 2861 1368 2925 septem
1389 2853 1794 2924 operationibus
1836 2852 2087 2925 designa-

525 2957 630 3012 tur,
664 2945 1115 3017 quemadmodum
1141 2944 1305 3000 lsaias
1336 2945 1490 2999 dixit.

595 3014 756 3106 Ungit
783 3043 960 3089 autem
986 3042 1041 3088 et
1079 3034 1259 3088 omnia
1295 3049 1424 3088 vasa
1469 3033 1585 3103 ejus
1614 3051 1626 3086 :
1667 3041 1776 3087 tam
1818 3032 2087 3102 apostolos
2115 3014 2159 3077 C

522 3141 683 3196 quam
719 3140 812 3180 eos
857 3124 1057 3195 qui_cis
1084 3124 1137 3177 in
1167 3132 1370 3177 tantum
1398 3123 1648 3178 similiter
1676 3124 1882 3189 vivunt,
1910 3132 1970 3178 ut
1994 3126 2089 3179 do-

525 3231 644 3269 mus
660 3216 859 3269 Christi
884 3224 940 3269 et
964 3229 1091 3268 vasa
1112 3222 1256 3268 recte
1269 3214 1631 3268 nominentur.
1653 3214 1903 3270 Fundens
1927 3231 2091 3285 super

524 3311 686 3374 caput
709 3302 889 3358 Aaron
935 3303 1090 3356 unxit
1116 3318 1261 3367 eum,
1292 3311 1348 3356 et
1384 3304 1719 3358 consecravit
1740 3303 1859 3359 sive
1886 3306 2091 3360 sancti-

523 3392 724 3447 ﬁcavit.
758 3392 825 3446 Et
851 3392 896 3446 si
924 3391 1124 3446 Christi
1146 3399 1324 3460 caput,
1356 3392 1648 3446 secundum
1670 3392 1821 3448 Pauli
1840 3395 2087 3461 verbum,

525 3483 776 3538 divinitas
822 3481 1153 3553 intelligitur,
1183 3497 1289 3535 non
1337 3482 1537 3536 frustm
1587 3489 1765 3538 tamen
1792 3500 1892 3540 nec
1934 3495 2088 3540 extra

520 3577 761 3630 ordinem
797 3575 849 3629 in
880 3577 983 3630 hoc
1009 3566 1268 3646 mysterio
1293 3576 1587 3630 sacerdotis
1605 3577 1731 3648 ungi
1759 3594 1902 3633 nunc
1928 3590 2091 3650 caput

517 3666 790 3737 legislator
815 3667 1052 3736 scripsit,
1076 3675 1136 3721 ut
1154 3680 1539 3736 cognoscamus
1559 3668 1814 3737 quoniam
1835 3670 2089 3737 quemad-

518 3759 734 3812 modum
764 3767 925 3829 caput
948 3773 979 3812 a
1006 3760 1231 3828 pedibus
1258 3759 1420 3814 dividi
1452 3776 1558 3815 non
1586 3768 1783 3830 potest,
1815 3761 1894 3817 sic
1915 3775 2089 3830 neque

518 3850 717 3906 Christi
752 3852 1005 3906 divinitas
1032 3860 1151 3921 post
1179 3854 1474 3907 unitioncm
1503 3853 1571 3907 ab
1595 3855 1926 3909 humanitate
1954 3855 2089 3910 divi-

518 3940 693 4004 ditur;
725 3941 817 3995 sed
843 3941 955 3994 sive
976 3940 1103 4011 ungi
1129 3941 1359 4006 dicatur,
1391 3942 1503 3997 sive
1529 3944 1796 4013 generari,
1815 3944 1927 3999 sive
1952 3945 2085 4013 pati,

515 4031 629 4085 sive
667 4044 904 4100 surgere,
958 4030 1071 4084 sive
1101 4031 1302 4085 assumi
1351 4031 1564 4095 dicitur,
1605 4032 1707 4087 hoc
1744 4034 2085 4088 iucarnatum

516 4121 752 4178 Verbum
782 4137 887 4177 non
915 4122 1213 4179 dividentes
1237 4164 1251 4189 ,
1293 4131 1347 4179 et
1372 4124 1611 4180 dicentes
1662 4127 1934 4182 hominem
1962 4127 2084 4198 qui-

516 4214 638 4269 dem
667 4221 913 4280 unctum,
937 4213 1106 4268 Deum
1147 4223 1324 4270 autem
1363 4230 1469 4269 non
1506 4225 1744 4281 unctum,
1776 4217 1871 4273 sed
1916 4217 2084 4273 Deum

513 4302 760 4357 eumdem
798 4302 1031 4358 simulet
1060 4304 1348 4358 hominem.
1382 4303 1493 4359 Hoc
1524 4305 1666 4359 enim
1692 4315 1745 4360 et
1778 4306 1943 4362 David
1969 4308 2084 4364 sine

515 4392 694 4461 aliqua
713 4392 984 4448 dubietate
1004 4395 1263 4464 approbat
1286 4409 1408 4449 cum
1422 4396 1552 4450 dicit
1580 4414 1591 4448 :
1612 4395 1771 4451 Sedes
1785 4406 1896 4462 tua,
1920 4397 2080 4463 Deus,

513 4483 567 4535 in
601 4482 851 4537 strculum
869 4485 1070 4550 steculi,
1104 4488 1247 4556 virga
1273 4496 1409 4541 recta
1428 4498 1525 4553 est,
1549 4491 1689 4560 virga
1713 4478 1856 4561 regni
1884 4492 1982 4555 tui,
2007 4493 2086 4545 di-

514 4570 684 4625 lexisti
703 4573 979 4639 iustitiam,
1003 4582 1051 4627 et
1085 4575 1239 4628 odisti
1261 4577 1609 4646 iniquitatem,
1631 4589 1902 4648 propterea
1933 4583 2082 4634 unxit

515 4669 563 4712 te
597 4660 756 4726 Deus,
780 4660 919 4717 Deus
958 4672 1078 4719 tuus
1124 4662 1294 4736 (Psal.
1339 4667 1505 4737 xuv).
1551 4667 1739 4722 Cernis
1765 4670 1933 4722 Deum
1977 4669 2084 4724 dici

517 4747 609 4817 qui
636 4756 827 4803 unctus
853 4752 970 4805 est?
991 4750 1126 4818 Quia
1150 4753 1329 4807 omnia
1366 4754 1546 4807 carnis
1586 4769 1696 4808 suae
1739 4756 2081 4813 manifestum

514 4838 760 4906 estquod
780 4838 1095 4910 sibimetipsi
1114 4842 1205 4910 qui
1231 4842 1539 4898 incarnatus
1565 4852 1647 4898 est
1676 4844 1927 4904 vindicat.
1952 4846 2081 4913 Quae

515 4928 657 4982 enim
678 4937 732 4982 et
756 4930 871 4998 ejus
897 4937 1011 4985 erat
1035 4920 1239 4996 unctio,
1282 4932 1385 4986 nisi
1416 4935 1635 4989 omnino
1689 4934 1800 5004 ipsa
1831 4935 2080 4992 incarna-

516 5015 627 5070 tio?
678 5015 985 5071 Secundum
1038 5017 1182 5072 hunc
1229 5021 1470 5086 modum,
1515 5032 1677 5092 caput
1731 5023 2080 5096 intelligibilis

516 5103 813 5159 sacerdotis
838 5106 1138 5175 angebatur
1170 5114 1226 5162 et
1259 5107 1373 5178 ipse
1408 5110 1858 5168 sanctiﬁcabatur.

583 5193 750 5247 Filios
778 5211 980 5267 quoque
1017 5196 1131 5266 ejus
1152 5197 1349 5253 oblatos
1382 5201 1572 5255 vestivit
1608 5203 1797 5258 tunicis
1835 5206 2006 5271 lineis,
2028 5215 2078 5261 et

514 5287 676 5341 cinxit
710 5284 897 5352 balteo,
929 5287 1274 5360 imposuitque
1308 5292 1523 5356 mitras,
1548 5301 1603 5346 ut
1624 5293 1855 5363 jusserat
1897 5296 2078 5351 Domi-

516 5396 630 5432 mts.
666 5377 881 5433 Tunica:
908 5377 1033 5434 ﬁliis
1051 5378 1230 5434 Aaron
1254 5381 1457 5457 similes
1484 5382 1683 5448 Aaron,
1713 5393 1766 5440 et
1790 5402 1938 5443 zonae
1980 5404 2075 5443 seu

516 5474 673 5527 baltei
717 5474 935 5536 similes,
991 5482 1046 5528 et
1087 5474 1301 5544 cydarre
1349 5475 1464 5530 sive
1492 5476 1666 5533 mitra:
1708 5477 2073 5548 imponuntur.

516 5558 688 5626 Ipsum
734 5564 876 5619 enim
907 5562 1154 5631 induunt,
1191 5563 1306 5633 ipso
1344 5575 1628 5635 coguntur,
1657 5566 1828 5636 ipsum
1862 5578 2079 5633 portant

2194 1786 2252 1826 se
2276 1787 2543 1827 summum
2567 1774 2944 1838 sacerdotium,
2974 1790 3080 1829 non
3107 1775 3279 1830 solum
3310 1781 3527 1834 nomine
3577 1784 3675 1838 sed
3716 1794 3776 1838 et

2191 1862 2403 1917 meritis
2433 1863 2695 1927 obtinere,
2742 1864 2976 1934 alioquin
3030 1864 3341 1922 inferiorem
3390 1871 3489 1924 sibi
3537 1876 3773 1943 gradum

2191 1954 2427 2024 positum
2471 1955 2711 2021 noverit,
2759 1956 2922 2010 etiam
2963 1957 3008 2011 si
3055 1958 3216 2026 primi
3249 1974 3442 2014 nomen
3475 1966 3772 2033 acceperit.

2191 2041 2308 2097 Non
2329 2057 2428 2097 nos
2454 2059 2585 2098 sane
2613 2042 2773 2099 debet
2799 2046 3075 2114 praeterire
3105 2047 3267 2100 etiam
3289 2049 3391 2103 hoc
3416 2052 3560 2119 quod
3585 2063 3775 2121 polest

2192 2131 2261 2184 ab
2286 2130 2526 2185 studioso
2548 2130 2747 2186 lectore
2780 2131 3032 2201 proferri,
3061 2134 3117 2188 in
3146 2150 3252 2204 quo
3280 2144 3333 2190 et
3352 2152 3453 2207 ego
3473 2153 3616 2209 saepe
3651 2158 3776 2196 me-

2192 2233 2315 2274 cum
2362 2220 2475 2289 ipse
2500 2221 2763 2276 haesitavi.
2806 2223 2863 2276 In
2903 2223 3091 2278 Exodo
3137 2225 3283 2279 enim
3332 2226 3513 2298 legens
3557 2231 3654 2284 ubi
3706 2234 3778 2286 de

2192 2310 2616 2365 sacerdotalibus
2665 2314 2954 2367 mandatur
2996 2314 3345 2382 indumentis,
3385 2317 3600 2372 invenio
3642 2331 3776 2375 octo

2191 2415 2310 2455 esse
2356 2402 2564 2470 species
2602 2419 2723 2473 quae
2769 2405 3010 2473 pontiﬁci
3052 2415 3442 2477 praparantur.
3485 2408 3583 2463 llic
3642 2426 3778 2467 vero

2191 2498 2394 2559 septem
2431 2493 2801 2547 tantummodo
2828 2502 3197 2548 numerantur.
3218 2495 3454 2565 chuiro
3482 2513 3611 2568 ergo
3641 2501 3777 2569 quid

2191 2581 2263 2635 sit
2298 2579 2442 2650 quod
2484 2580 2741 2635 omissum
2782 2590 2882 2636 est.
2936 2581 3137 2637 Octava
3171 2585 3378 2652 species
3422 2585 3497 2639 ibi
3549 2587 3780 2655 ponitur

2191 2678 2512 2740 campestre,
2566 2671 2696 2736 sive,
2731 2678 2791 2725 ut
2826 2671 2953 2725 alibi
2994 2672 3240 2742 legimus,
3290 2673 3566 2742 femoralia
3604 2675 3774 2738 linea,

2190 2761 2258 2817 de
2292 2777 2398 2832 quo
2428 2762 2516 2816 hic
2540 2761 2683 2816 inter
2711 2770 2902 2816 caetera
2933 2762 3084 2816 siluit
3114 2763 3442 2817 indumenta.
3468 2765 3606 2831 Quid
3631 2780 3775 2838 ergo

2190 2850 2468 2906 dicemus?
2489 2851 2821 2907 Oblivionem
2840 2851 3085 2906 dabimus
3114 2852 3168 2905 in
3192 2853 3371 2907 verbis
3386 2852 3619 2923 Spiritus
3640 2870 3781 2910 san-

2192 2941 2266 2996 cti
2286 2949 2348 2995 ut
2374 2957 2497 2996 cum
2537 2950 2731 2999 czctera
2758 2943 2934 2995 omnia
2990 2942 3226 2997 secundo
3255 2944 3617 3009 enarraverit,
3658 2961 3778 3001 una

2192 3047 2316 3089 eum
2345 3032 2553 3103 species
2580 3032 2830 3102 superius
2851 3033 2992 3087 dicta
3026 3031 3276 3087 latuerit?
3306 3032 3420 3089 Non
3450 3036 3625 3090 audeo
3651 3037 3782 3092 haec

2192 3124 2257 3177 de
2278 3122 2448 3176 sacris
2475 3121 2676 3176 sentire
2696 3122 3052 3177 sermonibus.
3087 3121 3195 3177 Sed
3227 3123 3503 3179 videamus
3529 3139 3597 3180 ne
3626 3124 3781 3182 forte

2190 3212 2444 3282 quoniam
2467 3210 2521 3265 in
2561 3210 2929 3279 superioribus
2959 3213 3215 3277 diximus,
3250 3213 3353 3268 hoc
3389 3228 3558 3284 genus
3605 3215 3781 3269 indu-

2189 3303 2357 3357 menti
2377 3301 2639 3370 judicium
2662 3303 2930 3358 castitatis
2952 3304 3140 3367 videri,
3164 3319 3271 3373 quo
3300 3304 3382 3359 vel
3405 3304 3609 3360 femora
3641 3320 3784 3375 ope-

2190 3392 2307 3456 riri,
2333 3391 2419 3446 vel
2439 3393 2729 3462 constringi
2761 3407 2919 3448 renes
2946 3393 3195 3447 videntur
3218 3408 3282 3448 ac
3304 3394 3489 3459 lumbi,
3519 3408 3587 3448 ne
3602 3395 3779 3462 forte,

2190 3485 2426 3554 inquam,
2461 3462 2568 3538 no’n
2598 3500 2810 3555 semper
2830 3486 2883 3539 in
2916 3486 3020 3539 illis
3044 3487 3135 3556 qui
3166 3495 3296 3541 tunc
3323 3497 3476 3542 erant
3512 3491 3779 3545 sacerdo-

2187 3575 2332 3630 tibus
2356 3575 2455 3630 has
2482 3585 2662 3643 partes
2702 3576 2846 3629 dicat
2890 3591 3011 3630 esse
3064 3577 3407 3632 constrictas.
3463 3579 3781 3648 Aliquando

2187 3666 2331 3720 enim
2375 3666 2523 3720 etde
2550 3665 2867 3735 posteritate
2894 3667 3107 3735 generis
3160 3675 3214 3721 et
3260 3683 3513 3722 successu
3562 3671 3780 3727 sobolis

2187 3758 2510 3829 indulgetur.
2544 3758 2649 3812 Sed
2676 3773 2773 3828 ego
2801 3758 2853 3811 in
2879 3758 3249 3813 sacerdotibus
3284 3758 3538 3814 Ecclesia:
3580 3762 3779 3831 hujus-

2188 3851 2332 3905 modi
2381 3850 2783 3918 intelligentiam
2812 3866 2918 3903 non
2957 3849 3366 3915 introduxerim,
3398 3849 3503 3904 alio
3532 3868 3779 3922 namque

2187 3957 2303 3996 rem
2330 3942 2484 3997 video
2525 3955 2745 3997 currere
2774 3949 3136 3996 sacramento.
3174 3939 3406 3995 Possunt
3449 3943 3593 3997 enim
3623 3953 3681 3997 et
3712 3944 3773 4000 in

2187 4031 2430 4087 Ecclesia
2454 4032 2761 4086 sacerdotes
2799 4040 2854 4085 et
2891 4031 3137 4086 doctores
3160 4031 3298 4086 ﬁlios
3318 4047 3597 4101 generare,
3624 4036 3775 4091 sicut

2185 4130 2240 4177 et
2262 4123 2352 4177 ille
2386 4123 2477 4192 qui
2509 4121 2756 4178 dicebat:
2789 4120 2973 4176 Filiali
3012 4124 3115 4176 mei
3141 4140 3267 4194 quos
3291 4124 3474 4178 iterum
3498 4130 3770 4194 parturio,

2184 4210 2346 4265 donec
2370 4210 2624 4280 formetur
2649 4208 2888 4264 Christus
2918 4212 2974 4264 in
2998 4212 3137 4265 vobis
3170 4210 3311 4283 (Gal.
3342 4212 3438 4283 IV).
3467 4213 3535 4266 Et
3564 4215 3775 4271 iterum

2187 4302 2318 4357 alibi
2357 4302 2488 4356 dicit
2520 4318 2533 4356 :
2565 4301 2759 4356 Tamen
2798 4304 2894 4357 etsi
2939 4304 3105 4357 multa
3156 4304 3324 4358 millia
3356 4306 3773 4377 ptrdagogorum

2186 4396 2420 4449 habeatis
2460 4396 2515 4449 in
2544 4395 2772 4461 Christo,
2805 4396 2895 4450 sed
2924 4412 3030 4451 non
3074 4395 3266 4451 multos
3332 4409 3526 4466 patres.
3618 4395 3771 4453 Nam

2184 4488 2239 4540 in
2269 4486 2477 4542 Christo
2496 4486 2626 4542 Iesu
2666 4504 2759 4558 per
2786 4486 3127 4558 Evangelium
3151 4504 3241 4558 ego
3269 4503 3356 4542 vos
3374 4487 3528 4558 genui
3559 4487 3613 4558 (I
3636 4488 3767 4544 Cor.

2185 4576 2280 4648 Iv).
2315 4578 2406 4633 Isti
2428 4593 2556 4650 ergo
2584 4580 2831 4634 doctores
2852 4576 3106 4633 Ecclesiae
3128 4580 3180 4633 in
3204 4579 3509 4649 hujusmodi
3535 4595 3776 4650 genera-

2187 4667 2423 4724 tionibus
2447 4666 2811 4739 procreandis,
2841 4675 2896 4723 et
2942 4667 3230 4736 aliquando
3260 4669 3567 4729 constrictis
3592 4670 3775 4725 femo-

2186 4758 2387 4814 ralihus
2415 4767 2662 4823 utuntur,
2693 4765 2749 4813 et
2773 4758 3046 4813 abstinent
3063 4773 3093 4811 a
3114 4759 3441 4828 generando,
3469 4773 3593 4813 cum
3623 4759 3774 4815 tales

2187 4847 2491 4904 invenerint
2540 4849 2813 4905 auditores
2863 4851 2916 4904 in
2970 4850 3165 4921 quibus
3210 4851 3385 4907 sciant
3425 4867 3484 4906 se
3523 4851 3770 4908 fructum

2186 4938 2387 4993 habere
2415 4955 2521 4993 non
2558 4952 2733 5007 posse.
2766 4939 3006 5009 Denique
3051 4949 3107 4994 et
3149 4941 3202 4994 in
3235 4940 3460 4996 Actibus
3488 4941 3757 5011 apostolo-

2186 5043 2305 5082 rum
2346 5027 2578 5082 refertur
2628 5030 2693 5084 de
2746 5030 3065 5098 quibusdam
3118 5032 3260 5100 quod
3316 5047 3421 5084 non
3465 5031 3771 5100 potuimus,

2185 5120 2377 5189 inquit,
2422 5121 2477 5174 in
2507 5121 2633 5174 Asia
2669 5120 2875 5175 verbum
2915 5120 3014 5175 Dei
3043 5121 3183 5192 loqui
3213 5120 3348 5193 (Act.
3377 5121 3476 5191 vi),
3505 5121 3610 5176 hoc
3651 5134 3768 5183 εει,

2182 5211 2434 5280 imposita
2460 5209 2715 5264 habuisse
2761 5209 3038 5265 femoralia
3078 5219 3133 5265 et
3158 5210 3486 5264 continuisse
3515 5223 3575 5263 se
3602 5224 3672 5262 ne
3699 5211 3771 5262 li—

2178 5299 2279 5355 lios
2319 5309 2656 5369 generarent,
2708 5301 2834 5370 quia
2863 5300 3066 5355 scilicet
3107 5300 3243 5355 tales
3283 5306 3438 5354 erant
3476 5298 3772 5355 auditores

2179 5389 2230 5443 in
2262 5388 2455 5460 quibus
2477 5397 2531 5443 et
2552 5405 2733 5444 semen
2762 5391 2986 5460 periret,
3007 5399 3064 5445 et
3086 5405 3190 5445 non
3218 5391 3387 5459 possit
3417 5389 3605 5443 haberi
3632 5405 3763 5444 suc-

2178 5479 2351 5534 cessio
2384 5497 2396 5532 :
2425 5480 2503 5534 sic
2525 5493 2652 5549 ergo
2684 5478 2935 5533 Ecclesiae
2954 5480 3280 5543 sacerdotes,
3311 5493 3431 5533 cum
3464 5477 3771 5547 incapaces

2178 5585 2334 5625 aures
2358 5570 2588 5624 viderint
2617 5577 2710 5623 aut
2738 5582 2859 5623 cum
2891 5568 3170 5624 simulatos
3194 5567 3525 5638 inspexerint
3558 5578 3617 5623 et
3656 5568 3772 5638 hy-
