3954 6176
299 263 410 321 329

1224 260 1724 323 EXPOSITIONES
1763 266 1829 321 IN
1869 265 2263 322 LEVlTlCUM.
2310 298 2373 306 —-
2413 268 2537 323 LIB.
2579 266 2640 325 Il.

3448 276 3552 333 ’550

296 354 541 427 pocritas
587 352 880 418 auditores,
933 353 1211 424 impenant
1262 367 1598 426 campestre,
1654 368 1875 414 utantur
1902 372 1947 428 Α
1978 365 2104 410 sunt
2140 359 2449 424 contrariae,
2499 363 2790 417 secundum
2837 365 2977 433 quod
3000 364 3195 422 Paulus
3235 369 3328 438 ait,
3381 371 3555 428 nomi-

294 442 668 507 l'emoralibus,
695 457 763 496 ne
782 450 967 510 pereat
994 459 1175 497 semen
1201 445 1348 499 verbi
1378 446 1470 499 Dei
1497 463 1510 512 ;
1540 448 1664 515 quia
1693 456 1747 501 et
1771 447 1875 501 Do-

294 534 475 588 minus
496 533 685 587 eadem
707 532 946 596 mandat,
965 539 1018 586 et
1039 532 1196 586 dicit:
1217 532 1393 587 Nolite
1410 537 1612 589 mittere
1635 547 1872 590 sanctum

291 621 533 686 canibus,
562 637 722 691 neque
750 624 1063 691 margaritas
1091 632 1284 677 vestras
1306 634 1425 677 ante
1449 641 1631 695 porcos
1655 627 1867 698 (Matth.

290 713 414 786 vn),
469 728 538 766 ne
574 710 714 766 forte
740 711 1061 767 conculcent
1089 727 1182 768 eas
1229 714 1454 782 pedibus
1475 756 1490 777 ,
1536 724 1590 770 et
1623 720 1870 774 conversi

290 812 550 875 rumpant
577 821 693 859 vos.

362 896 540 969 (ἴδω.)
573 895 773 951 Obtulit
799 906 847 951 et
873 898 1091 952 vitulum
1118 917 1212 969 pro
1238 910 1486 970 peccato;
1518 920 1735 974 cumque
1779 922 1868 958 su-

286 1007 380 1059 per
409 999 568 1060 caput
594 990 709 1059 ejus
753 992 1047 1060 posuissent
1073 993 1250 1046 Aaron
1276 1004 1322 1047 et
1372 994 1475 1063 ﬁlii
1520 996 1634 1064 ejus
1680 1013 1868 1051 manus

284 1097 431 1142 suas,
464 1078 752 1133 immolarit
784 1096 925 1144 eum,
970 1082 1218 1135 hauriens
1261 1085 1588 1153 sanguinem,
1629 1094 1677 1138 et
1704 1087 1865 1139 tincto

282 1170 451 1240 digito
490 1170 657 1238 tetigit
685 1186 883 1223 cornua
910 1170 1096 1224 altaris
1139 1188 1233 1240 per
1275 1188 1495 1242 gyrum;
1523 1188 1625 1244 quo
1656 1177 1864 1244 expiato

281 1272 329 1315 et
372 1261 726 1329 sanctiﬁcata,
752 1258 890 1327 fudit
934 1259 1190 1331 reliquum
1219 1263 1528 1331 sanguinem
1562 1264 1631 1316 ad
1671 1263 1864 1333 {unda-

280 1361 460 1406 menta
507 1350 645 1418 ejus.
680 1348 899 1419 Adipem
945 1366 1146 1420 quoque
1191 1345 1280 1421 qui
1318 1359 1430 1403 erat
1476 1367 1631 1421 super
1658 1353 1860 1419 vitalia,

278 1440 665 1509 reticulumque
676 1439 892 1508 jecoris,
931 1437 1163 1508 duosque
1210 1440 1520 1494 renunculos
1559 1457 1678 1494 cum
1720 1444 1860 1497 arvi-

278 1530 423 1584 nulis
450 1532 561 1584 suis
597 1530 816 1584 adolevit
846 1547 999 1601 super
1023 1530 1210 1595 altare,
1234 1532 1451 1586 vitulum
1474 1550 1591 1587 cum
1633 1534 1789 1604 pelle,
1811 1544 1861 1590 et

277 1636 440 1673 carne
462 1629 510 1673 et
534 1620 662 1689 [imo
685 1636 922 1674 cremans
949 1630 1096 1674 extra
1132 1630 1327 1686 castra,
1363 1623 1497 1676 sicut
1542 1635 1859 1695 pra’ceperat

1975 453 2210 511 nantur;
2244 447 2299 500 in
2316 447 2535 502 Christo
2559 460 2737 505 autem
2761 469 2867 509 non
2890 463 3015 509 sunt
3043 457 3354 526 divisiones,
3383 464 3554 521 homi-

1973 550 2096 588 nem
2112 537 2308 618 quippe
2324 539 2581 594 mundum
2605 555 2635 594 a
2651 553 2872 610 peccato
2887 561 3105 602 sumens
3120 548 3430 610 incarnatus
3445 565 3546 619 est,

1972 625 2062 693 qui
2083 641 2187 680 non
2209 610 2293 682 est
2305 628 2509 684 divisus
2521 631 2573 685 in
2587 635 2840 701 operibus
2864 639 3063 703 carnis,
3080 640 3276 708 quibus
3290 644 3549 701 adversa-

1973 726 2062 771 tur
2088 720 2334 789 spiritus,
2374 732 2594 793 propter
2633 726 2776 794 quod
2814 743 2913 783 nec
2936 730 3260 787 divisionum
3284 734 3337 788 in
3373 750 3437 791 eo
3459 754 3549 792 sa~

1972 808 2181 863 criﬁcio
2212 809 2297 864 lex
2327 814 2643 868 memoriam
2670 814 2818 870 fecit.
2860 816 2965 873 Pro
2989 834 3053 874 eo
3076 830 3255 879 autem
3281 825 3423 894 quod
3464 828 3551 883 vi-

1970 899 2143 954 tulum
2167 901 2383 970 quidem
2417 905 2469 958 in
2502 916 2743 975 peccato,
2772 912 2994 967 arietem
3017 924 3194 972 autem
3220 919 3275 973 in
3302 921 3551 980 holocau-

1970 997 2113 1044 stum
2144 993 2394 1047 sacerdos
2415 993 2626 1062 oﬁ'eret,
2668 998 2771 1053 hoc
2792 1000 3032 1057 absolute
3061 1004 3145 1059 lex
3170 1007 3456 1079 significat,
3489 1022 3548 1068 ut

1968 1078 2095 1148 quia
2125 1083 2465 1137 conversatio
2511 1086 2748 1154 perfecta
2782 1104 2879 1158 per
2925 1092 3404 1154 holocaustomatis
3446 1100 3544 1154 oh-

1966 1166 2224 1223 lationem
2252 1174 2614 1241 cognoscitur,
2638 1177 2781 1232 aries
2803 1183 3108 1236 necessario
3133 1184 3188 1239 in
3216 1188 3541 1244 sacriﬁcium

1965 1256 2240 1314 oﬁ'eratur.
2286 1260 2384 1315 Hic
2414 1264 2610 1334 quippe
2635 1266 2886 1322 ducatum
2922 1272 3161 1340 praebere
3194 1279 3383 1333 ovibus
3407 1295 3542 1335 eun-

1963 1346 2109 1401 tibus
2143 1350 2196 1403 in
2214 1364 2436 1420 pascua,
2468 1362 2522 1407 et
2547 1370 2855 1425 aggressum
2884 1361 3290 1436 ingressumque
3311 1385 3338 1421 a
3371 1374 3543 1427 caulis

1961 1443 2017 1489 et
2055 1436 2108 1491 in
2158 1440 2341 1494 caulas
2368 1442 2543 1497 solet:
2590 1446 2729 1499 sicut
2759 1457 2812 1501 et
2858 1449 3108 1508 Christus
3143 1458 3246 1510 dux
3290 1461 3541 1527 ρει-[θρίω

1963 1532 2392 1587 conversationis
2434 1542 2543 1601 est;
2596 1551 2625 1589 a
2675 1553 2782 1607 quo
2816 1541 3065 1599 videlicet
3119 1550 3347 1617 sumpsit
3383 1568 3542 1607 exor-

1962 1616 2131 1683 dium,
2164 1622 2323 1690 atque
2348 1622 2468 1677 ideo
2501 1624 2704 1682 intrare
2733 1644 2830 1698 per
2854 1646 2914 1686 se
2940 1641 2998 1686 et
3022 1635 3170 1691 exire
3190 1616 3380 1695 ovibus
3399 1657 3539 1712 prm-

274 1708 561 1762 Dominus.
611 1708 720 1779 (Ex
751 1707 1054 1779 Hesychia.)
1083 1708 1213 1776 Qua:
1256 1711 1526 1779 praedictae
1563 1714 1857 1770 sanctionis
1884 1702 1931 1761 Β
1957 1707 2211 1776 Cipiebat-

275 1799 345 1852 sit
376 1799 571 1864 virtus,
602 1806 658 1854 et
681 1799 948 1868 quomodo
975 1802 1395 1872 unumquodque
1420 1802 1536 1873 ejus
1563 1805 1854 1873 capitulum

273 1888 332 1941 in
373 1885 651 1957 Unigeniti
692 1887 1017 1942 sacriﬁcium
1048 1889 1364 1960 accipiatur,
1387 1894 1699 1961 prmeedens
1727 1911 1856 1950 con-

275 1979 415 2031 tinet
439 1992 653 2043 sermo;
687 1979 801 2033 haec
823 1989 1010 2034 autem
1031 1996 1175 2036 nunc
1219 1982 1449 2037 dicimus
1485 1997 1605 2053 qua:
1644 1984 1761 2039 sola
1788 1985 1855 2040 de

272 2070 562 2124 sanctione
590 2071 872 2125 immutata
901 2081 1046 2127 sunt.
1075 2072 1153 2128 lbi
1182 2073 1327 2128 enim
1355 2075 1538 2129 Aaron
1577 2075 1854 2145 imponere

272 2178 474 2217 manus
498 2163 688 2227 vitulo,
715 2164 801 2218 hic
826 2174 1003 2219 autem
1029 2173 1083 2219 et
1114 2165 1251 2221 ﬁlios
1301 2164 1450 2235 ejus;
1501 2182 1608 2221 non
1654 2166 1852 2223 frustra

270 2252 378 2306 hoc
405 2251 737 2318 custodiens,
782 2253 875 2307 sed
903 2254 1066 2308 etiam
1114 2262 1307 2309 unctos
1346 2255 1564 2325 scripsit
1594 2274 1607 2309 :
1638 2258 1853 2325 quando

268 2353 457 2399 autem
487 2353 541 2398 et
569 2358 671 2398 nos
703 2346 954 2415 ungimur
985 2354 1040 2401 et
1062 2345 1339 2401 oﬁ‘erimur
1362 2347 1690 2415 baptismati,
1718 2350 1852 2403 socii

266 2433 571 2493 Dominicm
605 2434 867 2491 efﬁcimur
894 2437 1183 2505 passionis,
1212 2436 1365 2507 cujus
1402 2438 1541 2509 gerit
1562 2439 1849 2510 imaginem

268 2522 540 2591 baptisma
565 2539 580 2588 ;
607 2524 750 2591 quod
778 2524 939 2579 etiam
962 2525 1288 2581 docenthaac
1315 2525 1465 2580 Pauli
1488 2528 1650 2582 verba
1675 2545 1687 2581 :
1719 2528 1851 2593 Qui-

267 2631 478 2684 cunque
516 2618 653 2668 enim
694 2615 747 2669 in
796 2614 1001 2670 Christo
1049 2616 1297 2687 baptizati
1340 2633 1540 2683 sumus,
1595 2620 1650 2671 in
1684 2628 1849 2674 morte

266 2707 438 2774 ipsius
461 2705 710 2776 baptizati
751 2721 965 2761 sumus:
994 2709 1278 2779 eonsepulti
1321 2727 1502 2764 sumus
1530 2727 1652 2781 ergo
1682 2713 1729 2765 ei
1756 2729 1849 2783 per

267 2796 588 2867 baptismum
611 2797 665 2848 in
706 2808 868 2851 morte
894 2798 1045 2866 ejus;
1082 2799 1390 2853 necessario
1421 2800 1514 2854 ﬁlii
1553 2802 1732 2855 Aaron
1762 2818 1849 2856 sa-

264 2887 484 2942 criﬁcio
512 2904 721 2955 manus,
769 2905 892 2944 cum
936 2890 1045 2944 sint
1069 2890 1120 2944 ei
1147 2893 1645 2975 communicantes,
1676 2894 1849 2966 impo-

264 2990 428 3035 nunt.

2031 1797 2207 1870 (Isim)
2235 1798 2437 1857 Obtulit
2456 1814 2505 1859 et
2527 1806 2739 1862 arietem
2764 1814 3048 1869 secundum
3075 1815 3129 1870 in
3149 1824 3536 1880 consecratione

1954 1889 2304 1958 sacerdotum,
2336 1908 2720 1970 posueruntque
2746 1918 2903 1973 super
2938 1919 3091 1977 caput
3120 1910 3442 1980 ejus-Aaron
3488 1930 3535 1970 et

1954 1976 2054 2045 ﬁlii
2079 1979 2192 2049 ejus
2214 1998 2399 2038 manus
2422 2003 2567 2041 suas.
2621 1989 2786 2054 Quem
2810 2010 2927 2047 cum
2962 1997 3277 2056 immolasset
3306 2003 3529 2076 Moyses,

1953 2085 2163 2125 sumens
2185 2073 2250 2127 de
2277 2079 2553 2146 sanguine,
2594 2082 2761 2151 tetigit
2790 2097 3073 2142 extremum
3116 2095 3369 2150 auriculis
3404 2098 3536 2152 dex-

1953 2166 2049 2211 tra:
2077 2160 2255 2216 Aaron
2277 2174 2325 2217 et
2345 2164 2581 2235 pollicem
2606 2186 2795 2225 manus
2820 2174 2935 2243 ejus
2962 2176 3178 2244 τίει-ενα),
3217 2183 3457 2239 similiter
3482 2198 3531 2241 et

1951 2249 2098 2317 pedis
2132 2252 2323 2309 dextri.
2373 2256 2575 2313 Obtulit
2596 2271 2646 2315 et
2670 2262 2811 2330 ﬁlias
2834 2267 3011 2322 Aaron
3035 2285 3053 2321 :
3084 2286 3302 2342 cumque
3331 2276 3394 2330 de
3413 2294 3533 2331 sau—

1950 2343 2106 2410 guine
2143 2348 2321 2402 arietis
2353 2351 2609 2407 immolati
2657 2356 2902 2427 tetigisset
2945 2370 3232 2417 extremum
3277 2370 3532 2426 auricula:

1950 2436 2297 2505 singulorum,
2325 2442 2546 2509 dextrae,
2586 2456 2635 2499 et
2670 2449 2881 2517 pollices
2908 2467 3098 2507 manus
3130 2473 3192 2509 ac
3228 2460 3372 2527 pedis
3404 2463 3534 2517 dea:-

1949 2524 2039 2586 tri,
2076 2525 2330 2597 reliquum
2364 2532 2506 2600 fudit
2545 2551 2703 2605 super
2732 2538 2900 2592 altare
2922 2557 3017 2610 per
3048 2524 3325 2601 circuitum
3354 2562 3373 2600 :
3409 2552 3530 2605 adi-

1946 2631 2061 2683 pem
2091 2633 2210 2671 vero
2232 2630 2280 2673 et
2301 2622 2526 2677 caudam
2558 2642 2858 2705 omnemque
2879 2632 3243 2702 pinguedinem
3272 2655 3388 2710 quia
3412 2658 3535 2712 ope-

1949 2706 2017 2757 rit
2038 2707 2283 2762 intestina
2314 2712 2689 2786 reticulumque
2713 2718 2931 2788 jecoris,
2982 2733 3030 2777 et
3059 2726 3190 2781 duos
3231 2745 3375 2784 renes
3412 2749 3529 2786 cum

1948 2793 2189 2863 adipibus
2218 2800 2347 2864 suis,
2366 2811 2413 2854 et
2437 2820 2584 2856 arma
2610 2805 2793 2862 dextro
2822 2814 3100 2879 separavit.
3134 2815 3340 2873 Tollens
3357 2833 3531 2876 autem

1947 2882 2012 2936 de
2038 2886 2270 2939 canistro
2297 2906 2601 2959 azymorum
2632 2897 2772 2964 quod
2803 2909 2916 2951 erat
2955 2916 3132 2956 coram
3175 2905 3396 2979 Domino
3436 2928 3532 2979 pa-

1950 2987 2066 3026 nem
2095 2974 2288 3046 absque
2313 2977 2569 3047 fermento
2606 2992 2654 3037 et
2685 2984 2995 3056 collyridam
3029 2973 3362 3063 conspersan‘
3394 2973 3528 3065 oleo,

347 3069 548 3125 Obtulit
573 3080 621 3124 et
647 3071 858 3125 arietem
887 3073 941 3125 in
970 3071 1348 3141 holocaustum,
1373 3091 1529 3145 super
1563 3075 1713 3148 cujus
1754 3093 1850 3133 ca-

1955 3059 2299 3134 laganumque
2331 3069 2502 3136 posuit
2530 3086 2688 3141 super
2706 3053 2909 3145 adipes,
2953 3089 3003 3133 et
3028 3053 3232 3138 armum
3265 3087 3528 3156 dextrum,

259 3168 367 3231 put
392 3177 510 3215 cum
536 3161 893 3231 imposuissent
929 3162 1108 3217 Aaron
1135 3172 1182 3217 et
1221 3164 1317 3234 filii
1347 3166 1462 3236 ejus
1484 3182 1672 3221 manus
1697 3185 1844 3235 suas,

262 3247 560 3303 immolavit
582 3266 720 3314 eum,
766 3259 814 3302 et
856 3249 992 3318 fudit
1029 3253 1335 3321 sanguinem
1380 3253 1493 3323 ejus
1519 3271 1613 3325 per
1659 3255 1846 3312 altaris

262 3337 592 3391 circuitum:
640 3340 907 3411 ipsumque
952 3341 1164 3394 arietem
1202 3358 1294 3412 per
1337 3342 1507 3411 frusta
1547 3345 1843 3410 concidens,

261 3436 429 3495 caput
460 3427 593 3496 ejus,
636 3437 685 3481 et
733 3439 898 3494 artus,
942 3439 989 3484 et
1037 3431 1243 3500 adipem
1292 3432 1514 3487 adolevit
1551 3434 1678 3504 igni,
1729 3433 1848 3490 lotis

260 3517 421 3585 prius
451 3516 705 3571 intestinis
745 3528 793 3572 et
830 3519 1082 3588 pedibus,
1126 3531 1387 3592 totumque
1439 3525 1597 3579 simul
1634 3528 1847 3582 arietem

262 3606 501 3659 incendit
522 3624 678 3678 super
702 3607 898 3673 altare,
935 3626 994 3662 eo
1018 3610 1157 3679 quod
1178 3620 1305 3665 esset
1330 3612 1691 3668 holocaustum
1721 3634 1846 3671 sua-

261 3697 471 3750 vissimi
497 3697 672 3751 odoris
696 3697 939 3765 Domino,
956 3702 1088 3753 sicut
1109 3712 1423 3771 prwceperat
1444 3702 1718 3759 Dominus.
1737 3704 1846 3776 (Ea:

264 3788 497 3862 eodem.)
535 3788 824 3857 Propterea
851 3791 935 3843 lex
970 3792 1326 3855 sacerdotem,
1352 3793 1406 3846 in
1439 3794 1623 3847 multis
1652 3795 1847 3866 imagi-

264 3892 399 3931 nem
428 3876 689 3933 ferentem
736 3878 966 3943 Domini,
1012 3895 1156 3933 nunc
1209 3881 1433 3934 vitulum
1481 3897 1579 3952 pro
1612 3885 1849 3953 peccatis

266 3966 574 4033 immolare,
603 3975 659 4021 et
693 3978 846 4022 extra
883 3968 1291 4023 tabernaculum
1322 3971 1608 4028 incendere
1644 3990 1847 4045 praece—

263 4059 392 4130 pit:
422 4058 499 4113 sic
525 4060 671 4112 enim
698 4067 753 4113 et
791 4059 1002 4143 Domini
1041 4062 1365 4117 sacriﬁcium
1407 4065 1474 4119 ad
1516 4066 1846 4123 ablutionem

266 4156 481 4203 natura:
506 4159 708 4203 nostra:
743 4159 1085 4220 peccatorum
1119 4150 1318 4206 factum
1343 4162 1446 4208 est.
1494 4154 1646 4211 Nunc
1664 4166 1847 4214 autem

265 4244 469 4297 iterum
489 4243 540 4296 ei
564 4243 884 4297 sacriﬁcium
913 4242 1058 4296 aliud
1086 4244 1140 4297 in
1164 4245 1479 4302 holocausto
1507 4250 1691 4305 arietis
1709 4267 1849 4321 pra:-

267 4333 417 4402 cepit
446 4330 599 4399 ﬁeri;
647 4332 936 4387 cruciﬁxus
976 4333 1118 4387 enim
1163 4336 1396 4390 mundus
1432 4346 1487 4391 et
1530 4341 1846 4396 renuntians

267 4423 476 4478 mundo
499 4423 857 4487 conversatio,
899 4439 1017 4492 qua:
1038 4433 1120 4478 est
1149 4425 1540 4492 holocaustum,
1569 4427 1842 4483 Christum

267 4514 438 4567 habet
460 4513 749 4583 primitias,
773 4513 1157 4584 doctoremque
1181 4524 1236 4569 et
1255 4515 1590 4585 exemplum;
1626 4527 1845 4587 pr0pter

267 4608 418 4677 quod
444 4608 594 4669 dixit,
637 4605 740 4671 Qui
767 4624 868 4661 non
896 4609 1083 4677 accipit
1126 4625 1329 4662 crucem
1375 4618 1422 4662 et
1466 4610 1697 4680 sequitur
1740 4628 1840 4678 me,

268 4713 379 4749 non
402 4706 476 4749 est
505 4713 586 4750 me
611 4697 799 4766 dignus
827 4696 1038 4767 (Matth.
1072 4697 1148 4769 x),
1182 4699 1233 4753 id
1260 4706 1362 4762 est,
1407 4701 1497 4769 qui
1525 4703 1603 4755 sic
1629 4717 1734 4756 non
1761 4719 1846 4758 re-

268 4789 487 4843 nuntiat
522 4790 722 4844 mundo
748 4791 887 4844 sicut
914 4806 944 4843 a
972 4806 1059 4844 me
1096 4792 1146 4846 ei
1185 4792 1439 4846 traditum
1478 4800 1593 4858 est,
1635 4795 1738 4850 hoc
1761 4804 1845 4850 est

266 4881 419 4934 enim
456 4895 578 4933 eum
606 4882 781 4950 sequi,
817 4897 923 4935 non
959 4894 1044 4937 est
1072 4898 1156 4936 me
1196 4882 1408 4954 dignus.
1451 4883 1556 4940 Sed
1586 4885 1739 4955 cujus
1765 4889 1845 4943 rei

268 4972 449 5040 gratia
487 4970 743 5024 dividitur
777 4970 1174 5038 holocaustum,
1222 4975 1385 5042 pedes
1427 4984 1605 5030 autem
1633 4978 1750 5047 ejus
1792 4987 1847 5032 et

269 5059 554 5124 intestina,
584 5060 697 5114 sive
726 5061 1019 5114 secundum
1049 5061 1393 5134 Septuaginta
1431 5076 1623 5131 venter,
1657 5067 1844 5123 lavan-

270 5150 410 5204 tur?
433 5150 807 5220 interpretatio
826 5151 1296 5208 bolocaustomatis
1323 5170 1441 5224 qua:
1464 5157 1516 5209 in
1536 5158 1690 5212 initio
1724 5159 1848 5214 libri

267 5235 417 5290 facta
438 5247 521 5292 est
543 5238 869 5294 suﬁlcienter
886 5241 1137 5310 explevit.
1189 5242 1341 5309 Quod
1377 5252 1554 5299 autem
1597 5247 1849 5302 immutat

271 5327 343 5381 de
368 5327 655 5394 sacriﬁcio,
686 5329 787 5384 hoc
810 5330 1113 5385 necessario
1140 5331 1356 5398 dicitur,
1379 5334 1504 5401 quia
1527 5334 1597 5389 ibi
1630 5338 1846 5404 quidem

270 5427 455 5489 partes
501 5419 615 5473 ﬁeri
647 5420 974 5475 oblationem
1025 5420 1401 5495 [oblationum]
1437 5424 1600 5491 dixit,
1651 5442 1848 5497 corpus

272 5525 373 5579 per
397 5509 496 5563 hoc
522 5509 829 5580 signiﬁcans
864 5522 918 5566 et
953 5513 1185 5568 animam
1219 5515 1415 5570 debere
1435 5516 1635 5571 oﬁ‘erri.
1670 5518 1727 5573 In
1760 5535 1851 5574 no-

274 5599 360 5653 bis
393 5610 573 5655 antem
622 5603 704 5655 lite
735 5598 1040 5667 diviSiones,
1086 5613 1144 5657 ut
1179 5615 1303 5676 pote
1328 5622 1445 5674 quae
1472 5607 1574 5662 sibi
1618 5608 1846 5666 invicem

599 5712 866 5771 Psruoc.
913 5713 1135 5775 CVIII.

1949 3153 2160 3209 tradens
2179 3157 2347 3211 simul
2383 3162 2559 3214 omnia
2597 3163 2774 3220 Aaron
2822 3185 2882 3221 ac
2906 3169 3035 3238 ﬁliis
3075 3174 3210 3243 ejus.
3250 3176 3355 3243 Qui
3389 3153 3530 3251 post;

1946 3261 2103 3316 quam
2130 3248 2370 3303 laverunt
2403 3268 2465 3305 ea
2508 3269 2687 3309 coram
2729 3257 2975 3328 Domino,
3032 3281 3245 3321 rursum
3290 3284 3530 3345 suscepta

1947 3336 2013 3390 de
2045 3338 2287 3393 manibus
2317 3354 2495 3396 eorum
2534 3345 2757 3402 adolevit
2799 3365 2958 3422 super
3002 3355 3169 3412 altare
3215 3336 3529 3428 holocausti.

1946 3442 2007 3480 eo
2033 3429 2175 3499 quod
2208 3434 2614 3490 consecrationis
2641 3447 2774 3492 esset
2802 3441 3022 3510 oblatio,
3049 3448 3103 3500 in
3126 3449 3339 3506 odorem
3361 3458 3534 3511 suavi-

1948 3517 2072 3570 tatis
2096 3519 2349 3588 sacriﬁcii
2382 3521 2617 3579 Domini.
2654 3525 2795 3582 Tulit
2829 3540 2878 3584 et
2895 3539 3275 3607 pectusculum,
3324 3544 3533 3603 elevans

1947 3606 2081 3660 illud
2107 3625 2286 3663 coram
2319 3612 2567 3681 Domino,
2596 3617 2660 3670 de
2704 3620 2866 3675 ariete
2898 3632 3305 3687 consecrationis
3328 3636 3382 3689 in
3401 3654 3529 3707 par-

1949 3706 2049 3751 tem
2096 3715 2266 3766 suam,
2297 3703 2431 3756 sicut
2474 3709 2718 3778 prmcepit
2751 3712 2799 3764 ei
2825 3712 3102 3772 Dominus.
3156 3720 3266 3793 (Ex
3301 3703 3531 3801 eodem.)

1945 3788 2145 3858 Aperte
2185 3792 2299 3848 haec
2320 3799 2527 3850 sanctio
2560 3812 2772 3867 eorum,
2798 3816 2918 3872 qua:
2959 3807 3101 3863 circa
3132 3788 3232 3867 nos
3273 3788 3526 3886 aguntur,

1948 3881 2329 3950 mysteriorum
2360 3887 2581 3955 exponit
2612 3890 2981 3961 traditionem,
3028 3907 3083 3953 et
3106 3881 3527 3980 pascha—mysti;

1947 3983 2069 4024 cum
2119 3974 2262 4042 quod
2310 3974 2559 4034 Christus
2607 3996 2730 4036 cum
2772 3985 3049 4057 discipulis
3105 3994 3220 4050 suis
3266 3974 3525 4065 comedit.

1945 4060 2215 4132 signiﬁcat
2243 4082 2255 4118 :
2290 4068 2432 4135 quod
2462 4070 2658 4127 docent
2682 4089 2742 4129 ea
2764 4090 2886 4145 qum
2914 4095 3008 4149 per
3052 4093 3234 4152 partes
3264 4089 3317 4142 in
3354 4060 3526 4147 sacri;

1946 4150 2071 4206 ﬁcio
2088 4156 2269 4225 peragi
2295 4160 2701 4228 prmcipiuntur.
2743 4165 2853 4221 Cur
2879 4150 3069 4225 autem‘
3091 4176 3233 4230 aries
3260 4183 3529 4236 secundus

1948 4242 2035 4298 hic
2064 4260 2210 4300 nunc
2234 4247 2376 4302 aries
2400 4251 2751 4308 nominatur?
2790 4259 2914 4325 quia
2942 4260 3190 4318 videlicet
3220 4269 3370 4337 prius
3392 4270 3527 4341 ﬁgu—

1948 4340 2123 4388 ratam
2167 4350 2322 4390 ovem
2355 4352 2475 4392 cum
2517 4344 2775 4408 apostolis
2802 4361 3026 4404 cmnans
3063 4351 3340 4424 Dominus,
3373 4340 3524 4429 post-

1948 4436 2011 4475 ea
2042 4437 2199 4477 suum
2235 4426 2428 4479 obtulit
2453 4429 2798 4498 sacriﬁcium,
2831 4444 2885 4489 et
2921 4442 3158 4496 secundo
3202 4446 3338 4501 sicut
3363 4426 3519 4505 ovem

1945 4512 2060 4581 ipse
2097 4516 2442 4582 semetipsum
2479 4521 2699 4587 occidit,
2727 4527 2869 4594 quod
2892 4529 3263 4589 demonstrant
3289 4554 3523 4608 sequen-

1944 4605 2038 4658 tia.
2085 4602 2481 4679 Posueruntque
2511 4612 2690 4667 Aaron
2717 4624 2765 4668 et
2790 4617 2890 4685 ﬁlii
2918 4620 3034 4690 ejus
3071 4640 3258 4681 manus
3287 4647 3413 4685 suas
3436 4651 3526 4687 su-

1942 4710 2035 4764 per
2059 4705 2215 4765 caput
2249 4699 2383 4768 ejus.
2433 4700 2596 4766 Quem
2619 4720 2737 4758 cum
2776 4709 3097 4766 immolasset
3131 4714 3358 4788 Moyses,
3413 4731 3519 4779 etc.

1944 4783 2260 4841 Necessario
2283 4788 2441 4842 simul
2485 4805 2608 4845 cum
2625 4792 2807 4850 Aaron
2826 4805 2880 4850 et
2902 4796 2997 4853 ﬁlii
3024 4800 3141 4872 ejus
3184 4783 3352 4876 super
3363 4821 3526 4882 caput

1944 4880 2130 4935 arietis
2175 4896 2366 4938 manus
2407 4884 2719 4955 imponunt,
2770 4890 2896 4959 quia
2921 4883 3263 4953 communem
3311 4916 3519 4958 cmnam

1947 4968 2254 5027 festivitatis
2290 4975 2556 5043 paschalis
2610 4992 2732 5033 cum
2782 4982 2893 5036 suis
2945 4981 3193 5042 Christus
3239 4991 3516 5062 discipulis

1945 5062 2265 5129 celebravit;
2292 5066 2385 5119 sed
2407 5064 2615 5137 Moyses
2634 5069 2959 5126 sacriﬁcium
2982 5074 3084 5130 hoc
3104 5077 3361 5147 celebrat,
3388 5084 3514 5152 quia

1946 5152 2119 5223 magis
2147 5155 2214 5208 ab
2254 5155 2374 5209 aliis
2404 5157 2517 5226 ipse
2549 5157 2748 5215 Christi
2787 5161 3013 5233 ﬁguram
3051 5169 3209 5239 gerit.
3237 5171 3387 5227 Tunc
3416 5190 3513 5228 au-

1945 5250 2054 5296 tem
2079 5244 2309 5298 maxime
2356 5247 2681 5303 sacriﬁcium
2710 5266 2868 5306 suum
2903 5252 3154 5314 Christus
3200 5261 3516 5328 celebravit,
3601 5302 3608 5308 -

1945 5334 2088 5388 unde
2114 5341 2171 5388 et
2196 5335 2325 5390 illud
2351 5338 2556 5408 incipit.
2585 5340 2718 5397 Vide
2739 5345 2884 5398 enim
2904 5351 3184 5417 sequentia
3216 5369 3232 5405 :

2022 5425 2185 5491 Quem
2204 5445 2321 5483 eum
2351 5430 2667 5487 immolasset
2691 5434 2918 5506 Moyses,
2945 5455 3155 5493 sumens
3178 5439 3243 5492 de
3264 5441 3515 5511 sanguine

1949 5518 2113 5588 tetigit
2141 5529 2426 5574 extremum
2452 5523 2704 5578 auricqu
2729 5526 2929 5581 dextris
2965 5527 3164 5591 Aaron,
3201 5536 3249 5579 et
3273 5526 3515 5598 pollicem

1949 5626 2135 5665 manus
2170 5613 2284 5682 ejus
2310 5613 2507 5666 dextra:
2530 5654 2543 5678 ,
2595 5598 2835 5669 similiter
2863 5626 2914 5671 et
2938 5617 3082 5683 pedis
3111 5613 3300 5670 destri.
3352 5616 3516 5674 Obtu-

2968 5728 3039 5785 11
