3956 6176
519 273 618 328 531

1159 270 1220 323 B.
1262 270 1517 327 RABANI
1558 272 1776 328 MAURI
1816 268 2131 326 ARClllEP.
2177 270 2487 327 MOGUNT.
2532 269 2817 326 OPERUM
2854 268 3032 325 PARS
3067 270 3109 324 Ι.

3628 276 3722 334 539.

516 385 575 438 lit
599 396 646 439 et
681 383 820 452 ﬁlios
856 381 1071 435 Aaron:
1110 398 1328 453 cumque
1349 381 1413 435 de
1432 382 1687 452 sanguine
1707 382 1883 436 arietis
1906 381 2086 436 immo-
2115 384 2162 443 Α
2189 382 2370 436 omnia
2421 379 2793 449 intelligerent,
2839 395 3150 451 quanquam
3200 379 3461 437 ferculum
3495 390 3724 453 quemad-

517 474 612 529 lati
632 474 876 543 tetigisset
900 482 1188 526 extremum
1218 471 1474 527 auricula:
1506 471 1831 543 singulorum
1869 473 2087 538 dextrte,

506 577 563 622 et
594 564 802 637 pollices
836 579 1022 618 manus
1046 581 1108 618 ac
1135 564 1281 635 pedis
1313 563 1502 630 dextri,
1542 563 1795 635 reliquum
1840 565 1979 634 fudit
2000 581 2090 619 su-

516 670 610 724 per
652 653 819 708 altare
871 670 964 723 per
1008 654 1305 707 circuitum.
1356 651 1488 719 Quis
1524 653 1597 707 sit
1627 653 1879 708 sacriﬁcii
1930 652 2089 722 hujus

502 745 759 811 effectus,
806 745 989 800 unctio
1018 744 1231 800 aurium
1259 752 1315 800 et
1358 759 1617 799 manuum
1662 745 1963 814 pedumque
1990 745 2086 800 de-

504 843 779 893 monstrat
810 854 822 889 :
849 850 951 905 pro
996 835 1301 892 obedientia
1322 835 1517 904 quippe
1541 842 1745 900 nostra,
1774 835 2087 905 actioneque

514 930 654 984 bona
685 935 848 997 atque
871 928 1281 984 conversatione
1306 925 1484 999 [Actio
1512 925 1652 982 bona
1675 935 1835 997 atque
1863 942 2087 983 conver-

504 1018 674 1091 satio]
712 1018 1037 1083 celebratur,
1086 1018 1231 1073 unde
1255 1025 1311 1073 et
1335 1031 1494 1073 aures
1528 1026 1726 1071 nostra:
1775 1025 2082 1088 unguntur;

507 1123 574 1165 ut
623 1109 984 1166 inobedientia
1013 1108 1186 1165 Adam
1216 1116 1482 1175 carentes,
1530 1108 1801 1178 Unigeniti
1826 1109 2082 1164 obedien-

510 1203 642 1258 tiam
664 1216 1076 1271 consequamur.
1106 1202 1341 1270 Postque
1379 1200 1514 1265 haac,
1559 1209 1801 1256 extrema
1827 1214 2082 1255 manuum

513 1299 785 1362 unguntur
809 1298 866 1346 et
890 1290 1107 1360 pedum,
1136 1290 1263 1375 quia
1309 1305 1416 1345 non
1442 1289 1615 1344 solum
1638 1305 1852 1356 manus,
1901 1290 1998 1346 sed
2029 1298 2086 1346 et

497 1381 674 1450 pedes
697 1394 795 1450 pro
816 1380 1027 1434 actione
1055 1379 1416 1449 accipiuntur.
1458 1378 1613 1446 Quod
1634 1380 1896 1450 probatur
1922 1394 1991 1435 ex
2017 1394 2083 1436 eo

509 1470 652 1539 quod
674 1468 844 1524 David
869 1468 1000 1524 dicit
1026 1486 1039 1523 :
1073 1466 1175 1524 Pes
1201 1484 1346 1523 meus
1367 1469 1507 1523 stetit
1536 1468 1593 1522 in
1631 1470 1715 1523 via
1740 1478 1880 1523 recta
1908 1468 2078 1541 (Psal.

507 1558 674 1631 xxv);
728 1566 785 1614 et
809 1573 1043 1614 rursus:
1085 1556 1285 1614 Statuit
1309 1574 1473 1629 supra
1515 1568 1716 1629 petram
1760 1559 1912 1630 pedes
1942 1575 2082 1614 meos

498 1649 679 1720 (Psal.
706 1647 917 1718 χχχιχ).
967 1647 1105 1714 Quia
1132 1656 1311 1703 autem
1335 1649 1577 1704 actiones
1598 1649 1860 1719 quasdam
1889 1648 2078 1715 bonas,

502 1741 766 1811 quasdam
790 1749 971 1797 autem
991 1740 1163 1796 malas
1185 1740 1469 1808 habemus,
1491 1748 1549 1797 et
1567 1740 1793 1813 ﬁguram
1817 1740 2080 1797 malorum

504 1834 726 1889 sinistra
758 1833 917 1905 gerit,
975 1839 1123 1888 recte
1172 1832 1367 1888 dextra
1400 1833 1653 1905 ungitur,
1707 1831 2081 1888 confortantur

503 1924 652 1979 enim
679 1939 744 1980 ea
772 1939 894 1994 quae
914 1931 1209 1995 unguntur,
1238 1930 1296 1978 et
1320 1924 1670 1979 destruuntur
1692 1931 1854 1993 atque
1874 1922 2081 1992 disper-

503 2014 706 2068 duntur
730 2029 795 2069 ea
820 2029 940 2085 quae
983 2029 1090 2069 non
1118 2021 1413 2085 unguntur.
1457 2013 1610 2082 Quod
1645 2024 1831 2085 aperte
1859 2014 2080 2071 demon-

498 2111 643 2157 strat
671 2103 987 2174 disperdens
1012 2100 1307 2173 Egyptum
1341 2101 1585 2173 angelus,
1619 2103 1747 2173 quia
1781 2102 1873 2157 ubi
1895 2102 2079 2158 unctio

498 2191 764 2247 immolati
787 2192 1181 2257 inveniebatur,
1210 2206 1320 2246 non
1347 2191 1725 2262 percutiehat:
1768 2192 1866 2247 sed
1898 2199 2079 2248 tamen

499 2283 729 2355 primus,
751 2282 1006 2337 sacerdos
1034 2281 1311 2351 sanguine,
1343 2290 1399 2338 et
1424 2290 1547 2353 post
1576 2296 1698 2338 eum
1728 2281 1824 2336 ﬁlii
1857 2280 1973 2351 ejus
1996 2297 2080 2338 se-

494 2375 736 2429 cundum
783 2373 957 2442 legem
994 2376 1351 2445 ungebantur,
1399 2376 1527 2446 quia
1577 2385 1634 2431 et
1665 2377 1779 2446 ipse
1822 2377 2079 2434 Dominus

496 2463 731 2534 primus,
767 2463 824 2517 in
852 2477 1009 2518 coena
1031 2465 1275 2536 mystica,
1304 2465 1689 2536 intelligibilem
1725 2466 1933 2537 accepit
1955 2481 2081 2521 san-

502 2554 737 2623 guinem,
770 2560 932 2624 atque
962 2554 1152 2610 deinde
1195 2555 1417 2612 calicem
1468 2557 1726 2628 apostolis
1753 2558 1920 2613 dedit.
1973 2556 2079 2613 Sed

490 2658 629 2698 ecce
654 2642 926 2714 lcgislator
952 2644 1062 2709 hic,
1088 2653 1211 2714 post
1229 2640 1536 2701 unctionem
1555 2645 1740 2701 Aaron
1767 2653 1823 2701 et
1843 2646 2078 2701 ﬁliorum

500 2733 741 2789 subdidit
770 2734 836 2788 de
881 2735 1181 2804 sanguine;
1228 2734 1492 2806 reliquum
1542 2734 1681 2792 ludit
1709 2751 1872 2807 super
1908 2735 2081 2792 altare

492 2838 596 2892 per
614 2823 919 2888 circuitum,
949 2823 1092 2892 quod
1114 2832 1170 2879 et
1195 2824 1470 2880 Christum
1493 2824 1687 2881 fecisse
1708 2825 2075 2891 inveniemus;

498 2913 687 2968 bibens
722 2912 867 2968 enim
900 2913 1014 2984 ipse
1050 2921 1106 2969 et
1132 2913 1390 2983 apostolis
1425 2914 1610 2970 bibere
1646 2915 1801 2981 dans,
1847 2923 1975 2971 tunc
2002 2916 2082 2972 in-

500 3003 828 3073 tclligibilem
864 3005 1181 3076 sanguinem
1218 3021 1380 3076 super
1417 3006 1607 3074 altare,
1636 3008 1886 3064 videlicet
1920 3024 2079 3064 suum

2189 473 2410 529 modum
2454 483 2510 528 et
2546 487 2732 526 mensa
2789 471 2958 526 totius
2983 470 3240 527 doctrina:
3270 482 3406 527 erat.
3460 472 3588 541 Quia
3612 493 3725 551 ergo

2188 563 2449 619 rationale
2482 572 2600 618 erat
2634 562 2974 634 mysterium,
3004 570 3143 618 etea
3175 578 3295 633 qua:
3324 563 3645 634 efﬁciuntur,
3670 584 3728 624 ex

2186 655 2395 710 ratione
2425 654 2744 719 subsistunt,
2770 662 2918 708 recte
2944 653 3010 708 de
3060 653 3300 708 canistro
3337 658 3726 714 consummatio-

2187 745 2292 810 nis,
2326 746 2377 800 id
2404 753 2513 809 est,
2544 743 2610 800 de
2637 744 2816 813 lingua
2843 757 2961 808 sua,
2987 758 3182 812 panem
3229 744 3513 815 mysticum
3553 763 3727 817 propo-

2185 835 2283 890 nit.
2313 834 2592 901 Quomodo
2619 841 2800 888 autem
2826 847 2951 886 eum
3000 833 3255 903 proponit
3299 849 3494 903 panem
3545 836 3729 907 absque

2184 924 2450 981 fermento
2494 932 2550 979 et
2609 922 2923 994 collyridam
2977 938 3322 994 conspersam
3384 924 3523 990 oleo,
3568 925 3728 993 idest,

2183 1015 2532 1087 apostolicam
2559 1013 2880 1079 doctrinam,
2915 1012 3247 1084 legalemque
3269 1021 3324 1068 et
3358 1015 3727 1083 propheticam.

2182 1108 2296 1164 Lex
2319 1108 2463 1164 enim
2499 1114 2555 1161 et
2583 1106 2857 1176 prophetae
2905 1113 2963 1160 et
3009 1104 3233 1177 apostoli
3262 1105 3380 1177 ejus
3432 1107 3730 1162 memoriam

2184 1198 2410 1262 faciunt,
2469 1197 2557 1252 lex
2611 1196 2831 1267 quidem
2885 1195 3117 1250 dicens:
3177 1194 3279 1249 Hic
3303 1205 3379 1249 est
3404 1197 3555 1266 panis
3596 1213 3730 1266 quem

2182 1291 2325 1347 dedit
2373 1289 2513 1345 vobis
2551 1287 2807 1344 Dominus
2857 1284 3123 1340 comedere
3169 1283 3365 1357 (Exod.
3415 1285 3528 1357 xvr)
3562 1302 3577 1351 ;
3616 1301 3731 1355 pro-

2181 1384 2359 1453 pheta:
2383 1388 2562 1435 autem
2589 1398 2603 1433 :
2638 1377 2805 1433 Panis
2844 1392 2891 1431 et
2918 1376 3148 1442 dabitur,
3176 1384 3224 1431 et
3250 1393 3401 1447 aqua-
3425 1376 3540 1447 ejus
3568 1376 3731 1446 ﬁdeles

2179 1481 2323 1538 sunt,
2373 1486 2547 1540 regem
2595 1469 2651 1522 in
2674 1468 2859 1522 decore
2910 1481 3006 1520 suo
3052 1464 3293 1520 ridebunt
3340 1464 3476 1538 (lsn.
3529 1465 3731 1539 χχχιιι).

2180 1561 2422 1632 Apostoli
2474 1568 2657 1615 autem
2698 1557 2918 1613 uberius
2964 1560 3239 1627 exponunt
3298 1555 3500 1612 Christi
3550 1566 3733 1628 myste-

2181 1658 2348 1722 rium,
2399 1654 2542 1709 unde
2565 1667 2667 1708 nec
2723 1651 2974 1723 laganum
3026 1666 3129 1709 nec
3189 1650 3521 1723 collyridam.
3575 1652 3743 1710 Panes‘

2183 1754 2363 1801 autem
2406 1744 2665 1801 doctrinae
2690 1749 2753 1798 ut
2777 1750 2903 1812 pote
2936 1741 3111 1815 magis
3134 1742 3435 1797 nutrientes
3471 1742 3732 1798 dicuntur.

2183 1835 2330 1903 Quos
2358 1835 2505 1890 enim
2528 1835 2937 1902 hle,secundum
2965 1834 3414 1908 Septuaginta,de
3435 1836 3555 1892 oleo
3582 1851 3737 1907 panes

2181 1928 2607 1999 appellaverunt,
2659 1924 3089 1991 hos,secundum
3142 1927 3244 1982 hos
3292 1926 3438 1996 ipsos
3522 1925 3739 1995 Septua-

2180 2015 2700 2089 ginta,collyridam,
2726 2015 2780 2070 in
2819 2015 3135 2087 scenopegia
3181 2015 3475 2071 canistrum
3501 2031 3738 2071 consum-

2180 2106 2433 2163 mationis
2484 2119 2761 2175 exponens
2810 2104 2956 2175 quod
2991 2103 3355 2175 accipiebatur
3388 2104 3440 2158 in
3493 2106 3739 2159 unctione

2180 2195 2498 2263 sacerdotis,
2526 2193 2807 2266 legislator
2849 2194 3159 2265 appellavit,
3189 2210 3286 2266 per
3332 2196 3649 2267 collyridam
3674 2197 3740 2251 si-

2181 2287 2441 2360 gniﬁcans
2500 2283 2637 2356 legis
2693 2285 2985 2356 eloquium.
3040 2285 3311 2352 Quantum
3356 2293 3532 2340 autem
3591 2285 3743 2358 coll}-

2179 2378 2312 2434 ridm
2341 2376 2642 2432 deteriores
2671 2374 2782 2429 sint
2819 2374 3048 2445 panibus
3076 2375 3144 2430 ad
3170 2375 3585 2443 nutrimentum,
3618 2377 3741 2431 nulli

2179 2473 2263 2522 est
2287 2464 2510 2521 dubium
2548 2464 2693 2520 unde
2721 2462 3089 2534 apostolorum
3133 2479 3432 2531 sermones,
3460 2467 3746 2537 propheta-

2181 2570 2300 2611 rum
2328 2562 2386 2610 et
2408 2553 2542 2625 legis
2582 2561 2972 2623 praeponuntur
3017 2555 3381 2621 sermonibus,
3412 2556 3540 2625 quia
3594 2550 3747 2625 majo-

2180 2658 2298 2699 rem
2334 2632 2710 2713 prazceperunt
2771 2642 3019 2715 gratiam,
3071 2643 3147 2698 ita
3177 2652 3236 2698 ut
3274 2642 3473 2700 Paulus
3500 2645 3740 2702 diceret:

2181 2732 2370 2788 Posuit
2401 2731 2537 2787 Deus
2584 2733 2641 2787 in
2668 2731 2905 2787 Ecclesia
2954 2734 3180 2803 primum
3231 2734 3515 2805 apostolos,
3570 2735 3747 2791 deinde

2178 2825 2455 2897 prophetas
2486 2823 2699 2896 (Ephes.
2733 2822 2830 2895 ιν).
2868 2822 3074 2879 Deinde
3112 2822 3212 2894 ipsi
3240 2832 3361 2894 post
3382 2826 3743 2896 evangelicam

2182 2914 2550 2981 traditionem,
2589 2912 2937 2969 introducunt
2961 2912 3162 2969 Christi
3188 2916 3469 2987 mysteria.
3503 2918 3748 2974 Introdu-

2183 3011 2316 3059 cunt
2339 3011 2521 3058 autem
2558 3002 2694 3070 legis
2715 3003 3210 3074 prophetarumque
3258 3014 3475 3062 utentes
3504 3008 3747 3064 testimo—

498 3109 714 3164 corpus,
749 3093 953 3149 etl‘udit.
984 3094 1194 3165 Corpus
1220 3103 1398 3150 autem
1422 3095 1620 3151 Christi
1650 3096 1889 3151 Ecclesia
1914 3104 1998 3152 est
2022 3104 2078 3152 et
2103 3080 2147 3142 C
2178 3090 2307 3159 niis,
2347 3100 2571 3164 propter
2613 3091 2758 3162 quod
2806 3092 2887 3147 eis
2928 3093 3211 3167 vcollyridae
3253 3106 3310 3151 et
3356 3095 3551 3168 lagana
3599 3097 3751 3155 simul

497 3183 674 3257 onmis
701 3182 851 3254 plebs
876 3183 1013 3254 ejus,
1045 3185 1186 3255 quod
1210 3184 1518 3254 specialiter
1538 3185 1807 3240 dicentem
1836 3184 2076 3242 Marcum

499 3271 838 3327 invenimus:
889 3273 957 3327 Et
996 3290 1225 3339 sumens,
1265 3274 1464 3344 gratias
1506 3290 1662 3345 agens
1707 3275 1851 3329 dedit
1879 3276 1976 3341 eis,
2025 3285 2074 3330 et

499 3364 738 3419 biberunt
772 3380 838 3419 ea:
875 3381 934 3419 eo
963 3381 1157 3419 omnes.
1198 3365 1269 3419 Et
1303 3366 1437 3420 dixit
1475 3365 1577 3433 eis,
1632 3365 1734 3421 Hic
1766 3377 1839 3421 est
1861 3368 2075 3439 sanguis

498 3472 642 3510 meus
687 3454 824 3511 Novi
875 3455 1191 3511 Testamenti
1240 3458 1330 3528 qui
1384 3473 1478 3529 pro
1526 3456 1704 3512 multis
1755 3459 1954 3528 eﬂ'usus
2001 3468 2075 3514 est

499 3544 692 3615 (Marc.
747 3548 883 3611 xiv).
930 3546 1026 3602 llis
1075 3549 1403 3604 conveniunt
1442 3564 1505 3605 ea
1573 3565 1694 3620 qua:
1735 3560 2071 3620 sequuntur:

497 3635 714 3706 Adipem
735 3646 909 3691 autem
931 3647 979 3691 et
1002 3638 1242 3702 caudam,
1260 3656 1560 3711 omnemque
1582 3640 1947 3711 pinguedinem
1959 3659 2077 3713 qua:

494 3723 660 3794 operit
711 3725 980 3792 intestina,
1036 3725 1409 3798 reticulumque
1437 3727 1652 3796 jecoris,
1694 3737 1744 3782 et
1764 3728 1896 3783 duos
1930 3745 2075 3783 renes

498 3829 615 3865 cum
645 3815 884 3885 adipibus
929 3816 1061 3881 suis,
1114 3826 1162 3869 ct
1202 3834 1349 3871 armo
1396 3816 1578 3871 dextro
1625 3819 1925 3888 separavit;
1979 3833 2077 3887 pro

499 3904 671 3957 cauda
695 3903 1047 3974 Septuaginta
1073 3904 1326 3971 lumbum,
1366 3914 1420 3960 et
1449 3922 1549 3976 pro
1592 3906 1864 3962 intestinis
1889 3909 2078 3962 ventri-

499 3993 696 4062 culum,
744 4003 799 4049 et
824 4011 922 4065 pro
974 3996 1197 4051 reticulo
1218 3995 1436 4065 jecoris,
1480 3998 1920 4069 pinnam/repetis
1964 4000 2078 4055 edi-

497 4087 713 4142 derunt.
742 4086 906 4157 Cujus
929 4097 1108 4143 autem
1136 4088 1250 4144 lucc
1276 4089 1500 4159 ﬁguram
1524 4099 1736 4162 gerant,
1768 4091 1823 4145 in
1851 4092 2075 4150 salutari

498 4177 786 4244 sacriﬁcio,
833 4194 926 4234 seu
963 4179 1333 4250 paciﬁcorum,
1383 4196 1480 4251 per
1512 4181 1723 4254 singula
1774 4182 2075 4238 discussum

494 4279 599 4325 est.
632 4269 749 4325 Non
779 4268 978 4325 frustra
1008 4280 1185 4326 autem
1214 4287 1301 4336 ea,
1338 4287 1481 4326 nunc
1509 4272 1563 4326 in
1606 4273 1779 4329 ariete
1820 4290 2075 4330 consum-

498 4357 752 4414 mationis
780 4366 1203 4425 commemorat,
1259 4359 1355 4414 sed
1381 4359 1506 4429 quia
1553 4358 1756 4418 Christi
1786 4364 2072 4434 mysticum

501 4447 699 4513 pascha
746 4453 801 4499 et
845 4461 1029 4501 eorum
1081 4448 1354 4517 perceptio
1404 4448 1473 4503 ad
1516 4449 1742 4505 salutem
1792 4451 2067 4506 hominum

502 4536 765 4605 provenit,
808 4537 1002 4605 quibus
1050 4539 1324 4592 doctorem
1372 4540 1800 4609 supei'aadiﬁcare
1837 4558 2067 4612 sequen-

505 4624 575 4676 tia
609 4624 782 4678 nostri
840 4626 1080 4696 mysterii
1119 4635 1387 4696 pra'parat
1418 4629 1607 4683 virtus.
1660 4629 1863 4685 Tollens
1895 4643 2069 4686 autem

487 4714 564 4766 .de
620 4715 847 4769 canistro
905 4734 1207 4788 azymorum
1265 4718 1405 4788 quod
1452 4729 1562 4771 erat
1599 4736 1777 4774 coram
1824 4716 2067 4788 Domino,

489 4819 689 4873 panem
745 4804 936 4876 absque
986 4807 1236 4876 fermento
1279 4818 1327 4862 et
1385 4806 1692 4879 collyridam
1742 4827 2067 4881 conspersum

502 4898 648 4966 oleo,
711 4898 1076 4971 laganumque.
1118 4901 1221 4956 Pro
1281 4902 1517 4958 canistro
1578 4918 1919 4974 azymorum,
1978 4903 2071 4962 Se-

500 4987 781 5059 ptuaginta
812 4990 1099 5043 canistrum
1145 4992 1603 5046 consummationis
1643 4993 1941 5049 ediderunt.
1967 4993 2071 5051 Per

504 5079 800 5133 canistrum
823 5088 1003 5135 autem
1044 5081 1527 5138 consummationis
1565 5082 1802 5155 linguam
1857 5085 2072 5143 Domini

504 5165 885 5239 mtelligimus,
938 5169 1049 5225 sola
1104 5171 1300 5242 quippe
1358 5173 1683 5243 prazcipuam
1747 5173 2070 5245 perfectam-

503 5273 610 5329 que
633 5258 930 5315 doctrinam
948 5260 1265 5330 introduxit,
1287 5272 1507 5333 propter
1522 5264 1665 5333 quod
1685 5264 1897 5320 dicebat
1912 5281 1927 5319 :
1945 5263 2071 5321 Non

503 5355 621 5409 veni
649 5344 845 5410 solvere
891 5353 1073 5425 legem,
1127 5359 1216 5411 sed
1260 5357 1471 5430 implere
1522 5358 1735 5431 (Matth.
1768 5359 1847 5432 v),
1884 5367 2072 5433 utpote

506 5442 621 5516 ipse
645 5446 870 5516 implens
899 5462 1019 5517 qua:
1050 5448 1229 5505 minus
1251 5459 1408 5504 erant
1457 5451 1509 5505 in
1545 5451 1682 5522 lege.
1710 5452 1854 5507 Bene
1886 5462 2068 5507 autem

502 5548 628 5589 eam
642 5545 696 5590 et
711 5537 1031 5603 canistrum,
1053 5548 1274 5610 pmpter
1295 5549 1605 5597 contextum
1621 5542 1884 5598 dictorum
1913 5558 2072 5599 voca-

509 5621 606 5688 vit,
632 5640 753 5679 cum
782 5627 945 5683 multa
979 5629 1032 5683 in
1055 5629 1324 5699 parabolis
1347 5630 1563 5699 dixerit,
1590 5632 1663 5687 ita
1691 5641 1750 5687 nt
1768 5631 1935 5689 Judaei
1965 5647 2070 5688 non

2097 4413 2150 4471 D

2174 3178 2419 3251 subjecta
2448 3188 2574 3236 sunt
2616 3188 2673 3236 et
2721 3178 3033 3249 conjuncta.
3081 3183 3188 3240 Sed
3215 3185 3346 3256 quid
3397 3186 3485 3242 his
3530 3187 3750 3259 adjiciat

2175 3270 2540 3327 intendamus.

2245 3357 2431 3415 Posuit
2450 3377 2607 3433 super
2624 3361 2829 3432 adipem
2848 3370 2897 3416 et
2918 3379 3122 3417 armum
3152 3361 3415 3430 dextrum,
3443 3366 3662 3422 tradens
3684 3366 3753 3421 si-

2174 3450 2285 3507 mul
2310 3454 2486 3507 omnia
2510 3453 2689 3507 Aaron
2714 3468 2776 3507 ac
2808 3452 2909 3522 ﬁlii
2946 3454 3082 3524 ejus.
3110 3452 3243 3510 Illud
3271 3455 3357 3511 lex
3386 3467 3748 3525 contestatur,

2174 3543 2300 3614 quia
2339 3559 2498 3599 omne
2532 3543 2861 3600 desiderium
2901 3560 3223 3616 omnemque
3251 3547 3518 3604 actionem
3554 3551 3750 3607 bonam

2174 3635 2357 3691 oﬁ‘erri
2386 3635 2643 3707 mysterio
2681 3636 2753 3691 sit
2787 3651 3028 3701 necesse,
3064 3638 3111 3693 si
3155 3645 3332 3694 tamen
3364 3640 3447 3695 vis
3490 3640 3623 3696 illud
3668 3656 3751 3696 se-

2176 3726 2412 3781 cundum
2445 3725 2539 3781 Dei
2571 3726 2924 3782 intentionem
2962 3726 3205 3799 legisque
3233 3730 3527 3800 suscipere.
3569 3730 3676 3787 Sed
3698 3739 3753 3786 et

2174 3816 2488 3885 prazdictum
2520 3830 2751 3887 sequens
2769 3817 3016 3873 ordinem
3036 3818 3149 3873 ait:
3180 3818 3414 3875 Tradens
3453 3822 3617 3877 simul
3646 3837 3752 3877 om-

2177 3907 2265 3960 nia
2285 3907 2462 3961 Aaron
2483 3906 2710 3978 ﬁliisque
2742 3907 2878 3977 ejus.
2922 3906 3079 3964 Prius
3103 3909 3365 3980 siquidem
3386 3909 3638 3967 Christus
3657 3925 3752 3968 sua

2176 3997 2431 4066 mysteria
2468 3998 2761 4061 inchoavit,
2802 4006 2858 4053 et
2899 4007 3027 4054 tunc
3065 4014 3128 4054 ea
3171 3985 3454 4070 nobisqui
3495 3999 3630 4057 facti
3661 4016 3752 4056 su-

2176 4101 2297 4140 mus
2323 4085 2417 4139 ﬁlii
2462 4084 2579 4156 ejus
2617 4100 2715 4155 per
2739 4086 3017 4141 lavacrum
3044 4089 3467 4158 regenerationis
3500 4090 3750 4145 tradidit.

2177 4172 2245 4227 Et
2266 4173 2561 4228 levaverunt
2580 4190 2643 4227 ea
2674 4191 2854 4228 coram
2884 4175 3131 4231 Domino.
3169 4177 3346 4247 lpsnm
3375 4179 3518 4232 enim
3552 4188 3754 4250 myste'

2178 4264 2316 4318 rium
2346 4264 2489 4334 quod
2525 4264 2682 4320 nobis
2729 4265 2989 4331 tradidit,
3039 4265 3140 4321 hoc
3166 4282 3288 4322 cum
3338 4283 3434 4323 sua
3481 4283 3647 4323 carne
3694 4267 3752 4323 in

2178 4353 2343 4410 caelos
2394 4353 2635 4419 levavit;
2690 4354 2875 4410 dicens
2920 4365 3142 4410 autem:
3198 4355 3406 4411 Levavit
3461 4375 3523 4412 ea
3569 4374 3750 4411 eorum

2174 4443 2421 4511 Domino,
2459 4445 2677 4500 modum
2712 4459 2820 4514 quo
2856 4445 3113 4501 obtulerit
3155 4446 3235 4501 eis
3279 4447 3370 4516 qui
3415 4455 3542 4517 post
3577 4447 3751 4502 futuri

2173 4545 2330 4591 erant
2363 4537 2629 4608 exposuit.

2246 4625 2575 4697 Rursumque
2620 4637 2855 4696 suscepta
2908 4627 2971 4681 de
3016 4628 3256 4682 manibus
3300 4645 3476 4682 eorum
3518 4628 3750 4682 adolevit

2172 4736 2328 4790 super
2353 4719 2519 4774 altare
2557 4719 2871 4785 holocausti,
2900 4736 2959 4774 eo
2999 4719 3138 4792 quod
3177 4720 3580 4775 consecrationis
3617 4727 3752 4773 esset

2174 4811 2389 4878 oblatio,
2412 4814 2469 4867 in
2490 4812 2700 4867 odorem
2733 4814 3005 4867 suavitatis
3037 4812 3285 4880 sacriﬁcii
3305 4811 3538 4867 Domini.
3562 4811 3755 4866 Altare

2176 4901 2474 4957 holocausti
2516 4901 2719 4957 Christi
2748 4917 2942 4971 corpus
2968 4903 3115 4957 dicit.
3151 4901 3256 4958 Sed
3281 4910 3334 4957 et
3382 4902 3517 4957 odor
3544 4901 3756 4957 suavis-

2177 4994 2382 5049 simus:
2413 4994 2482 5048 de
2509 4992 2728 5049 Christo
2752 4994 2896 5048 enim
2928 5004 3114 5065 aperte
3138 4995 3192 5049 in
3224 4995 3463 5051 Canticis
3487 4994 3755 5051 Cantico-

2180 5101 2299 5141 rum
2326 5086 2524 5140 dicitur
2555 5104 2568 5140 :
2605 5083 2935 5157 Unguentum
2976 5087 3200 5157 e/I'usum
3238 5096 3314 5142 est
3350 5103 3534 5141 nomen
3571 5097 3756 5153 tuum,

2176 5186 2447 5248 propterea
2486 5175 2885 5231 adolescentulo:
2917 5177 3209 5232 dilexerunt
3244 5187 3292 5232 te
3319 5176 3494 5248 (Cant.
3533 5176 3600 5249 ι).
3652 5174 3760 5232 Sa-

2175 5267 2377 5336 criﬁcio
2401 5266 2628 5333 Domini,
2673 5268 2726 5324 id
2751 5276 2856 5334 cst,
2886 5266 3139 5323 sacriﬁcii
3165 5276 3220 5323 et
3241 5267 3762 5335 holocaustomatis,

2173 5358 2307 5413 sicut
2330 5358 2596 5414 mandavit
2636 5358 2915 5425 Dominus;
2948 5360 3061 5429 ipse
3095 5360 3240 5416 enim
3261 5360 3569 5415 mandavit:
3601 5358 3763 5425 Quo-

2153 5449 2469 5520 tiescunque
2487 5448 2582 5503 hoc
2606 5449 2797 5515 bibitis,
2827 5460 3046 5504 mortem
3063 5449 3276 5506 Domini
3296 5451 3353 5505 in
3370 5448 3766 5518 nobismetipsis

2175 5540 2482 5594 annuntiate
2500 5538 2549 5608 (I
2572 5537 2694 5592 Cor.
2720 5538 2818 5610 χι).
2846 5539 2993 5593 Tulit
3010 5550 3059 5595 et
3071 5538 3444 5611 pectusculum,
3468 5538 3686 5593 elevans
3704 5537 3770 5592 il—

2173 5633 2270 5687 lud
2289 5649 2465 5687 coram
2490 5631 2735 5697 Domino,
2770 5631 2833 5686 de
2863 5632 3024 5688 ariete
3066 5632 3494 5698 consecrationis,
3532 5644 3633 5685 seu
3671 5645 3771 5685 sc-
