3954 6176
305 240 417 300 5‘53
1240 236 1743 296 EXPOSITiONES
1778 238 1845 292 IN
1884 236 2283 295 LEVITICUM.
2323 268 2392 278 -——
2430 237 2559 292 LIB.
2593 238 2656 293 ll.
3471 251 3573 305 554

304 348 934 422 cundumSeptuaginta,
960 352 1489 407 consummationisin
1505 362 1704 422 partem
1722 368 1893 416 suam,
1926 356 1974 413 Α
2001 350 2311 407 ctiﬁcantur
2352 352 2422 407 ad
2475 352 2771 409 ineundum
2819 356 3202 422 sacerdotium,
3260 359 3342 414 Ad
3387 363 3578 419 ostium

303 451 447 503 sicut
470 453 787 517 priet-operat
817 445 865 498 ei
910 443 1188 498 Dominus.
1236 442 1392 499 Sicut
1422 445 1478 499 in
1507 444 1774 499 sacriﬁcio
1795 459 1891 514 pa-
2000 440 2324 496 tabernaculi
2365 444 2644 498 testimonii
2689 445 2934 500 sedebitis
2976 458 3170 519 septem
3207 451 3339 518 dies,
3387 455 3472 508 die
3516 476 3577 512 ac

303 540 595 595 ciﬁcorum
632 550 729 591 seu
764 534 1010 598 salutari,
1041 533 1411 603 pectusculum
1443 535 1522 589 sic
1546 543 1602 589 et
1629 534 1717 590 hic
1740 533 1897 589 oll'er-
1998 541 2164 597 nocte,
2198 550 2262 589 ne
2287 535 2632 589 moriemini?
2666 534 3044 607 Nunquidnam
3076 542 3336 599 credibile
3365 555 3445 601 εει
3470 550 3578 604 sim

308 638 422 693 tur,
464 626 656 697 utique
699 623 1022 694 intelligibili
1052 623 1240 695 Moysi,
1294 624 1348 678 id
1379 632 1464 679 est
1490 623 1711 680 Christo
1759 639 1893 695 pec-
1998 623 2240 693 corporis
2261 638 2370 678 uno
2389 623 2507 679 loco
2535 624 2725 682 sedere
2745 636 3064 698 praeceptas,
3086 646 3185 701 per
3205 631 3321 688 dies
3346 646 3577 705 septem,

308 720 588 776 tusculum
618 717 807 771 arietis
837 716 1267 772 consecrationis
1286 730 1381 771 seu
1411 716 1894 773 consummationis
1999 711 2088 768 die
2114 727 2181 769 ac
2206 721 2384 779 nocte,
2410 715 2552 770 unde
2607 730 2669 771 se
2710 717 2932 774 omnino
2980 734 3087 775 non
3136 730 3580 783 commoverent?

306 819 622 881 separatur,
648 807 776 877 quia
810 821 908 876 per
932 804 1304 876 pectusculum
1326 804 1460 861 ﬁdes
1479 813 1535 861 et
1563 805 1890 861 conﬁdentia
1998 802 2109 859 Nec
2138 811 2317 859 tamen
2344 804 2434 859 hic
2465 812 2720 875 tanquam
2755 805 3043 879 allegorice
3070 809 3271 880 aliquid
3303 813 3581 885 signiﬁca-

307 900 600 973 ﬁguratur,
629 900 771 953 sicut
800 897 1012 969 pridem
1048 896 1304 952 diximus.
1345 894 1479 951 Cum
1515 905 1695 952 autem
1725 897 1897 968 ipsius
1997 903 2112 951 tum
2144 897 2288 967 quod
2329 911 2437 951 non
2479 896 2634 952 ﬁeret
2684 898 2984 971 intelligere
3014 902 3239 972 cogendi
3270 919 3457 960 sumus
3485 922 3579 962 ac—

308 996 388 1050 sit
415 993 765 1058 sacriﬁcium,
789 1006 1012 1048 necesse
1033 999 1117 1046 est
1138 1000 1198 1046 ut
1219 998 1275 1046 et
1316 991 1448 1047 ﬁdes
1477 991 1577 1062 ipsi
1605 1007 1724 1063 qua:
1748 993 1802 1047 in
1829 1009 1895 1049 eo
1998 986 2203 1057 cipere,
2236 986 2329 1042 sed
2358 988 2537 1057 potius
2563 1003 2857 1059 agnoscere
2897 989 3227 1048 locutionem
3273 994 3581 1066 Scriptura-

306 1096 401 1140 est
421 1083 1144 1155 deputetur?Assumensque
1165 1092 1485 1153 unguentum
1515 1084 1893 1154 etsanguinem
1998 1094 2140 1145 rum,
2171 1079 2263 1135 ubi
2311 1080 2606 1135 sessionem
2647 1096 2748 1151 pro
2799 1081 3134 1140 habitatione
3178 1094 3234 1140 et
3278 1102 3586 1146 commora-

304 1176 408 1247 qui
434 1176 628 1229 eratin
658 1173 836 1239 altari,
863 1174 1083 1244 aspersit
1106 1189 1265 1245 super
1301 1172 1482 1228 Aaron
1506 1183 1558 1228 et
1594 1175 1898 1232 vestimenta
2001 1168 2168 1223 ιίοηθ·
2202 1168 2320 1224 Non
2361 1169 2506 1225 enim
2546 1171 2677 1239 quia
2722 1171 2924 1228 diem!“
2961 1181 3047 1230 θεῖ
3083 1173 3150 1230 de
3187 1174 3387 1243 semei.
3436 1182 3581 1250 quod

307 1265 456 1335 ejus,
496 1272 545 1317 et
571 1280 728 1333 super
751 1261 891 1331 ﬁlios
933 1263 1047 1331 ejus
1087 1278 1149 1315 ac
1196 1270 1357 1316 vestes
1405 1279 1606 1318 eorum.
1655 1262 1897 1334 Cumque
2001 1260 2203 1315 sederit
2233 1260 2287 1314 in
2332 1259 2674 1316 Hierusalem
2700 1277 2870 1318 annos
2893 1272 3003 1319 tres
3025 1263 3147 1337 (111
3185 1265 3315 1338 Reg.
3343 1268 3424 1335 tt),
3460 1270 3583 1327 ideo

308 1354 714 1411 sanctiﬁcasset
740 1369 827 1406 eos
856 1353 907 1406 in
942 1351 1125 1407 uestitu
1149 1369 1268 1419 suo,
1306 1353 1450 1424 quod
1477 1351 1749 1425 Unigeniti
1776 1369 1901 1409 sau-
2004 1349 2309 1419 putandum
2344 1357 2427 1405 est
2451 1365 2550 1421 per
2572 1359 2744 1407 totum
2782 1352 2912 1407 illud
2968 1362 3179 1423 tempus
3223 1356 3278 1411 in
3316 1358 3447 1413 sella
3499 1375 3585 1415 se-

306 1446 441 1517 gnis
482 1454 537 1500 et
564 1444 746 1498 unctio
779 1442 1013 1515 Spiritus
1048 1444 1209 1499 unius
1229 1444 1340 1501 sint
1366 1446 1699 1515 operationis
1737 1454 1901 1516 atque
2003 1440 2147 1496 disse
2184 1449 2241 1495 el
2265 1455 2373 1495 nou
2400 1441 2725 1498 surrexisse.
2771 1442 2909 1499 Hinc
2936 1453 2991 1499 et
3020 1446 3176 1500 sedes
3210 1446 3463 1503 dicuntur
3491 1450 3582 1505 ubi

308 1534 558 1598 virtutis,
590 1542 645 1588 et
669 1533 847 1587 minus
891 1542 1036 1588 recte
1070 1533 1248 1588 oleum
1285 1534 1557 1590 unctionis
1581 1543 1638 1589 et
1678 1536 1899 1602 sangui-
2004 1530 2207 1586 habent
2312 1534 2795 1589 commorationem
2824 1550 3055 1604 quorum
3077 1536 3234 1594 sedes
3261 1550 3405 1606 sunt,
3432 1541 3585 1597 babi-

310 1641 444 1681 nem
492 1625 701 1689 altaris,
756 1624 809 1678 id
855 1631 960 1690 est,
1012 1624 1278 1679 Dominici
1324 1625 1569 1695 corporis
1618 1624 1898 1696 legislator
2008 1621 2672 1693 tatioquippebocnomen
2687 1626 3043 1699 accepit.(Ex
3058 1624 3583 1702 Hesycltio.)Pr:cci-

310 1716 557 1783 uinxerit,
609 1715 737 1769 andi
780 1713 1044 1769 Joannem
1095 1714 1402 1770 dicentem:
1450 1714 1577 1769 Tria
1616 1726 1739 1770 sunt
1780 1733 1902 1787 quo:
1931 1705 1977 1765 B
2003 1724 2110 1782 pua
2137 1726 2279 1767 nunc
2308 1712 2583 1783 legislator
2615 1716 2855 1785 providit
2886 1717 3250 1790 discrevitque
3298 1725 3580 1795 mysteria,

310 1808 674 1862 testimonium
714 1805 968 1875 praebent,
1014 1814 1063 1859 et
1110 1815 1216 1860 tres
1265 1822 1428 1859 unum
1475 1814 1620 1871 sunt,
1663 1806 1898 1876 spiritus,
2003 1809 2060 1856 et
2089 1800 2387 1872 ﬁguraliter
2404 1818 2503 1873 per
2529 1818 2593 1858 ea
2620 1820 2740 1874 quae
2762 1821 2906 1862 nunc
2928 1810 3324 1881 contemplatus
3346 1821 3448 1876 est,
3474 1823 3585 1869 tra-

314 1917 485 1970 aqua,
526 1908 573 1952 et
603 1897 819 1967 sanguis
860 1895 910 1967 (Ι
938 1896 1100 1950 Joan.
1145 1895 1219 1968 v).
1266 1895 1440 1951 Unum
1467 1897 1613 1951 enim
1652 1895 1902 1952 eﬂ’ectum
2004 1889 2298 1945 diditintra
2326 1890 2622 1948 Ecclesiam
2644 1908 2709 1949 ea
2742 1895 2954 1964 perﬁci,
2988 1906 3044 1953 et
3064 1898 3371 1956 nullatenus
3396 1904 3582 1972 profa-

312 1989 765 2045 sancuﬁcauonis
789 1989 1007 2043 habent,
1036 1987 1260 2043 Multum
1315 1995 1495 2043 autem
1522 1998 1672 2044 rem
1692 1997 1902 2045 νεεωηι
2003 1994 2199 2034 norum
2225 1981 2429 2037 visibus
2458 1991 2514 2037 et
2542 1984 2767 2039 auribus
2789 1986 3075 2055 publicari,
3116 2006 3220 2046 nec
3255 1994 3477 2049 cuilibet
3498 2011 3586 2049 vo—

310 2083 501 2138 Aaron
531 2082 599 2136 ab
621 2080 775 2136 stolis
810 2080 1043 2136 ﬁliorum
1081 2080 1264 2136 Aaron
1296 2079 1385 2136 lex
1419 2082 1728 2150 separavit;
1775 2096 1871 2136 nam

2020 2070 2131 2125 venti
2156 2069 2477 2142 profanandi
2519 2088 2583 2128 ea
2616 2088 2739 2131 esse
2773 2077 3107 2135 facultatem.
3148 2082 3300 2138 Unde
3326 2086 3454 2156 quia
3500 2098 3581 2142 ta-

310 2175 425 2230 etsi
454 2174 523 2229 ad
556 2173 915 2228 imitationem
957 2172 1168 2227 Domini
1205 2180 1412 2227 vestem
1445 2172 1535 2241 qui
1581 2172 1651 2228 ab
1685 2187 1753 2227 eo
1807 2173 1871 2228 ad

2024 2164 2355 2221 ternaculum
2393 2167 2689 2223 testimonii
2713 2170 2827 2225 Deo
2858 2172 3057 2228 caelum
3086 2190 3238 2240 esse,
3261 2178 3464 2231 atrium
3497 2195 3585 2233 au-

308 2264 492 2335 optali
519 2278 707 2318 sumus
729 2262 1010 2328 habemus,
1038 2270 1413 2317 verumtamen
1435 2270 1697 2330 quantum
1726 2262 1902 2332 ponti-
2003 2266 2113 2313 tem
2145 2259 2479 2316 tabernaculi
2504 2261 2666 2340 bujus
2698 2262 3021 2331 Ecclesiam,
3058 2267 3184 2337 quia
3214 2269 3328 2337 ipsa
3356 2278 3441 2324 est
3460 2283 3585 2325 ante

310 2359 443 2417 ﬁcis
473 2357 688 2413 diﬁ'erat
720 2358 888 2413 vestis
927 2373 1028 2428 per
1052 2358 1328 2413 anteriora
1354 2340 1662 2414 didicimus.
1717 2358 1775 2414 Si
1811 2374 1903 2415 au-
2003 2349 2129 2404 εαὶιί
2158 2349 2441 2406 ἱοιΐοίῑυω
2486 2353 2769 2420 001100313.
2829 2356 2943 2427 ipse
3000 2356 3334 2414 Hierusalem
3389 2361 3585 2431 quippe

312 2461 435 2509 teut
464 2449 790 2506 sanctiﬁcari
815 2451 1211 2523 intelligibilem
1239 2450 1423 2507 Aaron
1446 2452 1757 2522 aspersione
1776 2468 1873 2509 san

2020 2440 2241 2498 :mlestis
2289 2450 2438 2497 tenet
2485 2442 2798 2515 imaginem,
2838 2447 2981 2501 sicut
3026 2447 3153 2504 olim
3192 2450 3581 2518 praediximus:

312 2543 505 2615 guinis
546 2550 605 2598 ει
638 2541 743 2596 olei
793 2542 1166 2611 cognovimus,
1213 2557 1321 2597 non
1379 2542 1712 2598 admiremur
1759 2541 1903 2612 quod
2004 2530 2151 2588 intus
2166 2532 2220 2587 in
2241 2547 2306 2588 ea
2323 2548 2515 2590 carnes
2534 2535 2785 2591 sacriﬁcii
2807 2538 2964 2608 coqui
2987 2540 3260 2610 praecepit.
3284 2541 3375 2596 Λίι
3398 2544 3543 2598 enim
3567 2563 3580 2599 :

316 2636 529 2690 dictum
553 2642 657 2690 εει,
699 2634 820 2704 Ipse
845 2636 991 2688 enim
1034 2634 1283 2690 Christus
1309 2634 1382 2688 ad
1419 2635 1902 2691 sanctiﬁcaleum
2004 2619 2265 2695 Praecepit
2289 2626 2364 2680 eis
2386 2626 2595 2681 dicens:
2617 2626 2835 2700 Coquite
2856 2640 2977 2685 ante
3002 2630 3140 2700 [01⁵88
3164 2633 3509 2700 tabernaculi,
3536 2646 3586 2690 et

316 2735 567 2780 nostram
620 2725 990 2794 aspersionem
1043 2724 1251 2794 proprii
1303 2724 1601 2795 sanguinis,
1654 2725 1877 2780 videlicc

2026 2714 2076 2767 bi
2118 2716 2373 2771 comedite
2420 2734 2529 2772 eas.
2571 2718 2852 2785 Quomodo
2896 2735 3027 2791 ergo
3059 2722 3111 2775 in
3160 2723 3245 2777 his
3275 2740 3381 2778 non
3412 2726 3587 2780 admi-

312 2814 627 2886 passionem
653 2829 808 2869 suam
835 2828 936 2882 pro
956 2814 1114 2868 nobis
1141 2813 1355 2879 obtulit,
1387 2816 1530 2868 unde
1557 2813 1696 2869 ﬁlios
1719 2813 1905 2870 Aaron
2005 2808 2175 2860 randa
2201 2807 2274 2861 sit
2298 2807 2562 2878 sapientia
2593 2808 2864 2879 Spiritus?
2891 2810 3102 2867 Nullam
3124 2814 3322 2883 quippe
3344 2815 3587 2870 dubieta-

312 2913 384 2960 ει
411 2904 621 2958 tunicas
639 2918 734 2957 seu
764 2903 930 2959 stolas
959 2918 1082 2958 cum
1115 2904 1296 2958 Aaron
1321 2903 1523 2958 dixerit
1549 2904 1902 2972 sanctiﬁcari,
2006 2903 2114 2952 lem
2145 2898 2451 2969 huiusumdi
2477 2899 2772 2956 intellectui
2810 2902 3118 2973 dereliquit.
3156 2914 3439 2976 Propterea
3468 2924 3588 2963 car-

313 2995 454 3064 quia
478 3010 810 3065 qumcunque
837 2996 893 3049 in
919 2994 1076 3050 nobis
1102 2995 1444 3067 contingunt,
1459 2995 1526 3050 ad
1554 3011 1701 3064 eum,
1730 3006 1792 3052 ιιι
1815 3014 1905 3053 αι.
1934 3045 1974 3067 ﬁ
2007 3005 2106 3044 nes
2132 3005 2259 3047 cum
2283 2992 2515 3061 panibus
2548 2994 2759 3049 comedi
2784 2995 3124 3065 praecipiens,
3151 3006 3213 3052 ut
3254 3014 3355 3054 nos
3390 3000 3588 3056 intelli-

315 3045 425 3161 Sut
457 3045 662 3142 scilicet
692 3045 857 3142 totius
882 3088 1148 3157 corporis,
1171 3045 1480 3144 nece'issario
1509 3045 1795 3145 reducunt.
1821 3089 1905 3146 Ad
1930 3045 1976 3108 C
2004 3095 2256 3149 seremus
2279 3084 2412 3140 illud
2431 3084 2501 3139 ab
2525 3100 2592 3141 e0
2622 3045 3075 3157 mysterriumidici
3098 3106 3112 3141 :
3138 3090 3282 3158 quod
3310 3092 3468 3147 simul
3494 3108 3592 3162 pa-

315 3181 700 3252 probalioncm
745 3189 926 3236 autem
969 3196 1160 3237 eorum
1188 3198 1308 3252 qua;
1336 3183 1477 3238 diem
1511 3192 1657 3251 sum,
1689 3184 1905 3240 Domini
2006 3174 2092 3229 nis
2129 3183 2337 3231 etcaro
2378 3186 2485 3243 est,
2517 3178 2658 3234 sicut
2695 3194 2892 3248 corpus
2914 3178 3135 3245 Christi,
3177 3183 3333 3252 panis
3357 3184 3466 3238 vivi
3491 3186 3583 3253 qui
3612 3222 3621 3241 .

318 3286 608 3327 sumamus
633 3273 799 3327 verba
830 3290 844 3325 :
875 3271 1010 3326 Cum
1034 3272 1177 3326 enim
1201 3273 1599 3343 cruciﬁgcndus
1621 3290 1722 3349 pro
1748 3273 1906 3329 nobis
2006 3264 2072 3323 de
2098 3266 2237 3321 οωιο
2263 3266 2561 3335 descendit.
2605 3278 2661 3324 ει
2685 3271 2789 3325 huc
2817 3271 2939 3326 ideo
2965 3280 3024 3327 ιιι
3054 3272 3164 3328 illic
3196 3274 3441 3332 absolute
3464 3292 3584 3347 my-

319 3372 496 3428 esset,
527 3365 644 3418 lucc
668 3365 768 3420 sub
792 3364 1055 3419 orationis
1078 3364 1249 3420 forma
1273 3366 1340 3419 ad
1368 3366 1744 3422 instruendam
1776 3369 1908 3423 obe-
2004 3356 2143 3411 Slica
2166 3371 2319 3411 εαξηθ
2349 3358 2572 3412 deberet
2616 3358 2904 3414 celebratio
2935 3359 3116 3416 Aaron
3162 3370 3344 3419 autem
3392 3375 3449 3418 et
3489 3363 3585 3420 ﬁlii

318 3454 589 3509 dientiam
610 3455 988 3527 Apostolorum
1032 3436 1207 3511 dixii:
1243 3456 1393 3512 sum
1437 3474 1518 3512 me
1561 3459 1702 3512 misit
1745 3457 1908 3514 Pater
2006 3444 2125 3514 eius
2152 3445 2280 3500 illud
2308 3455 2453 3502 recte
2482 3448 2788 3503 comedunt-
2821 3448 2936 3503 Nisi
2969 3449 3114 3504 enim
3143 3449 3391 3508 Christus
3426 3468 3584 3523 rosa-

321 3549 392 3602 in
412 3548 683 3612 mundum,
714 3556 762 3602 et
790 3565 884 3618 ego
914 3550 1032 3604 misi
1069 3565 1156 3603 eos
1202 3549 1259 3602 in
1296 3549 1549 3604 mundum
1572 3563 1591 3601 .'
1628 3559 1678 3604 et
1704 3567 1797 3620 pro
1830 3552 1907 3605 eis
2009 3543 2096 3590 ωε
2118 3551 2216 3591 ore
2249 3536 2590 3592 sacerdmum
2620 3537 2734 3609 ipse
2762 3540 2989 3604 νεηθνίιν
3019 3548 3074 3594 οἱ
3102 3554 3316 3596 00303111
3345 3544 3585 3599 8³110ιὶῐί-

321 3656 428 3710 ego
461 3640 731 3708 sanctifico
764 3642 1013 3711 meipsum
1037 3654 1056 3692 :
1083 3648 1138 3694 ut
1167 3640 1271 3694 sint
1311 3649 1361 3695 et
1386 3640 1485 3712 ipsi
1507 3643 1825 3712 sanctiﬁcati
1852 3645 1882 3697 it

2109 3625 2233 3689 erit,
2262 3634 2319 3679 et
2359 3626 2659 3680 initiaverit
2694 3642 2757 3682 ea
2794 3642 2917 3696 quae
2969 3637 3221 3699 aguntur,
3280 3631 3586 3688 nullatenus
3666 3646 3668 3654 λ

326 3730 565 3784 veritate.
614 3731 756 3801 Ergo
803 3740 987 3802 aperte
1042 3731 1529 3788 s.;nctiﬁcatiostem
1578 3733 1887 3788 sacriﬁciun

2024 3716 2335 3772 sacriﬁcium
2387 3718 2726 3775 Dominicum
2779 3719 2935 3775 ﬁunt.
2989 3721 3095 3777 Sed
3140 3724 3244 3780 hoc
3276 3726 3419 3794 quod
3455 3727 3585 3781 reli-

326 3820 479 3890 quod
507 3836 603 3891 pro
627 3823 782 3876 nobis
809 3823 1025 3889 obtulit,
1067 3837 1131 3877 ex
1174 3837 1283 3894 quo
1328 3832 1386 3878 et
1413 3823 1571 3878 nobis
1598 3822 1909 3878 sanctiﬁca-
2009 3823 2174 3877 quum
2203 3817 2286 3863 θεῖ
2315 3810 2381 3864 δε
2424 3810 2680 3867 carnibus
2724 3821 2781 3867 ει
2819 3813 3071 3884 Panibus,
3119 3815 3173 3871 Ῐη
3208 3816 3332 3888 ίεηε
3373 3818 3589 3874 incendi

329 3914 415 3967 ιίο
437 3914 651 3983 proﬁci;
684 3914 990 3984 apponat-il,
2007 3902 2283 3972 prmeepit.
2312 3901 2466 3969 Quod
2498 3919 2646 3958 nunc
2671 3905 2918 3960 videmus
2959 3906 3123 3962 etiam
3169 3910 3499 3966 sensibilitcr
3535 3912 3585 3966 in

931 4023 1157 4081 CAPUT
1212 4023 1304 4081 XL
2012 3992 2252 4047 Ecclesia
2298 3992 2438 4057 ﬁcri,
2490 3994 2707 4064 ignique
2735 3994 2875 4050 tradi
2922 3988 3256 4067 quaccunque
3305 4015 3587 4055 remanere

325 4112 416 4169 De
444 4113 624 4168 Aaron
658 4122 706 4167 et
740 4113 868 4181 ﬁliis
908 4131 970 4168 ne
1005 4124 1125 4169 ante
1160 4115 1299 4189 diem
1336 4119 1612 4189 septimum
1647 4120 1911 4174 unctionis
2010 4082 2298 4189 cfnugfr,“
2338 4082 2762 4189 ,incons?mpt,ad’
2815 4100 2922 4139 non
2958 4088 3183 4189 9mm“?
3223 4104 3447 4189 eiqan
3484 4104 3588 4189 uim

725 4174 837 4238 iam
872 4191 1056 4238 exeant
1093 4201 1121 4237 ε
1157 4174 1516 4242 ταθενηαιῖαιος
2012 4175 2099 4228 die
2124 4174 2207 4229 vel
2232 4175 2440 4228 duabus
2470 4183 2565 4228 aut
2592 4177 2776 4232 multis
2819 4185 3033 4233 servata
3064 4186 3210 4232 sunt.
3254 4177 3406 4234 Sicut
3441 4180 3588 4234 enim

410 4267 560 4339 (Ctr.
600 4270 742 4340 vm.)
791 4266 1021 4339 Cumque
1066 4270 1441 4338 snncti/icasset
1497 4288 1584 4325 eos
1629 4273 1683 4326 in
1725 4274 1909 4328 uestitu
2014 4274 2258 4334 apparet,
2286 4281 2391 4319 non
2417 4265 2522 4319 hoc
2549 4265 2823 4334 legislator
2843 4267 3117 4345 priucepil,
3153 4268 3247 4323 sed
3289 4269 3433 4337 quod
3462 4269 3588 4323 reli—

328 4374 454 4424 δυο,
481 4361 719 4431 prtrcepit
740 4361 814 4414 eis
833 4360 1008 4413 dicens
1032 4371 1050 4409 .'
1073 4358 1286 4431 Coquite
1311 4377 1494 4414 carnes
1522 4372 1641 4416 ante
1670 4362 1807 4431 [ores
1836 4373 1912 4415 ια-
1935 4412 1987 4431 “
2014 4371 2181 4425 quum
2212 4364 2294 4409 est
2319 4356 2529 4410 incendi
2561 4354 2749 4425 jubet;
2779 4356 2895 4412 dies
2932 4365 3110 4411 autem
3137 4373 3242 4411 non
3269 4372 3603 4414 commento-

332 4450 624 4516 bernaculi,
657 4459 706 4503 et
737 4451 809 4504 ibi
835 4450 1090 4504 comedite
1122 4466 1229 4503 eas.
1264 4447 1438 4503 Panes
1480 4467 1684 4520 quoque
1725 4468 1910 4506 conse-
1936 4447 1990 4472 "
2017 4448 2175 4512 ravit,
2207 4456 2269 4502 ut
2310 4462 2645 4518 quaecunque
2676 4447 3049 4520 cujuscunque
3094 4449 3173 4504 rei
3202 4465 3365 4506 causa
3411 4465 3588 4505 emcr-

330 4539 586 4592 crationis
624 4538 758 4593 edite
786 4538 876 4610 qui
912 4539 1067 4608 positi
1095 4548 1214 4591 sunt
1244 4539 1299 4591 in
1328 4539 1581 4602 canistro,
1612 4540 1744 4592 sicut
1769 4556 1908 4610 prte-
2014 4545 2174 4607 gente
2226 4538 2584 4593 remanserint
2628 4538 3041 4609 inconsumpta,
3094 4540 3209 4595 sive
3270 4548 3483 4609 tempus
3535 4540 3588 4594 in

330 4631 472 4699 cepit
496 4630 620 4683 mihi
642 4629 895 4684 Dominus
919 4632 1096 4684 dicens
1123 4646 1141 4684 :
1170 4630 1348 4684 Aaron
1376 4640 1422 4683 et
1452 4631 1554 4700 ﬁlii
1586 4632 1702 4700 ejus
1743 4647 1913 4685 come—
2014 4644 2179 4684 causa
2215 4628 2306 4692 sit,
2347 4628 2462 4683 sive
2495 4630 2623 4698 quid
2654 4628 2799 4684 aliud
2827 4629 3008 4691 fuerit,
3041 4629 3179 4698 ignis
3209 4643 3346 4699 opus
3373 4637 3429 4686 et
3455 4644 3588 4685 con-

329 4722 460 4776 dent
488 4738 574 4775 eos
593 4737 613 4775 :
641 4720 895 4793 quidquid
922 4730 1095 4773 autem
1122 4719 1378 4790 reliquum
1399 4721 1558 4790 fuerit
1588 4721 1653 4775 de
1678 4738 1835 4775 carne
1863 4732 1908 4775 et
2016 4717 2252 4788 sumptio
2279 4717 2390 4772 ﬁat.
2436 4718 2578 4789 Ergo
2606 4733 2675 4773 ex
2708 4718 2812 4773 hoc
2855 4718 2997 4788 quod
3038 4719 3216 4789 agitur
3262 4719 3587 4774 sensiliiliter

331 4816 654 4885 depanibus,
679 4815 814 4884 ignis
836 4813 1357 4868 consumet.Deostio
1372 4814 1912 4886 quoquctabernacuti
2016 4808 2341 4879 signiﬁcatio
2369 4807 2646 4878 cujusdam
2673 4808 3020 4879 intelligibilis
3049 4810 3125 4864 rei
3151 4810 3232 4864 eis
3276 4810 3367 4879 qui
3415 4810 3590 4864 intenv

335 4922 449 4959 non
487 4904 691 4959 exibitis
733 4914 922 4974 septem
952 4904 1156 4967 diebus,
1188 4921 1349 4974 usque
1374 4906 1441 4958 ad
1471 4906 1608 4959 diem
1649 4922 1749 4976 quo
1779 4922 1915 4959 com-
2016 4898 2149 4950 dunt
2194 4898 2461 4966 provenit,
2492 4906 2552 4951 ut
2590 4896 2806 4967 quando
2833 4898 2901 4952 ad
2925 4900 3307 4954 comestionem
3338 4898 3588 4955 sacriﬁcii

330 4992 565 5047 vlebitur
586 5004 784 5064 tempus
827 4995 1231 5048 consecrationis
1275 5005 1473 5054 vestrm.
1526 4994 1728 5066 Septem
1775 4996 1911 5050 enim
2016 4986 2317 5050 άθῧοίῐηυεν
2348 4996 2404 5040 el
2435 4987 2716 5041 comedere
2743 4986 2872 5041 ἱΠυά
2901 4987 3109 5059 integre
3141 5004 3248 5044 non
3282 5002 3586 5059 possumus,

334 5083 525 5136 diebus
563 5083 749 5152 ﬁnitur
786 5084 1124 5150 consecratio,
1157 5084 1289 5137 sicut
1325 5093 1373 5137 et
1419 5085 1473 5138 in
1516 5087 1913 5155 pm'sentiarum
2015 5086 2195 5132 mente
2224 5077 2407 5131 forsan
2456 5075 2771 5132 Ῐίιεείδοθηῑθ
2800 5077 2915 5131 Sive
2956 5077 3257 5142 deﬁciente,
3303 5086 3484 5132 “trum
3525 5089 3587 5129 ea

336 5173 541 5244 factum
565 5184 660 5238 est,
702 5183 758 5226 ut
789 5175 920 5227 ritus
948 5174 1193 5243 sacriﬁcii
1218 5174 1581 5245 compleretur,
1621 5177 1705 5231 die
1733 5194 1793 5230 ac
1822 5194 1915 5230 no-
2016 5184 2136 5239 qua!
2176 5168 2429 5223 Videntur
2473 5182 2668 5238 corpus
2711 5175 2959 5238 oporteat
3002 5169 3224 5240 intelligi
3262 5167 3494 5231 Domini.
3531 5165 3587 5219 in

336 5272 428 5316 cte
465 5264 736 5317 manebitis
775 5265 831 5317 in
873 5263 1230 5327 tabernaculo,
1279 5264 1605 5319 observantes
1649 5267 1914 5320 custodias
2016 5281 2124 5336 quo
2160 5265 2331 5320 oculis
2379 5280 2481 5320 nec
2523 5264 2695 5335 angeli
2722 5272 2947 5334 possunt
2973 5265 3306 5334 prospicere,
3350 5275 3456 5316 non
3502 5273 3587 5312 re-

337 5353 581 5418 Domini,
621 5371 683 5409 ne
702 5354 1022 5408 moriemini.
1054 5352 1142 5409 Sic
1168 5355 1304 5408 enim
1330 5355 1458 5409 mihi
1483 5368 1796 5426 prlecepmm
1818 5366 1914 5410 est.
2018 5357 2211 5428 linqui,
2241 5357 2335 5411 sed
2358 5356 2523 5411 etiam
2545 5356 2686 5410 tradi
2711 5372 2775 5410 ea
2802 5356 2910 5427 igni
2932 5363 3144 5425 oportet
3164 5352 3404 5422 spiritus,
3434 5354 3495 5401 ut
3521 5361 3586 5402 ea

341 5442 708 5516 Feceruntque
735 5445 913 5498 Aaron
958 5454 1004 5498 et
1042 5443 1140 5514 ﬁlii
1179 5446 1293 5514 ejus
1320 5455 1505 5498 cuncta
1533 5461 1649 5515 qua:
1675 5448 1917 5516 pra’cept't
1955 5438 1966 5449 ’
2021 5447 2269 5502 comedat
2291 5462 2410 5517 qua:
2431 5447 2587 5501 nobis
2622 5457 2749 5501 sunt
2777 5462 2844 5500 ex
2870 5444 3181 5500 inﬁrmitate
3201 5438 3509 5495 invisibilia.

345 5538 604 5593 Dominus
618 5553 712 5607 per
724 5552 937 5591 manum
963 5534 1152 5606 Moysi.
1177 5534 1287 5606 (Ea:
1311 5532 1646 5608 August'no.)
1670 5534 1807 5602 Quid
1836 5543 1921 5591 est
2091 5536 2369 5603 Quomodo
2389 5547 2568 5591 autem
2597 5535 2872 5590 comedat?
2895 5550 3018 5590 cum
3043 5528 3458 5600 cogitaverimus
3477 5528 3599 5583 vir-

347 5631 495 5701 quod
526 5630 656 5687 dicit
684 5628 892 5705 Meyses
929 5628 995 5684 ad
1034 5629 1215 5685 Aaron
1257 5636 1312 5684 et
1341 5627 1478 5685 ﬁlios
1502 5626 1617 5698 ejus
1640 5643 1764 5684 cum
1801 5643 1924 5684 san-
2025 5629 2123 5684 tuti
2160 5626 2392 5699 Spiritus
2415 5641 2535 5682 esse
2562 5624 2839 5696 possibilia
2868 5637 2930 5680 ea
2958 5637 3076 5692 qum
3102 5619 3257 5678 nobis
3280 5618 3588 5692 impossibi-
