3956 6176
380 355 484 410 555

1017 345 1079 397 Β.
1119 336 1369 396 RABANI
1411 333 1631 389 MAURl
1672 326 1989 385 ARClllEP.
2033 322 2339 382 MOGU‘NT.
2382 318 2669 378 OPEllUM
2706 316 2888 373 PARS
2928 315 2970 370 1.

3531 308 3640 336 eum

3530 331 3643 368 000

382 469 453 522 lia
476 464 741 518 videntur.
776 455 929 512 Unde
948 461 1002 507 et
1024 446 1709 521 subsequenterdisputare
1739 441 1954 511 legisla-
1984 444 2029 501 Α
2059 439 2197 510 gerit
2247 436 2611 507 primitiarum
2666 430 2856 495 futuri,
2910 429 3005 484 sed
3051 436 3106 482 et
3155 429 3650 484 consummationis

383 571 468 614 tor
494 556 706 611 videtur
732 569 744 605 :
776 547 917 602 Dicit
945 545 1091 601 enim
1119 545 1196 599 sic
1221 557 1236 596 :
1268 542 1345 596 De
1371 540 1503 594 ostio
1543 552 1747 608 quoque
1787 533 1959 587 taber-

386 645 560 704 naculi
588 660 691 697 non
728 639 931 694 exibitis
960 645 1149 707 septem
1195 632 1397 686 diebus.
1432 628 1649 699 Septem
1675 626 1809 680 cur?
1833 623 1958 693 quia

384 730 829 807 quinquagesima
874 728 988 783 dies
1031 722 1341 794 septenario
1382 733 1611 775 numero
1656 717 1711 770 in
1771 721 1962 769 semet-

386 804 504 896 ipso
533 804 888 890 multiplicato
908 825 962 870 et
988 828 1094 869 uno
1134 812 1184 868 ei
1226 810 1437 879 adjecto
1471 807 1750 880 perﬁcitur
1778 824 1789 858 :
1821 804 1961 858 unde

385 895 439 971 et
480 911 946 970 liebdomadarum
985 921 1103 960 eam
1151 903 1516 964 festivitatem,
1560 897 1701 968 apud
1744 895 1960 967 Moysen

387 1013 513 1077 dici,
545 1007 891 1064 manifestam
920 996 1219 1071 sequentia.

456 1103 554 1157 His
580 1098 779 1154 similia
809 1105 863 1151 et
888 1093 1068 1148 Lucas
1091 1088 1334 1145 tradidit.
1365 1086 1455 1141 Ait
1479 1086 1622 1140 enim
1642 1082 1708 1137 de
1734 1080 1962 1137 Domino

386 1207 440 1251 et
465 1189 780 1259 discipulis:
828 1185 1027 1251 Quibus
1057 1192 1105 1236 et
1131 1178 1461 1252 prcesentarit
1485 1177 1813 1245 semetipsum
1851 1179 1964 1240 post

384 1294 601 1342 mortem
630 1296 780 1335 suam
813 1278 871 1331 in
906 1273 1083 1329 multis
1113 1269 1433 1342 argumentis
1471 1282 1561 1339 per
1599 1266 1708 1319 dies
1734 1260 1965 1333 quadra-

384 1378 528 1447 ginta
569 1385 825 1443 apparens
854 1366 927 1421 eis
971 1374 1018 1419 et
1061 1362 1275 1434 loquens
1321 1361 1385 1414 de
1422 1373 1578 1428 regno
1615 1355 1735 1419 Dei,
1770 1361 1815 1406 et
1845 1367 1999 1405 con--

384 1482 593 1523 vescens
635 1461 878 1534 prwccpit
903 1459 978 1513 eis
1014 1456 1077 1511 ab
1106 1451 1487 1521 Hierosolymis
1516 1466 1578 1503 ne
1622 1448 1960 1506 discederent,

384 1558 475 1614 sed
496 1532 853 1626 exspectarent
886 1547 1280 1621 promissionem
1308 1540 1487 1596 Patris
1516 1540 1653 1610 (Act.
1682 1536 1745 1608 ι).
1776 1532 1966 1589 Cernis

386 1624 655 1719 quomodo
697 1640 1073 1702 consecrabat,
1120 1636 1235 1691 sive
1278 1629 1595 1704 perﬁciebat
1637 1626 1768 1682 eos?
1792 1624 1966 1693 Appa-

386 1757 506 1795 rens
535 1738 607 1792 eis
632 1744 679 1789 et
705 1735 895 1789 docens
928 1730 991 1784 de
1019 1743 1177 1798 regno
1203 1724 1324 1789 Dei,
1350 1731 1397 1777 et
1424 1734 1749 1783 convescens,
1776 1714 1963 1770 dicens

2063 526 2345 599 praesentis
2365 523 2567 589 saeculi,
2597 522 2687 592 qui
2717 522 2769 575 in
2797 529 3004 590 septem
3040 518 3338 574 revolvitur
3359 519 3572 574 diebus.

2132 619 2424 689 Oportebat
2449 619 2593 673 enim
2622 625 2680 672 ut
2706 617 2761 671 in
2784 631 2890 685 qua
2915 616 3002 671 die
3023 615 3262 670 surrexit
3288 614 3564 680 Christus,
3594 616 3651 670 in

2063 714 2251 768 cadem
2280 720 2334 766 ct
2363 711 2597 782 Spiritus
2635 709 2934 765 adveniret.
2976 708 3128 763 Tunc
3172 723 3300 778 ergo
3329 708 3512 763 vocari
3541 707 3654 762 Aa-

2063 820 2161 859 ron
2189 811 2244 857 et
2269 802 2407 857 ﬁlios
2443 798 2560 871 ejus
2588 810 2641 856 et
2682 799 2917 868 majores
2942 809 3073 853 natu
3103 797 3270 853 Israel
3296 799 3407 853 ait:
3454 798 3653 852 Eccle-

2064 896 2199 950 siam
2230 893 2624 963 quodammodo
2651 904 2748 961 per
2777 904 2963 943 eorum
3004 889 3097 959 qui
3132 887 3261 943 dicti
3304 896 3429 944 sunt
3474 886 3654 943 sedili-

2065 1001 2196 1040 cans
2219 985 2578 1040 vocationem.
2604 983 2756 1037 Tunc
2779 980 2975 1051 quippe
3000 980 3153 1050 prius
3179 987 3536 1034 convocatum
3564 987 3653 1032 est

2064 1077 2319 1131 Ecclesia:
2346 1073 2736 1146 spectaculum,
2771 1073 2824 1127 in
2855 1086 2958 1142 qua
2988 1070 3339 1142 intelligibilis
3364 1071 3567 1134 Aaron,
3597 1066 3685 1125 id.

2066 1178 2167 1234 est,
2197 1168 2444 1223 Christus
2470 1165 2725 1221 sacerdos
2753 1177 2873 1219 esse
2900 1162 3174 1229 creditur;
3202 1162 3297 1215 ﬁlii
3321 1170 3499 1215 autem
3527 1159 3655 1228 ejus

2067 1262 2157 1332 qui
2185 1259 2431 1315 sublimis
2470 1266 2596 1313 sunt
2632 1254 3077 1319 conversationis,
3107 1261 3162 1308 et
3191 1252 3311 1308 ideo
3355 1248 3655 1308 sacerdotii

2067 1350 2299 1408 ministri
2324 1358 2379 1404 et
2405 1355 2786 1418 cooperatores
2826 1352 2981 1411 sunt;
3019 1344 3254 1415 majores
3283 1351 3461 1398 autem
3505 1351 3650 1398 natu

2065 1440 2254 1505 Israel,
2300 1440 2740 1510 presbyterorum
2772 1435 2904 1491 ordo
2927 1440 3008 1489 est
3039 1453 3051 1488 :
3083 1451 3147 1490 ex
3178 1433 3264 1488 his
3303 1433 3497 1504 quippe
3524 1449 3657 1489 cor-

2066 1547 2168 1601 pus
2193 1529 2449 1585 Ecclesiae
2486 1526 2869 1596 componitur;
2908 1524 3004 1579 sed
3039 1522 3219 1577 Aaron
3246 1523 3463 1593 quidem
3491 1538 3654 1577 aceev

2067 1622 2145 1691 pit
2175 1620 2275 1675 sibi
2311 1618 2535 1673 vitulum
2567 1632 2665 1687 pro
2691 1623 2916 1686 peccato
2946 1623 3002 1669 et
3038 1614 3264 1668 arietem
3308 1613 3359 1667 in
3400 1612 3657 1667 holocau-

2067 1722 2235 1778 stum,
2278 1717 2570 1780 utrumque
2632 1706 3058 1766 immaculatum,
3115 1712 3171 1759 et
3217 1703 3411 1758 obtulit
3461 1718 3653 1758 coram

387 1838 567 1885 autem
594 1826 658 1881 ab
687 1819 1063 1890 Hierosolymis
1099 1832 1203 1870 non
1246 1811 1531 1878 discedere,
1572 1824 1680 1863 non
1710 1802 1965 1878 praecepit
1991 1805 2039 1865 B
2067 1802 2315 1858 Domino.
2348 1799 2499 1854 Tunc
2525 1798 2669 1854 enim
2713 1796 2962 1853 Christus
2991 1793 3316 1850 sacriﬁcium
3358 1808 3512 1847 suum
3569 1792 3658 1847 in-

384 1920 603 1989 januam
646 1909 979 1969 tabernaculi
1007 1905 1258 1979 progredi
1289 1903 1371 1959 vel
1404 1901 1605 1973 egredi,
1635 1897 1689 1952 id
1721 1903 1823 1961 est,
1855 1907 1964 1948 non

384 1983 649 2081 permittit
671 2003 967 2077 prmdicare
997 2013 1166 2067 usque
1190 1996 1315 2050 dum
1349 1990 1764 2064 promissionem
1796 1983 1969 2055 Spiri-

385 2076 493 2164 tus,
526 2112 646 2167 quae
671 2094 814 2148 facta
858 2097 943 2146 est
1011 2082 1461 2158 quinquagesima
1504 2076 1963 2146 die,acciperent.

387 2190 679 2261 Completis
710 2195 890 2241 autem
916 2184 1124 2247 diebus,
1150 2180 1350 2235 Petrus
1373 2190 1499 2232 mox
1528 2170 1967 2246 praedicationem

386 2258 610 2352 incepit,
647 2277 865 2350 quando
894 2282 950 2330 et
986 2272 1184 2326 addita:
1228 2276 1348 2325 sunt
1388 2267 1579 2321 anima:
1624 2262 1831 2318 circiter
1864 2258 1969 2312 tria

390 2372 554 2427 millia
582 2369 718 2443 (Act.
747 2365 831 2438 ιι).
883 2364 976 2420 Sic
1021 2371 1076 2417 et
1124 2362 1225 2433 ipsi
1254 2355 1610 2431 per-singula
1648 2352 1968 2443 mandatum

391 2466 492 2517 hoc
513 2458 903 2519 custodierunt,
940 2461 995 2507 et
1035 2451 1274 2507 maxime
1302 2450 1355 2503 in
1382 2446 1461 2502 eis
1485 2442 1823 2514 complentur
1849 2450 1969 2509 quae

391 2554 443 2606 in
487 2546 937 2617 subsequentibus
965 2542 1257 2597 dicuntur:
1312 2535 1655 2591 Observantes
1706 2529 1969 2584 custodias

391 2642 625 2706 Domini,
654 2647 709 2693 ut
739 2653 842 2691 non
884 2632 1219 2696 moriamini;
1266 2629 1341 2683 sic
1382 2628 1519 2682 enim
1560 2624 1690 2679 mihi
1726 2621 1969 2694 prwcepit

393 2732 666 2787 Dominus.
704 2724 1061 2794 Feceruntque
1084 2720 1264 2775 Aaron
1290 2728 1339 2773 et
1365 2717 1463 2787 ﬁlii
1490 2732 1603 2787 ejus
1640 2723 1828 2769 cuncta
1854 2726 1970 2782 qua:

390 2822 595 2875 locutus
627 2826 702 2871 est
733 2814 989 2868 Dominus
1026 2827 1119 2882 per
1148 2825 1364 2863 manum
1392 2806 1582 2877 Moysi.
1624 2804 1681 2860 Si
1710 2802 1973 2874 qumritur

392 2926 489 2966 cur
516 2909 697 2963 Aaron
716 2906 842 2961 ﬁliis
864 2905 977 2959 suis
999 2903 1309 2973 conjungat,
1339 2899 1648 2954 invenietur
1674 2911 1838 2951 causa
1862 2910 1973 2950 om-

394 3002 520 3056 nino
539 2996 842 3054 necessaria
867 3002 924 3049 et
949 2994 1018 3051 ad
1039 2993 1117 3048 rei
1133 2989 1623 3048 considerationem
1644 2995 1967 3059 opportuna.

392 3092 509 3147 Non
525 3090 669 3147 enim
684 3088 833 3143 exire
847 3087 914 3141 de
924 3083 1093 3152 janua
1106 3081 1438 3138 tabernaculi
1453 3079 1771 3143 testimonii,
1791 3077 1846 3133 id
1865 3085 1968 3141 est,

392 3198 503 3239 non
531 3180 749 3239 interim
794 3176 1074 3233 attrectari
1112 3173 1479 3245 evangelicam
1524 3170 1966 3243 praedicationem
1994 3156 2038 3218 C

394 3275 483 3329 his
509 3286 630 3343 qua:
653 3277 777 3326 sunt
797 3268 1072 3339 praedicta.
1100 3264 1365 3336 Apparuit
1391 3277 1521 3334 ergo
1546 3278 1666 3317 cum
1690 3259 1965 3331 apostolis,

394 3370 451 3418 et
492 3360 742 3417 Christus
779 3372 932 3412 suam
984 3356 1209 3427 januam
1254 3368 1364 3408 non
1414 3351 1810 3422 egrediebatur,
1854 3347 1970 3417 ipse

395 3453 661 3523 siquidem
687 3456 807 3504 erat
854 3448 945 3517 qui
987 3455 1045 3501 et
1088 3443 1460 3517 pradicandus
1495 3451 1631 3507 erat,
1678 3449 1734 3495 et
1779 3439 1871 3509 qui
1916 3439 1970 3492 in

397 3543 656 3615 apostolis
701 3539 1042 3614 loquebatur,
1090 3546 1378 3608 propterea
1427 3552 1549 3591 cum
1595 3534 1719 3589 ﬁliis
1757 3541 1810 3588 et
1858 3533 1971 3602 ipse

394 3634 577 3689 Aaron
619 3629 926 3687 consecrari
960 3644 1055 3684 seu
1083 3626 1449 3683 consummari
1493 3625 1791 3681 dicebatur.
1842 3621 1972 3690 Quis

397 3727 470 3782 sit
496 3733 679 3781 autem
715 3736 1046 3778 consecrans
1092 3721 1204 3776 sive
1248 3734 1648 3784 consummans,
1698 3708 1974 3787 legislator

396 3830 737 3886 nequaquam
764 3812 1019 3869 subdidit.
1047 3811 1136 3864 Ait
1155 3811 1300 3866 enim
1327 3824 1342 3863 :
1368 3808 1570 3878 Septem
1591 3808 1770 3861 diebus
1791 3806 1975 3876 ﬁnitur

398 3898 893 3971 consecratio,sive,
920 3903 1213 3958 secundum
1244 3900 1619 3971 Septuaginta,
1648 3912 1974 3952 consumma-

395 3998 467 4051 vit
496 4011 679 4049 manus
706 4003 920 4058 vestras,
951 3992 1092 4046 sicut
1117 3997 1172 4045 et
1211 3989 1360 4045 fecit.
1395 3988 1737 4044 Manifestum
1770 3997 1855 4041 est
1880 4001 1976 4039 au-

397 4093 506 4142 tem
535 4080 677 4155 quod
699 4080 815 4153 ipse
834 4086 956 4135 erat
983 4077 1077 4148 qui
1106 4075 1248 4132 ﬁlios
1272 4075 1647 4138 consecrabat,
1672 4074 1784 4129 sive
1808 4071 1973 4142 perﬁ-

398 4176 594 4241 ciebat,
634 4173 726 4244 qui
764 4179 820 4226 et
845 4169 1034 4241 perﬁci
1080 4170 1136 4224 in
1175 4169 1256 4225 eis
1282 4168 1397 4224 sive
1431 4165 1737 4224 consecrari
1768 4174 1827 4219 ut
1851 4174 1976 4232 pote

399 4270 456 4323 in
480 4264 739 4322 membris
762 4262 997 4335 pmpriis
1030 4262 1329 4319 dicebatur.

1000 4397 1227 4456 CAPUT
1267 4398 1378 4452 Xll.

402 4518 480 4572 De
512 4517 619 4586 ﬁne
654 4512 1061 4570 consecrationis
1099 4518 1147 4564 et
1194 4510 1376 4564 hostiis
1420 4525 1514 4579 pro
1563 4526 1618 4563 se
1665 4518 1713 4562 et
1761 4507 1972 4578 populo.
2001 4496 2055 4555 D

471 4606 626 4700 lCar.
669 4625 773 4696 Ix.)
813 4622 979 4679 Facto
1004 4631 1177 4677 autem
1206 4631 1384 4675 octavo
1410 4620 1517 4685 die,
1545 4620 1739 4674 vocavit
1773 4617 1978 4688 Moyses

406 4723 585 4776 Aaron
614 4727 659 4772 et
686 4717 824 4786 ﬁlios
853 4716 987 4786 ejus,
1017 4731 1078 4769 ac
1106 4713 1336 4783 majores
1370 4721 1496 4765 natu
1528 4710 1722 4776 Israel,
1750 4708 1981 4779 dixitque

408 4810 477 4865 ad
522 4808 742 4862 Aaron:
788 4805 933 4860 Tolle
974 4804 1192 4858 vitulum
1217 4820 1311 4873 pro
1350 4810 1582 4872 peccato,
1609 4809 1657 4854 et
1685 4801 1897 4853 arietem
1924 4800 1978 4852 in

406 4898 789 4961 holocaustum,
831 4903 1105 4965 utrumque
1139 4892 1525 4957 immaculatos,
1560 4901 1607 4945 et
1655 4891 1839 4960 offeres
1860 4889 1979 4943 illos

406 4994 614 5047 coram’
628 4988 876 5053 Domino,
908 4997 955 5041 et
986 4987 1054 5041 ad
1097 4985 1234 5055 ﬁlios
1284 4984 1451 5039 Israel
1493 4983 1720 5055 loqueris
1748 4997 1767 5034 :
1796 4983 1980 5037 Tollite

409 5081 611 5136 hircum
635 5095 729 5151 pro
751 5087 979 5149 peccato,
1017 5085 1065 5131 et
1090 5075 1306 5132 vitulum
1349 5084 1503 5147 atque
1539 5091 1731 5146 agnum
1763 5077 1983 5129 annicu-

409 5175 518 5225 lum
545 5176 592 5223 et
633 5167 744 5220 sine
772 5163 1004 5231 macula,
1033 5164 1087 5217 in
1128 5162 1509 5229 holocaustum,
1557 5164 1731 5217 bovem
1768 5172 1814 5217 et
1848 5165 1984 5217 arie-

409 5275 510 5318 tem
529 5276 622 5334 pro
653 5256 919 5329 pacificis;
949 5266 997 5310 et
1041 5254 1305 5310 immolata
1342 5271 1427 5308 eos
1455 5271 1630 5308 coram
1655 5254 1899 5321 Domino,
1930 5255 1984 5308 in

408 5348 669 5420 sacriﬁcio
704 5346 1054 5418 singulorum,
1093 5347 1321 5402 similam
1350 5347 1460 5402 oleo
1502 5362 1831 5418 conspersum
1857 5347 1986 5416 offe-

412 5453 602 5509 rentes,
620 5440 773 5495 hodie
787 5438 924 5493 enim
944 5437 1204 5492 Dominus
1227 5438 1491 5508 apparebit
1506 5438 1671 5492 vobis.
1697 5437 1804 5507 (Ea:
1820 5435 1868 5491 Η
1873 5453 1987 5506 esy-

413 5535 586 5606 chia.)
634 5533 787 5590 Diem
848 5530 994 5588 enim
1041 5537 1286 5585 octavam
1329 5528 1685 5585 Pentecosten
1731 5528 1986 5599 appellat,

415 5627 539 5693 quia
568 5626 890 5683 Pentecoste
917 5626 1031 5681 dies
1066 5622 1256 5679 incidit
1285 5623 1339 5676 in
1365 5623 1471 5677 hac
1494 5638 1598 5693 qua
1629 5620 1881 5675 Salvator
1904 5635 1989 5675 re-

415 5718 675 5786 surrexit,
726 5734 845 5789 qua:
889 5732 1010 5777 esse
1050 5725 1238 5775 octava
1276 5716 1533 5785 creditur,
1585 5717 1711 5789 quia
1761 5716 1988 5785 ﬁguram

2067 1901 2353 1948 notescere
2400 1889 2597 1959 cmpit,
2642 1903 2708 1941 ex
2751 1900 2858 1956 quo
2903 1884 3142 1956 Spiritus
3190 1884 3482 1938 adveniens
3524 1882 3659 1938 Pan-

2066 1985 2189 2039 thos
2213 1990 2268 2038 et
2292 1981 2475 2037 Medos
2501 1986 2556 2034 et
2583 1978 2866 2042 Elamitas,
2914 1975 3239 2031 et'omnium
3269 1974 3506 2043 gentium
3535 1972 3659 2043 pri-

2067 2076 2249 2131 mitias
2292 2073 2361 2127 ad
2412 2071 2776 2141 apostolorum
2819 2067 3087 2124 cmnaculi
3126 2065 3405 2136 superiora
3444 2064 3658 2133 colligit

2070 2169 2206 2242 (Act.
2244 2165 2327 2238 ιι).
2358 2164 2582 2234 Accepit
2612 2170 2791 2216 autem
2838 2168 2894 2216 et
2920 2158 3054 2214 ordo
3095 2156 3357 2223 maiorum
3401 2163 3532 2209 natu
3574 2154 3658 2210 ls-

2070 2260 2204 2326 rael,
2264 2273 2425 2329 quem
2470 2256 2913 2327 presbyterorum
2956 2264 3077 2307 esse
3120 2249 3374 2312 diximus,
3420 2255 3479 2303 ut
3526 2256 3663 2317 po'e

2070 2352 2186 2421 ipse
2212 2347 2415 2404 sortem
2445 2354 2500 2402 et
2530 2346 2757 2416 ﬁguram
2801 2342 3081 2397 doctorum
3126 2354 3318 2410 gerens
3345 2344 3399 2392 et
3440 2336 3507 2392 ad
3554 2337 3662 2391 do-

2070 2443 2271 2498 cendos
2294 2456 2393 2494 nos
2420 2438 2569 2493 utilis
2595 2444 2697 2502 est,
2721 2436 3001 2506 vitamque
3034 2432 3296 2504 perﬁcere
3324 2432 3379 2487 in
3408 2430 3657 2485 Ecclesia

2071 2532 2506 2591 convenientium
2532 2537 2730 2602 potest.
2759 2527 2890 2595 Quae
2919 2535 3099 2581 autent
3123 2532 3247 2580 sunt
3274 2524 3393 2579 hinc
3413 2538 3533 2592 qua:
3564 2538 3661 2577 ac-

2072 2625 2250 2696 cepit?
2284 2620 2508 2675 Hircum
2538 2636 2629 2691 pro
2659 2626 2889 2689 peccato,
2935 2631 3034 2686 pro
3058 2613 3374 2685 ptenitentia
3400 2612 3661 2667 videlicet

2073 2715 2420 2780 sacriﬁcium,
2457 2722 2504 2767 et
2529 2710 2750 2766 vitulum
2772 2718 2818 2764 et
2847 2724 3041 2778 agnum
3080 2704 3386 2760 anniculam
3415 2704 3471 2756 in
3499 2702 3657 2757 Italo-

2071 2819 2335 2872 caustum,
2380 2800 2781 2858 immaculatos:
2821 2797 3117 2869 perfectam
3147 2793 3397 2851 videlicet
3434 2800 3489 2848 et
3526 2808 3664 2847 con-

2074 2903 2397 2955 summatam
2447 2893 2635 2956 vitam,
2681 2890 2797 2945 sive
2844 2888 3338 2951 conversationem,
3389 2899 3509 2954 quae
3556 2899 3662 2954 per

2073 2991 2304 3054 hostias,
2338 2988 2392 3042 id
2436 2994 2540 3051 est,
2570 2999 2669 3055 per
2710 2981 3026 3038 holocausta
3072 2979 3438 3050 signiﬁcatur;
3476 2985 3523 3031 et
3567 2975 3664 3029 bo—

2074 3098 2183 3136 vem
2203 3088 2252 3134 et
2274 3078 2490 3133 arietem
2519 3090 2613 3146 pro
2656 3072 2913 3146 paciﬁcis.
2961 3070 3068 3126 Sed
3117 3079 3171 3126 et
3220 3070 3288 3124 ad
3325 3067 3663 3125 sacriﬁcium

2070 3173 2304 3230 salutare
2335 3169 2662 3225 mediocrem
2688 3165 3180 3229 conversationem,
3212 3178 3330 3233 qua:
3357 3170 3535 3216 tamen
3561 3176 3665 3233 po-

2070 3275 2178 3322 test
2202 3263 2410 3320 salvare
2450 3277 2545 3318 eos
2576 3260 2666 3331 qui
2692 3258 2948 3324 oﬁ‘erunt,
2993 3259 3136 3313 sicut
3182 3272 3345 3327 supra
3373 3255 3661 3323 diximus;

2072 3373 2249 3413 coram
2276 3354 2501 3409 Domino
2541 3361 2719 3407 autem
2751 3350 2932 3406 omnia
2959 3351 3214 3421 praecepit
3254 3348 3372 3402 ﬁeri
3401 3365 3413 3400 :
3444 3354 3667 3415 oportet

2072 3448 2267 3518 quippe
2310 3459 2468 3501 omne
2498 3442 2716 3497 virtutis
2745 3456 2879 3512 opus
2905 3449 2962 3494 ut
2987 3448 3115 3510 pote
3142 3437 3357 3493 vidente
3388 3436 3501 3492 Deo
3539 3452 3668 3506 per-

2072 3540 2188 3610 agi,
2231 3546 2286 3593 et
2319 3551 2424 3591 non
2456 3532 2730 3603 corrumpi
2772 3547 2947 3602 neque
2972 3530 3172 3595 vitiari,
3203 3544 3327 3584 cum
3356 3527 3665 3598 permisce-~

2072 3647 2193 3687 mus
2215 3629 2264 3684 ei
2286 3629 2615 3683 voluntatem
2638 3632 2910 3690 nostram;
2940 3622 3269 3678 sacriﬁcium
3301 3619 3491 3675 similae
3521 3632 3662 3672 con-

2073 3736 2275 3792 spersae
2297 3719 2436 3783 oleo,
2461 3715 2807 3785 theologiam,
2837 3728 2959 3769 cum
2986 3713 3346 3782 eleemosyna.
3377 3708 3490 3763 Hoc
3510 3708 3666 3763 enim

2072 3813 2330 3883 praedicta
2365 3809 2631 3867 sacriﬁcia
2654 3807 2928 3863 subtiliter
2955 3804 3110 3859 nobis
3138 3803 3267 3858 olim
3309 3800 3551 3855 discussa
3578 3799 3667 3853 in—

2074 3909 2387 3959 natuerunt.
2419 3900 2559 3968 Quid
2584 3908 2763 3954 autem
2787 3898 2877 3952 hic
2910 3909 3058 3950 nunc
3086 3891 3364 3948 subdidit?
3393 3888 3531 3956 Quia
3558 3888 3666 3941 ho-

2074 3996 2158 4048 die
2189 3994 2446 4047 Dominus
2489 3990 2758 4061 apparebit
2805 3990 2971 4044 vobis.
3011 3987 3125 4041 Hoc
3152 3984 3426 4041 conclusio
3452 3992 3510 4039 et
3532 3998 3670 4053 pro-

2075 4085 2226 4139 batio
2254 4090 2359 4148 est,
2400 4083 2527 4152 quia
2555 4082 2621 4136 de
2650 4080 2973 4135 Pentecoste
3000 4077 3259 4148 praedicta
3302 4075 3483 4131 omnia
3509 4073 3669 4128 dice-

2076 4174 2305 4238 bantur;
2336 4172 2393 4226 in
2416 4186 2481 4225 ea
2507 4171 2653 4225 enim
2678 4169 2733 4223 in
2759 4169 2842 4225 eis
2861 4167 3407 4240 apparuitDominus,
3426 4163 3672 4233 Spiritus

2077 4264 2322 4317 videlicet
2349 4261 2414 4316 de
2449 4274 2557 4331 quo
2576 4257 2776 4315 Paulus
2800 4260 3014 4315 dicebat
3038 4277 3051 4311 :
3078 4257 3331 4311 Dominus
3358 4264 3529 4310 autem
3556 4254 3673 4324 spi-

2080 4358 2212 4411 ritus
2252 4365 2349 4411 est.
2381 4354 2661 4421 Quomodo
2693 4360 2873 4408 autem
2904 4350 3154 4423 apparuit
3192 4350 3245 4404 in
3289 4348 3369 4406 eis
3392 4347 3527 4403 dixit
3556 4345 3674 4399 Lu-

2080 4464 2210 4504 cas:
2259 4446 2399 4502 Visa:
2445 4454 2565 4500 sunt
2595 4447 2668 4499 eis
2693 4444 2985 4515 dispartitw
3020 4442 3213 4513 lingum
3252 4441 3388 4495 sicut
3433 4438 3571 4509 ignis
3617 4448 3675 4492 et

2079 4540 2324 4595 sederunt
2348 4554 2504 4609 super
2519 4535 2749 4607 singulos
2771 4551 2951 4589 eorum
2980 4533 3118 4607 (Act.
3150 4533 3234 4605 ιι).

2159 4630 2409 4685 Tulerunt
2433 4645 2555 4701 ergo
2583 4637 2769 4683 cuncta
2807 4644 2923 4698 qua:
2942 4627 3175 4698 jusserat
3206 4624 3436 4697 Moyses.
3479 4621 3549 4675 ad
3581 4638 3680 4676 os—

2085 4722 2212 4775 tium
2244 4718 2594 4783 tabernaculi,
2622 4717 2711 4772 ubi
2757 4734 2875 4771 cum
2921 4716 3088 4769 omnis
3142 4724 3301 4770 staret
3354 4711 3668 4767 multitudo.

2084 4810 2287 4880 Aperte
2326 4810 2415 4865 hic
2440 4809 2737 4864 Ecclesium
2774 4807 3042 4878 exposuit,
3083 4805 3153 4858 ad
3192 4807 3381 4859 ostium
3413 4804 3671 4859 taberna-

2088 4900 2229 4963 culi;
2254 4899 2359 4963 vel,
2383 4899 2523 4953 sicut
2552 4897 2925 4967 Septuaginta,
2951 4907 3071 4950 ante
3096 4894 3491 4949 tabernaculum
3514 4896 3671 4949 testi-

2082 4992 2264 5056 monii,
2295 4989 2548 5044 videlicet
2574 4989 2718 5053 cmli,
2750 4989 2794 5044 si
2816 4989 2958 5043 enim
2982 4986 3219 5042 Ecclesia
3247 4985 3547 5055 frequentia
3579 4994 3673 5040 est

2085 5080 2396 5151 angelorum
2434 5078 2833 5148 primitivortnn
2876 5078 2965 5147 qui
2996 5076 3178 5146 scripti
3213 5083 3337 5129 sunt
3379 5074 3432 5128 in
3485 5073 3669 5138 cmlis,

2087 5183 2212 5228 ante
2260 5171 2666 5227 tabernaculum
2708 5170 3025 5237 testimonii,
3075 5171 3127 5224 id
3154 5179 3257 5234 est,
3299 5176 3421 5223 ante
3465 5166 3673 5221 faciem

2087 5263 2232 5319 cmli.
2261 5262 2352 5318 Sic
2376 5263 2518 5317 enim
2557 5272 2612 5318 et
2653 5261 2845 5333 Aquila
2890 5271 3011 5315 ante
3059 5260 3244 5330 [aciem
3278 5260 3675 5328 interpretatus

2088 5362 2210 5409 est:
2244 5355 2421 5409 omnis
2456 5354 2651 5426 quippe
2682 5353 2915 5408 contrita
2946 5352 3126 5405 anima
3165 5359 3221 5405 et
3262 5349 3438 5404 omnis
3467 5362 3674 5419 pecca-

2092 5453 2196 5509 tor,
2225 5449 2403 5499 omnis
2433 5443 2859 5499 misericordiam
2890 5438 3252 5496 necessariam
3290 5437 3519 5498 habens,
3550 5452 3679 5489 om-

2090 5538 2176 5591 nis
2196 5537 2263 5591 ab
2287 5551 2474 5593 errore
2502 5551 2559 5589 se
2583 5542 2925 5597 convertens,
2964 5531 3016 5585 in
3045 5532 3149 5585 hac
3175 5527 3413 5584 Ecclesia
3441 5541 3675 5595 congre-

2092 5636 2281 5696 gatur;
2310 5643 2416 5682 non
2459 5626 2630 5681 solum
2666 5641 2761 5680 cos
2807 5625 2899 5695 qui
2935 5626 3001 5679 de
3038 5623 3233 5693 plateis
3275 5627 3330 5675 et
3356 5618 3494 5673 vicis
3522 5627 3679 5678 sunt,

2095 5718 2185 5774 scd
2228 5727 2282 5771 et
2307 5731 2399 5771 eos
2428 5715 2519 5785 qui
2547 5716 2613 5771 de
2658 5715 2759 5770 viis
2796 5722 2848 5770 et
2881 5714 2946 5769 de
2990 5712 3207 5782 sepibus
3247 5708 3431 5766 vocari
3478 5706 3677 5778 praeci-
