  <div class='ocr_page' id='page_1' title='image "/cluster/home/n/w/nwhite01/storage/ocr_20150623/108/hvd.32044054759733/174.png"; bbox 0 0 3956 6176; ppageno 0'>
   <div class='ocr_carea' id='block_1_1' title="bbox 304 308 411 364">
    <p class='ocr_par' dir='ltr' id='par_1_1' title="bbox 304 308 411 364">
     <span class='ocr_line' id='line_1_1' title="bbox 304 308 411 364; baseline -0.037 0"><span class='ocrx_word' id='word_1_1' title='bbox 304 308 411 364; x_wconf 75' lang='lat'><strong>337</strong></span> 
     </span>
    </p>
   </div>
   <div class='ocr_carea' id='block_1_2' title="bbox 1244 300 2649 363">
    <p class='ocr_par' dir='ltr' id='par_1_2' title="bbox 1244 300 2649 363">
     <span class='ocr_line' id='line_1_2' title="bbox 1244 300 2649 363; baseline 0.004 -6"><span class='ocrx_word' id='word_1_2' title='bbox 1244 300 1741 359; x_wconf 79' lang='lat' dir='ltr'><strong>EXPOSITIONES</strong></span> <span class='ocrx_word' id='word_1_3' title='bbox 1774 302 1842 358; x_wconf 83' lang='lat' dir='ltr'><strong>IN</strong></span> <span class='ocrx_word' id='word_1_4' title='bbox 1882 303 2274 362; x_wconf 80' lang='lat' dir='ltr'><strong>LEVITiCUM.</strong></span> <span class='ocrx_word' id='word_1_5' title='bbox 2314 337 2382 346; x_wconf 89' lang='lat'>—</span> <span class='ocrx_word' id='word_1_6' title='bbox 2417 306 2543 362; x_wconf 75' lang='lat' dir='ltr'><strong>LIB.</strong></span> <span class='ocrx_word' id='word_1_7' title='bbox 2586 310 2649 363; x_wconf 88' lang='lat' dir='ltr'><strong>ll.</strong></span> 
     </span>
    </p>
   </div>
   <div class='ocr_carea' id='block_1_3' title="bbox 3471 326 3569 380">
    <p class='ocr_par' dir='ltr' id='par_1_3' title="bbox 3471 326 3569 380">
     <span class='ocr_line' id='line_1_3' title="bbox 3471 326 3569 380; baseline 0.02 -2"><span class='ocrx_word' id='word_1_8' title='bbox 3471 326 3569 380; x_wconf 74' lang='lat'><strong>558</strong></span> 
     </span>
    </p>
   </div>
   <div class='ocr_carea' id='block_1_4' title="bbox 298 417 3595 501">
    <p class='ocr_par' dir='ltr' id='par_1_4' title="bbox 298 417 3595 501">
     <span class='ocr_line' id='line_1_4' title="bbox 298 417 3595 501; baseline 0.004 -24"><span class='ocrx_word' id='word_1_9' title='bbox 298 425 482 495; x_wconf 80' lang='lat' dir='ltr'><strong>piens,</strong></span> <span class='ocrx_word' id='word_1_10' title='bbox 533 432 593 476; x_wconf 90' lang='lat' dir='ltr'><strong>ut</strong></span> <span class='ocrx_word' id='word_1_11' title='bbox 638 417 876 492; x_wconf 82' lang='lat' dir='ltr'><strong>regalem</strong></span> <span class='ocrx_word' id='word_1_12' title='bbox 922 432 1135 473; x_wconf 73' lang='lat' dir='ltr'><strong>orenam</strong></span> <span class='ocrx_word' id='word_1_13' title='bbox 1195 418 1559 487; x_wconf 81' lang='lat' dir='ltr'><strong>ingredientes</strong></span> <span class='ocrx_word' id='word_1_14' title='bbox 1610 417 1901 485; x_wconf 87' lang='lat' dir='ltr'><strong>unplerent</strong></span> <span class='ocrx_word' id='word_1_15' title='bbox 1928 419 1978 477; x_wconf 74' lang='grc' dir='ltr'>Α</span> <span class='ocrx_word' id='word_1_16' title='bbox 2004 426 2182 472; x_wconf 87' lang='lat' dir='ltr'><strong>autem</strong></span> <span class='ocrx_word' id='word_1_17' title='bbox 2207 419 2495 474; x_wconf 86' lang='lat' dir='ltr'><strong>salutaris:</strong></span> <span class='ocrx_word' id='word_1_18' title='bbox 2531 420 2626 475; x_wconf 84' lang='lat' dir='ltr'><strong>sed</strong></span> <span class='ocrx_word' id='word_1_19' title='bbox 2652 426 3132 483; x_wconf 73' lang='lat' dir='ltr'><strong>consummationis</strong></span> <span class='ocrx_word' id='word_1_20' title='bbox 3172 438 3297 487; x_wconf 89' lang='lat' dir='ltr'><strong>tunc</strong></span> <span class='ocrx_word' id='word_1_21' title='bbox 3330 433 3595 501; x_wconf 71' lang='lat' dir='ltr'><strong>oblatum,</strong></span> 
     </span>
    </p>
   </div>
   <div class='ocr_carea' id='block_1_5' title="bbox 300 509 1897 587">
    <p class='ocr_par' dir='ltr' id='par_1_5' title="bbox 300 509 1897 587">
     <span class='ocr_line' id='line_1_5' title="bbox 300 509 1897 587; baseline -0.004 -18"><span class='ocrx_word' id='word_1_22' title='bbox 300 515 526 587; x_wconf 61' lang='lat' dir='ltr'><strong>(ﬂatur.</strong></span> <span class='ocrx_word' id='word_1_23' title='bbox 556 512 715 578; x_wconf 77' lang='lat' dir='ltr'><strong>xm).</strong></span> <span class='ocrx_word' id='word_1_24' title='bbox 739 511 832 565; x_wconf 80' lang='lat' dir='ltr'><strong>Ait</strong></span> <span class='ocrx_word' id='word_1_25' title='bbox 856 510 1066 581; x_wconf 82' lang='lat' dir='ltr'><strong>Moyses</strong></span> <span class='ocrx_word' id='word_1_26' title='bbox 1097 527 1111 563; x_wconf 91' lang='lat'><strong>:</strong></span> <span class='ocrx_word' id='word_1_27' title='bbox 1142 509 1250 562; x_wconf 85' lang='lat' dir='ltr'><strong>Iste</strong></span> <span class='ocrx_word' id='word_1_28' title='bbox 1284 518 1358 562; x_wconf 86' lang='lat' dir='ltr'><strong>est</strong></span> <span class='ocrx_word' id='word_1_29' title='bbox 1378 525 1551 563; x_wconf 82' lang='lat' dir='ltr'><strong>sermo</strong></span> <span class='ocrx_word' id='word_1_30' title='bbox 1582 525 1733 578; x_wconf 83' lang='lat' dir='ltr'><strong>quem</strong></span> <span class='ocrx_word' id='word_1_31' title='bbox 1761 526 1897 579; x_wconf 76' lang='lat' dir='ltr'><strong>pra:-</strong></span> 
     </span>
    </p>
   </div>
   <div class='ocr_carea' id='block_1_6' title="bbox 298 600 1891 675">
    <p class='ocr_par' dir='ltr' id='par_1_6' title="bbox 298 600 1891 675">
     <span class='ocr_line' id='line_1_6' title="bbox 298 600 1891 675; baseline -0.003 -15"><span class='ocrx_word' id='word_1_32' title='bbox 298 609 435 675; x_wconf 78' lang='lat' dir='ltr'><strong>repit</strong></span> <span class='ocrx_word' id='word_1_33' title='bbox 464 604 749 667; x_wconf 79' lang='lat' dir='ltr'><strong>Dominus,</strong></span> <span class='ocrx_word' id='word_1_34' title='bbox 789 601 946 671; x_wconf 85' lang='lat' dir='ltr'><strong>facite</strong></span> <span class='ocrx_word' id='word_1_35' title='bbox 972 612 1019 655; x_wconf 89' lang='lat' dir='ltr'><strong>et</strong></span> <span class='ocrx_word' id='word_1_36' title='bbox 1054 600 1323 671; x_wconf 70' lang='lat' dir='ltr'><strong>apparebit</strong></span> <span class='ocrx_word' id='word_1_37' title='bbox 1364 600 1508 653; x_wconf 85' lang='lat' dir='ltr'><strong>vobis</strong></span> <span class='ocrx_word' id='word_1_38' title='bbox 1556 600 1725 670; x_wconf 79' lang='lat' dir='ltr'><strong>gloria</strong></span> <span class='ocrx_word' id='word_1_39' title='bbox 1754 602 1891 669; x_wconf 84' lang='lat' dir='ltr'><strong>ejus.</strong></span> 
     </span>
    </p>
   </div>
   <div class='ocr_carea' id='block_1_7' title="bbox 2000 509 3572 585">
    <p class='ocr_par' dir='ltr' id='par_1_7' title="bbox 2000 509 3572 585">
     <span class='ocr_line' id='line_1_7' title="bbox 2000 509 3572 585; baseline 0.013 -24"><span class='ocrx_word' id='word_1_40' title='bbox 2000 517 2102 571; x_wconf 83' lang='lat' dir='ltr'><strong>est,</strong></span> <span class='ocrx_word' id='word_1_41' title='bbox 2142 509 2358 577; x_wconf 78' lang='lat' dir='ltr'><strong>quando</strong></span> <span class='ocrx_word' id='word_1_42' title='bbox 2399 510 2708 565; x_wconf 89' lang='lat' dir='ltr'><strong>sacerdotes</strong></span> <span class='ocrx_word' id='word_1_43' title='bbox 2743 514 3067 570; x_wconf 85' lang='lat' dir='ltr'><strong>sanctiﬁcati</strong></span> <span class='ocrx_word' id='word_1_44' title='bbox 3112 527 3255 585; x_wconf 87' lang='lat' dir='ltr'><strong>sunt,</strong></span> <span class='ocrx_word' id='word_1_45' title='bbox 3292 530 3350 577; x_wconf 89' lang='lat' dir='ltr'><strong>ut</strong></span> <span class='ocrx_word' id='word_1_46' title='bbox 3395 539 3572 581; x_wconf 88' lang='lat' dir='ltr'><strong>sacer-</strong></span> 
     </span>
    </p>
   </div>
   <div class='ocr_carea' id='block_1_8' title="bbox 1998 596 3605 684">
    <p class='ocr_par' dir='ltr' id='par_1_8' title="bbox 1998 596 3605 684">
     <span class='ocr_line' id='line_1_8' title="bbox 1998 596 3605 684; baseline 0.014 -34"><span class='ocrx_word' id='word_1_47' title='bbox 1998 597 2144 652; x_wconf 89' lang='lat' dir='ltr'><strong>dotio</strong></span> <span class='ocrx_word' id='word_1_48' title='bbox 2175 596 2544 668; x_wconf 78' lang='lat' dir='ltr'><strong>fungerentur,</strong></span> <span class='ocrx_word' id='word_1_49' title='bbox 2578 609 2634 654; x_wconf 89' lang='lat' dir='ltr'><strong>et</strong></span> <span class='ocrx_word' id='word_1_50' title='bbox 2664 601 2779 656; x_wconf 65' lang='lat' dir='ltr'><strong>haec</strong></span> <span class='ocrx_word' id='word_1_51' title='bbox 2804 603 2997 658; x_wconf 77' lang='lat' dir='ltr'><strong>obtulit</strong></span> <span class='ocrx_word' id='word_1_52' title='bbox 3024 605 3231 677; x_wconf 83' lang='lat' dir='ltr'><strong>Moyses</strong></span> <span class='ocrx_word' id='word_1_53' title='bbox 3252 621 3352 678; x_wconf 86' lang='lat' dir='ltr'><strong>pro</strong></span> <span class='ocrx_word' id='word_1_54' title='bbox 3385 613 3565 671; x_wconf 80' lang='lat' dir='ltr'><strong>Aaron</strong></span> <span class='ocrx_word' id='word_1_55' title='bbox 3599 678 3605 684; x_wconf 52' lang='grc'><em>,</em></span> 
     </span>
    </p>
   </div>
   <div class='ocr_carea' id='block_1_9' title="bbox 295 686 3569 765">
    <p class='ocr_par' dir='ltr' id='par_1_9' title="bbox 295 686 3569 765">
     <span class='ocr_line' id='line_1_9' title="bbox 295 686 3569 765; baseline 0.004 -18"><span class='ocrx_word' id='word_1_56' title='bbox 295 696 546 751; x_wconf 75' lang='lat' dir='ltr'><strong>Gloriam</strong></span> <span class='ocrx_word' id='word_1_57' title='bbox 591 698 716 747; x_wconf 85' lang='lat' dir='ltr'><strong>ess‘e</strong></span> <span class='ocrx_word' id='word_1_58' title='bbox 770 692 981 746; x_wconf 90' lang='lat' dir='ltr'><strong>Domini</strong></span> <span class='ocrx_word' id='word_1_59' title='bbox 1026 691 1276 759; x_wconf 76' lang='lat' dir='ltr'><strong>spiritum</strong></span> <span class='ocrx_word' id='word_1_60' title='bbox 1320 690 1608 746; x_wconf 80' lang='lat' dir='ltr'><strong>manifeste</strong></span> <span class='ocrx_word' id='word_1_61' title='bbox 1657 691 1896 745; x_wconf 85' lang='lat' dir='ltr'><strong>ostendit</strong></span> <span class='ocrx_word' id='word_1_62' title='bbox 1995 697 2052 740; x_wconf 89' lang='lat' dir='ltr'><strong>et</strong></span> <span class='ocrx_word' id='word_1_63' title='bbox 2084 686 2205 742; x_wconf 89' lang='lat' dir='ltr'><strong>ﬁliis</strong></span> <span class='ocrx_word' id='word_1_64' title='bbox 2238 686 2372 756; x_wconf 88' lang='lat' dir='ltr'><strong>ejus.</strong></span> <span class='ocrx_word' id='word_1_65' title='bbox 2405 688 2598 744; x_wconf 85' lang='lat' dir='ltr'><strong>Postea</strong></span> <span class='ocrx_word' id='word_1_66' title='bbox 2640 705 2770 745; x_wconf 87' lang='lat' dir='ltr'><strong>vero</strong></span> <span class='ocrx_word' id='word_1_67' title='bbox 2797 693 2979 748; x_wconf 84' lang='lat' dir='ltr'><strong>Aaron</strong></span> <span class='ocrx_word' id='word_1_68' title='bbox 3026 694 3159 765; x_wconf 87' lang='lat' dir='ltr'><strong>ipse,</strong></span> <span class='ocrx_word' id='word_1_69' title='bbox 3184 691 3299 762; x_wconf 87' lang='lat' dir='ltr'><strong>jam</strong></span> <span class='ocrx_word' id='word_1_70' title='bbox 3332 705 3569 758; x_wconf 88' lang='lat' dir='ltr'><strong>sanctiﬁ-</strong></span> 
     </span>
    </p>
   </div>
   <div class='ocr_carea' id='block_1_10' title="bbox 293 779 3568 863">
    <p class='ocr_par' dir='ltr' id='par_1_10' title="bbox 293 779 3568 863">
     <span class='ocr_line' id='line_1_10' title="bbox 293 779 3568 863; baseline 0.005 -31"><span class='ocrx_word' id='word_1_71' title='bbox 293 788 445 858; x_wconf 66' lang='grc' dir='ltr'><strong>φιοά</strong></span> <span class='ocrx_word' id='word_1_72' title='bbox 468 785 667 839; x_wconf 82' lang='lat' dir='ltr'><strong>Paulus</strong></span> <span class='ocrx_word' id='word_1_73' title='bbox 693 784 762 838; x_wconf 88' lang='lat' dir='ltr'><strong>ad</strong></span> <span class='ocrx_word' id='word_1_74' title='bbox 786 781 1099 837; x_wconf 84' lang='lat' dir='ltr'><strong>Corinthios</strong></span> <span class='ocrx_word' id='word_1_75' title='bbox 1124 783 1376 851; x_wconf 89' lang='lat' dir='ltr'><strong>scripsit&#39;:</strong></span> <span class='ocrx_word' id='word_1_76' title='bbox 1410 782 1524 863; x_wconf 88' lang='lat' dir='ltr'><strong>os</strong></span> <span class='ocrx_word' id='word_1_77' title='bbox 1552 799 1728 838; x_wconf 84' lang='lat' dir='ltr'><strong>omnes</strong></span> <span class='ocrx_word' id='word_1_78' title='bbox 1752 800 1893 837; x_wconf 70' lang='grc' dir='ltr'><strong>τενε-</strong></span> <span class='ocrx_word' id='word_1_79' title='bbox 1995 785 2149 831; x_wconf 88' lang='lat' dir='ltr'><strong>catus</strong></span> <span class='ocrx_word' id='word_1_80' title='bbox 2177 786 2233 831; x_wconf 91' lang='lat' dir='ltr'><strong>et</strong></span> <span class='ocrx_word' id='word_1_81' title='bbox 2257 779 2563 834; x_wconf 89' lang='lat' dir='ltr'><strong>sacerdotio</strong></span> <span class='ocrx_word' id='word_1_82' title='bbox 2581 779 2832 863; x_wconf 73' lang='lat' dir='ltr'><strong>fungens,</strong></span> <span class='ocrx_word' id='word_1_83' title='bbox 2860 782 3059 840; x_wconf 71' lang='lat' dir='ltr'><strong>offerre</strong></span> <span class='ocrx_word' id='word_1_84' title='bbox 3078 802 3179 856; x_wconf 91' lang='lat' dir='ltr'><strong>pro</strong></span> <span class='ocrx_word' id='word_1_85' title='bbox 3207 787 3467 857; x_wconf 90' lang='lat' dir='ltr'><strong>sejussus</strong></span> <span class='ocrx_word' id='word_1_86' title='bbox 3483 803 3568 847; x_wconf 89' lang='lat' dir='ltr'><strong>est</strong></span> 
     </span>
    </p>
   </div>
   <div class='ocr_carea' id='block_1_11' title="bbox 293 858 1891 947">
    <p class='ocr_par' dir='ltr' id='par_1_11' title="bbox 293 858 1891 947">
     <span class='ocr_line' id='line_1_11' title="bbox 293 858 1891 947; baseline -0.004 -15"><span class='ocrx_word' id='word_1_87' title='bbox 293 880 405 932; x_wconf 84' lang='lat' dir='ltr'><strong>lata</strong></span> <span class='ocrx_word' id='word_1_88' title='bbox 427 878 565 947; x_wconf 89' lang='lat' dir='ltr'><strong>facie</strong></span> <span class='ocrx_word' id='word_1_89' title='bbox 586 875 815 946; x_wconf 81' lang='lat' dir='ltr'><strong>gloriam</strong></span> <span class='ocrx_word' id='word_1_90' title='bbox 838 872 1050 926; x_wconf 88' lang='lat' dir='ltr'><strong>Domini</strong></span> <span class='ocrx_word' id='word_1_91' title='bbox 1072 872 1397 941; x_wconf 76' lang='lat' dir='ltr'><strong>speculantes</strong></span> <span class='ocrx_word' id='word_1_92' title='bbox 1417 858 1474 927; x_wconf 81' lang='lat' dir='ltr'><strong>in</strong></span> <span class='ocrx_word' id='word_1_93' title='bbox 1496 873 1733 927; x_wconf 86' lang='lat' dir='ltr'><strong>eamdem</strong></span> <span class='ocrx_word' id='word_1_94' title='bbox 1756 875 1891 927; x_wconf 83' lang='lat' dir='ltr'><strong>ima-</strong></span> 
     </span>
    </p>
   </div>
   <div class='ocr_carea' id='block_1_12' title="bbox 288 968 1888 1040">
    <p class='ocr_par' dir='ltr' id='par_1_12' title="bbox 288 968 1888 1040">
     <span class='ocr_line' id='line_1_12' title="bbox 288 968 1888 1040; baseline -0.001 -17"><span class='ocrx_word' id='word_1_95' title='bbox 288 971 465 1039; x_wconf 83' lang='lat' dir='ltr'><strong>ginem</strong></span> <span class='ocrx_word' id='word_1_96' title='bbox 492 969 960 1038; x_wconf 76' lang='lat' dir='ltr'><strong>transformamur,</strong></span> <span class='ocrx_word' id='word_1_97' title='bbox 987 970 1053 1023; x_wconf 87' lang='lat' dir='ltr'><strong>de</strong></span> <span class='ocrx_word' id='word_1_98' title='bbox 1077 968 1247 1039; x_wconf 80' lang='lat' dir='ltr'><strong>gloria</strong></span> <span class='ocrx_word' id='word_1_99' title='bbox 1285 971 1342 1023; x_wconf 83' lang='lat' dir='ltr'><strong>in</strong></span> <span class='ocrx_word' id='word_1_100' title='bbox 1386 969 1628 1040; x_wconf 84' lang='lat' dir='ltr'><strong>gloriam,</strong></span> <span class='ocrx_word' id='word_1_101' title='bbox 1677 970 1813 1026; x_wconf 85' lang='lat' dir='ltr'><strong>sicut</strong></span> <span class='ocrx_word' id='word_1_102' title='bbox 1854 987 1888 1022; x_wconf 93' lang='lat' dir='ltr'><strong>a</strong></span> 
     </span>
    </p>
   </div>
   <div class='ocr_carea' id='block_1_13' title="bbox 289 1058 1886 1131">
    <p class='ocr_par' dir='ltr' id='par_1_13' title="bbox 289 1058 1886 1131">
     <span class='ocr_line' id='line_1_13' title="bbox 289 1058 1886 1131; baseline 0 -17"><span class='ocrx_word' id='word_1_103' title='bbox 289 1061 509 1114; x_wconf 84' lang='lat' dir='ltr'><strong>Domini</strong></span> <span class='ocrx_word' id='word_1_104' title='bbox 556 1058 761 1129; x_wconf 77' lang='lat' dir='ltr'><strong>Spiritu</strong></span> <span class='ocrx_word' id='word_1_105' title='bbox 800 1058 855 1130; x_wconf 91' lang='grc'><strong>(1</strong></span> <span class='ocrx_word' id='word_1_106' title='bbox 880 1058 1005 1113; x_wconf 85' lang='lat' dir='ltr'><strong>Cor.</strong></span> <span class='ocrx_word' id='word_1_107' title='bbox 1036 1059 1145 1129; x_wconf 85' lang='grc' dir='ltr'><strong>ιιι).</strong></span> <span class='ocrx_word' id='word_1_108' title='bbox 1177 1059 1246 1115; x_wconf 84' lang='lat' dir='ltr'><strong>Ut</strong></span> <span class='ocrx_word' id='word_1_109' title='bbox 1287 1075 1417 1130; x_wconf 89' lang='lat' dir='ltr'><strong>ergo</strong></span> <span class='ocrx_word' id='word_1_110' title='bbox 1452 1061 1624 1131; x_wconf 89' lang='lat' dir='ltr'><strong>gloria</strong></span> <span class='ocrx_word' id='word_1_111' title='bbox 1669 1059 1886 1114; x_wconf 85' lang='lat' dir='ltr'><strong>Domini</strong></span> 
     </span>
    </p>
   </div>
   <div class='ocr_carea' id='block_1_14' title="bbox 289 1149 1880 1223">
    <p class='ocr_par' dir='ltr' id='par_1_14' title="bbox 289 1149 1880 1223">
     <span class='ocr_line' id='line_1_14' title="bbox 289 1149 1880 1223; baseline 0.003 -20"><span class='ocrx_word' id='word_1_112' title='bbox 289 1152 594 1215; x_wconf 80' lang='lat' dir='ltr'><strong>videretur,</strong></span> <span class='ocrx_word' id='word_1_113' title='bbox 629 1149 683 1203; x_wconf 92' lang='lat' dir='ltr'><strong>id</strong></span> <span class='ocrx_word' id='word_1_114' title='bbox 722 1159 828 1216; x_wconf 89' lang='lat' dir='ltr'><strong>est,</strong></span> <span class='ocrx_word' id='word_1_115' title='bbox 856 1159 916 1205; x_wconf 90' lang='lat' dir='ltr'><strong>ut</strong></span> <span class='ocrx_word' id='word_1_116' title='bbox 943 1151 1207 1206; x_wconf 85' lang='lat' dir='ltr'><strong>adventus</strong></span> <span class='ocrx_word' id='word_1_117' title='bbox 1234 1152 1603 1207; x_wconf 84' lang='lat' dir='ltr'><strong>celebraretur</strong></span> <span class='ocrx_word' id='word_1_118' title='bbox 1625 1152 1880 1223; x_wconf 83' lang='lat' dir='ltr'><strong>Spiritus.</strong></span> 
     </span>
    </p>
   </div>
   <div class='ocr_carea' id='block_1_15' title="bbox 290 1239 1884 1311">
    <p class='ocr_par' dir='ltr' id='par_1_15' title="bbox 290 1239 1884 1311">
     <span class='ocr_line' id='line_1_15' title="bbox 290 1239 1884 1311; baseline 0.002 -18"><span class='ocrx_word' id='word_1_119' title='bbox 290 1241 403 1294; x_wconf 82' lang='lat' dir='ltr'><strong>Iste</strong></span> <span class='ocrx_word' id='word_1_120' title='bbox 430 1249 507 1293; x_wconf 86' lang='lat' dir='ltr'><strong>est</strong></span> <span class='ocrx_word' id='word_1_121' title='bbox 532 1256 730 1304; x_wconf 90' lang='lat' dir='ltr'><strong>sermo,</strong></span> <span class='ocrx_word' id='word_1_122' title='bbox 762 1239 955 1309; x_wconf 87' lang='lat' dir='ltr'><strong>inquit,</strong></span> <span class='ocrx_word' id='word_1_123' title='bbox 993 1255 1145 1310; x_wconf 83' lang='lat' dir='ltr'><strong>quem</strong></span> <span class='ocrx_word' id='word_1_124' title='bbox 1169 1242 1412 1311; x_wconf 64' lang='lat' dir='ltr'><strong>praecepit</strong></span> <span class='ocrx_word' id='word_1_125' title='bbox 1427 1241 1690 1296; x_wconf 77' lang='lat' dir='ltr'><strong>Dominus</strong></span> <span class='ocrx_word' id='word_1_126' title='bbox 1712 1256 1731 1294; x_wconf 91' lang='lat'><em>:</em></span> <span class='ocrx_word' id='word_1_127' title='bbox 1767 1257 1884 1298; x_wconf 89' lang='lat' dir='ltr'><strong>ser-</strong></span> 
     </span>
    </p>
   </div>
   <div class='ocr_carea' id='block_1_16' title="bbox 290 1330 1875 1403">
    <p class='ocr_par' dir='ltr' id='par_1_16' title="bbox 290 1330 1875 1403">
     <span class='ocr_line' id='line_1_16' title="bbox 290 1330 1875 1403; baseline 0.003 -20"><span class='ocrx_word' id='word_1_128' title='bbox 290 1347 380 1384; x_wconf 87' lang='lat' dir='ltr'><strong>mo</strong></span> <span class='ocrx_word' id='word_1_129' title='bbox 407 1330 664 1385; x_wconf 70' lang='lat' dir='ltr'><strong>ridelicet</strong></span> <span class='ocrx_word' id='word_1_130' title='bbox 688 1331 968 1401; x_wconf 83' lang='lat' dir='ltr'><strong>mysticus,</strong></span> <span class='ocrx_word' id='word_1_131' title='bbox 999 1331 1067 1386; x_wconf 90' lang='lat' dir='ltr'><strong>de</strong></span> <span class='ocrx_word' id='word_1_132' title='bbox 1095 1345 1202 1399; x_wconf 91' lang='lat' dir='ltr'><strong>quo</strong></span> <span class='ocrx_word' id='word_1_133' title='bbox 1232 1331 1492 1387; x_wconf 89' lang='lat' dir='ltr'><strong>Dominus</strong></span> <span class='ocrx_word' id='word_1_134' title='bbox 1511 1336 1875 1403; x_wconf 71' lang='lat' dir='ltr'><strong>pmceperat:</strong></span> 
     </span>
    </p>
   </div>
   <div class='ocr_carea' id='block_1_17' title="bbox 290 1421 1877 1492">
    <p class='ocr_par' dir='ltr' id='par_1_17' title="bbox 290 1421 1877 1492">
     <span class='ocr_line' id='line_1_17' title="bbox 290 1421 1877 1492; baseline 0.003 -17"><span class='ocrx_word' id='word_1_135' title='bbox 290 1422 408 1476; x_wconf 83' lang='lat' dir='ltr'><strong>Hoc</strong></span> <span class='ocrx_word' id='word_1_136' title='bbox 449 1421 615 1492; x_wconf 80' lang='lat' dir='ltr'><strong>facile</strong></span> <span class='ocrx_word' id='word_1_137' title='bbox 643 1424 697 1485; x_wconf 85' lang='lat' dir='ltr'><strong>in</strong></span> <span class='ocrx_word' id='word_1_138' title='bbox 736 1439 906 1476; x_wconf 89' lang='lat' dir='ltr'><strong>meam</strong></span> <span class='ocrx_word' id='word_1_139' title='bbox 948 1424 1509 1478; x_wconf 82' lang='lat' dir='ltr'><strong>commemorationem.</strong></span> <span class='ocrx_word' id='word_1_140' title='bbox 1556 1423 1877 1480; x_wconf 86' lang='lat' dir='ltr'><strong>Sermonem</strong></span> 
     </span>
    </p>
   </div>
   <div class='ocr_carea' id='block_1_18' title="bbox 289 1511 1876 1585">
    <p class='ocr_par' dir='ltr' id='par_1_18' title="bbox 289 1511 1876 1585">
     <span class='ocr_line' id='line_1_18' title="bbox 289 1511 1876 1585; baseline 0.004 -21"><span class='ocrx_word' id='word_1_141' title='bbox 289 1520 470 1566; x_wconf 88' lang='lat' dir='ltr'><strong>autem</strong></span> <span class='ocrx_word' id='word_1_142' title='bbox 505 1511 787 1580; x_wconf 78' lang='lat' dir='ltr'><strong>legislator</strong></span> <span class='ocrx_word' id='word_1_143' title='bbox 826 1526 893 1565; x_wconf 79' lang='lat' dir='ltr'><strong>ex</strong></span> <span class='ocrx_word' id='word_1_144' title='bbox 927 1513 1315 1568; x_wconf 86' lang='lat' dir='ltr'><strong>consuetudine</strong></span> <span class='ocrx_word' id='word_1_145' title='bbox 1364 1513 1493 1568; x_wconf 90' lang='lat' dir='ltr'><strong>illud</strong></span> <span class='ocrx_word' id='word_1_146' title='bbox 1531 1516 1876 1585; x_wconf 85' lang='lat' dir='ltr'><strong>vocat,quia</strong></span> 
     </span>
    </p>
   </div>
   <div class='ocr_carea' id='block_1_19' title="bbox 287 1602 1869 1675">
    <p class='ocr_par' dir='ltr' id='par_1_19' title="bbox 287 1602 1869 1675">
     <span class='ocr_line' id='line_1_19' title="bbox 287 1602 1869 1675; baseline 0.003 -21"><span class='ocrx_word' id='word_1_147' title='bbox 287 1602 406 1671; x_wconf 86' lang='lat' dir='ltr'><strong>plus</strong></span> <span class='ocrx_word' id='word_1_148' title='bbox 449 1617 709 1657; x_wconf 86' lang='lat' dir='ltr'><strong>sermone</strong></span> <span class='ocrx_word' id='word_1_149' title='bbox 746 1602 993 1657; x_wconf 88' lang='lat' dir='ltr'><strong>subsistit</strong></span> <span class='ocrx_word' id='word_1_150' title='bbox 1037 1603 1198 1673; x_wconf 87' lang='lat' dir='ltr'><strong>hujus</strong></span> <span class='ocrx_word' id='word_1_151' title='bbox 1231 1603 1562 1673; x_wconf 80' lang='lat' dir='ltr'><strong>diSpensatio</strong></span> <span class='ocrx_word' id='word_1_152' title='bbox 1608 1605 1869 1675; x_wconf 88' lang='lat' dir='ltr'><strong>mysterii,</strong></span> 
     </span>
    </p>
   </div>
   <div class='ocr_carea' id='block_1_20' title="bbox 289 1691 1873 1763">
    <p class='ocr_par' dir='ltr' id='par_1_20' title="bbox 289 1691 1873 1763">
     <span class='ocr_line' id='line_1_20' title="bbox 289 1691 1873 1763; baseline 0.003 -19"><span class='ocrx_word' id='word_1_153' title='bbox 289 1692 523 1744; x_wconf 75' lang='lat' dir='ltr'><strong>maxime</strong></span> <span class='ocrx_word' id='word_1_154' title='bbox 553 1691 841 1746; x_wconf 91' lang='lat' dir='ltr'><strong>Dominico</strong></span> <span class='ocrx_word' id='word_1_155' title='bbox 877 1692 1045 1746; x_wconf 87' lang='lat' dir='ltr'><strong>verbo</strong></span> <span class='ocrx_word' id='word_1_156' title='bbox 1088 1706 1154 1746; x_wconf 88' lang='lat' dir='ltr'><strong>ea</strong></span> <span class='ocrx_word' id='word_1_157' title='bbox 1178 1706 1297 1761; x_wconf 59' lang='lat' dir='ltr'><strong>quae</strong></span> <span class='ocrx_word' id='word_1_158' title='bbox 1336 1702 1598 1763; x_wconf 79' lang='lat' dir='ltr'><strong>apparent</strong></span> <span class='ocrx_word' id='word_1_159' title='bbox 1643 1694 1698 1748; x_wconf 90' lang='lat' dir='ltr'><strong>in</strong></span> <span class='ocrx_word' id='word_1_160' title='bbox 1728 1693 1873 1748; x_wconf 87' lang='lat' dir='ltr'><strong>aliud</strong></span> 
     </span>
    </p>
   </div>
   <div class='ocr_carea' id='block_1_21' title="bbox 1991 865 3561 937">
    <p class='ocr_par' dir='ltr' id='par_1_21' title="bbox 1991 865 3561 937">
     <span class='ocr_line' id='line_1_21' title="bbox 1991 865 3561 937; baseline 0.011 -20"><span class='ocrx_word' id='word_1_161' title='bbox 1991 865 2216 918; x_wconf 90' lang='lat' dir='ltr'><strong>vitulum</strong></span> <span class='ocrx_word' id='word_1_162' title='bbox 2259 882 2358 936; x_wconf 89' lang='lat' dir='ltr'><strong>pro</strong></span> <span class='ocrx_word' id='word_1_163' title='bbox 2400 879 2626 937; x_wconf 86' lang='lat' dir='ltr'><strong>peccato</strong></span> <span class='ocrx_word' id='word_1_164' title='bbox 2672 877 2725 924; x_wconf 89' lang='lat' dir='ltr'><strong>et</strong></span> <span class='ocrx_word' id='word_1_165' title='bbox 2765 872 2988 928; x_wconf 88' lang='lat' dir='ltr'><strong>arietem</strong></span> <span class='ocrx_word' id='word_1_166' title='bbox 3041 874 3097 928; x_wconf 91' lang='lat' dir='ltr'><strong>in</strong></span> <span class='ocrx_word' id='word_1_167' title='bbox 3150 876 3561 935; x_wconf 50' lang='lat' dir='ltr'><strong>holocaustum?</strong></span> 
     </span>
    </p>
   </div>
   <div class='ocr_carea' id='block_1_22' title="bbox 1990 958 3555 1033">
    <p class='ocr_par' dir='ltr' id='par_1_22' title="bbox 1990 958 3555 1033">
     <span class='ocr_line' id='line_1_22' title="bbox 1990 958 3555 1033; baseline 0.011 -25"><span class='ocrx_word' id='word_1_168' title='bbox 1990 970 2098 1010; x_wconf 91' lang='lat' dir='ltr'><strong>non</strong></span> <span class='ocrx_word' id='word_1_169' title='bbox 2125 966 2308 1011; x_wconf 90' lang='lat' dir='ltr'><strong>autem</strong></span> <span class='ocrx_word' id='word_1_170' title='bbox 2328 958 2514 1027; x_wconf 84' lang='lat' dir='ltr'><strong>jussus</strong></span> <span class='ocrx_word' id='word_1_171' title='bbox 2540 967 2623 1014; x_wconf 91' lang='lat' dir='ltr'><strong>est</strong></span> <span class='ocrx_word' id='word_1_172' title='bbox 2661 976 2760 1033; x_wconf 90' lang='lat' dir='ltr'><strong>pro</strong></span> <span class='ocrx_word' id='word_1_173' title='bbox 2803 977 2861 1017; x_wconf 92' lang='lat' dir='ltr'><strong>se</strong></span> <span class='ocrx_word' id='word_1_174' title='bbox 2907 962 3102 1019; x_wconf 84' lang='lat' dir='ltr'><strong>oﬁerre</strong></span> <span class='ocrx_word' id='word_1_175' title='bbox 3147 971 3555 1025; x_wconf 64' lang='lat' dir='ltr'><strong>consummatio:</strong></span> 
     </span>
    </p>
   </div>
   <div class='ocr_carea' id='block_1_23' title="bbox 1988 1046 3564 1116">
    <p class='ocr_par' dir='ltr' id='par_1_23' title="bbox 1988 1046 3564 1116">
     <span class='ocr_line' id='line_1_23' title="bbox 1988 1046 3564 1116; baseline 0.01 -17"><span class='ocrx_word' id='word_1_176' title='bbox 1988 1046 2091 1112; x_wconf 91' lang='lat' dir='ltr'><strong>nis,</strong></span> <span class='ocrx_word' id='word_1_177' title='bbox 2120 1048 2247 1116; x_wconf 86' lang='lat' dir='ltr'><strong>quia</strong></span> <span class='ocrx_word' id='word_1_178' title='bbox 2293 1056 2422 1103; x_wconf 93' lang='lat' dir='ltr'><strong>tunc</strong></span> <span class='ocrx_word' id='word_1_179' title='bbox 2467 1048 2589 1104; x_wconf 87' lang='lat' dir='ltr'><strong>ideo</strong></span> <span class='ocrx_word' id='word_1_180' title='bbox 2625 1051 2862 1106; x_wconf 87' lang='lat' dir='ltr'><strong>oblatum</strong></span> <span class='ocrx_word' id='word_1_181' title='bbox 2897 1063 2977 1108; x_wconf 90' lang='lat' dir='ltr'><strong>est</strong></span> <span class='ocrx_word' id='word_1_182' title='bbox 3005 1061 3064 1107; x_wconf 91' lang='lat' dir='ltr'><strong>ut</strong></span> <span class='ocrx_word' id='word_1_183' title='bbox 3093 1068 3564 1114; x_wconf 85' lang='lat' dir='ltr'><strong>consummaretur</strong></span> 
     </span>
    </p>
   </div>
   <div class='ocr_carea' id='block_1_24' title="bbox 1987 1138 3561 1222">
    <p class='ocr_par' dir='ltr' id='par_1_24' title="bbox 1987 1138 3561 1222">
     <span class='ocr_line' id='line_1_24' title="bbox 1987 1138 3561 1222; baseline 0.01 -31"><span class='ocrx_word' id='word_1_184' title='bbox 1987 1138 2435 1205; x_wconf 88' lang='lat' dir='ltr'><strong>sanctiﬁcatione,</strong></span> <span class='ocrx_word' id='word_1_185' title='bbox 2487 1148 2541 1194; x_wconf 86' lang='lat' dir='ltr'><strong>et</strong></span> <span class='ocrx_word' id='word_1_186' title='bbox 2583 1143 2887 1200; x_wconf 85' lang='lat' dir='ltr'><strong>sacerdotio</strong></span> <span class='ocrx_word' id='word_1_187' title='bbox 2915 1143 3061 1216; x_wconf 80' lang='lat' dir='ltr'><strong>fungi</strong></span> <span class='ocrx_word' id='word_1_188' title='bbox 3088 1157 3274 1218; x_wconf 87' lang='lat' dir='ltr'><strong>posset</strong></span> <span class='ocrx_word' id='word_1_189' title='bbox 3314 1166 3423 1221; x_wconf 91' lang='lat' dir='ltr'><strong>quo</strong></span> <span class='ocrx_word' id='word_1_190' title='bbox 3443 1151 3561 1222; x_wconf 87' lang='lat' dir='ltr'><strong>jam</strong></span> 
     </span>
    </p>
   </div>
   <div class='ocr_carea' id='block_1_25' title="bbox 1985 1227 2327 1299">
    <p class='ocr_par' dir='ltr' id='par_1_25' title="bbox 1985 1227 2327 1299">
     <span class='ocr_line' id='line_1_25' title="bbox 1985 1227 2327 1299; baseline 0.003 -18"><span class='ocrx_word' id='word_1_191' title='bbox 1985 1227 2327 1299; x_wconf 81' lang='lat' dir='ltr'><strong>fungebatur.</strong></span> 
     </span>
    </p>
   </div>
   <div class='ocr_carea' id='block_1_26' title="bbox 2054 1317 3561 1390">
    <p class='ocr_par' dir='ltr' id='par_1_26' title="bbox 2054 1317 3561 1390">
     <span class='ocr_line' id='line_1_26' title="bbox 2054 1317 3561 1390; baseline 0.011 -17"><span class='ocrx_word' id='word_1_192' title='bbox 2054 1317 2555 1390; x_wconf 78' lang='lat' dir='ltr'><strong>StatimqueAaron</strong></span> <span class='ocrx_word' id='word_1_193' title='bbox 2593 1324 2839 1379; x_wconf 84' lang='lat' dir='ltr'><strong>accedens</strong></span> <span class='ocrx_word' id='word_1_194' title='bbox 2866 1327 2935 1381; x_wconf 88' lang='lat' dir='ltr'><strong>ad</strong></span> <span class='ocrx_word' id='word_1_195' title='bbox 2976 1330 3144 1384; x_wconf 83' lang='lat' dir='ltr'><strong>altare</strong></span> <span class='ocrx_word' id='word_1_196' title='bbox 3171 1332 3461 1388; x_wconf 83' lang='lat' dir='ltr'><strong>immolarit</strong></span> <span class='ocrx_word' id='word_1_197' title='bbox 3484 1338 3561 1390; x_wconf 65' lang='lat' dir='ltr'><strong>rio</strong></span> 
     </span>
    </p>
   </div>
   <div class='ocr_carea' id='block_1_27' title="bbox 1982 1407 3559 1488">
    <p class='ocr_par' dir='ltr' id='par_1_27' title="bbox 1982 1407 3559 1488">
     <span class='ocr_line' id='line_1_27' title="bbox 1982 1407 3559 1488; baseline 0.013 -28"><span class='ocrx_word' id='word_1_198' title='bbox 1982 1407 2148 1463; x_wconf 86' lang='lat' dir='ltr'><strong>tulum</strong></span> <span class='ocrx_word' id='word_1_199' title='bbox 2169 1427 2264 1481; x_wconf 90' lang='lat' dir='ltr'><strong>pro</strong></span> <span class='ocrx_word' id='word_1_200' title='bbox 2283 1422 2493 1481; x_wconf 83' lang='lat' dir='ltr'><strong>peccato</strong></span> <span class='ocrx_word' id='word_1_201' title='bbox 2514 1431 2645 1480; x_wconf 89' lang='lat' dir='ltr'><strong>suo;</strong></span> <span class='ocrx_word' id='word_1_202' title='bbox 2670 1416 2823 1486; x_wconf 82' lang='lat' dir='ltr'><strong>cujus</strong></span> <span class='ocrx_word' id='word_1_203' title='bbox 2847 1420 3155 1488; x_wconf 86' lang='lat' dir='ltr'><strong>sanguinem</strong></span> <span class='ocrx_word' id='word_1_204' title='bbox 3190 1422 3484 1478; x_wconf 80' lang='lat' dir='ltr'><strong>obtulerunt</strong></span> <span class='ocrx_word' id='word_1_205' title='bbox 3507 1430 3559 1481; x_wconf 86' lang='lat' dir='ltr'><strong>ei</strong></span> 
     </span>
    </p>
   </div>
   <div class='ocr_carea' id='block_1_28' title="bbox 1978 1498 3551 1580">
    <p class='ocr_par' dir='ltr' id='par_1_28' title="bbox 1978 1498 3551 1580">
     <span class='ocr_line' id='line_1_28' title="bbox 1978 1498 3551 1580; baseline 0.011 -29"><span class='ocrx_word' id='word_1_206' title='bbox 1978 1498 2079 1566; x_wconf 81' lang='lat' dir='ltr'><strong>ﬁlii</strong></span> <span class='ocrx_word' id='word_1_207' title='bbox 2100 1500 2204 1565; x_wconf 79' lang='lat' dir='ltr'><strong>sui,</strong></span> <span class='ocrx_word' id='word_1_208' title='bbox 2230 1501 2285 1554; x_wconf 87' lang='lat' dir='ltr'><strong>in</strong></span> <span class='ocrx_word' id='word_1_209' title='bbox 2304 1518 2405 1571; x_wconf 86' lang='lat' dir='ltr'><strong>quo</strong></span> <span class='ocrx_word' id='word_1_210' title='bbox 2449 1503 2650 1574; x_wconf 88' lang='lat' dir='ltr'><strong>tingens</strong></span> <span class='ocrx_word' id='word_1_211' title='bbox 2668 1505 2889 1576; x_wconf 84' lang='lat' dir='ltr'><strong>digitum</strong></span> <span class='ocrx_word' id='word_1_212' title='bbox 2931 1510 3095 1579; x_wconf 89' lang='lat' dir='ltr'><strong>tetigit</strong></span> <span class='ocrx_word' id='word_1_213' title='bbox 3118 1528 3314 1567; x_wconf 86' lang='lat' dir='ltr'><strong>cornua</strong></span> <span class='ocrx_word' id='word_1_214' title='bbox 3340 1515 3551 1580; x_wconf 87' lang='lat' dir='ltr'><strong>altaris,</strong></span> 
     </span>
    </p>
   </div>
   <div class='ocr_carea' id='block_1_29' title="bbox 1977 1590 3557 1675">
    <p class='ocr_par' dir='ltr' id='par_1_29' title="bbox 1977 1590 3557 1675">
     <span class='ocr_line' id='line_1_29' title="bbox 1977 1590 3557 1675; baseline 0.011 -31"><span class='ocrx_word' id='word_1_215' title='bbox 1977 1600 2026 1644; x_wconf 84' lang='lat' dir='ltr'><strong>et</strong></span> <span class='ocrx_word' id='word_1_216' title='bbox 2047 1590 2184 1660; x_wconf 80' lang='lat' dir='ltr'><strong>fudit</strong></span> <span class='ocrx_word' id='word_1_217' title='bbox 2208 1594 2473 1648; x_wconf 87' lang='lat' dir='ltr'><strong>residuum</strong></span> <span class='ocrx_word' id='word_1_218' title='bbox 2495 1597 2563 1650; x_wconf 91' lang='lat' dir='ltr'><strong>ad</strong></span> <span class='ocrx_word' id='word_1_219' title='bbox 2592 1597 2767 1654; x_wconf 82' lang='lat' dir='ltr'><strong>basem</strong></span> <span class='ocrx_word' id='word_1_220' title='bbox 2787 1601 2920 1670; x_wconf 84' lang='lat' dir='ltr'><strong>ejus,</strong></span> <span class='ocrx_word' id='word_1_221' title='bbox 2947 1604 3253 1675; x_wconf 87' lang='lat' dir='ltr'><strong>adipemque</strong></span> <span class='ocrx_word' id='word_1_222' title='bbox 3277 1625 3338 1661; x_wconf 92' lang='lat' dir='ltr'><strong>ac</strong></span> <span class='ocrx_word' id='word_1_223' title='bbox 3362 1624 3557 1662; x_wconf 83' lang='lat' dir='ltr'><strong>renun-</strong></span> 
     </span>
    </p>
   </div>
   <div class='ocr_carea' id='block_1_30' title="bbox 1977 1679 3543 1766">
    <p class='ocr_par' dir='ltr' id='par_1_30' title="bbox 1977 1679 3543 1766">
     <span class='ocr_line' id='line_1_30' title="bbox 1977 1679 3543 1766; baseline 0.014 -34"><span class='ocrx_word' id='word_1_224' title='bbox 1977 1679 2121 1735; x_wconf 89' lang='lat' dir='ltr'><strong>culos</strong></span> <span class='ocrx_word' id='word_1_225' title='bbox 2139 1690 2188 1736; x_wconf 87' lang='lat' dir='ltr'><strong>et</strong></span> <span class='ocrx_word' id='word_1_226' title='bbox 2215 1683 2488 1739; x_wconf 84' lang='lat' dir='ltr'><strong>reticulum</strong></span> <span class='ocrx_word' id='word_1_227' title='bbox 2509 1688 2731 1757; x_wconf 88' lang='lat' dir='ltr'><strong>jecoris,</strong></span> <span class='ocrx_word' id='word_1_228' title='bbox 2752 1709 2869 1762; x_wconf 75' lang='lat' dir='ltr'><strong>qua:</strong></span> <span class='ocrx_word' id='word_1_229' title='bbox 2898 1705 3016 1748; x_wconf 88' lang='lat' dir='ltr'><strong>sunt</strong></span> <span class='ocrx_word' id='word_1_230' title='bbox 3039 1713 3134 1766; x_wconf 85' lang='lat' dir='ltr'><strong>pro</strong></span> <span class='ocrx_word' id='word_1_231' title='bbox 3158 1709 3391 1765; x_wconf 84' lang='lat' dir='ltr'><strong>peccato,</strong></span> <span class='ocrx_word' id='word_1_232' title='bbox 3417 1700 3543 1754; x_wconf 88' lang='lat' dir='ltr'><strong>ado-</strong></span> 
     </span>
    </p>
   </div>
   <div class='ocr_carea' id='block_1_31' title="bbox 286 1767 1855 1858">
    <p class='ocr_par' dir='ltr' id='par_1_31' title="bbox 286 1779 1855 1851">
     <span class='ocr_line' id='line_1_31' title="bbox 286 1779 1855 1851; baseline 0.002 -17"><span class='ocrx_word' id='word_1_233' title='bbox 286 1781 485 1850; x_wconf 89' lang='lat' dir='ltr'><strong>aliquid</strong></span> <span class='ocrx_word' id='word_1_234' title='bbox 514 1779 697 1848; x_wconf 85' lang='lat' dir='ltr'><strong>majus</strong></span> <span class='ocrx_word' id='word_1_235' title='bbox 722 1788 773 1835; x_wconf 88' lang='lat' dir='ltr'><strong>et</strong></span> <span class='ocrx_word' id='word_1_236' title='bbox 805 1781 1137 1851; x_wconf 85' lang='lat' dir='ltr'><strong>intelligibile</strong></span> <span class='ocrx_word' id='word_1_237' title='bbox 1160 1782 1539 1839; x_wconf 75' lang='lat' dir='ltr'><strong>transferente.</strong></span> <span class='ocrx_word' id='word_1_238' title='bbox 1574 1783 1727 1839; x_wconf 88' lang='lat' dir='ltr'><strong>Unde</strong></span> <span class='ocrx_word' id='word_1_239' title='bbox 1742 1798 1855 1839; x_wconf 74' lang='lat' dir='ltr'><strong>cun:</strong></span> 
     </span>
    </p>
   </div>
   <div class='ocr_carea' id='block_1_32' title="bbox 1960 1767 3546 1858">
    <p class='ocr_par' dir='ltr' id='par_1_32' title="bbox 1973 1767 3546 1858">
     <span class='ocr_line' id='line_1_32' title="bbox 1973 1767 3546 1858; baseline 0.013 -37"><span class='ocrx_word' id='word_1_240' title='bbox 1973 1767 2087 1823; x_wconf 87' lang='lat' dir='ltr'><strong>levit</strong></span> <span class='ocrx_word' id='word_1_241' title='bbox 2109 1780 2264 1840; x_wconf 81' lang='lat' dir='ltr'><strong>super</strong></span> <span class='ocrx_word' id='word_1_242' title='bbox 2285 1772 2469 1838; x_wconf 87' lang='lat' dir='ltr'><strong>altare,</strong></span> <span class='ocrx_word' id='word_1_243' title='bbox 2517 1777 2653 1831; x_wconf 82' lang='lat' dir='ltr'><strong>sicut</strong></span> <span class='ocrx_word' id='word_1_244' title='bbox 2690 1793 3005 1852; x_wconf 74' lang='lat' dir='ltr'><strong>prmceperat</strong></span> <span class='ocrx_word' id='word_1_245' title='bbox 3053 1783 3306 1840; x_wconf 82' lang='lat' dir='ltr'><strong>Dominus</strong></span> <span class='ocrx_word' id='word_1_246' title='bbox 3353 1788 3546 1858; x_wconf 79' lang='lat' dir='ltr'><strong>Moysi.</strong></span> 
     </span>
    </p>
   </div>
   <div class='ocr_carea' id='block_1_33' title="bbox 286 1872 1867 1943">
    <p class='ocr_par' dir='ltr' id='par_1_33' title="bbox 286 1872 1867 1943">
     <span class='ocr_line' id='line_1_33' title="bbox 286 1872 1867 1943; baseline 0.002 -17"><span class='ocrx_word' id='word_1_247' title='bbox 286 1888 478 1926; x_wconf 85' lang='lat' dir='ltr'><strong>manna</strong></span> <span class='ocrx_word' id='word_1_248' title='bbox 504 1872 802 1942; x_wconf 79' lang='lat' dir='ltr'><strong>imaginem</strong></span> <span class='ocrx_word' id='word_1_249' title='bbox 840 1873 997 1942; x_wconf 89' lang='lat' dir='ltr'><strong>panis</strong></span> <span class='ocrx_word' id='word_1_250' title='bbox 1036 1872 1161 1926; x_wconf 76' lang='lat' dir='ltr'><strong>vitae</strong></span> <span class='ocrx_word' id='word_1_251' title='bbox 1187 1873 1279 1943; x_wconf 87' lang='lat' dir='ltr'><strong>qui</strong></span> <span class='ocrx_word' id='word_1_252' title='bbox 1322 1873 1602 1928; x_wconf 82' lang='lat' dir='ltr'><strong>descendit</strong></span> <span class='ocrx_word' id='word_1_253' title='bbox 1634 1873 1701 1928; x_wconf 87' lang='lat' dir='ltr'><strong>de</strong></span> <span class='ocrx_word' id='word_1_254' title='bbox 1728 1874 1867 1929; x_wconf 65' lang='lat' dir='ltr'><strong>caelo</strong></span> 
     </span>
    </p>
   </div>
   <div class='ocr_carea' id='block_1_34' title="bbox 283 1961 1867 2036">
    <p class='ocr_par' dir='ltr' id='par_1_34' title="bbox 283 1961 1867 2036">
     <span class='ocr_line' id='line_1_34' title="bbox 283 1961 1867 2036; baseline 0.004 -21"><span class='ocrx_word' id='word_1_255' title='bbox 283 1970 642 2034; x_wconf 66' lang='lat' dir='ltr'><strong>prmsentaret</strong></span> <span class='ocrx_word' id='word_1_256' title='bbox 668 1981 682 2017; x_wconf 90' lang='lat'><strong>:</strong></span> <span class='ocrx_word' id='word_1_257' title='bbox 711 1961 817 2017; x_wconf 85' lang='lat' dir='ltr'><strong>Hic</strong></span> <span class='ocrx_word' id='word_1_258' title='bbox 840 1973 916 2017; x_wconf 81' lang='lat' dir='ltr'><strong>est</strong></span> <span class='ocrx_word' id='word_1_259' title='bbox 940 1965 1111 2033; x_wconf 88' lang='lat' dir='ltr'><strong>panis,</strong></span> <span class='ocrx_word' id='word_1_260' title='bbox 1137 1966 1232 2030; x_wconf 90' lang='lat' dir='ltr'><strong>ait,</strong></span> <span class='ocrx_word' id='word_1_261' title='bbox 1259 1982 1411 2036; x_wconf 87' lang='lat' dir='ltr'><strong>quem</strong></span> <span class='ocrx_word' id='word_1_262' title='bbox 1434 1966 1576 2020; x_wconf 83' lang='lat' dir='ltr'><strong>dedit</strong></span> <span class='ocrx_word' id='word_1_263' title='bbox 1601 1967 1738 2020; x_wconf 84' lang='lat' dir='ltr'><strong>vobis</strong></span> <span class='ocrx_word' id='word_1_264' title='bbox 1758 1966 1867 2020; x_wconf 90' lang='lat' dir='ltr'><strong>Do-</strong></span> 
     </span>
    </p>
   </div>
   <div class='ocr_carea' id='block_1_35' title="bbox 284 2053 1867 2138">
    <p class='ocr_par' dir='ltr' id='par_1_35' title="bbox 284 2053 1867 2138">
     <span class='ocr_line' id='line_1_35' title="bbox 284 2053 1867 2138; baseline 0.003 -32"><span class='ocrx_word' id='word_1_265' title='bbox 284 2055 449 2107; x_wconf 83' lang='lat' dir='ltr'><strong>minus</strong></span> <span class='ocrx_word' id='word_1_266' title='bbox 479 2054 553 2106; x_wconf 82' lang='lat' dir='ltr'><strong>ad</strong></span> <span class='ocrx_word' id='word_1_267' title='bbox 576 2053 984 2119; x_wconf 84' lang='lat' dir='ltr'><strong>comedendum;</strong></span> <span class='ocrx_word' id='word_1_268' title='bbox 1007 2056 1091 2108; x_wconf 87' lang='lat' dir='ltr'><strong>hic</strong></span> <span class='ocrx_word' id='word_1_269' title='bbox 1116 2064 1192 2109; x_wconf 87' lang='lat' dir='ltr'><strong>est</strong></span> <span class='ocrx_word' id='word_1_270' title='bbox 1221 2072 1390 2110; x_wconf 87' lang='lat' dir='ltr'><strong>sermo</strong></span> <span class='ocrx_word' id='word_1_271' title='bbox 1411 2069 1562 2138; x_wconf 64' lang='lat' dir='ltr'><strong>qpem</strong></span> <span class='ocrx_word' id='word_1_272' title='bbox 1598 2058 1867 2111; x_wconf 77' lang='lat' dir='ltr'><strong>constituit</strong></span> 
     </span>
    </p>
   </div>
   <div class='ocr_carea' id='block_1_36' title="bbox 286 2142 1863 2216">
    <p class='ocr_par' dir='ltr' id='par_1_36' title="bbox 286 2142 1863 2216">
     <span class='ocr_line' id='line_1_36' title="bbox 286 2142 1863 2216; baseline 0.005 -21"><span class='ocrx_word' id='word_1_273' title='bbox 286 2142 538 2198; x_wconf 83' lang='lat' dir='ltr'><strong>Dominus</strong></span> <span class='ocrx_word' id='word_1_274' title='bbox 580 2142 780 2214; x_wconf 69' lang='lat' dir='ltr'><strong>(Exod.</strong></span> <span class='ocrx_word' id='word_1_275' title='bbox 811 2143 944 2216; x_wconf 62' lang='grc' dir='ltr'>ιιι).</span> <span class='ocrx_word' id='word_1_276' title='bbox 985 2145 1124 2212; x_wconf 84' lang='lat' dir='ltr'><strong>Quid</strong></span> <span class='ocrx_word' id='word_1_277' title='bbox 1162 2162 1289 2216; x_wconf 86' lang='lat' dir='ltr'><strong>ergo</strong></span> <span class='ocrx_word' id='word_1_278' title='bbox 1319 2162 1385 2202; x_wconf 85' lang='lat' dir='ltr'><strong>ex</strong></span> <span class='ocrx_word' id='word_1_279' title='bbox 1430 2147 1514 2201; x_wconf 92' lang='lat' dir='ltr'><strong>his</strong></span> <span class='ocrx_word' id='word_1_280' title='bbox 1556 2162 1677 2216; x_wconf 67' lang='lat' dir='ltr'><strong>quae</strong></span> <span class='ocrx_word' id='word_1_281' title='bbox 1718 2147 1863 2205; x_wconf 91' lang='lat' dir='ltr'><strong>dicta</strong></span> 
     </span>
    </p>
   </div>
   <div class='ocr_carea' id='block_1_37' title="bbox 278 2233 1860 2310">
    <p class='ocr_par' dir='ltr' id='par_1_37' title="bbox 278 2233 1860 2310">
     <span class='ocr_line' id='line_1_37' title="bbox 278 2233 1860 2310; baseline 0.003 -22"><span class='ocrx_word' id='word_1_282' title='bbox 278 2242 401 2288; x_wconf 86' lang='lat' dir='ltr'><strong>sunt</strong></span> <span class='ocrx_word' id='word_1_283' title='bbox 428 2234 716 2306; x_wconf 85' lang='lat' dir='ltr'><strong>legislator</strong></span> <span class='ocrx_word' id='word_1_284' title='bbox 743 2233 1033 2303; x_wconf 89' lang='lat' dir='ltr'><strong>signiﬁcat,</strong></span> <span class='ocrx_word' id='word_1_285' title='bbox 1064 2235 1169 2290; x_wconf 85' lang='lat' dir='ltr'><strong>nisi</strong></span> <span class='ocrx_word' id='word_1_286' title='bbox 1201 2237 1328 2305; x_wconf 82' lang='lat' dir='ltr'><strong>quia</strong></span> <span class='ocrx_word' id='word_1_287' title='bbox 1355 2237 1473 2291; x_wconf 89' lang='lat' dir='ltr'><strong>sine</strong></span> <span class='ocrx_word' id='word_1_288' title='bbox 1498 2238 1661 2293; x_wconf 87' lang='lat' dir='ltr'><strong>dubio</strong></span> <span class='ocrx_word' id='word_1_289' title='bbox 1693 2252 1860 2310; x_wconf 84' lang='lat' dir='ltr'><strong>agen-</strong></span> 
     </span>
    </p>
   </div>
   <div class='ocr_carea' id='block_1_38' title="bbox 279 2314 1859 2397">
    <p class='ocr_par' dir='ltr' id='par_1_38' title="bbox 279 2314 1859 2397">
     <span class='ocr_line' id='line_1_38' title="bbox 279 2314 1859 2397; baseline 0.004 -20"><span class='ocrx_word' id='word_1_290' title='bbox 279 2325 418 2377; x_wconf 87' lang='lat' dir='ltr'><strong>tibus</strong></span> <span class='ocrx_word' id='word_1_291' title='bbox 446 2325 533 2378; x_wconf 91' lang='lat' dir='ltr'><strong>eis</strong></span> <span class='ocrx_word' id='word_1_292' title='bbox 563 2314 811 2377; x_wconf 67' lang='lat' dir='ltr'><strong>salictum</strong></span> <span class='ocrx_word' id='word_1_293' title='bbox 852 2325 1165 2397; x_wconf 82' lang='lat' dir='ltr'><strong>mysterium</strong></span> <span class='ocrx_word' id='word_1_294' title='bbox 1187 2335 1244 2381; x_wconf 85' lang='lat' dir='ltr'><strong>et</strong></span> <span class='ocrx_word' id='word_1_295' title='bbox 1275 2327 1611 2384; x_wconf 88' lang='lat' dir='ltr'><strong>Dominieam</strong></span> <span class='ocrx_word' id='word_1_296' title='bbox 1646 2342 1859 2384; x_wconf 64' lang='lat' dir='ltr'><strong>canam</strong></span> 
     </span>
    </p>
   </div>
   <div class='ocr_carea' id='block_1_39' title="bbox 279 2413 1861 2491">
    <p class='ocr_par' dir='ltr' id='par_1_39' title="bbox 279 2413 1861 2491">
     <span class='ocr_line' id='line_1_39' title="bbox 279 2413 1861 2491; baseline 0.006 -25"><span class='ocrx_word' id='word_1_297' title='bbox 279 2413 706 2481; x_wconf 84' lang='lat' dir='ltr'><strong>celebrantibus,</strong></span> <span class='ocrx_word' id='word_1_298' title='bbox 728 2416 944 2471; x_wconf 78' lang='lat' dir='ltr'><strong>advenit</strong></span> <span class='ocrx_word' id='word_1_299' title='bbox 973 2416 1228 2486; x_wconf 85' lang='lat' dir='ltr'><strong>Spiritus.</strong></span> <span class='ocrx_word' id='word_1_300' title='bbox 1263 2417 1417 2485; x_wconf 85' lang='lat' dir='ltr'><strong>Quod</strong></span> <span class='ocrx_word' id='word_1_301' title='bbox 1445 2428 1501 2474; x_wconf 91' lang='lat' dir='ltr'><strong>et</strong></span> <span class='ocrx_word' id='word_1_302' title='bbox 1541 2419 1586 2475; x_wconf 90' lang='lat' dir='ltr'><strong>si</strong></span> <span class='ocrx_word' id='word_1_303' title='bbox 1615 2436 1722 2476; x_wconf 90' lang='lat' dir='ltr'><strong>non</strong></span> <span class='ocrx_word' id='word_1_304' title='bbox 1743 2421 1861 2491; x_wconf 90' lang='lat' dir='ltr'><strong>pla-</strong></span> 
     </span>
    </p>
   </div>
   <div class='ocr_carea' id='block_1_40' title="bbox 277 2503 1857 2578">
    <p class='ocr_par' dir='ltr' id='par_1_40' title="bbox 277 2503 1857 2578">
     <span class='ocr_line' id='line_1_40' title="bbox 277 2503 1857 2578; baseline 0.006 -23"><span class='ocrx_word' id='word_1_305' title='bbox 277 2503 399 2556; x_wconf 89' lang='lat' dir='ltr'><strong>nius</strong></span> <span class='ocrx_word' id='word_1_306' title='bbox 425 2504 737 2574; x_wconf 77' lang='lat' dir='ltr'><strong>expositum</strong></span> <span class='ocrx_word' id='word_1_307' title='bbox 758 2506 1038 2571; x_wconf 85' lang='lat' dir='ltr'><strong>habemus,</strong></span> <span class='ocrx_word' id='word_1_308' title='bbox 1066 2506 1234 2560; x_wconf 89' lang='lat' dir='ltr'><strong>multa</strong></span> <span class='ocrx_word' id='word_1_309' title='bbox 1257 2508 1454 2578; x_wconf 88' lang='lat' dir='ltr'><strong>quippe</strong></span> <span class='ocrx_word' id='word_1_310' title='bbox 1479 2509 1658 2565; x_wconf 89' lang='lat' dir='ltr'><strong>studio</strong></span> <span class='ocrx_word' id='word_1_311' title='bbox 1676 2510 1857 2566; x_wconf 84' lang='lat' dir='ltr'><strong>brevi-</strong></span> 
     </span>
    </p>
   </div>
   <div class='ocr_carea' id='block_1_41' title="bbox 280 2594 1858 2669">
    <p class='ocr_par' dir='ltr' id='par_1_41' title="bbox 280 2594 1858 2669">
     <span class='ocr_line' id='line_1_41' title="bbox 280 2594 1858 2669; baseline 0.007 -22"><span class='ocrx_word' id='word_1_312' title='bbox 280 2595 409 2649; x_wconf 76' lang='lat' dir='ltr'><strong>tatis</strong></span> <span class='ocrx_word' id='word_1_313' title='bbox 427 2594 711 2664; x_wconf 81' lang='lat' dir='ltr'><strong>Scriptura</strong></span> <span class='ocrx_word' id='word_1_314' title='bbox 734 2597 914 2652; x_wconf 88' lang='lat' dir='ltr'><strong>divina</strong></span> <span class='ocrx_word' id='word_1_315' title='bbox 925 2598 1288 2666; x_wconf 69' lang='lat' dir='ltr'><strong>prmtermisit,</strong></span> <span class='ocrx_word' id='word_1_316' title='bbox 1314 2615 1434 2669; x_wconf 81' lang='lat' dir='ltr'><strong>quae</strong></span> <span class='ocrx_word' id='word_1_317' title='bbox 1448 2598 1531 2654; x_wconf 86' lang='lat' dir='ltr'><strong>fas</strong></span> <span class='ocrx_word' id='word_1_318' title='bbox 1541 2610 1627 2656; x_wconf 78' lang='lat' dir='ltr'><strong>est</strong></span> <span class='ocrx_word' id='word_1_319' title='bbox 1646 2615 1715 2657; x_wconf 83' lang='lat' dir='ltr'><strong>ex</strong></span> <span class='ocrx_word' id='word_1_320' title='bbox 1738 2601 1858 2658; x_wconf 85' lang='lat' dir='ltr'><strong>aliis</strong></span> 
     </span>
    </p>
   </div>
   <div class='ocr_carea' id='block_1_42' title="bbox 283 2684 1852 2759">
    <p class='ocr_par' dir='ltr' id='par_1_42' title="bbox 283 2684 1852 2759">
     <span class='ocr_line' id='line_1_42' title="bbox 283 2684 1852 2759; baseline 0.006 -21"><span class='ocrx_word' id='word_1_321' title='bbox 283 2684 555 2753; x_wconf 81' lang='lat' dir='ltr'><strong>colligere.</strong></span> <span class='ocrx_word' id='word_1_322' title='bbox 580 2686 706 2739; x_wconf 83' lang='lat' dir='ltr'><strong>Erat</strong></span> <span class='ocrx_word' id='word_1_323' title='bbox 728 2687 874 2741; x_wconf 90' lang='lat' dir='ltr'><strong>enim</strong></span> <span class='ocrx_word' id='word_1_324' title='bbox 912 2688 1030 2743; x_wconf 88' lang='lat' dir='ltr'><strong>dies</strong></span> <span class='ocrx_word' id='word_1_325' title='bbox 1066 2689 1160 2758; x_wconf 87' lang='lat' dir='ltr'><strong>qui</strong></span> <span class='ocrx_word' id='word_1_326' title='bbox 1194 2689 1494 2759; x_wconf 85' lang='lat' dir='ltr'><strong>appellatur</strong></span> <span class='ocrx_word' id='word_1_327' title='bbox 1517 2691 1852 2758; x_wconf 89' lang='lat' dir='ltr'><strong>Dominicus,</strong></span> 
     </span>
    </p>
   </div>
   <div class='ocr_carea' id='block_1_43' title="bbox 278 2774 1856 2852">
    <p class='ocr_par' dir='ltr' id='par_1_43' title="bbox 278 2774 1856 2852">
     <span class='ocr_line' id='line_1_43' title="bbox 278 2774 1856 2852; baseline 0.008 -26"><span class='ocrx_word' id='word_1_328' title='bbox 278 2774 331 2827; x_wconf 93' lang='lat' dir='ltr'><strong>in</strong></span> <span class='ocrx_word' id='word_1_329' title='bbox 377 2789 493 2842; x_wconf 88' lang='lat' dir='ltr'><strong>quo</strong></span> <span class='ocrx_word' id='word_1_330' title='bbox 536 2777 818 2845; x_wconf 87' lang='lat' dir='ltr'><strong>oportebat</strong></span> <span class='ocrx_word' id='word_1_331' title='bbox 868 2778 1044 2834; x_wconf 88' lang='lat' dir='ltr'><strong>modis</strong></span> <span class='ocrx_word' id='word_1_332' title='bbox 1091 2779 1341 2835; x_wconf 87' lang='lat' dir='ltr'><strong>omnibus</strong></span> <span class='ocrx_word' id='word_1_333' title='bbox 1381 2795 1543 2850; x_wconf 87' lang='lat' dir='ltr'><strong>agere</strong></span> <span class='ocrx_word' id='word_1_334' title='bbox 1585 2783 1856 2852; x_wconf 86' lang='lat' dir='ltr'><strong>apostolos</strong></span> 
     </span>
    </p>
   </div>
   <div class='ocr_carea' id='block_1_44' title="bbox 275 2866 1855 2941">
    <p class='ocr_par' dir='ltr' id='par_1_44' title="bbox 275 2866 1855 2941">
     <span class='ocr_line' id='line_1_44' title="bbox 275 2866 1855 2941; baseline 0.006 -22"><span class='ocrx_word' id='word_1_335' title='bbox 275 2866 503 2936; x_wconf 81' lang='lat' dir='ltr'><strong>mystica</strong></span> <span class='ocrx_word' id='word_1_336' title='bbox 539 2874 597 2921; x_wconf 89' lang='lat' dir='ltr'><strong>et</strong></span> <span class='ocrx_word' id='word_1_337' title='bbox 643 2883 820 2924; x_wconf 87' lang='lat' dir='ltr'><strong>sacra.</strong></span> <span class='ocrx_word' id='word_1_338' title='bbox 878 2868 1013 2923; x_wconf 87' lang='lat' dir='ltr'><strong>Nam</strong></span> <span class='ocrx_word' id='word_1_339' title='bbox 1065 2876 1121 2923; x_wconf 90' lang='lat' dir='ltr'><strong>et</strong></span> <span class='ocrx_word' id='word_1_340' title='bbox 1167 2884 1267 2924; x_wconf 86' lang='lat' dir='ltr'><strong>nos</strong></span> <span class='ocrx_word' id='word_1_341' title='bbox 1310 2870 1527 2925; x_wconf 88' lang='lat' dir='ltr'><strong>illorum</strong></span> <span class='ocrx_word' id='word_1_342' title='bbox 1569 2880 1855 2941; x_wconf 86' lang='lat' dir='ltr'><strong>sequentes</strong></span> 
     </span>
    </p>
   </div>
   <div class='ocr_carea' id='block_1_45' title="bbox 278 2954 1856 3021">
    <p class='ocr_par' dir='ltr' id='par_1_45' title="bbox 278 2954 1856 3021">
     <span class='ocr_line' id='line_1_45' title="bbox 278 2954 1856 3021; baseline 0.008 -14"><span class='ocrx_word' id='word_1_343' title='bbox 278 2954 647 3021; x_wconf 85' lang='lat' dir='ltr'><strong>traditionem,</strong></span> <span class='ocrx_word' id='word_1_344' title='bbox 693 2957 1027 3012; x_wconf 87' lang='lat' dir='ltr'><strong>Dominicam</strong></span> <span class='ocrx_word' id='word_1_345' title='bbox 1073 2959 1215 3013; x_wconf 89' lang='lat' dir='ltr'><strong>diem</strong></span> <span class='ocrx_word' id='word_1_346' title='bbox 1259 2959 1458 3016; x_wconf 78' lang='lat' dir='ltr'><strong>divinis</strong></span> <span class='ocrx_word' id='word_1_347' title='bbox 1500 2964 1856 3019; x_wconf 86' lang='lat' dir='ltr'><strong>conventibus</strong></span> 
     </span>
    </p>
   </div>
   <div class='ocr_carea' id='block_1_46' title="bbox 277 3046 1854 3113">
    <p class='ocr_par' dir='ltr' id='par_1_46' title="bbox 277 3046 1854 3113">
     <span class='ocr_line' id='line_1_46' title="bbox 277 3046 1854 3113; baseline 0.008 -18"><span class='ocrx_word' id='word_1_348' title='bbox 277 3052 704 3113; x_wconf 84' lang='lat' dir='ltr'><strong>sequestramus.</strong></span> <span class='ocrx_word' id='word_1_349' title='bbox 732 3046 1037 3103; x_wconf 86' lang='lat' dir='ltr'><strong>Invenimus</strong></span> <span class='ocrx_word' id='word_1_350' title='bbox 1061 3054 1244 3106; x_wconf 86' lang='lat' dir='ltr'><strong>autem</strong></span> <span class='ocrx_word' id='word_1_351' title='bbox 1268 3056 1325 3104; x_wconf 89' lang='lat' dir='ltr'><strong>et</strong></span> <span class='ocrx_word' id='word_1_352' title='bbox 1352 3049 1629 3108; x_wconf 88' lang='lat' dir='ltr'><strong>Christum</strong></span> <span class='ocrx_word' id='word_1_353' title='bbox 1662 3053 1854 3109; x_wconf 90' lang='lat' dir='ltr'><strong>simili-</strong></span> 
     </span>
    </p>
   </div>
   <div class='ocr_carea' id='block_1_47' title="bbox 278 3138 1854 3214">
    <p class='ocr_par' dir='ltr' id='par_1_47' title="bbox 278 3138 1854 3214">
     <span class='ocr_line' id='line_1_47' title="bbox 278 3138 1854 3214; baseline 0.01 -27"><span class='ocrx_word' id='word_1_354' title='bbox 278 3140 362 3187; x_wconf 83' lang='lat' dir='ltr'><strong>ter</strong></span> <span class='ocrx_word' id='word_1_355' title='bbox 378 3145 503 3202; x_wconf 81' lang='lat' dir='ltr'><strong>post</strong></span> <span class='ocrx_word' id='word_1_356' title='bbox 518 3138 989 3195; x_wconf 84' lang='lat' dir='ltr'><strong>resurrectionem</strong></span> <span class='ocrx_word' id='word_1_357' title='bbox 1016 3156 1046 3196; x_wconf 88' lang='lat' dir='ltr'><strong>a</strong></span> <span class='ocrx_word' id='word_1_358' title='bbox 1068 3143 1301 3199; x_wconf 88' lang='lat' dir='ltr'><strong>mortuis</strong></span> <span class='ocrx_word' id='word_1_359' title='bbox 1321 3158 1421 3213; x_wconf 86' lang='lat' dir='ltr'><strong>per</strong></span> <span class='ocrx_word' id='word_1_360' title='bbox 1433 3144 1720 3214; x_wconf 86' lang='lat' dir='ltr'><strong>mysticam</strong></span> <span class='ocrx_word' id='word_1_361' title='bbox 1741 3161 1854 3201; x_wconf 78' lang='lat' dir='ltr'><strong>cce-</strong></span> 
     </span>
    </p>
   </div>
   <div class='ocr_carea' id='block_1_48' title="bbox 276 3228 1852 3306">
    <p class='ocr_par' dir='ltr' id='par_1_48' title="bbox 276 3228 1852 3306">
     <span class='ocr_line' id='line_1_48' title="bbox 276 3228 1852 3306; baseline 0.008 -26"><span class='ocrx_word' id='word_1_362' title='bbox 276 3242 399 3306; x_wconf 77' lang='lat' dir='ltr'><strong>nam</strong></span> <span class='ocrx_word' id='word_1_363' title='bbox 422 3238 478 3282; x_wconf 88' lang='lat' dir='ltr'><strong>et</strong></span> <span class='ocrx_word' id='word_1_364' title='bbox 496 3230 663 3299; x_wconf 88' lang='lat' dir='ltr'><strong>panis</strong></span> <span class='ocrx_word' id='word_1_365' title='bbox 686 3231 1006 3289; x_wconf 76' lang='lat' dir='ltr'><strong>fractionem</strong></span> <span class='ocrx_word' id='word_1_366' title='bbox 1031 3228 1465 3292; x_wconf 80' lang='lat' dir='ltr'><strong>manifestatum.</strong></span> <span class='ocrx_word' id='word_1_367' title='bbox 1484 3236 1642 3303; x_wconf 86' lang='lat' dir='ltr'><strong>Quod</strong></span> <span class='ocrx_word' id='word_1_368' title='bbox 1663 3245 1852 3306; x_wconf 85' lang='lat' dir='ltr'><strong>aperto</strong></span> 
     </span>
    </p>
   </div>
   <div class='ocr_carea' id='block_1_49' title="bbox 272 3302 1851 3391">
    <p class='ocr_par' dir='ltr' id='par_1_49' title="bbox 272 3302 1851 3391">
     <span class='ocr_line' id='line_1_49' title="bbox 272 3302 1851 3391; baseline 0.015 -36"><span class='ocrx_word' id='word_1_369' title='bbox 272 3302 486 3368; x_wconf 84' lang='lat' dir='ltr'><strong>quidem</strong></span> <span class='ocrx_word' id='word_1_370' title='bbox 537 3307 739 3374; x_wconf 83' lang='lat' dir='ltr'><strong>Lucas,</strong></span> <span class='ocrx_word' id='word_1_371' title='bbox 788 3316 968 3365; x_wconf 86' lang='lat' dir='ltr'><strong>tamen</strong></span> <span class='ocrx_word' id='word_1_372' title='bbox 1014 3313 1179 3368; x_wconf 90' lang='lat' dir='ltr'><strong>etiam</strong></span> <span class='ocrx_word' id='word_1_373' title='bbox 1235 3314 1473 3383; x_wconf 84' lang='lat' dir='ltr'><strong>Joannes</strong></span> <span class='ocrx_word' id='word_1_374' title='bbox 1512 3302 1851 3391; x_wconf 75' lang='lat' dir='ltr'><strong>evangelista</strong></span> 
     </span>
    </p>
   </div>
   <div class='ocr_carea' id='block_1_50' title="bbox 279 3394 456 3448">
    <p class='ocr_par' dir='ltr' id='par_1_50' title="bbox 279 3394 456 3448">
     <span class='ocr_line' id='line_1_50' title="bbox 279 3394 456 3448; baseline 0.023 -3"><span class='ocrx_word' id='word_1_375' title='bbox 279 3394 456 3448; x_wconf 70' lang='lat' dir='ltr'><strong>radit.</strong></span> 
     </span>
    </p>
   </div>
   <div class='ocr_carea' id='block_1_51' title="bbox 340 3488 1847 3578">
    <p class='ocr_par' dir='ltr' id='par_1_51' title="bbox 340 3488 1847 3578">
     <span class='ocr_line' id='line_1_51' title="bbox 340 3488 1847 3578; baseline 0.015 -38"><span class='ocrx_word' id='word_1_376' title='bbox 340 3488 487 3543; x_wconf 73' lang='lat' dir='ltr'><strong>Dixit</strong></span> <span class='ocrx_word' id='word_1_377' title='bbox 523 3490 598 3544; x_wconf 83' lang='lat' dir='ltr'><strong>ad</strong></span> <span class='ocrx_word' id='word_1_378' title='bbox 626 3491 808 3547; x_wconf 81' lang='lat' dir='ltr'><strong>Aaron</strong></span> <span class='ocrx_word' id='word_1_379' title='bbox 840 3512 853 3548; x_wconf 88' lang='lat'>:</span> <span class='ocrx_word' id='word_1_380' title='bbox 883 3495 1083 3552; x_wconf 84' lang='lat' dir='ltr'><strong>Accede</strong></span> <span class='ocrx_word' id='word_1_381' title='bbox 1106 3500 1176 3552; x_wconf 85' lang='lat' dir='ltr'><strong>ad</strong></span> <span class='ocrx_word' id='word_1_382' title='bbox 1222 3500 1390 3557; x_wconf 87' lang='lat' dir='ltr'><strong>altare</strong></span> <span class='ocrx_word' id='word_1_383' title='bbox 1428 3512 1478 3559; x_wconf 90' lang='lat' dir='ltr'><strong>et</strong></span> <span class='ocrx_word' id='word_1_384' title='bbox 1511 3506 1724 3561; x_wconf 89' lang='lat' dir='ltr'><strong>immola</strong></span> <span class='ocrx_word' id='word_1_385' title='bbox 1751 3526 1847 3578; x_wconf 90' lang='lat' dir='ltr'><strong>pro</strong></span> 
     </span>
    </p>
   </div>
   <div class='ocr_carea' id='block_1_52' title="bbox 272 3583 1846 3668">
    <p class='ocr_par' dir='ltr' id='par_1_52' title="bbox 272 3583 1846 3668">
     <span class='ocr_line' id='line_1_52' title="bbox 272 3583 1846 3668; baseline 0.015 -39"><span class='ocrx_word' id='word_1_386' title='bbox 272 3588 476 3645; x_wconf 76' lang='lat' dir='ltr'><strong>peccato</strong></span> <span class='ocrx_word' id='word_1_387' title='bbox 503 3590 619 3643; x_wconf 89' lang='lat' dir='ltr'><strong>tuo,</strong></span> <span class='ocrx_word' id='word_1_388' title='bbox 646 3583 832 3651; x_wconf 56' lang='lat' dir='ltr'><strong>olores</strong></span> <span class='ocrx_word' id='word_1_389' title='bbox 855 3585 1240 3656; x_wconf 80' lang='lat' dir='ltr'><strong>holocaustum,</strong></span> <span class='ocrx_word' id='word_1_390' title='bbox 1272 3601 1320 3645; x_wconf 90' lang='lat' dir='ltr'><strong>et</strong></span> <span class='ocrx_word' id='word_1_391' title='bbox 1358 3593 1637 3664; x_wconf 84' lang='lat' dir='ltr'><strong>deprecare</strong></span> <span class='ocrx_word' id='word_1_392' title='bbox 1676 3615 1770 3668; x_wconf 90' lang='lat' dir='ltr'><strong>pro</strong></span> <span class='ocrx_word' id='word_1_393' title='bbox 1797 3608 1846 3654; x_wconf 89' lang='lat' dir='ltr'><strong>te</strong></span> 
     </span>
    </p>
   </div>
   <div class='ocr_carea' id='block_1_53' title="bbox 273 3671 1844 3758">
    <p class='ocr_par' dir='ltr' id='par_1_53' title="bbox 273 3671 1844 3758">
     <span class='ocr_line' id='line_1_53' title="bbox 273 3671 1844 3758; baseline 0.014 -37"><span class='ocrx_word' id='word_1_394' title='bbox 273 3679 429 3739; x_wconf 79' lang='lat' dir='ltr'><strong>etpro</strong></span> <span class='ocrx_word' id='word_1_395' title='bbox 465 3671 666 3742; x_wconf 83' lang='lat' dir='ltr'><strong>populo</strong></span> <span class='ocrx_word' id='word_1_396' title='bbox 699 3690 719 3728; x_wconf 91' lang='lat'><strong><em>:</em></strong></span> <span class='ocrx_word' id='word_1_397' title='bbox 758 3673 989 3746; x_wconf 82' lang='lat' dir='ltr'><strong>Cumque</strong></span> <span class='ocrx_word' id='word_1_398' title='bbox 1026 3683 1332 3735; x_wconf 83' lang='lat' dir='ltr'><strong>mactaveris</strong></span> <span class='ocrx_word' id='word_1_399' title='bbox 1380 3684 1605 3739; x_wconf 84' lang='lat' dir='ltr'><strong>hostiam</strong></span> <span class='ocrx_word' id='word_1_400' title='bbox 1642 3688 1844 3758; x_wconf 81' lang='lat' dir='ltr'><strong>populi,</strong></span> 
     </span>
    </p>
   </div>
   <div class='ocr_carea' id='block_1_54' title="bbox 278 3766 1843 3839">
    <p class='ocr_par' dir='ltr' id='par_1_54' title="bbox 278 3766 1843 3839">
     <span class='ocr_line' id='line_1_54' title="bbox 278 3766 1843 3839; baseline 0.013 -26"><span class='ocrx_word' id='word_1_401' title='bbox 278 3776 363 3813; x_wconf 69' lang='lat' dir='ltr'><strong>ara</strong></span> <span class='ocrx_word' id='word_1_402' title='bbox 407 3778 507 3831; x_wconf 85' lang='lat' dir='ltr'><strong>pro</strong></span> <span class='ocrx_word' id='word_1_403' title='bbox 553 3780 636 3829; x_wconf 86' lang='lat' dir='ltr'><strong>eo,</strong></span> <span class='ocrx_word' id='word_1_404' title='bbox 686 3766 822 3818; x_wconf 86' lang='lat' dir='ltr'><strong>sicut</strong></span> <span class='ocrx_word' id='word_1_405' title='bbox 867 3771 1109 3839; x_wconf 74' lang='lat' dir='ltr'><strong>prwcepit</strong></span> <span class='ocrx_word' id='word_1_406' title='bbox 1169 3770 1446 3828; x_wconf 84' lang='lat' dir='ltr'><strong>Dominus.</strong></span> <span class='ocrx_word' id='word_1_407' title='bbox 1498 3776 1599 3830; x_wconf 90' lang='lat' dir='ltr'><strong>Ubi</strong></span> <span class='ocrx_word' id='word_1_408' title='bbox 1659 3787 1843 3833; x_wconf 84' lang='lat' dir='ltr'><strong>nostra</strong></span> 
     </span>
    </p>
   </div>
   <div class='ocr_carea' id='block_1_55' title="bbox 276 3850 1845 3935">
    <p class='ocr_par' dir='ltr' id='par_1_55' title="bbox 276 3850 1845 3935">
     <span class='ocr_line' id='line_1_55' title="bbox 276 3850 1845 3935; baseline 0.012 -33"><span class='ocrx_word' id='word_1_409' title='bbox 276 3850 556 3935; x_wconf 65' lang='lat' dir='ltr'><strong>translatiq</strong></span> <span class='ocrx_word' id='word_1_410' title='bbox 583 3853 796 3922; x_wconf 74' lang='lat' dir='ltr'><strong>planius</strong></span> <span class='ocrx_word' id='word_1_411' title='bbox 825 3856 1004 3921; x_wconf 90' lang='lat' dir='ltr'><strong>habet,</strong></span> <span class='ocrx_word' id='word_1_412' title='bbox 1026 3875 1120 3928; x_wconf 89' lang='lat' dir='ltr'><strong>pro</strong></span> <span class='ocrx_word' id='word_1_413' title='bbox 1145 3868 1193 3913; x_wconf 88' lang='lat' dir='ltr'><strong>te</strong></span> <span class='ocrx_word' id='word_1_414' title='bbox 1236 3870 1284 3915; x_wconf 86' lang='lat' dir='ltr'><strong>et</strong></span> <span class='ocrx_word' id='word_1_415' title='bbox 1308 3878 1403 3930; x_wconf 86' lang='lat' dir='ltr'><strong>pro</strong></span> <span class='ocrx_word' id='word_1_416' title='bbox 1424 3863 1635 3933; x_wconf 83' lang='lat' dir='ltr'><strong>papula,</strong></span> <span class='ocrx_word' id='word_1_417' title='bbox 1675 3882 1770 3934; x_wconf 89' lang='lat' dir='ltr'><strong>pro</strong></span> <span class='ocrx_word' id='word_1_418' title='bbox 1795 3876 1845 3921; x_wconf 84' lang='lat' dir='ltr'><strong>te</strong></span> 
     </span>
    </p>
   </div>
   <div class='ocr_carea' id='block_1_56' title="bbox 274 3940 1844 4021">
    <p class='ocr_par' dir='ltr' id='par_1_56' title="bbox 274 3940 1844 4021">
     <span class='ocr_line' id='line_1_56' title="bbox 274 3940 1844 4021; baseline 0.012 -31"><span class='ocrx_word' id='word_1_419' title='bbox 274 3940 379 4009; x_wconf 80' lang='lat' dir='ltr'><strong>ipso</strong></span> <span class='ocrx_word' id='word_1_420' title='bbox 397 3951 449 3993; x_wconf 78' lang='lat' dir='ltr'><strong>et</strong></span> <span class='ocrx_word' id='word_1_421' title='bbox 476 3958 575 4011; x_wconf 83' lang='lat' dir='ltr'><strong>pro</strong></span> <span class='ocrx_word' id='word_1_422' title='bbox 619 3943 774 3996; x_wconf 86' lang='lat' dir='ltr'><strong>domo</strong></span> <span class='ocrx_word' id='word_1_423' title='bbox 796 3952 890 3998; x_wconf 84' lang='lat' dir='ltr'><strong>tua</strong></span> <span class='ocrx_word' id='word_1_424' title='bbox 913 3945 1262 4018; x_wconf 81' lang='lat' dir='ltr'><strong>Septuaginta</strong></span> <span class='ocrx_word' id='word_1_425' title='bbox 1296 3951 1600 4006; x_wconf 90' lang='lat' dir='ltr'><strong>ediderunt.</strong></span> <span class='ocrx_word' id='word_1_426' title='bbox 1627 3953 1728 4021; x_wconf 92' lang='lat' dir='ltr'><strong>Qui</strong></span> <span class='ocrx_word' id='word_1_427' title='bbox 1752 3970 1844 4010; x_wconf 89' lang='lat' dir='ltr'><strong>au-</strong></span> 
     </span>
    </p>
   </div>
   <div class='ocr_carea' id='block_1_57' title="bbox 274 4034 1843 4108">
    <p class='ocr_par' dir='ltr' id='par_1_57' title="bbox 274 4034 1843 4108">
     <span class='ocr_line' id='line_1_57' title="bbox 274 4034 1843 4108; baseline 0.011 -24"><span class='ocrx_word' id='word_1_428' title='bbox 274 4041 378 4084; x_wconf 86' lang='lat' dir='ltr'><strong>tem</strong></span> <span class='ocrx_word' id='word_1_429' title='bbox 427 4034 540 4086; x_wconf 90' lang='lat' dir='ltr'><strong>sint</strong></span> <span class='ocrx_word' id='word_1_430' title='bbox 580 4034 773 4089; x_wconf 85' lang='lat' dir='ltr'><strong>domus</strong></span> <span class='ocrx_word' id='word_1_431' title='bbox 813 4035 1164 4108; x_wconf 90' lang='lat' dir='ltr'><strong>intelligibilis</strong></span> <span class='ocrx_word' id='word_1_432' title='bbox 1200 4042 1519 4108; x_wconf 88' lang='lat' dir='ltr'><strong>sacerdotis,</strong></span> <span class='ocrx_word' id='word_1_433' title='bbox 1554 4044 1721 4101; x_wconf 89' lang='lat' dir='ltr'><strong>Paulo</strong></span> <span class='ocrx_word' id='word_1_434' title='bbox 1761 4045 1843 4101; x_wconf 83' lang='lat' dir='ltr'><strong>di-</strong></span> 
     </span>
    </p>
   </div>
   <div class='ocr_carea' id='block_1_58' title="bbox 271 4125 1844 4202">
    <p class='ocr_par' dir='ltr' id='par_1_58' title="bbox 271 4125 1844 4202">
     <span class='ocr_line' id='line_1_58' title="bbox 271 4125 1844 4202; baseline 0.011 -28"><span class='ocrx_word' id='word_1_435' title='bbox 271 4130 445 4186; x_wconf 82' lang='lat' dir='ltr'><strong>cente,</strong></span> <span class='ocrx_word' id='word_1_436' title='bbox 463 4137 750 4192; x_wconf 80' lang='lat' dir='ltr'><strong>cognosce.</strong></span> <span class='ocrx_word' id='word_1_437' title='bbox 764 4125 857 4178; x_wconf 84' lang='lat' dir='ltr'><strong>Ait</strong></span> <span class='ocrx_word' id='word_1_438' title='bbox 877 4126 1051 4181; x_wconf 90' lang='lat' dir='ltr'><strong>enim:</strong></span> <span class='ocrx_word' id='word_1_439' title='bbox 1077 4125 1316 4185; x_wconf 82' lang='lat' dir='ltr'><strong>Christus</strong></span> <span class='ocrx_word' id='word_1_440' title='bbox 1343 4142 1516 4186; x_wconf 85' lang='lat' dir='ltr'><strong>autem</strong></span> <span class='ocrx_word' id='word_1_441' title='bbox 1542 4143 1598 4188; x_wconf 91' lang='lat' dir='ltr'><strong>ut</strong></span> <span class='ocrx_word' id='word_1_442' title='bbox 1622 4134 1766 4202; x_wconf 75' lang='lat' dir='ltr'><strong>ﬁlius</strong></span> <span class='ocrx_word' id='word_1_443' title='bbox 1787 4138 1844 4191; x_wconf 86' lang='lat' dir='ltr'><strong>in</strong></span> 
     </span>
    </p>
   </div>
   <div class='ocr_carea' id='block_1_59' title="bbox 264 4212 1845 4298">
    <p class='ocr_par' dir='ltr' id='par_1_59' title="bbox 264 4212 1845 4298">
     <span class='ocr_line' id='line_1_59' title="bbox 264 4212 1845 4298; baseline 0.011 -33"><span class='ocrx_word' id='word_1_444' title='bbox 264 4212 419 4266; x_wconf 71' lang='lat' dir='ltr'><strong>domo</strong></span> <span class='ocrx_word' id='word_1_445' title='bbox 440 4231 564 4280; x_wconf 86' lang='lat' dir='ltr'><strong>sua,</strong></span> <span class='ocrx_word' id='word_1_446' title='bbox 586 4231 706 4286; x_wconf 74' lang='lat' dir='ltr'><strong>qua:</strong></span> <span class='ocrx_word' id='word_1_447' title='bbox 739 4216 924 4271; x_wconf 85' lang='lat' dir='ltr'><strong>domus</strong></span> <span class='ocrx_word' id='word_1_448' title='bbox 959 4235 1052 4273; x_wconf 90' lang='lat' dir='ltr'><strong>nos</strong></span> <span class='ocrx_word' id='word_1_449' title='bbox 1074 4236 1278 4288; x_wconf 88' lang='lat' dir='ltr'><strong>sumus,</strong></span> <span class='ocrx_word' id='word_1_450' title='bbox 1303 4224 1348 4277; x_wconf 88' lang='lat' dir='ltr'><strong>si</strong></span> <span class='ocrx_word' id='word_1_451' title='bbox 1371 4224 1622 4292; x_wconf 77' lang='lat' dir='ltr'><strong>fiduciam</strong></span> <span class='ocrx_word' id='word_1_452' title='bbox 1659 4236 1709 4282; x_wconf 88' lang='lat' dir='ltr'><strong>et</strong></span> <span class='ocrx_word' id='word_1_453' title='bbox 1733 4228 1845 4298; x_wconf 90' lang='lat' dir='ltr'><strong>glo-</strong></span> 
     </span>
    </p>
   </div>
   <div class='ocr_carea' id='block_1_60' title="bbox 268 4303 1837 4389">
    <p class='ocr_par' dir='ltr' id='par_1_60' title="bbox 268 4303 1837 4389">
     <span class='ocr_line' id='line_1_60' title="bbox 268 4303 1837 4389; baseline 0.012 -35"><span class='ocrx_word' id='word_1_454' title='bbox 268 4303 399 4356; x_wconf 81' lang='lat' dir='ltr'><strong>riam</strong></span> <span class='ocrx_word' id='word_1_455' title='bbox 430 4307 543 4375; x_wconf 86' lang='lat' dir='ltr'><strong>spei</strong></span> <span class='ocrx_word' id='word_1_456' title='bbox 581 4322 744 4375; x_wconf 86' lang='lat' dir='ltr'><strong>usque</strong></span> <span class='ocrx_word' id='word_1_457' title='bbox 766 4307 837 4360; x_wconf 90' lang='lat' dir='ltr'><strong>ad</strong></span> <span class='ocrx_word' id='word_1_458' title='bbox 862 4308 1018 4376; x_wconf 78' lang='lat' dir='ltr'><strong>ﬁnem</strong></span> <span class='ocrx_word' id='word_1_459' title='bbox 1059 4309 1271 4378; x_wconf 75' lang='lat' dir='ltr'><strong>firmum</strong></span> <span class='ocrx_word' id='word_1_460' title='bbox 1297 4316 1610 4371; x_wconf 85' lang='lat' dir='ltr'><strong>retineamus</strong></span> <span class='ocrx_word' id='word_1_461' title='bbox 1650 4316 1837 4389; x_wconf 73' lang='lat' dir='ltr'><strong>(Hebr.</strong></span> 
     </span>
    </p>
   </div>
   <div class='ocr_carea' id='block_1_61' title="bbox 269 4396 1834 4475">
    <p class='ocr_par' dir='ltr' id='par_1_61' title="bbox 269 4396 1834 4475">
     <span class='ocr_line' id='line_1_61' title="bbox 269 4396 1834 4475; baseline 0.012 -28"><span class='ocrx_word' id='word_1_462' title='bbox 269 4396 371 4465; x_wconf 85' lang='grc' dir='ltr'>ιιι).</span> <span class='ocrx_word' id='word_1_463' title='bbox 403 4396 548 4466; x_wconf 83' lang='lat' dir='ltr'><strong>Ergo</strong></span> <span class='ocrx_word' id='word_1_464' title='bbox 584 4398 640 4451; x_wconf 92' lang='lat' dir='ltr'><strong>hi</strong></span> <span class='ocrx_word' id='word_1_465' title='bbox 668 4398 760 4468; x_wconf 92' lang='lat' dir='ltr'><strong>qui</strong></span> <span class='ocrx_word' id='word_1_466' title='bbox 805 4398 1154 4469; x_wconf 79' lang='lat' dir='ltr'><strong>profecerunt</strong></span> <span class='ocrx_word' id='word_1_467' title='bbox 1188 4412 1245 4457; x_wconf 89' lang='lat' dir='ltr'><strong>et</strong></span> <span class='ocrx_word' id='word_1_468' title='bbox 1288 4405 1642 4474; x_wconf 82' lang='lat' dir='ltr'><strong>perfectiores</strong></span> <span class='ocrx_word' id='word_1_469' title='bbox 1676 4418 1834 4475; x_wconf 89' lang='lat' dir='ltr'><strong>sunt,</strong></span> 
     </span>
    </p>
   </div>
   <div class='ocr_carea' id='block_1_62' title="bbox 1971 1859 3546 1939">
    <p class='ocr_par' dir='ltr' id='par_1_62' title="bbox 1971 1859 3546 1939">
     <span class='ocr_line' id='line_1_62' title="bbox 1971 1859 3546 1939; baseline 0.012 -24"><span class='ocrx_word' id='word_1_470' title='bbox 1971 1859 2168 1915; x_wconf 85' lang='lat' dir='ltr'><strong>Carnes</strong></span> <span class='ocrx_word' id='word_1_471' title='bbox 2219 1879 2336 1917; x_wconf 88' lang='lat' dir='ltr'><strong>vero</strong></span> <span class='ocrx_word' id='word_1_472' title='bbox 2374 1875 2421 1918; x_wconf 90' lang='lat' dir='ltr'><strong>et</strong></span> <span class='ocrx_word' id='word_1_473' title='bbox 2469 1866 2655 1936; x_wconf 88' lang='lat' dir='ltr'><strong>pellem</strong></span> <span class='ocrx_word' id='word_1_474' title='bbox 2704 1870 2813 1939; x_wconf 83' lang='lat' dir='ltr'><strong>ejus</strong></span> <span class='ocrx_word' id='word_1_475' title='bbox 2857 1882 3006 1927; x_wconf 75' lang='lat' dir='ltr'><strong>extra</strong></span> <span class='ocrx_word' id='word_1_476' title='bbox 3046 1886 3221 1929; x_wconf 87' lang='lat' dir='ltr'><strong>castra</strong></span> <span class='ocrx_word' id='word_1_477' title='bbox 3266 1879 3546 1934; x_wconf 87' lang='lat' dir='ltr'><strong>combussit</strong></span> 
     </span>
    </p>
   </div>
   <div class='ocr_carea' id='block_1_63' title="bbox 1966 1953 3546 2041">
    <p class='ocr_par' dir='ltr' id='par_1_63' title="bbox 1966 1953 3546 2041">
     <span class='ocr_line' id='line_1_63' title="bbox 1966 1953 3546 2041; baseline 0.013 -36"><span class='ocrx_word' id='word_1_478' title='bbox 1966 1953 2097 2023; x_wconf 87' lang='lat' dir='ltr'><strong>igni;</strong></span> <span class='ocrx_word' id='word_1_479' title='bbox 2117 1954 2401 2010; x_wconf 83' lang='lat' dir='ltr'><strong>immolavit</strong></span> <span class='ocrx_word' id='word_1_480' title='bbox 2421 1966 2471 2012; x_wconf 89' lang='lat' dir='ltr'><strong>et</strong></span> <span class='ocrx_word' id='word_1_481' title='bbox 2510 1959 2805 2015; x_wconf 87' lang='lat' dir='ltr'><strong>holocausti</strong></span> <span class='ocrx_word' id='word_1_482' title='bbox 2829 1964 2904 2018; x_wconf 86' lang='lat' dir='ltr'><strong>vic</strong></span> <span class='ocrx_word' id='word_1_483' title='bbox 2933 1965 3115 2031; x_wconf 86' lang='lat' dir='ltr'><strong>imam,</strong></span> <span class='ocrx_word' id='word_1_484' title='bbox 3144 1967 3546 2041; x_wconf 86' lang='lat' dir='ltr'><strong>obtuleruntque</strong></span> 
     </span>
    </p>
   </div>
   <div class='ocr_carea' id='block_1_64' title="bbox 1965 2042 3544 2127">
    <p class='ocr_par' dir='ltr' id='par_1_64' title="bbox 1965 2042 3544 2127">
     <span class='ocr_line' id='line_1_64' title="bbox 1965 2042 3544 2127; baseline 0.011 -31"><span class='ocrx_word' id='word_1_485' title='bbox 1965 2042 2133 2115; x_wconf 79' lang='lat' dir='ltr'><strong>eifilii</strong></span> <span class='ocrx_word' id='word_1_486' title='bbox 2169 2044 2252 2098; x_wconf 90' lang='lat' dir='ltr'><strong>sui</strong></span> <span class='ocrx_word' id='word_1_487' title='bbox 2273 2047 2581 2114; x_wconf 86' lang='lat' dir='ltr'><strong>sanguinem</strong></span> <span class='ocrx_word' id='word_1_488' title='bbox 2621 2050 2757 2119; x_wconf 83' lang='lat' dir='ltr'><strong>ejus,</strong></span> <span class='ocrx_word' id='word_1_489' title='bbox 2795 2068 2945 2127; x_wconf 84' lang='lat' dir='ltr'><strong>quem</strong></span> <span class='ocrx_word' id='word_1_490' title='bbox 2971 2054 3111 2123; x_wconf 84' lang='lat' dir='ltr'><strong>fudit</strong></span> <span class='ocrx_word' id='word_1_491' title='bbox 3156 2073 3315 2127; x_wconf 86' lang='lat' dir='ltr'><strong>super</strong></span> <span class='ocrx_word' id='word_1_492' title='bbox 3356 2058 3544 2113; x_wconf 86' lang='lat' dir='ltr'><strong>altaris</strong></span> 
     </span>
    </p>
   </div>
   <div class='ocr_carea' id='block_1_65' title="bbox 1965 2125 3541 2215">
    <p class='ocr_par' dir='ltr' id='par_1_65' title="bbox 1965 2125 3541 2215">
     <span class='ocr_line' id='line_1_65' title="bbox 1965 2125 3541 2215; baseline 0.011 -30"><span class='ocrx_word' id='word_1_493' title='bbox 1965 2133 2261 2188; x_wconf 82' lang='lat' dir='ltr'><strong>circuitum.</strong></span> <span class='ocrx_word' id='word_1_494' title='bbox 2289 2133 2470 2205; x_wconf 82' lang='lat' dir='ltr'><strong>Ipsam</strong></span> <span class='ocrx_word' id='word_1_495' title='bbox 2512 2138 2669 2193; x_wconf 87' lang='lat' dir='ltr'><strong>etiam</strong></span> <span class='ocrx_word' id='word_1_496' title='bbox 2710 2125 2933 2197; x_wconf 72' lang='lat' dir='ltr'><strong>hostium</strong></span> <span class='ocrx_word' id='word_1_497' title='bbox 2975 2145 3031 2198; x_wconf 85' lang='lat' dir='ltr'><strong>in</strong></span> <span class='ocrx_word' id='word_1_498' title='bbox 3066 2146 3239 2215; x_wconf 89' lang='lat' dir='ltr'><strong>frusta</strong></span> <span class='ocrx_word' id='word_1_499' title='bbox 3279 2150 3541 2203; x_wconf 86' lang='lat' dir='ltr'><strong>concisam</strong></span> 
     </span>
    </p>
   </div>
   <div class='ocr_carea' id='block_1_66' title="bbox 1964 2224 3541 2303">
    <p class='ocr_par' dir='ltr' id='par_1_66' title="bbox 1964 2224 3541 2303">
     <span class='ocr_line' id='line_1_66' title="bbox 1964 2224 3541 2303; baseline 0.013 -29"><span class='ocrx_word' id='word_1_500' title='bbox 1964 2238 2082 2276; x_wconf 87' lang='lat' dir='ltr'><strong>cum</strong></span> <span class='ocrx_word' id='word_1_501' title='bbox 2106 2224 2274 2294; x_wconf 89' lang='lat' dir='ltr'><strong>capite</strong></span> <span class='ocrx_word' id='word_1_502' title='bbox 2296 2234 2346 2279; x_wconf 89' lang='lat' dir='ltr'><strong>et</strong></span> <span class='ocrx_word' id='word_1_503' title='bbox 2370 2228 2612 2283; x_wconf 88' lang='lat' dir='ltr'><strong>membris</strong></span> <span class='ocrx_word' id='word_1_504' title='bbox 2642 2231 2883 2301; x_wconf 83' lang='lat' dir='ltr'><strong>singulis,</strong></span> <span class='ocrx_word' id='word_1_505' title='bbox 2910 2234 3227 2291; x_wconf 81' lang='lat' dir='ltr'><strong>obtulerunt.</strong></span> <span class='ocrx_word' id='word_1_506' title='bbox 3273 2236 3404 2303; x_wconf 66' lang='lat' dir='ltr'><strong>Quae</strong></span> <span class='ocrx_word' id='word_1_507' title='bbox 3429 2257 3541 2293; x_wconf 89' lang='lat' dir='ltr'><strong>om-</strong></span> 
     </span>
    </p>
   </div>
   <div class='ocr_carea' id='block_1_67' title="bbox 1962 2312 3583 2400">
    <p class='ocr_par' dir='ltr' id='par_1_67' title="bbox 1962 2312 3583 2400">
     <span class='ocr_line' id='line_1_67' title="bbox 1962 2312 3583 2400; baseline 0.014 -36"><span class='ocrx_word' id='word_1_508' title='bbox 1962 2312 2052 2366; x_wconf 79' lang='lat' dir='ltr'><strong>nia</strong></span> <span class='ocrx_word' id='word_1_509' title='bbox 2096 2330 2253 2385; x_wconf 77' lang='lat' dir='ltr'><strong>super</strong></span> <span class='ocrx_word' id='word_1_510' title='bbox 2289 2316 2458 2371; x_wconf 89' lang='lat' dir='ltr'><strong>altare</strong></span> <span class='ocrx_word' id='word_1_511' title='bbox 2479 2323 2722 2376; x_wconf 87' lang='lat' dir='ltr'><strong>cremavit</strong></span> <span class='ocrx_word' id='word_1_512' title='bbox 2746 2323 2877 2391; x_wconf 87' lang='lat' dir='ltr'><strong>igni,</strong></span> <span class='ocrx_word' id='word_1_513' title='bbox 2903 2322 3025 2380; x_wconf 88' lang='lat' dir='ltr'><strong>lotis</strong></span> <span class='ocrx_word' id='word_1_514' title='bbox 3060 2328 3207 2397; x_wconf 87' lang='lat' dir='ltr'><strong>prius</strong></span> <span class='ocrx_word' id='word_1_515' title='bbox 3242 2348 3378 2400; x_wconf 89' lang='lat' dir='ltr'><strong>aqua</strong></span> <span class='ocrx_word' id='word_1_516' title='bbox 3407 2334 3541 2386; x_wconf 82' lang='lat' dir='ltr'><strong>inte-</strong></span> <span class='ocrx_word' id='word_1_517' title='bbox 3574 2351 3583 2359; x_wconf 91' lang='grc'>·</span> 
     </span>
    </p>
   </div>
   <div class='ocr_carea' id='block_1_68' title="bbox 1957 2402 3539 2489">
    <p class='ocr_par' dir='ltr' id='par_1_68' title="bbox 1957 2402 3539 2489">
     <span class='ocr_line' id='line_1_68' title="bbox 1957 2402 3539 2489; baseline 0.014 -35"><span class='ocrx_word' id='word_1_518' title='bbox 1957 2402 2113 2457; x_wconf 84' lang='lat' dir='ltr'><strong>stiuis</strong></span> <span class='ocrx_word' id='word_1_519' title='bbox 2134 2413 2184 2457; x_wconf 84' lang='lat' dir='ltr'><strong>et</strong></span> <span class='ocrx_word' id='word_1_520' title='bbox 2204 2404 2425 2475; x_wconf 86' lang='lat' dir='ltr'><strong>pedibus</strong></span> <span class='ocrx_word' id='word_1_521' title='bbox 2442 2406 2627 2479; x_wconf 87' lang='lat' dir='ltr'><strong>(Levit.</strong></span> <span class='ocrx_word' id='word_1_522' title='bbox 2645 2407 2871 2481; x_wconf 80' lang='lat' dir='ltr'><strong>1x).[Ea:</strong></span> <span class='ocrx_word' id='word_1_523' title='bbox 2884 2412 3194 2485; x_wconf 45' lang='lat' dir='ltr'><strong>Hesychia},</strong></span> <span class='ocrx_word' id='word_1_524' title='bbox 3215 2418 3281 2472; x_wconf 88' lang='lat' dir='ltr'><strong>Et</strong></span> <span class='ocrx_word' id='word_1_525' title='bbox 3295 2419 3447 2489; x_wconf 88' lang='lat' dir='ltr'><strong>cujus</strong></span> <span class='ocrx_word' id='word_1_526' title='bbox 3462 2423 3539 2476; x_wconf 90' lang='lat' dir='ltr'><strong>rei</strong></span> 
     </span>
    </p>
   </div>
   <div class='ocr_carea' id='block_1_69' title="bbox 1959 2494 3603 2581">
    <p class='ocr_par' dir='ltr' id='par_1_69' title="bbox 1959 2494 3603 2581">
     <span class='ocr_line' id='line_1_69' title="bbox 1959 2494 3603 2581; baseline 0.013 -34"><span class='ocrx_word' id='word_1_527' title='bbox 1959 2494 2134 2563; x_wconf 87' lang='lat' dir='ltr'><strong>gratia</strong></span> <span class='ocrx_word' id='word_1_528' title='bbox 2162 2495 2279 2551; x_wconf 64' lang='lat' dir='ltr'><strong>haec</strong></span> <span class='ocrx_word' id='word_1_529' title='bbox 2315 2498 2483 2552; x_wconf 89' lang='lat' dir='ltr'><strong>etiam</strong></span> <span class='ocrx_word' id='word_1_530' title='bbox 2508 2500 2561 2553; x_wconf 92' lang='lat' dir='ltr'><strong>in</strong></span> <span class='ocrx_word' id='word_1_531' title='bbox 2588 2500 2692 2556; x_wconf 91' lang='lat' dir='ltr'><strong>hoc</strong></span> <span class='ocrx_word' id='word_1_532' title='bbox 2721 2502 2840 2558; x_wconf 89' lang='lat' dir='ltr'><strong>loco</strong></span> <span class='ocrx_word' id='word_1_533' title='bbox 2877 2506 3144 2562; x_wconf 87' lang='lat' dir='ltr'><strong>sacriﬁcia</strong></span> <span class='ocrx_word' id='word_1_534' title='bbox 3175 2523 3535 2581; x_wconf 82' lang='lat' dir='ltr'><strong>peraguntur,</strong></span> <span class='ocrx_word' id='word_1_535' title='bbox 3598 2530 3603 2533; x_wconf 59' lang='lat'><strong><em>‘</em></strong></span> 
     </span>
    </p>
   </div>
   <div class='ocr_carea' id='block_1_70' title="bbox 1957 2583 3537 2662">
    <p class='ocr_par' dir='ltr' id='par_1_70' title="bbox 1957 2583 3537 2662">
     <span class='ocr_line' id='line_1_70' title="bbox 1957 2583 3537 2662; baseline 0.013 -26"><span class='ocrx_word' id='word_1_536' title='bbox 1957 2583 2207 2654; x_wconf 87' lang='lat' dir='ltr'><strong>superius</strong></span> <span class='ocrx_word' id='word_1_537' title='bbox 2249 2584 2483 2642; x_wconf 80' lang='lat' dir='ltr'><strong>diximus</strong></span> <span class='ocrx_word' id='word_1_538' title='bbox 2511 2601 2529 2652; x_wconf 86' lang='lat'><strong>;</strong></span> <span class='ocrx_word' id='word_1_539' title='bbox 2555 2602 2662 2643; x_wconf 91' lang='lat' dir='ltr'><strong>non</strong></span> <span class='ocrx_word' id='word_1_540' title='bbox 2688 2604 2818 2662; x_wconf 89' lang='lat' dir='ltr'><strong>ergo</strong></span> <span class='ocrx_word' id='word_1_541' title='bbox 2852 2607 3074 2651; x_wconf 90' lang='lat' dir='ltr'><strong>necesse</strong></span> <span class='ocrx_word' id='word_1_542' title='bbox 3119 2606 3202 2652; x_wconf 88' lang='lat' dir='ltr'><strong>est</strong></span> <span class='ocrx_word' id='word_1_543' title='bbox 3228 2600 3420 2654; x_wconf 88' lang='lat' dir='ltr'><strong>iterum</strong></span> <span class='ocrx_word' id='word_1_544' title='bbox 3446 2616 3537 2655; x_wconf 89' lang='lat' dir='ltr'><strong>eo-</strong></span> 
     </span>
    </p>
   </div>
   <div class='ocr_carea' id='block_1_71' title="bbox 1956 2672 3532 2754">
    <p class='ocr_par' dir='ltr' id='par_1_71' title="bbox 1956 2672 3532 2754">
     <span class='ocr_line' id='line_1_71' title="bbox 1956 2672 3532 2754; baseline 0.011 -28"><span class='ocrx_word' id='word_1_545' title='bbox 1956 2687 2079 2727; x_wconf 85' lang='lat' dir='ltr'><strong>rum</strong></span> <span class='ocrx_word' id='word_1_546' title='bbox 2100 2672 2356 2730; x_wconf 89' lang='lat' dir='ltr'><strong>virtutem</strong></span> <span class='ocrx_word' id='word_1_547' title='bbox 2381 2690 2479 2746; x_wconf 90' lang='lat' dir='ltr'><strong>per</strong></span> <span class='ocrx_word' id='word_1_548' title='bbox 2504 2676 2712 2748; x_wconf 88' lang='lat' dir='ltr'><strong>singula</strong></span> <span class='ocrx_word' id='word_1_549' title='bbox 2741 2681 2922 2740; x_wconf 89' lang='lat' dir='ltr'><strong>dicere</strong></span> <span class='ocrx_word' id='word_1_550' title='bbox 2947 2699 3066 2754; x_wconf 72' lang='lat' dir='ltr'><strong>qua:</strong></span> <span class='ocrx_word' id='word_1_551' title='bbox 3108 2686 3163 2740; x_wconf 92' lang='lat' dir='ltr'><strong>in</strong></span> <span class='ocrx_word' id='word_1_552' title='bbox 3190 2688 3293 2742; x_wconf 88' lang='lat' dir='ltr'><strong>hoc</strong></span> <span class='ocrx_word' id='word_1_553' title='bbox 3321 2690 3532 2743; x_wconf 88' lang='lat' dir='ltr'><strong>sacriﬁ-</strong></span> 
     </span>
    </p>
   </div>
   <div class='ocr_carea' id='block_1_72' title="bbox 1956 2761 3534 2844">
    <p class='ocr_par' dir='ltr' id='par_1_72' title="bbox 1956 2761 3534 2844">
     <span class='ocr_line' id='line_1_72' title="bbox 1956 2761 3534 2844; baseline 0.013 -30"><span class='ocrx_word' id='word_1_554' title='bbox 1956 2761 2041 2816; x_wconf 91' lang='lat' dir='ltr'><strong>cio</strong></span> <span class='ocrx_word' id='word_1_555' title='bbox 2064 2771 2419 2834; x_wconf 83' lang='lat' dir='ltr'><strong>peraguntur,</strong></span> <span class='ocrx_word' id='word_1_556' title='bbox 2448 2781 2571 2821; x_wconf 90' lang='lat' dir='ltr'><strong>cum</strong></span> <span class='ocrx_word' id='word_1_557' title='bbox 2596 2768 2725 2824; x_wconf 90' lang='lat' dir='ltr'><strong>olim</strong></span> <span class='ocrx_word' id='word_1_558' title='bbox 2753 2786 2818 2825; x_wconf 89' lang='lat' dir='ltr'><strong>ea</strong></span> <span class='ocrx_word' id='word_1_559' title='bbox 2857 2787 2957 2844; x_wconf 90' lang='lat' dir='ltr'><strong>per</strong></span> <span class='ocrx_word' id='word_1_560' title='bbox 2996 2775 3242 2831; x_wconf 85' lang='lat' dir='ltr'><strong>ordinem</strong></span> <span class='ocrx_word' id='word_1_561' title='bbox 3271 2778 3534 2834; x_wconf 77' lang='lat' dir='ltr'><strong>discusse-</strong></span> 
     </span>
    </p>
   </div>
   <div class='ocr_carea' id='block_1_73' title="bbox 1955 2849 3531 2934">
    <p class='ocr_par' dir='ltr' id='par_1_73' title="bbox 1955 2849 3531 2934">
     <span class='ocr_line' id='line_1_73' title="bbox 1955 2849 3531 2934; baseline 0.013 -32"><span class='ocrx_word' id='word_1_562' title='bbox 1955 2849 2156 2915; x_wconf 89' lang='lat' dir='ltr'><strong>rimus,</strong></span> <span class='ocrx_word' id='word_1_563' title='bbox 2206 2861 2263 2907; x_wconf 89' lang='lat' dir='ltr'><strong>et</strong></span> <span class='ocrx_word' id='word_1_564' title='bbox 2298 2854 2452 2924; x_wconf 89' lang='lat' dir='ltr'><strong>cujus</strong></span> <span class='ocrx_word' id='word_1_565' title='bbox 2488 2858 2943 2927; x_wconf 88' lang='lat' dir='ltr'><strong>comparationem</strong></span> <span class='ocrx_word' id='word_1_566' title='bbox 2987 2873 3177 2934; x_wconf 78' lang='lat' dir='ltr'><strong>gerant</strong></span> <span class='ocrx_word' id='word_1_567' title='bbox 3204 2866 3337 2920; x_wconf 89' lang='lat' dir='ltr'><strong>nihil</strong></span> <span class='ocrx_word' id='word_1_568' title='bbox 3368 2869 3531 2921; x_wconf 88' lang='lat' dir='ltr'><strong>inter-</strong></span> 
     </span>
    </p>
   </div>
   <div class='ocr_carea' id='block_1_74' title="bbox 1954 2939 3525 3020">
    <p class='ocr_par' dir='ltr' id='par_1_74' title="bbox 1954 2939 3525 3020">
     <span class='ocr_line' id='line_1_74' title="bbox 1954 2939 3525 3020; baseline 0.013 -27"><span class='ocrx_word' id='word_1_569' title='bbox 1954 2939 2231 2997; x_wconf 87' lang='lat' dir='ltr'><strong>mittentes</strong></span> <span class='ocrx_word' id='word_1_570' title='bbox 2273 2944 2702 3013; x_wconf 86' lang='lat' dir='ltr'><strong>ostenderimus;</strong></span> <span class='ocrx_word' id='word_1_571' title='bbox 2751 2956 2806 3004; x_wconf 89' lang='lat' dir='ltr'><strong>et</strong></span> <span class='ocrx_word' id='word_1_572' title='bbox 2852 2952 3302 3020; x_wconf 87' lang='lat' dir='ltr'><strong>quemadmodum</strong></span> <span class='ocrx_word' id='word_1_573' title='bbox 3334 2957 3388 3010; x_wconf 93' lang='lat' dir='ltr'><strong>in</strong></span> <span class='ocrx_word' id='word_1_574' title='bbox 3418 2958 3525 3013; x_wconf 86' lang='lat' dir='ltr'><strong>Do-</strong></span> 
     </span>
    </p>
   </div>
   <div class='ocr_carea' id='block_1_75' title="bbox 1954 3031 3530 3111">
    <p class='ocr_par' dir='ltr' id='par_1_75' title="bbox 1954 3031 3530 3111">
     <span class='ocr_line' id='line_1_75' title="bbox 1954 3031 3530 3111; baseline 0.01 -23"><span class='ocrx_word' id='word_1_575' title='bbox 1954 3031 2087 3089; x_wconf 86' lang='lat' dir='ltr'><strong>mini</strong></span> <span class='ocrx_word' id='word_1_576' title='bbox 2110 3033 2400 3104; x_wconf 87' lang='lat' dir='ltr'><strong>sacriﬁcio,</strong></span> <span class='ocrx_word' id='word_1_577' title='bbox 2431 3039 2575 3107; x_wconf 89' lang='lat' dir='ltr'><strong>quod</strong></span> <span class='ocrx_word' id='word_1_578' title='bbox 2599 3053 2721 3095; x_wconf 90' lang='lat' dir='ltr'><strong>cum</strong></span> <span class='ocrx_word' id='word_1_579' title='bbox 2751 3056 2918 3095; x_wconf 91' lang='lat' dir='ltr'><strong>unum</strong></span> <span class='ocrx_word' id='word_1_580' title='bbox 2938 3044 3029 3111; x_wconf 86' lang='lat' dir='ltr'><strong>sit,</strong></span> <span class='ocrx_word' id='word_1_581' title='bbox 3055 3060 3163 3099; x_wconf 91' lang='lat' dir='ltr'><strong>non</strong></span> <span class='ocrx_word' id='word_1_582' title='bbox 3193 3055 3401 3102; x_wconf 89' lang='lat' dir='ltr'><strong>tantum</strong></span> <span class='ocrx_word' id='word_1_583' title='bbox 3432 3067 3530 3103; x_wconf 84' lang='lat' dir='ltr'><strong>no-</strong></span> 
     </span>
    </p>
   </div>
   <div class='ocr_carea' id='block_1_76' title="bbox 1877 3108 3527 3204">
    <p class='ocr_par' dir='ltr' id='par_1_76' title="bbox 1877 3108 3527 3204">
     <span class='ocr_line' id='line_1_76' title="bbox 1877 3108 3527 3204; baseline 0.015 -32"><span class='ocrx_word' id='word_1_584' title='bbox 1877 3108 1921 3172; x_wconf 91' lang='lat' dir='ltr'><strong>C</strong></span> <span class='ocrx_word' id='word_1_585' title='bbox 1952 3121 2035 3179; x_wconf 88' lang='lat' dir='ltr'><strong>bis</strong></span> <span class='ocrx_word' id='word_1_586' title='bbox 2066 3134 2408 3194; x_wconf 86' lang='lat' dir='ltr'><strong>peccatorum</strong></span> <span class='ocrx_word' id='word_1_587' title='bbox 2440 3137 2702 3198; x_wconf 66' lang='lat' dir='ltr'><strong>praestans</strong></span> <span class='ocrx_word' id='word_1_588' title='bbox 2730 3134 3124 3204; x_wconf 85' lang='lat' dir='ltr'><strong>remissionem,</strong></span> <span class='ocrx_word' id='word_1_589' title='bbox 3163 3139 3258 3193; x_wconf 91' lang='lat' dir='ltr'><strong>sed</strong></span> <span class='ocrx_word' id='word_1_590' title='bbox 3282 3148 3337 3195; x_wconf 84' lang='lat' dir='ltr'><strong>et</strong></span> <span class='ocrx_word' id='word_1_591' title='bbox 3361 3143 3527 3197; x_wconf 78' lang='lat' dir='ltr'><strong>vitam</strong></span> 
     </span>
    </p>
   </div>
   <div class='ocr_carea' id='block_1_77' title="bbox 1949 3214 3523 3311">
    <p class='ocr_par' dir='ltr' id='par_1_77' title="bbox 1949 3214 3523 3311">
     <span class='ocr_line' id='line_1_77' title="bbox 1949 3214 3523 3311; baseline 0.011 -43"><span class='ocrx_word' id='word_1_592' title='bbox 1949 3214 2243 3284; x_wconf 72' lang='lat' dir='ltr'><strong>perfectam</strong></span> <span class='ocrx_word' id='word_1_593' title='bbox 2265 3216 2320 3271; x_wconf 89' lang='lat' dir='ltr'><strong>in</strong></span> <span class='ocrx_word' id='word_1_594' title='bbox 2352 3219 2694 3289; x_wconf 87' lang='lat' dir='ltr'><strong>philosophia</strong></span> <span class='ocrx_word' id='word_1_595' title='bbox 2721 3230 2778 3277; x_wconf 89' lang='lat' dir='ltr'><strong>et</strong></span> <span class='ocrx_word' id='word_1_596' title='bbox 2802 3236 3231 3311; x_wconf 70' lang='lat' dir='ltr'><strong>ponsammatam</strong></span> <span class='ocrx_word' id='word_1_597' title='bbox 3267 3228 3523 3295; x_wconf 87' lang='lat' dir='ltr'><strong>elIicicns,</strong></span> 
     </span>
    </p>
   </div>
   <div class='ocr_carea' id='block_1_78' title="bbox 1949 3310 3523 3389">
    <p class='ocr_par' dir='ltr' id='par_1_78' title="bbox 1949 3310 3523 3389">
     <span class='ocr_line' id='line_1_78' title="bbox 1949 3310 3523 3389; baseline 0.01 -27"><span class='ocrx_word' id='word_1_598' title='bbox 1949 3310 2259 3365; x_wconf 86' lang='lat' dir='ltr'><strong>necessario</strong></span> <span class='ocrx_word' id='word_1_599' title='bbox 2293 3319 2347 3365; x_wconf 92' lang='lat' dir='ltr'><strong>et</strong></span> <span class='ocrx_word' id='word_1_600' title='bbox 2373 3312 2429 3366; x_wconf 92' lang='lat' dir='ltr'><strong>in</strong></span> <span class='ocrx_word' id='word_1_601' title='bbox 2459 3314 2686 3369; x_wconf 88' lang='lat' dir='ltr'><strong>vitulum</strong></span> <span class='ocrx_word' id='word_1_602' title='bbox 2715 3310 2813 3385; x_wconf 89' lang='lat' dir='ltr'><strong>qui</strong></span> <span class='ocrx_word' id='word_1_603' title='bbox 2840 3333 2940 3387; x_wconf 92' lang='lat' dir='ltr'><strong>pro</strong></span> <span class='ocrx_word' id='word_1_604' title='bbox 2968 3329 3190 3389; x_wconf 89' lang='lat' dir='ltr'><strong>peccato</strong></span> <span class='ocrx_word' id='word_1_605' title='bbox 3235 3331 3321 3377; x_wconf 88' lang='lat' dir='ltr'><strong>est</strong></span> <span class='ocrx_word' id='word_1_606' title='bbox 3366 3332 3421 3377; x_wconf 91' lang='lat' dir='ltr'><strong>et</strong></span> <span class='ocrx_word' id='word_1_607' title='bbox 3469 3326 3523 3379; x_wconf 92' lang='lat' dir='ltr'><strong>in</strong></span> 
     </span>
    </p>
   </div>
   <div class='ocr_carea' id='block_1_79' title="bbox 1949 3399 3527 3483">
    <p class='ocr_par' dir='ltr' id='par_1_79' title="bbox 1949 3399 3527 3483">
     <span class='ocr_line' id='line_1_79' title="bbox 1949 3399 3527 3483; baseline 0.011 -32"><span class='ocrx_word' id='word_1_608' title='bbox 1949 3399 2175 3454; x_wconf 87' lang='lat' dir='ltr'><strong>arietem</strong></span> <span class='ocrx_word' id='word_1_609' title='bbox 2201 3400 2344 3456; x_wconf 90' lang='lat' dir='ltr'><strong>hunc</strong></span> <span class='ocrx_word' id='word_1_610' title='bbox 2378 3403 2469 3471; x_wconf 90' lang='lat' dir='ltr'><strong>qui</strong></span> <span class='ocrx_word' id='word_1_611' title='bbox 2492 3403 2547 3457; x_wconf 92' lang='lat' dir='ltr'><strong>in</strong></span> <span class='ocrx_word' id='word_1_612' title='bbox 2579 3403 2951 3463; x_wconf 88' lang='lat' dir='ltr'><strong>holocaustum</strong></span> <span class='ocrx_word' id='word_1_613' title='bbox 2978 3409 3289 3465; x_wconf 87' lang='lat' dir='ltr'><strong>immolatur</strong></span> <span class='ocrx_word' id='word_1_614' title='bbox 3313 3422 3527 3483; x_wconf 89' lang='lat' dir='ltr'><strong>oportet</strong></span> 
     </span>
    </p>
   </div>
   <div class='ocr_carea' id='block_1_80' title="bbox 1949 3492 3518 3574">
    <p class='ocr_par' dir='ltr' id='par_1_80' title="bbox 1949 3492 3518 3574">
     <span class='ocr_line' id='line_1_80' title="bbox 1949 3492 3518 3574; baseline 0.011 -31"><span class='ocrx_word' id='word_1_615' title='bbox 1949 3492 2208 3561; x_wconf 88' lang='lat' dir='ltr'><strong>reputari,</strong></span> <span class='ocrx_word' id='word_1_616' title='bbox 2240 3494 2383 3549; x_wconf 90' lang='lat' dir='ltr'><strong>unde</strong></span> <span class='ocrx_word' id='word_1_617' title='bbox 2419 3503 2475 3549; x_wconf 89' lang='lat' dir='ltr'><strong>et</strong></span> <span class='ocrx_word' id='word_1_618' title='bbox 2519 3496 2572 3550; x_wconf 90' lang='lat' dir='ltr'><strong>in</strong></span> <span class='ocrx_word' id='word_1_619' title='bbox 2610 3511 2843 3567; x_wconf 88' lang='lat' dir='ltr'><strong>persona</strong></span> <span class='ocrx_word' id='word_1_620' title='bbox 2890 3502 3188 3557; x_wconf 80' lang='lat' dir='ltr'><strong>sacerdotis</strong></span> <span class='ocrx_word' id='word_1_621' title='bbox 3225 3513 3518 3574; x_wconf 89' lang='lat' dir='ltr'><strong>utrumque</strong></span> 
     </span>
    </p>
   </div>
   <div class='ocr_carea' id='block_1_81' title="bbox 1946 3584 3524 3665">
    <p class='ocr_par' dir='ltr' id='par_1_81' title="bbox 1946 3584 3524 3665">
     <span class='ocr_line' id='line_1_81' title="bbox 1946 3584 3524 3665; baseline 0.009 -29"><span class='ocrx_word' id='word_1_622' title='bbox 1946 3584 2304 3654; x_wconf 89' lang='lat' dir='ltr'><strong>perspicimus</strong></span> <span class='ocrx_word' id='word_1_623' title='bbox 2328 3585 2585 3642; x_wconf 83' lang='lat' dir='ltr'><strong>oblatum.</strong></span> <span class='ocrx_word' id='word_1_624' title='bbox 2612 3586 2731 3643; x_wconf 81' lang='lat' dir='ltr'><strong>Jam</strong></span> <span class='ocrx_word' id='word_1_625' title='bbox 2778 3604 2909 3661; x_wconf 82' lang='lat' dir='ltr'><strong>ergo</strong></span> <span class='ocrx_word' id='word_1_626' title='bbox 2932 3598 2988 3646; x_wconf 90' lang='lat' dir='ltr'><strong>et</strong></span> <span class='ocrx_word' id='word_1_627' title='bbox 3032 3591 3099 3647; x_wconf 87' lang='lat' dir='ltr'><strong>ad</strong></span> <span class='ocrx_word' id='word_1_628' title='bbox 3141 3593 3524 3665; x_wconf 86' lang='lat' dir='ltr'><strong>subsequentia</strong></span> 
     </span>
    </p>
   </div>
   <div class='ocr_carea' id='block_1_82' title="bbox 1944 3675 2243 3728">
    <p class='ocr_par' dir='ltr' id='par_1_82' title="bbox 1944 3675 2243 3728">
     <span class='ocr_line' id='line_1_82' title="bbox 1944 3675 2243 3728; baseline 0.007 -2"><span class='ocrx_word' id='word_1_629' title='bbox 1944 3675 2243 3728; x_wconf 85' lang='lat' dir='ltr'><strong>veniamus.</strong></span> 
     </span>
    </p>
   </div>
   <div class='ocr_carea' id='block_1_83' title="bbox 2023 3763 3518 3841">
    <p class='ocr_par' dir='ltr' id='par_1_83' title="bbox 2023 3763 3518 3841">
     <span class='ocr_line' id='line_1_83' title="bbox 2023 3763 3518 3841; baseline 0.008 -24"><span class='ocrx_word' id='word_1_630' title='bbox 2023 3763 2089 3817; x_wconf 89' lang='lat' dir='ltr'><strong>Et</strong></span> <span class='ocrx_word' id='word_1_631' title='bbox 2136 3780 2231 3835; x_wconf 89' lang='lat' dir='ltr'><strong>pro</strong></span> <span class='ocrx_word' id='word_1_632' title='bbox 2275 3774 2484 3832; x_wconf 86' lang='lat' dir='ltr'><strong>peccato</strong></span> <span class='ocrx_word' id='word_1_633' title='bbox 2518 3768 2698 3838; x_wconf 89' lang='lat' dir='ltr'><strong>populi</strong></span> <span class='ocrx_word' id='word_1_634' title='bbox 2733 3770 2977 3839; x_wconf 77' lang='lat' dir='ltr'><strong>o/ferens,</strong></span> <span class='ocrx_word' id='word_1_635' title='bbox 3018 3775 3263 3829; x_wconf 86' lang='lat' dir='ltr'><strong>mactavit</strong></span> <span class='ocrx_word' id='word_1_636' title='bbox 3293 3775 3518 3841; x_wconf 88' lang='lat' dir='ltr'><strong>hircum,</strong></span> 
     </span>
    </p>
   </div>
   <div class='ocr_carea' id='block_1_84' title="bbox 1944 3854 3519 3928">
    <p class='ocr_par' dir='ltr' id='par_1_84' title="bbox 1944 3854 3519 3928">
     <span class='ocr_line' id='line_1_84' title="bbox 1944 3854 3519 3928; baseline 0.008 -22"><span class='ocrx_word' id='word_1_637' title='bbox 1944 3854 2253 3925; x_wconf 76' lang='lat' dir='ltr'><strong>expiatoque</strong></span> <span class='ocrx_word' id='word_1_638' title='bbox 2276 3854 2456 3922; x_wconf 86' lang='lat' dir='ltr'><strong>altari,</strong></span> <span class='ocrx_word' id='word_1_639' title='bbox 2485 3856 2607 3926; x_wconf 87' lang='lat' dir='ltr'><strong>fecit</strong></span> <span class='ocrx_word' id='word_1_640' title='bbox 2639 3857 3024 3928; x_wconf 89' lang='lat' dir='ltr'><strong>holocaustum,</strong></span> <span class='ocrx_word' id='word_1_641' title='bbox 3047 3863 3247 3918; x_wconf 88' lang='lat' dir='ltr'><strong>addens</strong></span> <span class='ocrx_word' id='word_1_642' title='bbox 3271 3866 3326 3919; x_wconf 88' lang='lat' dir='ltr'><strong>in</strong></span> <span class='ocrx_word' id='word_1_643' title='bbox 3349 3868 3519 3919; x_wconf 89' lang='lat' dir='ltr'><strong>sacri-</strong></span> 
     </span>
    </p>
   </div>
   <div class='ocr_carea' id='block_1_85' title="bbox 1944 3944 3579 4022">
    <p class='ocr_par' dir='ltr' id='par_1_85' title="bbox 1944 3944 3579 4022">
     <span class='ocr_line' id='line_1_85' title="bbox 1944 3944 3579 4022; baseline 0.009 -25"><span class='ocrx_word' id='word_1_644' title='bbox 1944 3944 2066 4013; x_wconf 83' lang='lat' dir='ltr'><strong>ﬁcio</strong></span> <span class='ocrx_word' id='word_1_645' title='bbox 2101 3946 2368 4002; x_wconf 88' lang='lat' dir='ltr'><strong>libamenti</strong></span> <span class='ocrx_word' id='word_1_646' title='bbox 2397 3965 2515 4020; x_wconf 72' lang='lat' dir='ltr'><strong>qua:</strong></span> <span class='ocrx_word' id='word_1_647' title='bbox 2550 3951 2750 4020; x_wconf 88' lang='lat' dir='ltr'><strong>pariter</strong></span> <span class='ocrx_word' id='word_1_648' title='bbox 2769 3953 3078 4022; x_wconf 72' lang='lat' dir='ltr'><strong>offerantur.</strong></span> <span class='ocrx_word' id='word_1_649' title='bbox 3122 3955 3192 4009; x_wconf 89' lang='lat' dir='ltr'><strong>Et</strong></span> <span class='ocrx_word' id='word_1_650' title='bbox 3222 3957 3437 4013; x_wconf 82' lang='lat' dir='ltr'><strong>adolens</strong></span> <span class='ocrx_word' id='word_1_651' title='bbox 3457 3977 3518 4014; x_wconf 89' lang='lat' dir='ltr'><strong>ea</strong></span> <span class='ocrx_word' id='word_1_652' title='bbox 3574 4007 3579 4012; x_wconf 91' lang='lat'><strong>.</strong></span> 
     </span>
    </p>
   </div>
   <div class='ocr_carea' id='block_1_86' title="bbox 1943 4037 3515 4115">
    <p class='ocr_par' dir='ltr' id='par_1_86' title="bbox 1943 4037 3515 4115">
     <span class='ocr_line' id='line_1_86' title="bbox 1943 4037 3515 4115; baseline 0.006 -22"><span class='ocrx_word' id='word_1_653' title='bbox 1943 4055 2100 4108; x_wconf 86' lang='lat' dir='ltr'><strong>super</strong></span> <span class='ocrx_word' id='word_1_654' title='bbox 2133 4037 2301 4093; x_wconf 85' lang='lat' dir='ltr'><strong>altare</strong></span> <span class='ocrx_word' id='word_1_655' title='bbox 2346 4040 2539 4112; x_wconf 86' lang='lat' dir='ltr'><strong>absque</strong></span> <span class='ocrx_word' id='word_1_656' title='bbox 2567 4045 2892 4098; x_wconf 73' lang='lat' dir='ltr'><strong>cceremoniis</strong></span> <span class='ocrx_word' id='word_1_657' title='bbox 2926 4045 3218 4102; x_wconf 84' lang='lat' dir='ltr'><strong>holocausti</strong></span> <span class='ocrx_word' id='word_1_658' title='bbox 3252 4050 3515 4115; x_wconf 84' lang='lat' dir='ltr'><strong>matutini,</strong></span> 
     </span>
    </p>
   </div>
   <div class='ocr_carea' id='block_1_87' title="bbox 1944 4127 3518 4209">
    <p class='ocr_par' dir='ltr' id='par_1_87' title="bbox 1944 4127 3518 4209">
     <span class='ocr_line' id='line_1_87' title="bbox 1944 4127 3518 4209; baseline 0.009 -29"><span class='ocrx_word' id='word_1_659' title='bbox 1944 4127 2232 4182; x_wconf 86' lang='lat' dir='ltr'><strong>immolavit</strong></span> <span class='ocrx_word' id='word_1_660' title='bbox 2264 4142 2311 4183; x_wconf 90' lang='lat' dir='ltr'><strong>et</strong></span> <span class='ocrx_word' id='word_1_661' title='bbox 2348 4130 2523 4186; x_wconf 87' lang='lat' dir='ltr'><strong>bovem</strong></span> <span class='ocrx_word' id='word_1_662' title='bbox 2559 4142 2713 4204; x_wconf 86' lang='lat' dir='ltr'><strong>atque</strong></span> <span class='ocrx_word' id='word_1_663' title='bbox 2762 4136 2977 4190; x_wconf 88' lang='lat' dir='ltr'><strong>arietem</strong></span> <span class='ocrx_word' id='word_1_664' title='bbox 3013 4138 3212 4191; x_wconf 90' lang='lat' dir='ltr'><strong>hostias</strong></span> <span class='ocrx_word' id='word_1_665' title='bbox 3266 4140 3518 4209; x_wconf 75' lang='lat' dir='ltr'><strong>paciﬁcus</strong></span> 
     </span>
    </p>
   </div>
   <div class='ocr_carea' id='block_1_88' title="bbox 1941 4219 3520 4296">
    <p class='ocr_par' dir='ltr' id='par_1_88' title="bbox 1941 4219 3520 4296">
     <span class='ocr_line' id='line_1_88' title="bbox 1941 4219 3520 4296; baseline 0.006 -24"><span class='ocrx_word' id='word_1_666' title='bbox 1941 4219 2159 4288; x_wconf 83' lang='lat' dir='ltr'><strong>populi;</strong></span> <span class='ocrx_word' id='word_1_667' title='bbox 2187 4219 2585 4292; x_wconf 82' lang='lat' dir='ltr'><strong>obtuleruntqus</strong></span> <span class='ocrx_word' id='word_1_668' title='bbox 2616 4224 2662 4276; x_wconf 88' lang='lat' dir='ltr'><strong>ei</strong></span> <span class='ocrx_word' id='word_1_669' title='bbox 2688 4224 2789 4291; x_wconf 82' lang='lat' dir='ltr'><strong>ﬁlii</strong></span> <span class='ocrx_word' id='word_1_670' title='bbox 2808 4226 2891 4278; x_wconf 87' lang='lat' dir='ltr'><strong>sui</strong></span> <span class='ocrx_word' id='word_1_671' title='bbox 2912 4228 3240 4295; x_wconf 86' lang='lat' dir='ltr'><strong>sanguinem,</strong></span> <span class='ocrx_word' id='word_1_672' title='bbox 3262 4244 3414 4295; x_wconf 88' lang='lat' dir='ltr'><strong>quem</strong></span> <span class='ocrx_word' id='word_1_673' title='bbox 3436 4229 3520 4296; x_wconf 85' lang='lat' dir='ltr'><strong>fu-</strong></span> 
     </span>
    </p>
   </div>
   <div class='ocr_carea' id='block_1_89' title="bbox 1942 4308 3517 4383">
    <p class='ocr_par' dir='ltr' id='par_1_89' title="bbox 1942 4308 3517 4383">
     <span class='ocr_line' id='line_1_89' title="bbox 1942 4308 3517 4383; baseline 0.006 -23"><span class='ocrx_word' id='word_1_674' title='bbox 1942 4308 2020 4360; x_wconf 88' lang='lat' dir='ltr'><strong>dit</strong></span> <span class='ocrx_word' id='word_1_675' title='bbox 2062 4325 2217 4378; x_wconf 89' lang='lat' dir='ltr'><strong>super</strong></span> <span class='ocrx_word' id='word_1_676' title='bbox 2240 4309 2406 4362; x_wconf 89' lang='lat' dir='ltr'><strong>altare</strong></span> <span class='ocrx_word' id='word_1_677' title='bbox 2450 4310 2507 4362; x_wconf 83' lang='lat' dir='ltr'><strong>in</strong></span> <span class='ocrx_word' id='word_1_678' title='bbox 2530 4311 2801 4376; x_wconf 87' lang='lat' dir='ltr'><strong>circuitu;</strong></span> <span class='ocrx_word' id='word_1_679' title='bbox 2833 4314 3040 4383; x_wconf 89' lang='lat' dir='ltr'><strong>adipem</strong></span> <span class='ocrx_word' id='word_1_680' title='bbox 3081 4324 3257 4368; x_wconf 88' lang='lat' dir='ltr'><strong>autem</strong></span> <span class='ocrx_word' id='word_1_681' title='bbox 3297 4316 3439 4369; x_wconf 84' lang='lat' dir='ltr'><strong>bovis</strong></span> <span class='ocrx_word' id='word_1_682' title='bbox 3467 4328 3517 4371; x_wconf 87' lang='lat' dir='ltr'><strong>et</strong></span> 
     </span>
    </p>
   </div>
   <div class='ocr_carea' id='block_1_90' title="bbox 1942 4385 3517 4474">
    <p class='ocr_par' dir='ltr' id='par_1_90' title="bbox 1942 4385 3517 4474">
     <span class='ocr_line' id='line_1_90' title="bbox 1942 4385 3517 4474; baseline 0.005 -22"><span class='ocrx_word' id='word_1_683' title='bbox 1942 4400 2166 4454; x_wconf 86' lang='lat' dir='ltr'><strong>caudam</strong></span> <span class='ocrx_word' id='word_1_684' title='bbox 2187 4401 2387 4467; x_wconf 87' lang='lat' dir='ltr'><strong>arietis,</strong></span> <span class='ocrx_word' id='word_1_685' title='bbox 2430 4400 2839 4472; x_wconf 86' lang='lat' dir='ltr'><strong>renunculosque</strong></span> <span class='ocrx_word' id='word_1_686' title='bbox 2880 4385 3000 4456; x_wconf 73' lang='lat' dir='ltr'><strong>cum</strong></span> <span class='ocrx_word' id='word_1_687' title='bbox 3023 4404 3264 4474; x_wconf 87' lang='lat' dir='ltr'><strong>adipibus</strong></span> <span class='ocrx_word' id='word_1_688' title='bbox 3295 4406 3427 4472; x_wconf 90' lang='lat' dir='ltr'><strong>suis,</strong></span> <span class='ocrx_word' id='word_1_689' title='bbox 3467 4418 3517 4461; x_wconf 89' lang='lat' dir='ltr'><strong>et</strong></span> 
     </span>
    </p>
   </div>
   <div class='ocr_carea' id='block_1_91' title="bbox 267 4477 3516 4568">
    <p class='ocr_par' dir='ltr' id='par_1_91' title="bbox 267 4477 3516 4568">
     <span class='ocr_line' id='line_1_91' title="bbox 267 4477 3516 4568; baseline 0.005 -34"><span class='ocrx_word' id='word_1_690' title='bbox 267 4483 457 4539; x_wconf 80' lang='lat' dir='ltr'><strong>domus</strong></span> <span class='ocrx_word' id='word_1_691' title='bbox 477 4484 596 4552; x_wconf 80' lang='lat' dir='ltr'><strong>ejus</strong></span> <span class='ocrx_word' id='word_1_692' title='bbox 615 4483 763 4553; x_wconf 71' lang='lat' dir='ltr'><strong>iuste</strong></span> <span class='ocrx_word' id='word_1_693' title='bbox 786 4489 1152 4558; x_wconf 71' lang='lat' dir='ltr'><strong>appellamur;</strong></span> <span class='ocrx_word' id='word_1_694' title='bbox 1180 4508 1280 4562; x_wconf 68' lang='lat' dir='ltr'><strong>pro</strong></span> <span class='ocrx_word' id='word_1_695' title='bbox 1298 4495 1493 4564; x_wconf 75' lang='lat' dir='ltr'><strong>quibus</strong></span> <span class='ocrx_word' id='word_1_696' title='bbox 1519 4498 1840 4568; x_wconf 53' lang='lat' dir='ltr'><strong>deprecatur</strong></span> <span class='ocrx_word' id='word_1_697' title='bbox 1863 4477 1916 4536; x_wconf 83' lang='lat' dir='ltr'><strong>D</strong></span> <span class='ocrx_word' id='word_1_698' title='bbox 1943 4487 2216 4543; x_wconf 88' lang='lat' dir='ltr'><strong>reticulum</strong></span> <span class='ocrx_word' id='word_1_699' title='bbox 2255 4489 2451 4560; x_wconf 86' lang='lat' dir='ltr'><strong>jecoris</strong></span> <span class='ocrx_word' id='word_1_700' title='bbox 2485 4500 2772 4561; x_wconf 87' lang='lat' dir='ltr'><strong>posuerunt</strong></span> <span class='ocrx_word' id='word_1_701' title='bbox 2807 4508 2965 4562; x_wconf 88' lang='lat' dir='ltr'><strong>super</strong></span> <span class='ocrx_word' id='word_1_702' title='bbox 3002 4503 3234 4564; x_wconf 85' lang='lat' dir='ltr'><strong>pectora.</strong></span> <span class='ocrx_word' id='word_1_703' title='bbox 3282 4493 3516 4567; x_wconf 82' lang='lat' dir='ltr'><strong>Cumque</strong></span> 
     </span>
    </p>
   </div>
   <div class='ocr_carea' id='block_1_92' title="bbox 267 4576 1839 4654">
    <p class='ocr_par' dir='ltr' id='par_1_92' title="bbox 267 4576 1839 4654">
     <span class='ocr_line' id='line_1_92' title="bbox 267 4576 1839 4654; baseline 0.014 -28"><span class='ocrx_word' id='word_1_704' title='bbox 267 4581 443 4642; x_wconf 81' lang='lat' dir='ltr'><strong>etpro</strong></span> <span class='ocrx_word' id='word_1_705' title='bbox 467 4576 619 4629; x_wconf 87' lang='lat' dir='ltr'><strong>omni</strong></span> <span class='ocrx_word' id='word_1_706' title='bbox 656 4579 872 4648; x_wconf 88' lang='lat' dir='ltr'><strong>populo,</strong></span> <span class='ocrx_word' id='word_1_707' title='bbox 905 4588 965 4634; x_wconf 90' lang='lat' dir='ltr'><strong>ut</strong></span> <span class='ocrx_word' id='word_1_708' title='bbox 1008 4592 1134 4651; x_wconf 91' lang='lat' dir='ltr'><strong>pote</strong></span> <span class='ocrx_word' id='word_1_709' title='bbox 1182 4585 1277 4654; x_wconf 88' lang='lat' dir='ltr'><strong>qui</strong></span> <span class='ocrx_word' id='word_1_710' title='bbox 1318 4595 1504 4642; x_wconf 88' lang='lat' dir='ltr'><strong>nostra</strong></span> <span class='ocrx_word' id='word_1_711' title='bbox 1542 4586 1719 4646; x_wconf 80' lang='lat' dir='ltr'><strong>factus</strong></span> <span class='ocrx_word' id='word_1_712' title='bbox 1753 4602 1839 4647; x_wconf 90' lang='lat' dir='ltr'><strong>est</strong></span> 
     </span>
    </p>
   </div>
   <div class='ocr_carea' id='block_1_93' title="bbox 266 4664 1840 4750">
    <p class='ocr_par' dir='ltr' id='par_1_93' title="bbox 266 4664 1840 4750">
     <span class='ocr_line' id='line_1_93' title="bbox 266 4664 1840 4750; baseline 0.013 -35"><span class='ocrx_word' id='word_1_713' title='bbox 266 4664 601 4733; x_wconf 81' lang='lat' dir='ltr'><strong>propitiatio,</strong></span> <span class='ocrx_word' id='word_1_714' title='bbox 630 4668 724 4721; x_wconf 87' lang='lat' dir='ltr'><strong>sed</strong></span> <span class='ocrx_word' id='word_1_715' title='bbox 745 4677 800 4721; x_wconf 92' lang='lat' dir='ltr'><strong>et</strong></span> <span class='ocrx_word' id='word_1_716' title='bbox 821 4671 1129 4742; x_wconf 90' lang='lat' dir='ltr'><strong>semetipso.</strong></span> <span class='ocrx_word' id='word_1_717' title='bbox 1158 4673 1268 4728; x_wconf 87' lang='lat' dir='ltr'><strong>Cur</strong></span> <span class='ocrx_word' id='word_1_718' title='bbox 1287 4676 1410 4741; x_wconf 90' lang='lat' dir='ltr'><strong>hoc,</strong></span> <span class='ocrx_word' id='word_1_719' title='bbox 1437 4692 1559 4730; x_wconf 88' lang='lat' dir='ltr'><strong>cum</strong></span> <span class='ocrx_word' id='word_1_720' title='bbox 1582 4681 1840 4750; x_wconf 85' lang='lat' dir='ltr'><strong>propitia-</strong></span> 
     </span>
    </p>
   </div>
   <div class='ocr_carea' id='block_1_94' title="bbox 268 4752 1839 4842">
    <p class='ocr_par' dir='ltr' id='par_1_94' title="bbox 268 4752 1839 4842">
     <span class='ocr_line' id='line_1_94' title="bbox 268 4752 1839 4842; baseline 0.015 -36"><span class='ocrx_word' id='word_1_721' title='bbox 268 4752 411 4808; x_wconf 82' lang='lat' dir='ltr'><strong>tione</strong></span> <span class='ocrx_word' id='word_1_722' title='bbox 442 4770 553 4810; x_wconf 89' lang='lat' dir='ltr'><strong>non</strong></span> <span class='ocrx_word' id='word_1_723' title='bbox 579 4766 757 4826; x_wconf 83' lang='lat' dir='ltr'><strong>egeat,</strong></span> <span class='ocrx_word' id='word_1_724' title='bbox 784 4762 956 4831; x_wconf 84' lang='lat' dir='ltr'><strong>magis</strong></span> <span class='ocrx_word' id='word_1_725' title='bbox 982 4771 1163 4820; x_wconf 87' lang='lat' dir='ltr'><strong>autem</strong></span> <span class='ocrx_word' id='word_1_726' title='bbox 1186 4767 1300 4837; x_wconf 88' lang='lat' dir='ltr'><strong>ipse</strong></span> <span class='ocrx_word' id='word_1_727' title='bbox 1325 4777 1549 4837; x_wconf 71' lang='lat' dir='ltr'><strong>prrestet</strong></span> <span class='ocrx_word' id='word_1_728' title='bbox 1578 4773 1839 4842; x_wconf 87' lang='lat' dir='ltr'><strong>propitia-</strong></span> 
     </span>
    </p>
   </div>
   <div class='ocr_carea' id='block_1_95' title="bbox 267 4843 1839 4928">
    <p class='ocr_par' dir='ltr' id='par_1_95' title="bbox 267 4843 1839 4928">
     <span class='ocr_line' id='line_1_95' title="bbox 267 4843 1839 4928; baseline 0.012 -31"><span class='ocrx_word' id='word_1_729' title='bbox 267 4843 465 4899; x_wconf 83' lang='lat' dir='ltr'><strong>tionem</strong></span> <span class='ocrx_word' id='word_1_730' title='bbox 483 4885 500 4910; x_wconf 93' lang='lat'><strong>,</strong></span> <span class='ocrx_word' id='word_1_731' title='bbox 528 4847 626 4901; x_wconf 84' lang='lat' dir='ltr'><strong>sed</strong></span> <span class='ocrx_word' id='word_1_732' title='bbox 662 4856 722 4902; x_wconf 88' lang='lat' dir='ltr'><strong>ut</strong></span> <span class='ocrx_word' id='word_1_733' title='bbox 750 4858 991 4906; x_wconf 87' lang='lat' dir='ltr'><strong>nostrum</strong></span> <span class='ocrx_word' id='word_1_734' title='bbox 1026 4863 1306 4923; x_wconf 89' lang='lat' dir='ltr'><strong>peccatum</strong></span> <span class='ocrx_word' id='word_1_735' title='bbox 1333 4858 1646 4928; x_wconf 86' lang='lat' dir='ltr'><strong>suscipiens,</strong></span> <span class='ocrx_word' id='word_1_736' title='bbox 1675 4862 1839 4916; x_wconf 89' lang='lat' dir='ltr'><strong>etiam</strong></span> 
     </span>
    </p>
   </div>
   <div class='ocr_carea' id='block_1_96' title="bbox 266 4938 1839 5010">
    <p class='ocr_par' dir='ltr' id='par_1_96' title="bbox 266 4938 1839 5010">
     <span class='ocr_line' id='line_1_96' title="bbox 266 4938 1839 5010; baseline 0.013 -24"><span class='ocrx_word' id='word_1_737' title='bbox 266 4948 365 5003; x_wconf 86' lang='lat' dir='ltr'><strong>pro</strong></span> <span class='ocrx_word' id='word_1_738' title='bbox 410 4938 706 5007; x_wconf 86' lang='lat' dir='ltr'><strong>semetipso</strong></span> <span class='ocrx_word' id='word_1_739' title='bbox 751 4939 1107 5010; x_wconf 86' lang='lat' dir='ltr'><strong>deprecatur?</strong></span> <span class='ocrx_word' id='word_1_740' title='bbox 1162 4940 1452 5002; x_wconf 85' lang='lat' dir='ltr'><strong>Evidentcr</strong></span> <span class='ocrx_word' id='word_1_741' title='bbox 1500 4957 1678 5005; x_wconf 88' lang='lat' dir='ltr'><strong>autem</strong></span> <span class='ocrx_word' id='word_1_742' title='bbox 1738 4953 1839 5007; x_wconf 90' lang='lat' dir='ltr'><strong>hoc</strong></span> 
     </span>
    </p>
   </div>
   <div class='ocr_carea' id='block_1_97' title="bbox 266 5023 1841 5111">
    <p class='ocr_par' dir='ltr' id='par_1_97' title="bbox 266 5023 1841 5111">
     <span class='ocr_line' id='line_1_97' title="bbox 266 5023 1841 5111; baseline 0.013 -35"><span class='ocrx_word' id='word_1_743' title='bbox 266 5023 502 5080; x_wconf 80' lang='lat' dir='ltr'><strong>hominis</strong></span> <span class='ocrx_word' id='word_1_744' title='bbox 533 5035 619 5081; x_wconf 89' lang='lat' dir='ltr'><strong>est</strong></span> <span class='ocrx_word' id='word_1_745' title='bbox 645 5034 701 5081; x_wconf 89' lang='lat' dir='ltr'><strong>et</strong></span> <span class='ocrx_word' id='word_1_746' title='bbox 730 5028 848 5095; x_wconf 89' lang='lat' dir='ltr'><strong>Dei,</strong></span> <span class='ocrx_word' id='word_1_747' title='bbox 874 5032 930 5085; x_wconf 92' lang='lat' dir='ltr'><strong>id</strong></span> <span class='ocrx_word' id='word_1_748' title='bbox 958 5040 1043 5087; x_wconf 90' lang='lat' dir='ltr'><strong>est</strong></span> <span class='ocrx_word' id='word_1_749' title='bbox 1065 5035 1204 5089; x_wconf 90' lang='lat' dir='ltr'><strong>sicut</strong></span> <span class='ocrx_word' id='word_1_750' title='bbox 1246 5037 1479 5094; x_wconf 89' lang='lat' dir='ltr'><strong>hominis</strong></span> <span class='ocrx_word' id='word_1_751' title='bbox 1506 5040 1841 5111; x_wconf 86' lang='lat' dir='ltr'><strong>propitiatio-</strong></span> 
     </span>
    </p>
   </div>
   <div class='ocr_carea' id='block_1_98' title="bbox 264 5118 1839 5198">
    <p class='ocr_par' dir='ltr' id='par_1_98' title="bbox 264 5118 1839 5198">
     <span class='ocr_line' id='line_1_98' title="bbox 264 5118 1839 5198; baseline 0.013 -31"><span class='ocrx_word' id='word_1_752' title='bbox 264 5129 390 5168; x_wconf 86' lang='lat' dir='ltr'><strong>nem</strong></span> <span class='ocrx_word' id='word_1_753' title='bbox 414 5118 780 5187; x_wconf 88' lang='lat' dir='ltr'><strong>suscipientis,</strong></span> <span class='ocrx_word' id='word_1_754' title='bbox 804 5129 861 5176; x_wconf 90' lang='lat' dir='ltr'><strong>et</strong></span> <span class='ocrx_word' id='word_1_755' title='bbox 879 5122 1017 5177; x_wconf 90' lang='lat' dir='ltr'><strong>sicut</strong></span> <span class='ocrx_word' id='word_1_756' title='bbox 1043 5125 1135 5180; x_wconf 87' lang='lat' dir='ltr'><strong>Dei</strong></span> <span class='ocrx_word' id='word_1_757' title='bbox 1159 5125 1370 5183; x_wconf 84' lang='lat' dir='ltr'><strong>sibimet</strong></span> <span class='ocrx_word' id='word_1_758' title='bbox 1392 5132 1718 5198; x_wconf 55' lang='lat' dir='ltr'><strong>praestantis.</strong></span> <span class='ocrx_word' id='word_1_759' title='bbox 1748 5132 1839 5186; x_wconf 78' lang='lat' dir='ltr'><strong>Al-</strong></span> 
     </span>
    </p>
   </div>
   <div class='ocr_carea' id='block_1_99' title="bbox 266 5206 1839 5290">
    <p class='ocr_par' dir='ltr' id='par_1_99' title="bbox 266 5206 1839 5290">
     <span class='ocr_line' id='line_1_99' title="bbox 266 5206 1839 5290; baseline 0.013 -33"><span class='ocrx_word' id='word_1_760' title='bbox 266 5212 353 5257; x_wconf 83' lang='lat' dir='ltr'><strong>ter</strong></span> <span class='ocrx_word' id='word_1_761' title='bbox 376 5206 521 5260; x_wconf 84' lang='lat' dir='ltr'><strong>enim</strong></span> <span class='ocrx_word' id='word_1_762' title='bbox 553 5208 718 5264; x_wconf 89' lang='lat' dir='ltr'><strong>homo</strong></span> <span class='ocrx_word' id='word_1_763' title='bbox 749 5210 1067 5283; x_wconf 85' lang='lat' dir='ltr'><strong>sibimetipsi</strong></span> <span class='ocrx_word' id='word_1_764' title='bbox 1103 5216 1541 5285; x_wconf 87' lang='lat' dir='ltr'><strong>propitiationem</strong></span> <span class='ocrx_word' id='word_1_765' title='bbox 1580 5230 1839 5290; x_wconf 63' lang='lat' dir='ltr'><strong>praestare</strong></span> 
     </span>
    </p>
   </div>
   <div class='ocr_carea' id='block_1_100' title="bbox 266 5300 1838 5377">
    <p class='ocr_par' dir='ltr' id='par_1_100' title="bbox 266 5300 1838 5377">
     <span class='ocr_line' id='line_1_100' title="bbox 266 5300 1838 5377; baseline 0.015 -29"><span class='ocrx_word' id='word_1_766' title='bbox 266 5310 373 5349; x_wconf 88' lang='lat' dir='ltr'><strong>non</strong></span> <span class='ocrx_word' id='word_1_767' title='bbox 390 5306 590 5366; x_wconf 84' lang='lat' dir='ltr'><strong>potest.</strong></span> <span class='ocrx_word' id='word_1_768' title='bbox 626 5300 738 5371; x_wconf 80' lang='lat' dir='ltr'><strong>(Ea:</strong></span> <span class='ocrx_word' id='word_1_769' title='bbox 755 5303 1096 5377; x_wconf 80' lang='lat' dir='ltr'><strong>Augustino.)</strong></span> <span class='ocrx_word' id='word_1_770' title='bbox 1132 5306 1435 5364; x_wconf 86' lang='lat' dir='ltr'><strong>Notandum</strong></span> <span class='ocrx_word' id='word_1_771' title='bbox 1456 5320 1539 5367; x_wconf 88' lang='lat' dir='ltr'><strong>est</strong></span> <span class='ocrx_word' id='word_1_772' title='bbox 1559 5327 1691 5368; x_wconf 87' lang='lat' dir='ltr'><strong>sane</strong></span> <span class='ocrx_word' id='word_1_773' title='bbox 1715 5329 1838 5371; x_wconf 86' lang='lat' dir='ltr'><strong>cum</strong></span> 
     </span>
    </p>
   </div>
   <div class='ocr_carea' id='block_1_101' title="bbox 264 5389 1841 5470">
    <p class='ocr_par' dir='ltr' id='par_1_101' title="bbox 264 5389 1841 5470">
     <span class='ocr_line' id='line_1_101' title="bbox 264 5389 1841 5470; baseline 0.013 -33"><span class='ocrx_word' id='word_1_774' title='bbox 264 5401 366 5454; x_wconf 81' lang='lat' dir='ltr'><strong>pro</strong></span> <span class='ocrx_word' id='word_1_775' title='bbox 394 5389 592 5458; x_wconf 75' lang='lat' dir='ltr'><strong>papula</strong></span> <span class='ocrx_word' id='word_1_776' title='bbox 629 5390 932 5449; x_wconf 76' lang='lat' dir='ltr'><strong>oﬂ’eruntur</strong></span> <span class='ocrx_word' id='word_1_777' title='bbox 960 5397 1241 5461; x_wconf 85' lang='lat' dir='ltr'><strong>sacriﬁcia,</strong></span> <span class='ocrx_word' id='word_1_778' title='bbox 1267 5407 1322 5453; x_wconf 91' lang='lat' dir='ltr'><strong>et</strong></span> <span class='ocrx_word' id='word_1_779' title='bbox 1355 5415 1454 5468; x_wconf 88' lang='lat' dir='ltr'><strong>pro</strong></span> <span class='ocrx_word' id='word_1_780' title='bbox 1487 5411 1714 5470; x_wconf 80' lang='lat' dir='ltr'><strong>peccato</strong></span> <span class='ocrx_word' id='word_1_781' title='bbox 1752 5418 1841 5457; x_wconf 86' lang='lat' dir='ltr'><strong>sa-</strong></span> 
     </span>
    </p>
   </div>
   <div class='ocr_carea' id='block_1_102' title="bbox 266 5476 1840 5555">
    <p class='ocr_par' dir='ltr' id='par_1_102' title="bbox 266 5476 1840 5555">
     <span class='ocr_line' id='line_1_102' title="bbox 266 5476 1840 5555; baseline 0.012 -28"><span class='ocrx_word' id='word_1_782' title='bbox 266 5476 469 5531; x_wconf 83' lang='lat' dir='ltr'><strong>cnﬁcia</strong></span> <span class='ocrx_word' id='word_1_783' title='bbox 484 5480 637 5548; x_wconf 77' lang='lat' dir='ltr'><strong>iussa</strong></span> <span class='ocrx_word' id='word_1_784' title='bbox 665 5496 789 5538; x_wconf 80' lang='lat' dir='ltr'><strong>esse</strong></span> <span class='ocrx_word' id='word_1_785' title='bbox 820 5484 1025 5551; x_wconf 78' lang='lat' dir='ltr'><strong>oﬁ‘erri,</strong></span> <span class='ocrx_word' id='word_1_786' title='bbox 1049 5496 1105 5541; x_wconf 89' lang='lat' dir='ltr'><strong>et</strong></span> <span class='ocrx_word' id='word_1_787' title='bbox 1132 5487 1527 5555; x_wconf 86' lang='lat' dir='ltr'><strong>holocaustum,</strong></span> <span class='ocrx_word' id='word_1_788' title='bbox 1551 5499 1609 5545; x_wconf 89' lang='lat' dir='ltr'><strong>et</strong></span> <span class='ocrx_word' id='word_1_789' title='bbox 1631 5493 1840 5546; x_wconf 68' lang='lat' dir='ltr'><strong>sacriﬁ—</strong></span> 
     </span>
    </p>
   </div>
   <div class='ocr_carea' id='block_1_103' title="bbox 266 5565 1839 5641">
    <p class='ocr_par' dir='ltr' id='par_1_103' title="bbox 266 5565 1839 5641">
     <span class='ocr_line' id='line_1_103' title="bbox 266 5565 1839 5641; baseline 0.013 -24"><span class='ocrx_word' id='word_1_790' title='bbox 266 5565 349 5618; x_wconf 87' lang='lat' dir='ltr'><strong>cia</strong></span> <span class='ocrx_word' id='word_1_791' title='bbox 373 5567 658 5637; x_wconf 83' lang='lat' dir='ltr'><strong>salutaris;</strong></span> <span class='ocrx_word' id='word_1_792' title='bbox 707 5587 810 5641; x_wconf 89' lang='lat' dir='ltr'><strong>pro</strong></span> <span class='ocrx_word' id='word_1_793' title='bbox 853 5576 1134 5632; x_wconf 77' lang='lat' dir='ltr'><strong>sacerdote</strong></span> <span class='ocrx_word' id='word_1_794' title='bbox 1182 5586 1362 5632; x_wconf 88' lang='lat' dir='ltr'><strong>autem</strong></span> <span class='ocrx_word' id='word_1_795' title='bbox 1399 5578 1638 5634; x_wconf 85' lang='lat' dir='ltr'><strong>oblatum</strong></span> <span class='ocrx_word' id='word_1_796' title='bbox 1674 5580 1839 5637; x_wconf 80' lang='lat' dir='ltr'><strong>fuisse</strong></span> 
     </span>
    </p>
   </div>
   <div class='ocr_carea' id='block_1_104' title="bbox 266 5663 1836 5739">
    <p class='ocr_par' dir='ltr' id='par_1_104' title="bbox 266 5663 1836 5739">
     <span class='ocr_line' id='line_1_104' title="bbox 266 5663 1836 5739; baseline 0.009 -27"><span class='ocrx_word' id='word_1_797' title='bbox 266 5669 363 5724; x_wconf 77' lang='lat' dir='ltr'><strong>pro</strong></span> <span class='ocrx_word' id='word_1_798' title='bbox 384 5669 603 5727; x_wconf 79' lang='lat' dir='ltr'><strong>peccato</strong></span> <span class='ocrx_word' id='word_1_799' title='bbox 626 5670 680 5718; x_wconf 86' lang='lat' dir='ltr'><strong>et</strong></span> <span class='ocrx_word' id='word_1_800' title='bbox 708 5663 1081 5721; x_wconf 85' lang='lat' dir='ltr'><strong>holocaustum</strong></span> <span class='ocrx_word' id='word_1_801' title='bbox 1124 5676 1174 5721; x_wconf 89' lang='lat' dir='ltr'><strong>ct</strong></span> <span class='ocrx_word' id='word_1_802' title='bbox 1205 5670 1703 5739; x_wconf 80' lang='lat' dir='ltr'><strong>consummationis,</strong></span> <span class='ocrx_word' id='word_1_803' title='bbox 1734 5689 1836 5730; x_wconf 87' lang='lat' dir='ltr'><strong>non</strong></span> 
     </span>
    </p>
   </div>
   <div class='ocr_carea' id='block_1_105' title="bbox 1944 4582 3510 4660">
    <p class='ocr_par' dir='ltr' id='par_1_105' title="bbox 1944 4582 3510 4660">
     <span class='ocr_line' id='line_1_105' title="bbox 1944 4582 3510 4660; baseline 0.009 -27"><span class='ocrx_word' id='word_1_804' title='bbox 1944 4582 2158 4634; x_wconf 88' lang='lat' dir='ltr'><strong>cremati</strong></span> <span class='ocrx_word' id='word_1_805' title='bbox 2189 4592 2355 4637; x_wconf 87' lang='lat' dir='ltr'><strong>essent</strong></span> <span class='ocrx_word' id='word_1_806' title='bbox 2389 4583 2568 4655; x_wconf 87' lang='lat' dir='ltr'><strong>adipes</strong></span> <span class='ocrx_word' id='word_1_807' title='bbox 2592 4601 2749 4656; x_wconf 83' lang='lat' dir='ltr'><strong>super</strong></span> <span class='ocrx_word' id='word_1_808' title='bbox 2788 4586 2976 4654; x_wconf 86' lang='lat' dir='ltr'><strong>altare,</strong></span> <span class='ocrx_word' id='word_1_809' title='bbox 3025 4598 3235 4660; x_wconf 89' lang='lat' dir='ltr'><strong>pectora</strong></span> <span class='ocrx_word' id='word_1_810' title='bbox 3259 4608 3441 4647; x_wconf 89' lang='lat' dir='ltr'><strong>eorum</strong></span> <span class='ocrx_word' id='word_1_811' title='bbox 3461 4604 3510 4649; x_wconf 91' lang='lat' dir='ltr'><strong>et</strong></span> 
     </span>
    </p>
   </div>
   <div class='ocr_carea' id='block_1_106' title="bbox 1944 4672 3514 4745">
    <p class='ocr_par' dir='ltr' id='par_1_106' title="bbox 1944 4672 3514 4745">
     <span class='ocr_line' id='line_1_106' title="bbox 1944 4672 3514 4745; baseline 0.008 -20"><span class='ocrx_word' id='word_1_812' title='bbox 1944 4688 2118 4726; x_wconf 79' lang='lat' dir='ltr'><strong>armos</strong></span> <span class='ocrx_word' id='word_1_813' title='bbox 2143 4672 2354 4728; x_wconf 68' lang='lat' dir='ltr'><strong>dextros</strong></span> <span class='ocrx_word' id='word_1_814' title='bbox 2375 4678 2633 4745; x_wconf 85' lang='lat' dir='ltr'><strong>separavit</strong></span> <span class='ocrx_word' id='word_1_815' title='bbox 2668 4676 2868 4742; x_wconf 83' lang='lat' dir='ltr'><strong>Aaron,</strong></span> <span class='ocrx_word' id='word_1_816' title='bbox 2897 4677 3103 4734; x_wconf 89' lang='lat' dir='ltr'><strong>elevans</strong></span> <span class='ocrx_word' id='word_1_817' title='bbox 3128 4697 3307 4736; x_wconf 91' lang='lat' dir='ltr'><strong>coram</strong></span> <span class='ocrx_word' id='word_1_818' title='bbox 3328 4683 3514 4738; x_wconf 79' lang='lat' dir='ltr'><strong>Dami-</strong></span> 
     </span>
    </p>
   </div>
   <div class='ocr_carea' id='block_1_107' title="bbox 1945 4763 3517 4844">
    <p class='ocr_par' dir='ltr' id='par_1_107' title="bbox 1945 4763 3517 4844">
     <span class='ocr_line' id='line_1_107' title="bbox 1945 4763 3517 4844; baseline 0.01 -30"><span class='ocrx_word' id='word_1_819' title='bbox 1945 4778 2033 4825; x_wconf 89' lang='lat' dir='ltr'><strong>no,</strong></span> <span class='ocrx_word' id='word_1_820' title='bbox 2064 4763 2199 4815; x_wconf 88' lang='lat' dir='ltr'><strong>sicut</strong></span> <span class='ocrx_word' id='word_1_821' title='bbox 2229 4775 2543 4835; x_wconf 73' lang='lat' dir='ltr'><strong>prwceperat</strong></span> <span class='ocrx_word' id='word_1_822' title='bbox 2592 4767 2641 4820; x_wconf 91' lang='lat' dir='ltr'><strong>ei</strong></span> <span class='ocrx_word' id='word_1_823' title='bbox 2693 4766 2899 4837; x_wconf 77' lang='lat' dir='ltr'><strong>Moyses</strong></span> <span class='ocrx_word' id='word_1_824' title='bbox 2957 4767 3164 4841; x_wconf 83' lang='lat' dir='ltr'><strong>(Ibid.).</strong></span> <span class='ocrx_word' id='word_1_825' title='bbox 3209 4771 3326 4844; x_wconf 76' lang='lat' dir='ltr'><strong>[Ex</strong></span> <span class='ocrx_word' id='word_1_826' title='bbox 3358 4772 3517 4828; x_wconf 87' lang='lat' dir='ltr'><strong>Hesi-</strong></span> 
     </span>
    </p>
   </div>
   <div class='ocr_carea' id='block_1_108' title="bbox 1946 4851 3516 4932">
    <p class='ocr_par' dir='ltr' id='par_1_108' title="bbox 1946 4851 3516 4932">
     <span class='ocr_line' id='line_1_108' title="bbox 1946 4851 3516 4932; baseline 0.011 -28"><span class='ocrx_word' id='word_1_827' title='bbox 1946 4851 2108 4925; x_wconf 85' lang='lat' dir='ltr'><strong>chio.|</strong></span> <span class='ocrx_word' id='word_1_828' title='bbox 2148 4851 2313 4921; x_wconf 87' lang='lat' dir='ltr'><strong>Cujus</strong></span> <span class='ocrx_word' id='word_1_829' title='bbox 2344 4854 2570 4926; x_wconf 87' lang='lat' dir='ltr'><strong>ﬁguram</strong></span> <span class='ocrx_word' id='word_1_830' title='bbox 2614 4871 2679 4912; x_wconf 90' lang='lat' dir='ltr'><strong>ea</strong></span> <span class='ocrx_word' id='word_1_831' title='bbox 2701 4873 2821 4927; x_wconf 71' lang='lat' dir='ltr'><strong>qua:</strong></span> <span class='ocrx_word' id='word_1_832' title='bbox 2851 4858 2994 4913; x_wconf 85' lang='lat' dir='ltr'><strong>dicta</strong></span> <span class='ocrx_word' id='word_1_833' title='bbox 3020 4869 3147 4916; x_wconf 90' lang='lat' dir='ltr'><strong>sunt</strong></span> <span class='ocrx_word' id='word_1_834' title='bbox 3172 4863 3431 4932; x_wconf 84' lang='lat' dir='ltr'><strong>habeant,</strong></span> <span class='ocrx_word' id='word_1_835' title='bbox 3462 4876 3516 4922; x_wconf 90' lang='lat' dir='ltr'><strong>et</strong></span> 
     </span>
    </p>
   </div>
   <div class='ocr_carea' id='block_1_109' title="bbox 1945 4945 3522 5025">
    <p class='ocr_par' dir='ltr' id='par_1_109' title="bbox 1945 4945 3522 5025">
     <span class='ocr_line' id='line_1_109' title="bbox 1945 4945 3522 5025; baseline 0.01 -27"><span class='ocrx_word' id='word_1_836' title='bbox 1945 4945 2393 5014; x_wconf 68' lang='lat' dir='ltr'><strong>Quemadmodum</strong></span> <span class='ocrx_word' id='word_1_837' title='bbox 2433 4963 2533 5018; x_wconf 91' lang='lat' dir='ltr'><strong>pro</strong></span> <span class='ocrx_word' id='word_1_838' title='bbox 2576 4957 2801 5019; x_wconf 90' lang='lat' dir='ltr'><strong>peccato</strong></span> <span class='ocrx_word' id='word_1_839' title='bbox 2846 4951 3030 5008; x_wconf 89' lang='lat' dir='ltr'><strong>hircus</strong></span> <span class='ocrx_word' id='word_1_840' title='bbox 3075 4956 3406 5025; x_wconf 75' lang='lat' dir='ltr'><strong>pmnitentiac</strong></span> <span class='ocrx_word' id='word_1_841' title='bbox 3434 4976 3522 5012; x_wconf 84' lang='lat' dir='ltr'><strong>sa-</strong></span> 
     </span>
    </p>
   </div>
   <div class='ocr_carea' id='block_1_110' title="bbox 1945 5033 3516 5108">
    <p class='ocr_par' dir='ltr' id='par_1_110' title="bbox 1945 5033 3516 5108">
     <span class='ocr_line' id='line_1_110' title="bbox 1945 5033 3516 5108; baseline 0.008 -18"><span class='ocrx_word' id='word_1_842' title='bbox 1945 5033 2210 5090; x_wconf 89' lang='lat' dir='ltr'><strong>criﬁcium</strong></span> <span class='ocrx_word' id='word_1_843' title='bbox 2256 5038 2538 5108; x_wconf 81' lang='lat' dir='ltr'><strong>signiﬁcet,</strong></span> <span class='ocrx_word' id='word_1_844' title='bbox 2596 5039 2911 5098; x_wconf 86' lang='lat' dir='ltr'><strong>holocausta</strong></span> <span class='ocrx_word' id='word_1_845' title='bbox 2964 5052 3147 5099; x_wconf 88' lang='lat' dir='ltr'><strong>autem</strong></span> <span class='ocrx_word' id='word_1_846' title='bbox 3198 5046 3516 5102; x_wconf 80' lang='lat' dir='ltr'><strong>cruciﬁxam</strong></span> 
     </span>
    </p>
   </div>
   <div class='ocr_carea' id='block_1_111' title="bbox 1945 5132 3514 5205">
    <p class='ocr_par' dir='ltr' id='par_1_111' title="bbox 1945 5132 3514 5205">
     <span class='ocr_line' id='line_1_111' title="bbox 1945 5132 3514 5205; baseline 0.004 -19"><span class='ocrx_word' id='word_1_847' title='bbox 1945 5132 2431 5199; x_wconf 84' lang='lat' dir='ltr'><strong>conversationem,</strong></span> <span class='ocrx_word' id='word_1_848' title='bbox 2453 5133 2780 5205; x_wconf 86' lang='lat' dir='ltr'><strong>theologiam</strong></span> <span class='ocrx_word' id='word_1_849' title='bbox 2803 5151 2931 5191; x_wconf 89' lang='lat' dir='ltr'><strong>vero</strong></span> <span class='ocrx_word' id='word_1_850' title='bbox 2952 5137 3150 5204; x_wconf 89' lang='lat' dir='ltr'><strong>simila,</strong></span> <span class='ocrx_word' id='word_1_851' title='bbox 3167 5138 3402 5195; x_wconf 85' lang='lat' dir='ltr'><strong>salutare</strong></span> <span class='ocrx_word' id='word_1_852' title='bbox 3415 5154 3514 5192; x_wconf 89' lang='lat' dir='ltr'><strong>au-</strong></span> 
     </span>
    </p>
   </div>
   <div class='ocr_carea' id='block_1_112' title="bbox 1943 5224 3512 5300">
    <p class='ocr_par' dir='ltr' id='par_1_112' title="bbox 1943 5224 3512 5300">
     <span class='ocr_line' id='line_1_112' title="bbox 1943 5224 3512 5300; baseline 0.002 -23"><span class='ocrx_word' id='word_1_853' title='bbox 1943 5230 2052 5277; x_wconf 89' lang='lat' dir='ltr'><strong>tem</strong></span> <span class='ocrx_word' id='word_1_854' title='bbox 2073 5238 2169 5277; x_wconf 88' lang='lat' dir='ltr'><strong>seu</strong></span> <span class='ocrx_word' id='word_1_855' title='bbox 2190 5224 2536 5293; x_wconf 90' lang='lat' dir='ltr'><strong>paciﬁcorum</strong></span> <span class='ocrx_word' id='word_1_856' title='bbox 2565 5227 2914 5294; x_wconf 90' lang='lat' dir='ltr'><strong>sacriﬁcium,</strong></span> <span class='ocrx_word' id='word_1_857' title='bbox 2938 5229 3104 5284; x_wconf 87' lang='lat' dir='ltr'><strong>vitam</strong></span> <span class='ocrx_word' id='word_1_858' title='bbox 3130 5246 3250 5300; x_wconf 70' lang='lat' dir='ltr'><strong>qua:</strong></span> <span class='ocrx_word' id='word_1_859' title='bbox 3277 5244 3377 5284; x_wconf 88' lang='lat' dir='ltr'><strong>nos</strong></span> <span class='ocrx_word' id='word_1_860' title='bbox 3404 5228 3512 5289; x_wconf 49' lang='lat' dir='ltr'><strong>sal:</strong></span> 
     </span>
    </p>
   </div>
   <div class='ocr_carea' id='block_1_113' title="bbox 1942 5317 3512 5390">
    <p class='ocr_par' dir='ltr' id='par_1_113' title="bbox 1942 5317 3512 5390">
     <span class='ocr_line' id='line_1_113' title="bbox 1942 5317 3512 5390; baseline 0.003 -24"><span class='ocrx_word' id='word_1_861' title='bbox 1942 5330 2072 5370; x_wconf 88' lang='lat' dir='ltr'><strong>vare</strong></span> <span class='ocrx_word' id='word_1_862' title='bbox 2112 5323 2311 5384; x_wconf 82' lang='lat' dir='ltr'><strong>potest,</strong></span> <span class='ocrx_word' id='word_1_863' title='bbox 2334 5317 2497 5372; x_wconf 88' lang='lat' dir='ltr'><strong>etiam</strong></span> <span class='ocrx_word' id='word_1_864' title='bbox 2524 5317 2869 5374; x_wconf 89' lang='lat' dir='ltr'><strong>mediocriter</strong></span> <span class='ocrx_word' id='word_1_865' title='bbox 2893 5321 3186 5390; x_wconf 88' lang='lat' dir='ltr'><strong>sapientes,</strong></span> <span class='ocrx_word' id='word_1_866' title='bbox 3217 5318 3512 5374; x_wconf 80' lang='lat' dir='ltr'><strong>sacriﬁcio-</strong></span> 
     </span>
    </p>
   </div>
   <div class='ocr_carea' id='block_1_114' title="bbox 1943 5406 3510 5478">
    <p class='ocr_par' dir='ltr' id='par_1_114' title="bbox 1943 5406 3510 5478">
     <span class='ocr_line' id='line_1_114' title="bbox 1943 5406 3510 5478; baseline -0.001 -19"><span class='ocrx_word' id='word_1_867' title='bbox 1943 5421 2065 5459; x_wconf 89' lang='lat' dir='ltr'><strong>rum</strong></span> <span class='ocrx_word' id='word_1_868' title='bbox 2091 5406 2356 5462; x_wconf 89' lang='lat' dir='ltr'><strong>discussio</strong></span> <span class='ocrx_word' id='word_1_869' title='bbox 2378 5408 2691 5478; x_wconf 66' lang='lat' dir='ltr'><strong>praecedens</strong></span> <span class='ocrx_word' id='word_1_870' title='bbox 2734 5410 3043 5465; x_wconf 88' lang='lat' dir='ltr'><strong>unctionem</strong></span> <span class='ocrx_word' id='word_1_871' title='bbox 3074 5408 3387 5471; x_wconf 88' lang='lat' dir='ltr'><strong>sacerdotis,</strong></span> <span class='ocrx_word' id='word_1_872' title='bbox 3421 5420 3510 5459; x_wconf 90' lang='lat' dir='ltr'><strong>os-</strong></span> 
     </span>
    </p>
   </div>
   <div class='ocr_carea' id='block_1_115' title="bbox 1942 5494 3514 5573">
    <p class='ocr_par' dir='ltr' id='par_1_115' title="bbox 1942 5494 3514 5573">
     <span class='ocr_line' id='line_1_115' title="bbox 1942 5494 3514 5573; baseline 0.002 -26"><span class='ocrx_word' id='word_1_873' title='bbox 1942 5494 2113 5548; x_wconf 87' lang='lat' dir='ltr'><strong>tendit</strong></span> <span class='ocrx_word' id='word_1_874' title='bbox 2139 5512 2151 5547; x_wconf 94' lang='lat'><strong>:</strong></span> <span class='ocrx_word' id='word_1_875' title='bbox 2186 5510 2315 5564; x_wconf 86' lang='lat' dir='ltr'><strong>ergo</strong></span> <span class='ocrx_word' id='word_1_876' title='bbox 2339 5496 2429 5563; x_wconf 90' lang='lat' dir='ltr'><strong>qui</strong></span> <span class='ocrx_word' id='word_1_877' title='bbox 2459 5496 2616 5565; x_wconf 81' lang='lat' dir='ltr'><strong>hujus</strong></span> <span class='ocrx_word' id='word_1_878' title='bbox 2644 5498 2943 5573; x_wconf 73' lang='lat' dir='ltr'><strong>sanationis</strong></span> <span class='ocrx_word' id='word_1_879' title='bbox 2978 5496 3151 5552; x_wconf 87' lang='lat' dir='ltr'><strong>nescit</strong></span> <span class='ocrx_word' id='word_1_880' title='bbox 3179 5494 3514 5563; x_wconf 81' lang='lat' dir='ltr'><strong>explanatio-</strong></span> 
     </span>
    </p>
   </div>
   <div class='ocr_carea' id='block_1_116' title="bbox 1942 5584 3512 5658">
    <p class='ocr_par' dir='ltr' id='par_1_116' title="bbox 1942 5584 3512 5658">
     <span class='ocr_line' id='line_1_116' title="bbox 1942 5584 3512 5658; baseline 0.002 -19"><span class='ocrx_word' id='word_1_881' title='bbox 1942 5600 2068 5639; x_wconf 88' lang='lat' dir='ltr'><strong>nem</strong></span> <span class='ocrx_word' id='word_1_882' title='bbox 2095 5586 2201 5642; x_wconf 89' lang='lat' dir='ltr'><strong>illic</strong></span> <span class='ocrx_word' id='word_1_883' title='bbox 2240 5602 2361 5641; x_wconf 88' lang='lat' dir='ltr'><strong>cum</strong></span> <span class='ocrx_word' id='word_1_884' title='bbox 2387 5587 2680 5644; x_wconf 86' lang='lat' dir='ltr'><strong>subtilitate</strong></span> <span class='ocrx_word' id='word_1_885' title='bbox 2709 5588 3047 5658; x_wconf 89' lang='lat' dir='ltr'><strong>perquirens,</strong></span> <span class='ocrx_word' id='word_1_886' title='bbox 3075 5589 3240 5638; x_wconf 87' lang='lat' dir='ltr'><strong>etlam</strong></span> <span class='ocrx_word' id='word_1_887' title='bbox 3269 5584 3383 5640; x_wconf 75' lang='lat' dir='ltr'><strong>lucc</strong></span> <span class='ocrx_word' id='word_1_888' title='bbox 3413 5602 3512 5656; x_wconf 85' lang='lat' dir='ltr'><strong>per</strong></span> 
     </span>
    </p>
   </div>
   <div class='ocr_carea' id='block_1_117' title="bbox 1944 5675 3502 5747">
    <p class='ocr_par' dir='ltr' id='par_1_117' title="bbox 1944 5675 3502 5747">
     <span class='ocr_line' id='line_1_117' title="bbox 1944 5675 3502 5747; baseline 0.001 -15"><span class='ocrx_word' id='word_1_889' title='bbox 1944 5676 2150 5747; x_wconf 78' lang='lat' dir='ltr'><strong>Singula</strong></span> <span class='ocrx_word' id='word_1_890' title='bbox 2189 5677 2340 5733; x_wconf 74' lang='lat' dir='ltr'><strong>sciet.</strong></span> <span class='ocrx_word' id='word_1_891' title='bbox 2373 5676 2503 5732; x_wconf 86' lang='lat' dir='ltr'><strong>Illud</strong></span> <span class='ocrx_word' id='word_1_892' title='bbox 2535 5686 2713 5732; x_wconf 84' lang='lat' dir='ltr'><strong>autem</strong></span> <span class='ocrx_word' id='word_1_893' title='bbox 2740 5693 2881 5733; x_wconf 79' lang='lat' dir='ltr'><strong>mine</strong></span> <span class='ocrx_word' id='word_1_894' title='bbox 2902 5675 3206 5733; x_wconf 70' lang='lat' dir='ltr'><strong>necessarie</strong></span> <span class='ocrx_word' id='word_1_895' title='bbox 3238 5677 3502 5747; x_wconf 83' lang='lat' dir='ltr'><strong>addimus,</strong></span> 
     </span>
    </p>
   </div>
  </div>
