3954 6176
417 224 520 281 359

1053 224 1114 276 B.
1157 224 1406 279 RABANI
1447 224 1669 280 MAURI
1707 223 2028 280 ARCHIEP.
2066 218 2378 278 MOGUNT.
2418 217 2703 276 OPERUM
2740 217 2918 272 PARS
2956 219 2995 273 Ι.

3546 225 3637 280 Sil)

415 339 540 408 quia
569 337 745 391 sancti
792 334 1026 405 Spiritus
1072 337 1126 391 in
1163 336 1522 394 Pentecosten
1553 338 1868 408 provenisse
1897 337 1991 392 de-
2018 341 2067 402 Α
2095 343 2178 390 est
2206 334 2466 406 quidquid
2495 334 2623 389 illud
2668 343 2790 390 erat
2822 335 2964 404 quod
2989 335 3058 389 ad
3081 335 3272 390 horam
3309 335 3641 399 ministratio-

415 425 754 483 scensionem
781 440 901 482 cum
918 426 972 480 in
987 441 1151 481 unum
1180 429 1492 498 congregati
1523 437 1709 483 essent
1739 427 1991 498 apostoli,

415 518 708 589 omniaque
730 518 1027 574 secundum
1054 519 1228 589 legem
1258 519 1515 576 Ecclesiae
1549 531 1796 592 agerent,
1824 521 1992 590 signi-

417 608 568 664 ﬁcari
591 607 952 679 consideravit
972 608 1267 678 legislator,
1290 619 1437 664 recte
1466 610 1772 679 przecedere
1815 624 1998 664 sacer-

419 699 564 754 dotis
587 677 875 765 sacrificia,
922 715 988 754 ac
1029 677 1220 756 deinde
1262 677 1552 757 subinferri
1582 702 1762 772 populi
1788 717 1997 771 praece-

418 789 518 858 pit.
575 789 799 860 Oportet
845 790 988 845 enim
1014 790 1272 847 Ecclesiae
1322 791 1624 847 doctrinam
1654 807 1685 846 a
1721 791 1997 847 sacriﬁcio

423 880 694 952 Unigeniti
720 881 998 947 inchoare,
1027 889 1086 934 ut
1124 881 1537 937 introducantur
1561 883 1823 936 docentes
1864 880 1998 950 quid

420 973 576 1028 nobis
599 973 780 1043 passio
808 974 1087 1030 Dominica
1109 973 1424 1046 profecerit,
1452 985 1545 1030 aut
1575 975 1890 1040 contulerit,
1916 984 1998 1029 at-

419 1081 524 1134 que
553 1066 626 1121 ita
654 1066 1024 1122 subinferatur
1059 1083 1238 1123 sermo
1277 1069 1634 1137 paenitentiae,
1682 1083 1840 1138 quem
1883 1082 2001 1121 om-

418 1171 514 1211 nes
567 1157 750 1228 utique
781 1159 1029 1214 homines
1055 1160 1420 1214 necessarium
1447 1159 1732 1223 habemus,
1768 1157 1911 1212 unde
1945 1165 2001 1212 et

419 1247 680 1305 Dominus
714 1264 878 1303 unam
913 1249 1216 1304 doctrinam
1243 1250 1521 1320 praedicat,
1582 1250 1636 1304 id
1667 1256 1773 1315 est,
1823 1248 2000 1318 paeni-

419 1342 665 1405 tentiam,
719 1348 998 1410 totumque
1045 1339 1342 1411 perfectius
1386 1339 1680 1396 subinferri
1717 1353 2004 1394 conversa-

420 1431 596 1485 tioncs
625 1437 786 1499 atque
817 1430 1148 1500 theologiam
1187 1431 1294 1486 illis
1343 1429 1772 1501 permiscendas.
1807 1427 2001 1483 Subdit

420 1530 604 1575 autem
633 1529 688 1575 et
710 1535 830 1590 quae
859 1519 992 1592 [Αι.,
1016 1521 1181 1594 quod]
1208 1523 1544 1592 corrigentes
1577 1521 1691 1576 sive
1719 1520 1871 1574 uncti
1899 1519 2002 1574 sal-

418 1612 537 1666 vari
557 1613 825 1680 possimus
845 1613 1095 1685 quamvis
1128 1629 1234 1668 non
1265 1614 1567 1668 subl-imiter
1592 1626 2002 1668 conversemur.

2096 426 2182 481 nis
2225 427 2549 496 ponebatur,
2590 433 2648 479 et
2695 424 3066 490 auferebatur,
3113 440 3220 479 non
3265 425 3429 483 fuisse
3475 430 3644 489 altaris

2094 528 2329 590 partem,
2369 527 2426 574 et
2465 517 2588 572 ideo
2621 533 2726 572 non
2754 516 2920 572 fuisse
2959 525 3146 572 contra
3197 530 3517 589 pmceptttm
3551 539 3647 593 quo

2095 611 2318 681 gradum
2370 609 2571 664 habere
2596 608 2927 680 prohibitum
2968 617 3084 674 est;
3124 609 3230 664 hoc
3276 619 3455 664 autem
3482 613 3647 681 quale-

2097 715 2307 770 cunque
2347 699 2527 765 fuerit,
2589 700 2757 754 tacuit
2805 698 3110 770 Scriptura,
3176 708 3233 755 et
3270 701 3392 756 ideo
3439 707 3648 772 quaastio

2097 791 2239 846 facta
2261 800 2364 846 est.
2390 789 2496 846 Sed
2519 805 2663 844 nunc
2691 806 2813 845 cum
2843 790 2975 844 dicit
2997 789 3277 860 Scriptura
3306 794 3646 859 sacerdotem,

2098 897 2220 938 cum
2269 880 2487 936 fecisset
2537 880 2827 945 sacrificia,
2873 881 3237 945 descendisse,
3270 882 3373 937 hoc
3413 892 3516 949 est,
3543 901 3653 940 cum

2099 974 2373 1029 immolata
2401 974 2746 1043 imposuisset
2778 973 2956 1038 altari,
2998 974 3184 1043 utique
3224 975 3533 1031 manifestat
3564 979 3650 1033 ali-

2099 1063 2221 1118 cubi
2249 1077 2373 1117 eum
2403 1062 2616 1116 stetisse
2644 1061 2786 1116 unde
2808 1063 3183 1127 descenderet,
3209 1072 3264 1116 et
3305 1066 3431 1134 quia
3460 1067 3532 1120 ibi
3553 1078 3651 1122 ste-

2101 1163 2261 1218 terat,
2291 1155 2412 1210 ideo
2446 1154 2608 1208 trium
2642 1155 2944 1209 cubitorum
2975 1153 3131 1207 altari
3180 1155 3538 1211 ministrando
3571 1157 3657 1213 de-

2100 1245 2304 1300 servire
2328 1225 2588 1315 potuisse.
2619 1244 2726 1314 (Ea:
2750 1243 3050 1315 Hesychia).
3076 1245 3295 1300 Intende
3310 1247 3434 1316 quia
3453 1263 3653 1301 onmem

2101 1336 2259 1391 nobis
2316 1337 2595 1392 evidenter
2635 1335 2862 1405 figuram
2921 1334 3176 1388 Ecclesia:
3222 1336 3337 1388 vult
3380 1351 3655 1404 exponere.

2099 1425 2236 1480 Nam
2286 1433 2572 1496 postquam
2607 1425 2758 1488 dixit,
2793 1424 3082 1478 Descendit
3105 1434 3391 1494 postquam
3420 1425 3548 1480 fecit
3572 1442 3661 1495 pro

2100 1523 2342 1586 peccato,
2381 1523 2437 1570 et
2480 1514 2811 1570 holocaustis
2848 1523 2904 1568 et
2941 1513 3212 1584 pacificis,
3266 1515 3506 1568 ostendit
3549 1516 3662 1583 quia

2103 1605 2516 1676 completionem
2545 1603 2955 1670 sacrificiorum,
2993 1603 3260 1657 intellexit
3282 1604 3664 1673 expositionem

418 1708 477 1764 ln
515 1709 604 1763 his
644 1706 790 1760 enim
835 1712 1051 1775 oportet
1073 1704 1372 1759 Ecclesiam
1426 1714 1761 1773 congregare
1799 1707 1853 1754 et
1890 1713 2000 1753 ma-
2025 1690 2076 1750 B
2101 1712 2312 1761 eorum,
2341 1704 2396 1752 et
2421 1704 2707 1765 propterea
2736 1695 2890 1759 dixit,
2919 1694 3183 1749 descendit
3212 1711 3350 1764 :pcr
3370 1696 3666 1750 descensio-

419 1798 826 1854 nifestationem
859 1796 954 1851 Dei
993 1795 1178 1866 gloriae
1206 1795 1499 1865 suscipere.
1532 1793 1659 1848 Haec
1689 1793 1808 1848 sine
1837 1791 2006 1846 dubio

421 1891 612 1945 diebus
634 1889 983 1943 Pentecostes
1004 1885 1241 1941 maxime
1253 1887 1485 1956 agebant
1501 1881 1749 1954 discipuli
1763 1881 2000 1967 Domini,

417 1990 638 2052 pmpter
685 1978 828 2050 quod
883 1979 937 2033 in
991 1993 1156 2032 unum
1208 1985 1334 2032 tunc
1384 1975 1592 2031 collecti
1643 1982 1820 2040 erant,
1857 1972 2001 2042 quod

420 2069 730 2125 manifestat
760 2067 936 2123 Lucas
961 2067 1146 2122 dicens
1172 2084 1186 2120 :
1221 2065 1288 2120 Et
1321 2065 1447 2120 dum
1477 2061 1858 2134 complerentur
1890 2061 2000 2116 dies

424 2157 775 2223 Pentecostes,
801 2167 949 2211 erant
973 2173 1151 2211 omnes
1182 2154 1339 2211 simul
1368 2154 1690 2210 unanimiter
1730 2151 1871 2224 (Act.
1911 2151 1998 2224 tt).

416 2247 555 2314 Quid
586 2257 767 2301 autem
802 2255 959 2302 erant
981 2246 1194 2301 collecti
1222 2261 1406 2316 agere,
1432 2244 1537 2299 nisi
1567 2259 1633 2299 ea
1678 2242 1856 2298 modis
1885 2258 2002 2297 om-

421 2337 580 2390 nibus
608 2352 728 2406 qua:
750 2336 894 2390 dicta
916 2337 1076 2390 sunt?
1101 2335 1237 2390 Nam
1264 2335 1384 2390 etsi
1405 2335 1584 2405 palam
1611 2350 1718 2389 non
1741 2333 2002 2404 pnedica-

421 2428 434 2480 Ι
458 2435 551 2480 ant
577 2435 632 2480 et
658 2436 943 2496 propterea
971 2427 1115 2480 intus
1142 2435 1300 2480 erant
1325 2427 1378 2479 in
1405 2425 1778 2495 superioribus
1807 2425 2001 2479 seden—

419 2525 527 2580 tes,
548 2517 774 2571 necdum
807 2516 1033 2570 verbum
1064 2515 1501 2580 disseminantes,
1549 2514 1664 2569 sive
1697 2513 1877 2584 palam
1921 2513 2002 2567 lo-

417 2615 672 2677 quentes,
729 2606 855 2676 quia
893 2594 959 2661 de
989 2605 1133 2662 ostio
1171 2605 1507 2661 tabernaculi
1550 2605 1842 2660 testimonii
1889 2621 1999 2661 non

419 2705 576 2751 erant
596 2697 735 2767 jussi
788 2697 993 2768 egredi,
1041 2697 1342 2767 usquedum
1373 2697 1440 2752 de
1460 2696 1675 2751 excelso
1707 2697 1997 2752 indueren-

420 2795 510 2840 tur
549 2786 784 2856 Spiritus
822 2789 1110 2852 virtutem,
1154 2795 1536 2843 verumtamen
1575 2787 1630 2840 in
1675 2787 1997 2858 semetipsos

414 2875 541 2944 quia
569 2876 682 2931 haec
709 2877 943 2948 agebant
968 2877 1317 2933 manifestum
1344 2885 1450 2943 est,
1474 2885 1531 2932 et
1555 2893 1888 2947 quarcuuque
1913 2878 1999 2933 de-

418 2977 542 3022 ccnt
583 2967 879 3023 Ecclesium
922 2970 1173 3024 meditari
1223 2985 1330 3024 non
1359 2970 1669 3035 cessabant,
1715 2978 1776 3024 ut
1817 2970 1994 3039 ipsum

419 3059 664 3113 videlicet
694 3059 748 3112 in
793 3059 1101 3127 semetipsis
1140 3061 1401 3114 habentes
1441 3059 1741 3128 Christum,
1789 3036 1879 3132 qui
1911 3069 1996 3117 est
2023 3036 2068 3098 θ

415 3148 674 3201 Ecclesia:
722 3135 885 3216 eaput
914 3165 928 3201 :
957 3149 1099 3202 unde
1137 3158 1192 3203 et
1227 3148 1481 3203 Mathiam
1526 3149 1596 3203 ad
1634 3151 1992 3219 apostolatum

415 3253 538 3291 cum
579 3237 930 3293 coucionatus
959 3237 1148 3292 fuisset
1174 3237 1390 3300 Petrus,
1442 3247 1498 3292 et
1520 3241 1892 3310 proposuisset
1911 3240 1992 3295 di-

421 3327 558 3380 vinae
582 3324 875 3394 Scripturae
898 3327 1289 3398 expositionem
1309 3335 1472 3398 atque
1497 3328 1826 3395 testimonia,
1847 3340 1994 3386 sorte

419 3426 830 3489 separaverunt.
869 3417 995 3474 Sive
1025 3425 1208 3473 autem
1239 3417 1577 3482 coneionari,
1607 3419 1660 3473 ξι]
1689 3427 1792 3484 est,
1817 3434 1991 3489 popu-

413 3509 522 3564 lum
549 3509 848 3574 exhortari,
873 3509 988 3564 sive
1009 3509 1300 3580 prophetas
1333 3508 1701 3578 interpretari,
1741 3517 1796 3564 et
1821 3509 1995 3566 elcros

412 3603 641 3667 sociare,
665 3602 1044 3659 ecclesiastica:
1085 3603 1502 3672 dispensationis
1523 3610 1580 3657 et
1615 3602 1822 3658 ordinis
1850 3603 1990 3671 fuit;

411 3711 543 3766 ergo
567 3693 910 3750 manifestum
933 3703 1038 3761 est,
1062 3695 1183 3766 quia
1201 3695 1651 3766 quemadmodum
1672 3695 1723 3750 in
1749 3695 1994 3750 Ecclesia

411 3785 624 3840 collecti
648 3785 701 3838 in
725 3786 831 3840 illis
856 3786 1045 3840 diebus
1072 3794 1249 3867 erant,
1274 3786 1417 3854 (ptod
1440 3795 1494 3839 et
1515 3785 1791 3856 legislator
1817 3786 1994 3842 modis

414 3875 670 3930 omnibus
717 3875 1014 3945 significari
1079 3876 1454 3939 considerans,
1509 3887 1906 3943 consequenter
1940 3884 1997 3930 et

411 3979 475 4020 ea
544 3980 667 4034 qua:
714 3967 1122 4034 subsequuntur
1186 3965 1436 4019 addidit:
1490 3964 1560 4018 Et
1615 3967 1830 4020 tendens
1883 3983 1995 4020 ma-

407 4072 535 4110 num
583 4065 764 4109 contra
798 4053 1048 4125 populum
1085 4053 1341 4108 benedixit
1367 4053 1415 4106 ei
1455 4069 1474 4106 :
1507 4054 1685 4126 sicque
1727 4055 1995 4126 completis

406 4144 589 4198 hostiis
616 4160 712 4214 pro
745 4153 959 4214 peccato
989 4153 1036 4197 et
1070 4143 1390 4199 holocaustis
1428 4156 1476 4200 et
1497 4147 1752 4217 paciﬁcis,
1787 4148 1991 4202 descen-

407 4235 482 4288 dit
510 4233 695 4306 (Leuit.
721 4234 821 4304 ιι).
983 4246 992 4260 ο
1021 4278 1027 4283 .

478 4324 586 4396 (Ex
617 4321 956 4396 Augustino).
993 4323 1090 4381 Ubi
1125 4333 1303 4381 autem
1342 4327 1445 4384 ista
1495 4327 1642 4393 fecit,
1681 4327 1784 4384 nisi
1827 4343 1991 4400 super

407 4415 599 4478 altare,
645 4417 698 4469 id
741 4424 845 4480 est,
893 4416 960 4469 ad
1003 4416 1171 4470 altare
1216 4427 1392 4483 stans,
1437 4420 1597 4489 eique
1639 4420 1989 4476 deserviens?

406 4503 536 4557 lude
564 4518 690 4573 ergo
707 4504 986 4558 descendit
1004 4505 1093 4559 ubi
1125 4506 1302 4560 stabat
1327 4523 1339 4560 :
1376 4507 1633 4561 nimirum
1661 4507 1809 4562 illius
1839 4508 1983 4563 solu-

412 4592 488 4643 tio
517 4593 831 4660 qttmstionis
871 4591 1114 4662 adjuvari
1137 4595 1241 4649 hoc
1270 4595 1582 4650 testimonio
1623 4597 1862 4662 videtur,
1887 4597 1982 4651 ubi

407 4679 792 4749 quaesieramus
814 4682 871 4736 in
900 4683 1107 4749 Exodo,
1130 4685 1402 4756 quomodo
1432 4686 1622 4740 scrviri
1647 4687 1888 4756 potuerit
1917 4688 1986 4742 ad

406 4767 602 4834 altare,
662 4771 802 4837 quod
857 4782 977 4828 erat
1023 4774 1190 4828 altum
1241 4777 1440 4831 cubitis
1486 4779 1696 4844 tribus;
1755 4779 1983 4850 gradum

405 4859 609 4931 quippe
637 4859 747 4915 illic
777 4861 1077 4934 intelligere
1114 4867 1564 4935 prohibebamur,
1609 4871 1735 4940 quia
1762 4870 1816 4924 id
1839 4870 1985 4927 Deus

400 4960 666 5010 vetuerat.
705 4969 773 5008 ne
801 4970 964 5024 super
990 4955 1161 5011 altare
1188 4959 1440 5027 pudenda
1467 4961 1642 5015 virilia
1667 4961 1985 5018 ministran-

401 5044 472 5100 tis
515 5043 904 5113 revelarcntur,
947 5049 1090 5118 quod
1133 5050 1319 5119 utique
1362 5051 1518 5107 fieret
1539 5052 1587 5107 si
1618 5068 1750 5123 pars
1789 5055 1978 5110 altaris

401 5137 602 5208 gradus
629 5145 794 5202 esset,
833 5137 886 5192 id
915 5147 1015 5203 est,
1047 5139 1091 5195 si
1129 5151 1444 5212 compactus
1472 5143 1793 5212 adhtereret,
1830 5146 1981 5200 deni-

403 5242 509 5298 que
536 5226 610 5282 ibi
639 5227 744 5282 hoc
771 5229 940 5284 vetuit
962 5230 1052 5286 ubi
1090 5233 1155 5288 de
1183 5232 1340 5287 altari
1370 5235 1604 5290 structili
1633 5235 1977 5307 loquebatur.

400 5315 580 5373 Unum
603 5319 746 5374 enim
778 5329 922 5375 esset
945 5320 1117 5377 altare
1143 5338 1266 5377 cum
1287 5325 1481 5395 gradu,
1509 5325 1663 5395 cujus
1688 5343 1814 5397 pars
1836 5337 1982 5385 esset

400 5407 620 5477 gradus,
671 5416 727 5464 et
763 5409 885 5466 ideo
920 5412 1146 5466 vetitum
1194 5422 1297 5469 est.
1345 5414 1447 5471 Hic
1486 5432 1618 5472 vero
1657 5419 1749 5473 ubi
1787 5419 1980 5476 altaris

400 5506 551 5553 tanta
583 5500 744 5557 fuerit
769 5503 1018 5571 altitudo,
1046 5513 1108 5560 ut
1150 5505 1252 5562 nisi
1282 5509 1540 5564 sacerdos
1578 5525 1740 5580 super
1775 5511 1978 5581 aliquid

398 5597 569 5646 staret
617 5603 740 5662 apte
777 5596 1091 5655 ministrare
1147 5615 1252 5655 non
1309 5608 1515 5672 posset,
1567 5602 1974 5678 intelligendum

2099 1802 2225 1842 nem
2271 1786 2604 1842 doctoralem
2649 1785 2834 1840 sedem
2872 1785 3183 1855 designans,
3215 1786 3281 1840 de
3305 1802 3410 1856 qua
3435 1795 3562 1856 post
3583 1803 3666 1842 ex-

2098 1879 2424 1948 positionem
2487 1877 2799 1933 sacerdotes
2851 1877 3050 1947 quibus
3097 1878 3267 1946 figura
3326 1878 3664 1949 intelligihilis

2099 1973 2281 2027 Aaron
2307 1971 2514 2026 credita
2563 1977 2668 2035 est,
2714 1967 3071 2032 descendunt,
3124 1977 3180 2022 et
3219 1982 3316 2037 per
3366 1971 3664 2023 orationem

2099 2077 2291 2117 manus
2312 2060 2380 2114 ad
2399 2059 2598 2114 cwlum
2615 2058 2813 2113 levant.
2835 2058 3202 2112 Elevationem
3222 2058 3364 2111 enim
3390 2073 3664 2120 manuum,

2099 2152 2403 2208 orationem
2440 2150 2604 2204 etiam
2643 2149 2840 2202 Paulus
2871 2148 3150 2202 intellexit.
3178 2149 3319 2204 Dicit
3351 2159 3537 2204 autem
3565 2151 3665 2204 sic:

2109 2243 2238 2298 Volo
2263 2244 2399 2298 viros
2426 2259 2579 2296 orare
2602 2242 2657 2296 in
2677 2242 2820 2296 omni
2878 2240 3013 2306 loco,
3054 2239 3278 2294 levantes
3305 2259 3464 2311 puras
3492 2257 3670 2295 manus

2102 2338 2155 2410 (Ι
2187 2337 2322 2392 Tim.
2385 2337 2468 2408 ιι).
2500 2337 2748 2392 Tendens
2775 2337 2890 2390 sive
2913 2336 3100 2391 levans
3120 2351 3253 2407 ergo
3281 2353 3498 2404 manus,
3524 2340 3671 2392 benc-

2100 2427 2237 2482 dixit
2274 2426 2395 2481 illos
2427 2443 2441 2479 :
2467 2426 2592 2496 quia
2609 2441 2706 2496 per
2731 2425 3088 2481 elevationem
3118 2442 3397 2492 manuum,
3428 2443 3534 2497 per
3556 2443 3669 2482 ora-

2101 2518 2302 2573 tionem
2370 2517 2639 2582 videlicet,
2703 2517 3016 2574 sacerdotes
3068 2518 3264 2588 popalo
3326 2519 3671 2575 benedicunt.

2101 2606 2210 2663 Sed
2254 2608 2396 2662 unde
2441 2607 2873 2662 benedictionem
2921 2617 3204 2676 praestant,
3259 2610 3561 2665 ostendunt
3592 2625 3671 2666 se-

2099 2699 2342 2770 quentia.
2371 2699 2604 2770 Ingressi
2632 2708 2806 2752 autem
2831 2698 3036 2769 Moyses
3066 2709 3111 2754 et
3150 2700 3327 2754 Aaron
3349 2700 3661 2755 tabernacu-

2099 2789 2208 2845 lum
2237 2791 2539 2854 testimonii,
2590 2797 2639 2844 et
2677 2789 2917 2860 deinceps
2951 2792 3164 2860 egressi,
3191 2791 3673 2861 benedixeruntpo-

2097 2878 2239 2949 pulo.
2283 2878 2644 2945 Quamobrem
2697 2877 2847 2946 prius
2887 2878 2942 2932 in
2999 2879 3344 2936 tabernaculo
3380 2881 3675 2937 testimonii

2099 2971 2492 3037 ingrediuntur,
2526 2978 2580 3025 et
2601 2979 2786 3040 postea
2812 2971 3238 3026 benedictionem
3261 2981 3550 3042 praestant,
3576 2972 3673 3027 nisi

2099 3067 2294 3114 utnon
2329 3059 2638 3130 ignoremus
2664 3062 2791 3131 quia
2826 3062 2890 3117 de
2932 3061 3253 3132 intelligibili
3302 3062 3673 3128 tabernaculo,

2097 3149 2350 3204 videlicet
2377 3149 2444 3204 de
2475 3149 2613 3204 coelo
2636 3151 3068 3207 benedictionem
3096 3150 3382 3221 proferunt
3421 3152 3678 3207 sacerdo-

2097 3250 2200 3308 tes,
2257 3242 2499 3297 diecntes
2547 3242 2687 3297 sicut
2726 3251 2782 3296 et
2833 3242 3032 3297 Paulus
3063 3260 3077 3296 :
3109 3242 3422 3297 Benedictus
3452 3242 3602 3297 Deus
3627 3249 3674 3295 et

2097 3332 2260 3386 Pater
2283 3331 2498 3386 Domini
2536 3332 2702 3386 nostri
2748 3331 2878 3386 Jesu
2929 3331 3145 3397 Christi,
3177 3332 3266 3402 qui
3292 3332 3557 3386 benedixit
3579 3349 3669 3386 nos

2095 3424 2151 3478 in
2190 3425 2332 3478 omni
2371 3423 2724 3478 benedictione
2764 3423 2991 3494 spiritali
3019 3425 3078 3478 in
3122 3423 3407 3478 caelestibus
3428 3425 3488 3478 in
3532 3424 3677 3479 Chri-

2094 3523 2175 3569 sto
2224 3513 2440 3587 (Ephes.
2482 3514 2548 3585 ι).
2576 3513 2692 3570 Hoc
2720 3515 2866 3570 enim
2903 3515 3059 3570 nobis
3087 3523 3140 3570 et
3174 3518 3290 3586 ipse
3323 3516 3552 3572 tradens
3579 3517 3674 3570 Do-

2096 3607 2295 3671 minus,
2319 3606 2558 3676 quinque
2581 3621 2771 3676 panes,
2795 3617 2850 3660 et
2871 3622 3063 3662 rursus
3087 3616 3293 3678 septem
3322 3606 3675 3672 benedicens,

2095 3697 2164 3751 ad
2199 3696 2397 3752 caelum
2429 3696 2772 3765 respiciebat.
2821 3696 2930 3751 Cur
2950 3703 3131 3751 autem
3155 3710 3262 3750 non
3293 3693 3440 3749 solus
3472 3697 3674 3759 Aaron,

2096 3786 2191 3841 sed
2217 3797 2273 3842 et
2302 3786 2512 3856 Moyses
2541 3800 2868 3856 synagogam
2895 3801 2989 3840 seu
3016 3783 3272 3855 papulum
3301 3782 3672 3839 benedicunt?

2096 3876 2200 3929 nisi
2226 3882 2288 3928 ut
2317 3875 2590 3929 discamus
2619 3874 2746 3944 quia
2778 3888 2886 3928 non
2929 3873 3150 3944 propria
3197 3873 3392 3926 virtute
3422 3871 3676 3928 sacerdo-

2098 3973 2180 4019 tes
2209 3965 2662 4030 benedictionem,
2689 3964 2784 4019 sed
2824 3965 2948 4034 quia
2987 3965 3216 4036 figuram
3241 3963 3419 4020 ferunt
3442 3964 3670 4028 Christi,

2093 4063 2321 4126 possunt
2364 4064 2584 4126 propter
2620 4070 2744 4112 eum
2784 4058 2874 4127 qui
2915 4059 2968 4112 in
3003 4058 3136 4128 ipsis
3164 4066 3250 4112 est
3282 4064 3549 4127 praestare
3578 4057 3667 4110 be-

2097 4145 2418 4200 nedictionis
2462 4145 2885 4216 plenitudinem;
2939 4148 3083 4203 unde
3127 4156 3183 4202 et
3221 4147 3433 4218 Moyses
3487 4153 3672 4215 utpote

2095 4236 2180 4291 cui
2233 4236 2410 4307 imago
2447 4244 2532 4291 est
2577 4235 2792 4292 Domini
2836 4237 3066 4302 credita,
3117 4237 3186 4292 ad
3242 4235 3672 4291 benedicendum

2098 4333 2244 4380 recte
2267 4326 2761 4396 comprehenditur,
2793 4326 2886 4381 sed
2915 4334 2970 4382 et
2999 4326 3127 4381 illud
3153 4341 3252 4396 per
3280 4342 3344 4382 ea
3379 4341 3503 4395 quae
3529 4325 3672 4379 dicta

2092 4429 2239 4487 sunt,
2272 4422 2358 4476 lex
2382 4420 2672 4493 significat,
2715 4421 2839 4491 quia
2867 4437 2973 4476 non
3005 4421 3187 4477 solum
3211 4421 3256 4476 is
3299 4423 3389 4491 qui
3417 4419 3674 4475 sacerdo-

2089 4511 2225 4565 tium
2254 4511 2477 4566 sortitus
2511 4519 2617 4577 est,
2645 4511 2740 4568 sed
2771 4517 2827 4565 et
2860 4510 3035 4566 omnis
3059 4509 3240 4578 justus
3272 4509 3551 4566 Christum
3580 4509 3674 4562 ha-

2087 4599 2222 4655 bens
2265 4601 2320 4655 in
2373 4597 2662 4671 semetipso
2696 4607 2751 4654 et
2793 4599 3019 4670 figuram
3051 4601 3262 4655 Domini
3294 4600 3399 4663 sui,
3447 4614 3548 4670 per
3571 4599 3675 4654 bo-

2091 4705 2216 4744 nam
2270 4691 2762 4757 conversationem,
2804 4691 3259 4760 quemadmodum
3306 4689 3516 4760 Moyses
3552 4688 3672 4745 exi.

2093 4790 2260 4846 stens,
2293 4781 2518 4837 idoneus
2540 4790 2625 4837 est
2649 4783 2716 4837 ad
2751 4783 3057 4838 donandum
3091 4782 3546 4838 benedictionem.

2692 4894 2919 4950 CAPUT
2950 4893 3086 4948 XIII.

2087 4983 2313 5054 Apparet
2350 4983 2518 5054 gloria
2549 4983 2759 5038 Domini
2785 4984 3128 5046 multitudini,
3176 4993 3225 5038 et
3250 4983 3384 5054 ignis
3426 4999 3672 5054 egressus

2399 5072 2433 5107 a
2460 5053 2685 5109 Domino
2713 5055 2935 5109 absumit
2958 5053 3341 5109 holocaustum.

2157 5144 2337 5218 (1310.)
2381 5145 2638 5214 Apparuit
2671 5145 2842 5216 gloria
2878 5146 3087 5200 Domini
3131 5147 3274 5200 omni
3313 5144 3671 5210 multitudini,

2084 5244 2133 5289 et
2155 5250 2268 5288 ecce
2290 5234 2445 5305 ignis,
2475 5251 2710 5304 egressus
2739 5253 2770 5289 a
2804 5235 3063 5302 Domino,
3112 5235 3375 5290 devoravit
3413 5235 3677 5288 holocau-

2082 5335 2221 5380 stum
2250 5335 2298 5381 et
2323 5326 2527 5397 adipem
2549 5328 2639 5398 qui
2666 5336 2780 5382 erat
2800 5344 2958 5396 super
2979 5326 3165 5381 altare.
3191 5325 3300 5398 (Ea:
3319 5323 3668 5396 Augustino.)

2083 5417 2261 5486 Quaeri
2286 5427 2464 5489 potest
2481 5427 2664 5473 utrum
2687 5427 2821 5473 nutu
2841 5427 2897 5472 et
2918 5419 3192 5473 voluntate
3212 5417 3425 5472 Domini
3453 5414 3675 5470 factum

2080 5511 2173 5576 sit,
2205 5527 2272 5564 an
2309 5511 2379 5564 ab
2405 5524 2470 5564 eo
2497 5509 2614 5564 loco
2660 5509 2799 5580 ignis
2840 5508 3036 5564 exierit
3061 5507 3152 5562 ubi
3206 5514 3328 5562 erat
3353 5520 3478 5561 arca
3496 5501 3674 5557 testi-

2079 5600 2264 5656 monii.
2309 5598 2425 5654 Non
2477 5599 2622 5655 enim
2661 5599 2714 5653 in
2757 5598 2877 5655 loco
2920 5599 3101 5668 aliquo
3146 5598 3219 5652 ita
3246 5603 3331 5652 est
3373 5594 3668 5658 Dominus,
