3954 6176
269 299 375 353 3H

1196 287 1688 346 EXPOSITIONES
1726 286 1792 341 IN
1827 280 2218 340 LEVITICUM.
2258 311 2326 319 —
2360 280 2488 334 LIB.
2531 280 2591 333 ll.

3407 287 3510 341 5-ἱὲ

269 413 428 483 quasi
458 409 580 464 alibi
607 426 712 463 non
739 409 827 474 sit,
854 408 1004 474 Quod
1027 411 1418 467 cum_vidissent
1444 409 1610 462 turba:
1653 405 1841 460 lauda—
1871 405 1923 466 Α
1946 418 2210 471 synagoga
2246 399 2580 469 gloriﬁcabor
2619 413 2704 451 eos
2747 414 2762 450 :
2799 399 3228 468 appropinquare
3286 402 3512 456 Domino

270 514 454 558 verunt
495 501 801 562 Dominum,
834 509 1038 553 ruentes
1074 501 1128 552 in
1159 499 1321 568 facies
1366 516 1509 553 suas.
1536 497 1643 569 (Ex
1677 495 1844 565 Hesy-

267 594 436 663 cliio.)
477 594 644 647 Putas
669 607 734 646 ne
761 590 995 660 aliquam
1022 592 1518 662 interpretationem
1556 589 1841 660 praesentia

267 688 436 741 verba
466 681 786 754 legislatoris
811 696 947 750 opus
976 682 1212 736 habent?
1241 681 1376 750 Ipsis
1400 694 1632 750 namque
1663 678 1844 734 verbis

267 774 600 830 concordant
661 771 747 825 his
787 786 911 839 qua:
963 778 1088 825 sunt
1127 771 1195 826 de
1239 769 1470 824 adventu
1517 767 1748 838 Spiritus
1787 767 1841 820 in

267 864 580 938 apostolicis
615 862 838 917 Actibus
879 861 1098 931 scripta.
1146 860 1400 930 Apparuit
1441 860 1599 923 enim,
1644 857 1836 925 inquit,

266 958 443 1028 gloria
494 953 704 1008 Domini
756 952 896 1004 omni
942 949 1286 1004 multitudini.
1338 946 1654 1015 Quomodo?
1699 945 1841 1000 dicat

270 1049 499 1103 forsitan
525 1044 815 1114 quispiam.
849 1042 1047 1110 Utique
1073 1041 1214 1105 talis,
1246 1039 1458 1110 qualem
1478 1036 1729 1091 Ezechiel
1749 1052 1841 1090 su-

266 1155 368 1209 per
416 1136 676 1192 cherubin
742 1135 915 1188 visam
969 1132 1273 1200 descripsit,
1326 1138 1418 1184 aut
1466 1128 1680 1199 qualem
1737 1127 1837 1180 Mi-

263 1232 469 1292 chaeas,
509 1227 592 1281 vel
621 1226 788 1281 Isaias
827 1243 840 1278 :
871 1239 1099 1293 quorum
1146 1237 1286 1276 unus
1323 1221 1538 1290 quidem
1585 1218 1839 1287 seraphin

265 1323 324 1378 in
359 1321 608 1381 circuitu,
636 1317 772 1372 alter
799 1315 1075 1372 caelestem
1102 1313 1401 1368 exercitum
1429 1310 1582 1364 vidit.
1612 1307 1719 1363 Sed
1741 1322 1840 1361 ne-

266 1425 562 1483 quaquam.
604 1409 722 1463 Fuit
752 1422 858 1462 una
895 1406 1109 1476 quidem
1139 1420 1259 1473 qua:
1279 1403 1531 1458 omnibus
1561 1409 1616 1456 et
1643 1401 1842 1469 ubique

267 1499 603 1569 spiritalibus
630 1497 880 1566 apparuit
910 1496 1103 1565 gloria,
1132 1495 1226 1550 sed
1264 1493 1571 1549 diﬁ'erentes
1607 1491 1843 1546 visiones

264 1603 331 1646 ut
391 1598 513 1662 pote
563 1586 1116 1658 incomprehensibilis
1159 1585 1437 1656 przebebat
1505 1580 1836 1636 videntibus.

266 1684 518 1738 Praesens
569 1689 748 1735 tamen
793 1679 982 1734 similis
1030 1678 1104 1731 illi
1144 1684 1286 1741 erat,
1329 1675 1454 1744 quia
1498 1670 1842 1742 intelligibilis

1943 492 2128 546 volens
2165 489 2407 560 intelligi,
2451 489 2541 558 qui
2589 488 2642 542 in
2677 490 3024 544 tabernaculo
3054 492 3360 546 sacerdotio
3391 491 3508 546 fui:-

1942 583 2224 653 gebantur.
2265 581 2604 635 Sanctiﬁcari
2631 588 2809 634 autem
2837 581 2889 634 in
2919 582 2998 636 eis
3023 583 3189 636 etiam
3215 583 3499 640 vindican-

1941 673 2010 726 do
2038 673 2176 726 sicut
2205 670 2402 725 factum
2431 678 2532 734 est,
2593 678 2775 724 utrum
2807 678 2866 724 ut
2908 671 3038 726 hinc
3065 673 3300 728 sciretur
3343 691 3506 744 quam

1941 763 2118 817 minus
2140 762 2260 816 aliis
2292 769 2501 830 parcat,
2535 763 2579 816 si
2603 762 2707 817 illis
2736 778 2841 816 non
2867 765 3060 832 parcit.
3095 764 3214 832 Quo
3244 782 3404 821 sensu
3429 769 3505 821 di-

1940 861 2088 908 ctum
2112 860 2196 907 est
2227 871 2240 906 :
2271 852 2332 907 Si
2353 854 2532 922 justus
2573 854 2658 907 vix
2690 853 2865 908 salvus
2894 857 3016 919 erit,
3057 866 3297 926 peccator
3339 870 3383 912 et
3414 861 3508 912 im-

1939 942 2054 1012 pius
2078 941 2162 995 ubi
2189 942 2482 1010 parebunt?
2517 941 2567 1013 (I
2592 941 2735 996 Petr.
2763 944 2859 1015 IV.)
2889 943 2969 998 An
2998 947 3176 1015 potius
3218 951 3508 1004 secundum

1942 1033 2070 1087 illud
2103 1050 2116 1085 :
2152 1031 2250 1086 Cui
2285 1033 2400 1102 plus
2443 1033 2689 1099 donatur,
2734 1035 2852 1105 plus
2892 1035 2956 1088 ab
2987 1053 3045 1090 eo
3085 1042 3312 1108 exigitur
3359 1041 3509 1112 (Luc.

1941 1121 2077 1191 xv)?
2123 1121 2191 1174 Et
2237 1121 2364 1175 illud
2396 1136 2409 1174 :
2438 1120 2625 1176 Servus
2662 1124 2750 1194 qui
2795 1141 2896 1178 non
2927 1129 3161 1196 cognovit
3200 1128 3512 1182 voluntatem

1941 1213 2138 1266 domini
2176 1213 2277 1278 sui,
2316 1224 2363 1268 et
2393 1213 2519 1282 facit
2557 1215 2713 1284 digna
2771 1216 2963 1287 plagis,
2984 1219 3243 1288 vapulavit
3293 1223 3511 1290 paucis;

1941 1319 2117 1357 servus
2155 1313 2327 1358 autem
2357 1305 2446 1363 aui
2468 1307 2700 1374 cognovit
2739 1307 3056 1362 voluntatem
3089 1310 3287 1364 domini
3326 1313 3427 1375 sui,
3463 1322 3508 1364 et

1943 1395 2067 1462 facit
2111 1394 2268 1464 digna
2321 1393 2796 1465 plagis,vapulavit
2844 1398 3020 1453 multis
3043 1399 3194 1472 (Luc.
3239 1401 3358 1470 xu).
3423 1402 3512 1456 Ex

1944 1483 2248 1556 Hesychia.)
2278 1485 2378 1540 Hic
2414 1502 2508 1542 eos
2530 1488 2621 1557 qui
2661 1488 2834 1544 aliena
2870 1491 3081 1555 docent,
3124 1494 3214 1561 qui
3245 1494 3294 1546 in
3334 1493 3506 1563 ipsum

1945 1574 2205 1645 Spiritum
2233 1575 2329 1630 Dei
2377 1576 2773 1646 blasphemant,
2817 1580 2942 1648 quia
2992 1582 3309 1651 inspiratam
3340 1583 3409 1637 ab
3445 1599 3513 1640 eo

1946 1663 2301 1732 Scripturam,
2345 1664 2412 1720 de
2440 1681 2545 1737 qua
2591 1667 2665 1720 ait
2691 1667 2886 1724 Paulus
2912 1687 2924 1722 :
2953 1668 3135 1724 Omnis
3183 1671 3460 1742 Scriptura
3481 1691 3516 1728 a

270 1790 525 1844 egressus
564 1781 649 1828 est
690 1773 829 1844 ignis
869 1788 899 1826 a
930 1771 1158 1826 Domino
1197 1769 1284 1824 die
1307 1743 1675 1830 pentecostes,
1717 1780 1841 1835 pro-
1877 1743 1924 1802 Β
1952 1753 2061 1807 Deo
2089 1754 2345 1824 inspirata
2367 1756 2512 1810 utilis
2531 1767 2606 1810 est
2635 1756 2719 1828 (II
2746 1757 2878 1813 Tim.
2905 1759 3014 1832 ιιι),
3055 1761 3215 1816 aliter
3248 1763 3516 1833 interpre-

266 1874 399 1934 pter
428 1863 568 1931 quod
605 1861 683 1917 ait
712 1879 724 1914 :
753 1861 1008 1931 Apparuit
1051 1857 1221 1929 gloria
1249 1857 1480 1921 Domini,
1533 1865 1580 1910 et
1607 1871 1842 1925 egressus

267 1961 353 2006 est
396 1953 529 2021 ignis
567 1969 600 2005 a
643 1951 888 2004 Domino.
922 1949 1062 2018 Ergo
1084 1949 1139 2002 in
1175 1948 1356 2018 specie
1395 1947 1537 2018 ignis
1564 1945 1836 2017 apparuit,

271 2041 727 2111 quemadmodum
756 2048 812 2094 et
859 2039 1034 2094 Lucas
1061 2039 1284 2108 exponit
1314 2057 1326 2092 :
1356 2038 1423 2090 Et
1452 2037 1624 2106 factus
1674 2046 1749 2091 est
1777 2037 1843 2090 de

267 2127 405 2180 caelo
426 2145 582 2181 sonus
609 2128 824 2197 spiritus
850 2127 1176 2191 vehementis,
1218 2136 1266 2181 et
1310 2128 1535 2197 implevit
1567 2137 1729 2180 totam
1750 2127 1846 2180 do-

267 2235 419 2271 mum
467 2218 520 2271 in
561 2234 663 2288 qua
705 2226 852 2270 erant
896 2217 1151 2280 sedentes,
1195 2227 1244 2270 et
1285 2218 1409 2270 visre
1450 2224 1571 2270 sunt
1613 2216 1718 2269 illis
1768 2216 1846 2269 di-

265 2311 398 2364 visis
440 2308 632 2378 linguis
665 2309 796 2362 sicut
819 2308 954 2378 ignis
977 2307 1113 2379 (Act.
1149 2308 1231 2380 ιι).
1264 2308 1450 2378 Populi
1473 2309 1635 2362 etiam
1663 2308 1846 2363 omnis

266 2398 554 2468 legislator
603 2398 919 2452 memoriam
945 2398 1090 2451 facit.
1119 2399 1272 2465 Quod
1303 2409 1357 2453 et
1385 2398 1558 2452 Lucas
1585 2399 1691 2452 hoc
1731 2413 1847 2453 mo-

267 2491 347 2542 do
375 2488 593 2556 exponit
622 2505 636 2541 :
668 2487 738 2540 Et
785 2497 934 2541 erant
957 2489 1012 2542 in
1056 2487 1389 2542 Hierusalem
1413 2489 1705 2542 habitantes
1745 2487 1846 2542 Ju-

267 2579 380 2632 diri
408 2578 501 2631 viri
544 2576 772 2646 religiosi
800 2577 864 2629 de
902 2579 1141 2630 omnibus
1179 2577 1413 2647 gentibus
1448 2593 1564 2648 qua:
1597 2576 1691 2630 sub
1721 2577 1846 2630 calo

267 2677 418 2721 sunt.
472 2665 640 2719 Facta
675 2675 850 2719 autem
891 2667 988 2720 hac
1028 2683 1166 2732 voce,
1212 2667 1444 2720 convenit
1484 2665 1763 2720 multitudo
1798 2675 1848 2718 et

271 2769 452 2811 mente
478 2758 698 2826 confusa
747 2767 841 2810 est.
891 2757 1026 2824 Quia
1063 2759 1207 2813 enim
1239 2773 1344 2812 non
1373 2757 1546 2812 solum
1570 2757 1845 2822 convenit,

270 2849 374 2905 sed
399 2847 652 2918 expavit;
684 2856 739 2902 et
763 2848 877 2918 ipse
902 2849 1005 2903 hoc
1031 2849 1366 2903 demonstrat
1393 2848 1578 2902 dicens
1610 2861 1625 2900 :
1654 2845 1849 2900 Obstu—

267 2940 548 3010 pescebant
584 2940 720 2992 enim
759 2949 807 2993 et
849 2939 1290 3005 admirabantur;
1344 2939 1438 2994 sed
1480 2946 1536 2993 et
1574 2953 1735 3007 super
1761 2937 1844 2992 fa-

269 3029 420 3083 ciem
459 3028 784 3092 ceciderunt,
831 3035 886 3082 et
911 3029 955 3082 si
983 3043 1089 3082 non
1118 3028 1221 3083 hoc
1265 3029 1610 3094 sensibiliter,
1663 3036 1842 3082 tamen

274 3119 693 3189 intelligibiliter
742 3118 1096 3188 pertulerunt.
1150 3117 1266 3173 Non
1295 3119 1438 3172 enim
1480 3117 1851 3187 intelligebant

276 3207 429 3276 quod
457 3207 658 3262 factum
688 3217 825 3262 erat.
865 3207 1016 3261 Alter
1043 3215 1223 3262 autem
1250 3208 1315 3262 ad
1343 3207 1570 3261 alterum
1595 3208 1806 3262 dicebat
1837 3222 1852 3261 :

278 3297 465 3351 Μαιειο
489 3295 627 3365 pleni
665 3306 785 3350 sunt
811 3298 866 3351 lii
895 3314 914 3352 :
961 3300 1102 3368 quod
1124 3300 1400 3369 proprium
1426 3308 1543 3354 erat
1571 3301 1623 3353 in
1656 3309 1857 3353 terram

278 3393 479 3449 faciem
499 3396 694 3450 montis
724 3397 1200 3465 prosternentium.
1226 3397 1364 3463 Quid
1395 3406 1575 3451 autem
1603 3412 1858 3468 egressus

283 3487 434 3556 ignis
460 3485 622 3540 fecit?
649 3486 926 3541 Devoravi!
955 3490 1131 3543 omnia
1161 3506 1276 3561 qua:
1317 3500 1465 3544 erant
1507 3508 1664 3561 super
1693 3491 1858 3545 altare

282 3576 764 3643 holocaustomata,
803 3589 852 3632 et
893 3579 1069 3649 adipes
1108 3597 1225 3650 qua:
1265 3598 1330 3635 ea:
1371 3582 1624 3652 paciﬁcis,
1672 3592 1719 3636 et
1764 3600 1858 3653 pro

284 3677 498 3740 peccato
540 3669 734 3737 oblata,
771 3670 930 3724 altari
972 3674 1299 3744 superposita
1329 3682 1508 3729 erant.
1550 3673 1742 3728 Tradit
1771 3689 1859 3728 er-

285 3777 356 3832 go
391 3763 549 3818 nobis
568 3776 764 3828 sermo,
797 3765 920 3832 quia
947 3780 1171 3820 necesse
1201 3767 1273 3821 sit
1293 3767 1547 3835 praedicta
1581 3765 1852 3820 sacriﬁcia

284 3861 346 3908 et
371 3867 558 3908 eorum
585 3855 949 3924 expositiones
977 3871 1342 3925 superponere
1366 3855 1690 3926 intelligibili
1722 3857 1857 3911 alta-

288 3947 335 4001 ri
358 3947 600 4016 corporis
631 3945 856 4011 Christi,
881 3953 942 3999 ut
970 3945 1036 4000 ad
1065 3944 1194 3999 illud
1220 3945 1438 4000 festinet
1465 3953 1651 4000 nostra
1681 3947 1861 4000 imita-

290 4038 386 4101 tio,
441 4046 495 4091 ct
531 4045 657 4091 tunc
700 4037 1028 4091 nutrimenta
1080 4035 1429 4106 intelligibilis
1459 4036 1614 4106 ignis,
1669 4037 1724 4092 id
1755 4046 1860 4100 est,

286 4128 508 4197 spiritus
539 4125 692 4190 ﬁunt,
725 4127 790 4180 de
817 4141 924 4195 quo
950 4125 1150 4180 dictum
1179 4125 1568 4180 estzDominus
1599 4125 1736 4180 Deus
1771 4143 1864 4182 no-

286 4224 392 4268 ster
411 4214 550 4285 ignis
582 4231 889 4268 consumens
911 4223 984 4267 cst
1013 4213 1191 4284 (Deut.
1230 4213 1326 4284 ιν).
1353 4212 1504 4269 Unde
1530 4223 1584 4268 et
1600 4232 1742 4271 nunc
1766 4230 1864 4285 pro

289 4307 550 4360 devorare
574 4303 930 4376 Symmachus
955 4319 1276 4358 consumere
1298 4303 1486 4358 edidit.

852 4413 1076 4470 CAPUT
1115 4413 1254 4470 XIV.

290 4503 366 4559 De
390 4504 581 4558 Nadab
606 4512 654 4558 et
676 4504 809 4558 Abiu
829 4504 997 4584 ignem
1023 4502 1254 4626 Elienum
1276 4504 1612 4573 o/ferenfibus
1646 4517 1694 4561 et
1723 4508 1860 4560 occi-

872 4591 943 4626 sis
967 4591 999 4626 a
1075 4590 1266 4626 omina.

872 4591 943 4627 818
967 4591 999 4626 a
1023 4590 1266 4627 Domino.

362 4663 514 4731 (Car.
552 4661 632 4732 χ.)
671 4663 1000 4732 Arreptisque
1051 4661 1244 4716 Nadab
1280 4672 1328 4716 et
1358 4662 1494 4716 Abiu
1544 4664 1643 4732 ﬁlii
1683 4665 1862 4721 Aaron

293 4751 600 4816 tlmribulis,
621 4762 900 4821 posuerunt
922 4753 1091 4821 ignem
1117 4760 1164 4805 et
1192 4752 1458 4806 incensum
1483 4753 1705 4823 desuper
1735 4757 1862 4825 olfe-

294 4828 462 4897 rentes
497 4857 674 4895 coram
712 4841 960 4906 Domino,
991 4841 1164 4910 ignem
1205 4840 1442 4895 alienum.
1456 4843 1596 4913 quod
1624 4843 1696 4896 eis
1726 4860 1862 4912 pra:-

294 4943 498 5001 ceptum
521 4946 622 4984 non
665 4939 799 4982 erat.
835 4928 942 5000 (Ea:
967 4929 1306 5001 Augustino.)
1335 4929 1624 5001 Postquam
1664 4947 1867 4986 exeun-

298 5031 350 5075 te
378 5019 807 5090 igneaDomino
852 5019 1055 5073 incensi
1098 5020 1297 5074 mortui
1342 5030 1469 5074 sunt
1507 5021 1602 5074 lilii
1650 5021 1862 5088 Aaron,

299 5112 392 5183 qui
416 5095 536 5164 ausi
560 5119 688 5165 sunt
719 5109 773 5162 in
799 5109 1000 5165 batillis
1021 5109 1134 5164 suis
1159 5110 1400 5164 adhibito
1429 5109 1552 5181 igne
1581 5111 1756 5166 alieno
1786 5112 1869 5165 in-

299 5218 522 5259 censum
569 5203 847 5272 imponere
891 5201 1141 5267 Domino,
1189 5202 1333 5271 quod
1364 5202 1486 5257 ideo
1515 5217 1620 5257 non
1647 5202 1863 5269 licebat,

298 5295 425 5364 quia
449 5309 517 5348 ex
538 5292 628 5346 illo
649 5292 770 5361 igne
791 5292 880 5361 qui
904 5291 1158 5347 divinitus
1182 5291 1236 5346 in
1259 5291 1428 5347 altare
1451 5300 1693 5358 venerat,
1721 5292 1872 5348 dein-

300 5399 428 5454 ceps
452 5383 722 5438 custodito
749 5383 932 5437 omnia
956 5391 1114 5438 erant
1155 5383 1496 5438 accendenda
1542 5398 1662 5452 qua:
1690 5383 1746 5436 in
1791 5391 1872 5437 ta-

304 5475 596 5530 bernaculo
621 5475 845 5530 accendi
891 5475 1195 5544 oportebat.
1249 5473 1472 5529 Mortuis
1503 5488 1634 5545 ergo
1666 5474 1774 5530 illis
1797 5475 1876 5529 ait

306 5565 516 5636 Moyses
545 5580 560 5619 :
593 5563 708 5619 Iloc
735 5574 811 5620 est
841 5565 979 5636 quod
1003 5565 1133 5620 dixit
1156 5565 1409 5620 Dominus
1439 5567 1614 5622 dicens
1639 5584 1657 5623 :
1691 5568 1756 5622 In
1802 5570 1876 5624 eis

306 5658 393 5731 qui
452 5657 582 5710 milii
623 5657 1037 5729 appropinquant
1095 5657 1482 5726 sanctificabor,
1540 5671 1586 5714 et
1631 5661 1682 5714 in
1738 5661 1876 5716 omni

1946 1855 2150 1914 tantur,
2199 1850 2505 1905 necessarie
2557 1852 2624 1908 ab
2650 1852 2970 1925 intelligibili
2998 1855 3118 1926 igne
3150 1856 3327 1925 puniri
3350 1873 3516 1927 expo-

1945 1941 2070 2004 suit,
2101 1941 2192 2010 qui
2224 1941 2319 1997 ﬁlii
2347 1942 2528 1998 Aaron
2565 1953 2624 1997 ut
2661 1944 2943 2000 doctorum
2975 1945 3237 2002 habentes
3267 1949 3509 2002 habitum

1945 2038 2000 2084 et
2025 2029 2288 2099 spiritalia
2316 2031 2498 2086 dicere
2528 2031 2790 2102 ﬁngentes
2834 2035 3088 2090 dicuntur
3117 2055 3128 2089 :
3164 2039 3306 2092 unde
3331 2047 3385 2093 et
3414 2039 3517 2092 lin-

1946 2134 2064 2190 gua:
2097 2133 2283 2174 eorum
2317 2120 2456 2192 ignis
2493 2123 2772 2192 appellatae
2804 2133 2946 2178 sunt.
2977 2125 3294 2183 Audivimus
3321 2131 3518 2200 quippe

1947 2210 2073 2279 quia
2117 2211 2171 2265 in
2201 2212 2380 2281 specie
2431 2213 2712 2284 ignearum
2740 2215 3047 2284 linguarum
3087 2217 3322 2287 Spiritus
3350 2221 3513 2274 adve—

1947 2301 2027 2355 nit
2067 2319 2080 2354 :
2116 2301 2410 2372 thymiama
2432 2310 2612 2357 autem
2653 2305 2941 2361 thuribulis
2964 2306 3045 2361 vel
3071 2307 3282 2377 ignibus
3308 2309 3517 2379 lingua-

1945 2406 2065 2444 rum
2095 2391 2539 2462 superimponunt
2562 2394 2751 2464 legalia
2797 2405 2851 2449 ct
2879 2395 3272 2466 Prophetarum
3297 2399 3519 2472 dogma-

1949 2490 2019 2545 ta,
2079 2483 2144 2536 de
2177 2483 2371 2552 quibus
2397 2483 2637 2538 Ecclesia
2665 2483 2881 2539 Christo
2912 2485 2966 2539 in
2994 2486 3238 2543 Canticis
3263 2486 3519 2544 Cantico-

1947 2587 2066 2626 rum
2090 2573 2300 2628 dicebat
2330 2593 2343 2627 :
2377 2572 2524 2628 Odor
2539 2585 2917 2644 unguentorum
2938 2594 3094 2646 super
3115 2579 3290 2632 omnia
3313 2597 3519 2634 aroma-

1947 2669 2002 2713 ta
2049 2658 2224 2731 (Cant.
2254 2662 2362 2734 IV);
2414 2665 2510 2718 sed
2559 2664 2736 2735 ignem
2767 2665 3003 2720 alienum
3034 2666 3286 2723 oll‘erunt.
3335 2670 3520 2740 Neque

1949 2752 2092 2806 enim
2127 2755 2422 2809 secundum
2471 2756 2826 2811 intentionem
2868 2765 2962 2812 aut
2986 2759 3245 2814 virtutem
3284 2761 3520 2832 Spiritus

1950 2843 2396 2914 interpretantur.
2449 2846 2544 2901 llis
2573 2849 2848 2917 egreditur
2884 2848 3022 2919 ignis
3053 2865 3084 2904 a
3126 2850 3378 2916 Domino,
3410 2866 3520 2905 non

1950 2932 2194 2990 absolute
2218 2935 2391 3004 qualis
2423 2936 2594 3006 prius,
2643 2953 2742 3006 per
2780 2938 2927 2992 illum
2971 2940 3115 2994 enim
3149 2941 3414 2995 sacriﬁcia
3445 2943 3524 2995 in-

1955 3024 2135 3079 cendit
2171 3025 2448 3090 Dominus,
2488 3035 2542 3080 et
2561 3026 2731 3096 gloria
2779 3027 2991 3082 Domini
3033 3030 3209 3085 dictus
3264 3039 3366 3085 est.
3424 3031 3522 3086 llic

1957 3123 2135 3168 autem
2165 3114 2304 3185 ignis
2328 3115 2556 3184 pmnalis
2595 3125 2696 3172 est.
2753 3117 3053 3188 Utrumque
3090 3121 3236 3175 enim
3277 3121 3521 3177 Ecclesia

1955 3207 2156 3272 habet;
2208 3207 2354 3261 hunc
2397 3209 2612 3278 quidem
2656 3210 2722 3264 ad
2771 3210 3216 3268 illuminationem
3253 3213 3523 3284 iustorum

1955 3303 2011 3349 et
2033 3295 2335 3349 oblatarum
2373 3296 2784 3367 perfectionem,
2818 3298 2965 3352 illum
2999 3307 3176 3354 autem
3214 3301 3281 3355 ad
3312 3315 3536 3370 pinnam

1957 3384 2266 3454 impiorum,
2314 3401 2472 3456 quem
2522 3387 2608 3442 his
2663 3389 2755 3458 qui
2804 3389 3185 3459 blasphemant
3218 3392 3531 3447 sacerdotes

1958 3476 2220 3533 inducunt
2267 3493 2336 3533 ex
2378 3479 2881 3535 subministratione
2928 3479 3162 3549 Spiritus
3213 3484 3303 3551 qui
3351 3482 3406 3536 in
3446 3484 3531 3540 eis

1960 3568 2251 3636 requiescit
2282 3585 2405 3624 eum
2425 3571 2832 3625 succendentes.
2875 3571 3103 3640 Propter
3135 3575 3278 3641 quod
3306 3583 3361 3627 et
3386 3574 3531 3628 Pau-

1958 3658 2041 3712 lus
2090 3657 2438 3728 Hymenzeum
2463 3667 2516 3712 et
2539 3660 2904 3715 Alexandrum
2939 3663 3146 3716 ut'alia
3179 3664 3387 3718 scilicet
3429 3665 3530 3720 doo-

1961 3754 2144 3800 centes
2178 3747 2330 3816 punit
2359 3766 2372 3800 :
2409 3747 2464 3801 hi
2498 3762 2681 3803 coram
2711 3749 2939 3804 Domino
2969 3753 3274 3805 moriuntur
3309 3753 3526 3808 vidente

1963 3840 2100 3910 ipso,
2127 3847 2182 3893 et
2215 3839 2269 3891 in
2299 3839 2400 3894 hac
2421 3855 2515 3894 eos
2540 3847 2714 3895 morte
2744 3840 3157 3906 condemnante,
3179 3857 3245 3896 ne
3277 3841 3534 3896 imitatio-

1962 3944 2030 3984 ne
2055 3929 2139 3984 sui
2165 3930 2286 3985 aliis
2313 3945 2533 3984 causam
2560 3931 2832 4001 praebeant
2857 3932 3068 3986 mortis.
3119 3933 3174 3986 ln
3215 3950 3324 4004 quo
3351 3943 3406 3989 ct
3447 3936 3532 3989 ni-

1963 4019 2066 4074 mis
2093 4019 2391 4074 admiratur
2425 4020 2699 4090 legislator
2725 4038 2822 4077 cur
2854 4037 2920 4077 ex
2959 4037 3023 4078 eo
3053 4025 3196 4092 quod
3229 4025 3541 4078 debuerant.

1963 4112 2074 4165 vita
2111 4111 2239 4177 frui,
2267 4111 2320 4166 id
2355 4120 2459 4176 est,
2487 4127 2668 4166 coram
2707 4113 2956 4180 Domino,
2980 4115 3248 4168 sustinent
3278 4124 3545 4178 mortem,

1964 4218 2124 4272 quam
2149 4202 2720 4272 maleinterpretantes
2746 4204 2954 4259 divinas
2984 4204 3294 4273 Scripturas
3323 4205 3537 4272 patiun-

1965 4301 2055 4345 tur
2084 4291 2136 4344 in
2167 4306 2228 4345 ea
2266 4306 2344 4356 re,
2399 4306 2464 4345 ex
2496 4307 2600 4360 qua
2646 4305 2739 4346 eos
2787 4293 3070 4361 oportebat
3105 4293 3535 4347 benedictionem

1967 4382 2288 4452 promereri,
2319 4380 2680 4435 mali-dictioni
2713 4397 2771 4436 se
2799 4379 3163 4449 sulijicieutes.
3200 4381 3331 4436 Vide
3361 4389 3538 4438 tamen

1968 4473 2149 4544 qualia
2185 4472 2458 4528 subdidit:
2491 4471 2736 4543 Dixitque
2784 4472 2994 4543 Moyses
3038 4473 3107 4526 ad
3159 4473 3335 4527 Aaron
3365 4490 3383 4528 :
3419 4473 3532 4529 Hoc

1964 4573 2038 4618 est
2070 4562 2208 4635 quod
2251 4560 2455 4615 locutus
2487 4570 2560 4615 est
2591 4560 2847 4615 Dominus
2891 4577 2910 4614 :
2943 4559 3330 4631 Sanctiﬁcabor
3372 4563 3425 4617 in
3459 4564 3540 4618 liis

1963 4654 2051 4724 qui
2081 4651 2497 4723 appropinquant
2521 4650 2670 4716 mihi,
2696 4661 2743 4705 et
2782 4653 2836 4705 in
2861 4663 3135 4721 conspectu
3163 4654 3331 4708 omnis
3357 4655 3538 4725 populi

1963 4743 2318 4814 gloriﬁcabor.
2346 4741 2499 4808 Quod
2520 4742 2738 4796 audiens
2761 4743 2923 4796 tacuit
2945 4744 3161 4809 Aaron;
3196 4745 3309 4799 sive
3340 4755 3401 4799 ut
3439 4747 3541 4802 Se-

1965 4836 2243 4904 ptuaginta
2261 4842 2497 4888 vertunt:
2517 4833 2582 4887 Et
2595 4844 2931 4904 compunctus
2947 4843 3018 4887 est
3035 4834 3233 4889 Aaron.
3250 4836 3318 4889 Et
3330 4837 3417 4890 ubi
3429 4853 3541 4893 om-

1974 4924 2103 4977 nino
2133 4925 2246 4978 hinc
2270 4925 2436 4978 Deum
2463 4924 2664 4979 dixisse
2686 4925 3007 4991 invenimus,
3041 4925 3260 4994 quando
3287 4927 3537 4982 videlicet

1976 5013 2140 5086 Moysi
2169 5015 2381 5069 dicebat
2415 5015 2783 5070 :Descendens
2822 5024 3112 5070 contestare
3153 5016 3422 5087 populum,
3479 5034 3541 5070 ne

1975 5104 2110 5174 forte
2137 5106 2542 5176 appropinquent
2584 5107 2652 5160 ad
2697 5107 2865 5161 Deum
2911 5118 2959 5161 et
3002 5108 3158 5162 cadat
3208 5125 3272 5163 ea:
3305 5110 3379 5164 eis
3409 5109 3547 5162 mul-

1979 5195 2146 5249 titudo
2179 5209 2197 5246 :
2227 5208 2274 5250 et
2321 5197 2611 5252 sacerdotes
2637 5200 2727 5269 qui
2749 5199 3167 5270 appropinquant
3187 5200 3413 5255 Domino
3437 5201 3543 5252 Deo

1979 5288 2386 5356 sanctiﬁcentur,
2416 5305 2478 5342 ne
2519 5289 2651 5358 forte
2674 5289 2879 5344 recedat
2913 5290 2977 5344 ab
3006 5292 3082 5345 eis
3120 5291 3389 5345 Dominus.
3423 5287 3548 5343 llaec

1979 5392 2108 5449 ergo
2148 5379 2250 5434 etsi
2275 5379 2452 5434 verbis
2486 5380 2552 5434 ab
2577 5380 2660 5434 his
2689 5395 2807 5450 qua:
2830 5381 2972 5436 dicta
3012 5390 3140 5436 sunt
3166 5379 3440 5441 diﬂ'erunl,
3468 5385 3547 5431 ta-

1979 5489 2102 5528 men
2129 5473 2478 5529 intentionem
2505 5474 2675 5545 ipsam
2708 5475 3115 5530 immutabiliter
3135 5471 3358 5525 habent.
3395 5467 3542 5522 Prae-

1981 5566 2123 5635 cepit
2148 5566 2290 5619 enim
2317 5566 2570 5635 pepulum
2594 5582 2698 5619 non
2727 5565 3103 5635 approximarc
3132 5560 3242 5612 Deo
3265 5566 3319 5612 et
3343 5573 3544 5627 cogno-

1985 5673 2154 5724 scere,
2195 5673 2299 5712 non
2330 5656 2596 5725 quomodo
2636 5656 2876 5712 invidens
2924 5654 3000 5707 cis
3044 5649 3326 5716 visionem,
3360 5650 3453 5704 sed
3494 5655 3556 5702 ut
