3954 6176
487 293 595 349 διδ

1131 290 1189 342 Β.
1232 288 1485 344 RABANI
1528 290 1748 347 MAURI
1788 292 2106 348 ARCIHEP.
2146 292 2454 351 MOGUNT.
2497 296 2781 353 OPERUM
2820 298 2999 356 PARS
3037 301 3078 355 I.

3639 309 3737 364 δη

488 402 820 477 imperfectis
850 411 904 457 et
935 401 1112 458 minus
1144 409 1311 458 tanta:
1350 403 1820 473 contemplationis
1845 404 2063 474 capaei-
2094 407 2143 464 A
2170 421 2238 461 ne
2272 422 2471 477 corpus
2504 410 2889 480 prophetarum
2920 413 3180 468 creditur.
3216 415 3521 484 Prophetia:
3546 418 3739 490 quippe

486 499 588 554 bus
643 511 895 567 parcens.
951 494 1278 551 Sacerdotes
1329 505 1513 550 autem
1572 498 2068 568 appropinquantes

485 587 819 645 sanctiﬁcari
840 585 1015 656 jubet,
1053 594 1113 640 ut
1140 586 1286 658 digni
1317 586 1385 641 ad
1418 587 1707 642 videndum
1740 598 1795 644 et
1822 597 2066 643 contem-

486 678 741 751 plandum
783 679 977 734 ﬁerent
1002 678 1335 747 Deum,quia
1367 693 1551 732 veram
1580 679 1866 734 scientiam
1895 695 1923 733 a
1951 679 2066 734 Deo

486 786 648 827 nemo
672 778 852 841 potest
876 771 992 826 sine
1017 770 1447 825 sanctiﬁcatione
1466 770 1809 840 conquirere.
1835 771 2067 840 Propter

487 862 629 929 quod
655 860 856 915 Paulus
886 878 899 914 :
934 858 1150 923 Pacem,
1188 859 1385 930 inquit,
1426 862 1703 932 sequimini
1744 879 1864 916 cum
1889 863 2064 916 omni-

489 953 581 1006 bus
594 961 642 1006 et
659 951 1078 1010 sanctimoniam.
1096 951 1208 1004 sine
1219 968 1322 1023 qua
1346 968 1495 1005 nemo
1511 951 1698 1005 videbit
1716 951 1902 1006 Deum.
1925 951 2065 1007 Con-

488 1051 735 1112 spectum
771 1039 910 1110 ejus,
956 1041 1240 1097 scientiam
1290 1039 1405 1110 ejus
1443 1042 1653 1106 dicens,
1699 1042 1755 1097 id
1787 1051 1891 1107 est,
1945 1043 2063 1112 ejus

485 1131 1026 1203 contemplationem;
1055 1132 1199 1187 unde
1233 1132 1544 1187 sacerdotes
1572 1132 1898 1187 sanetiﬁcari
1925 1148 2063 1203 pra:-

492 1225 719 1294 eipiens,
750 1224 872 1279 vide
903 1225 1172 1294 quomodo
1208 1223 1448 1278 minatur
1474 1224 1529 1277 in
1566 1223 2058 1292 subsequentibus:

485 1313 571 1368 Ne
592 1314 726 1384 forte
766 1314 973 1368 recedat
1013 1315 1077 1368 ab
1119 1316 1193 1369 eis
1230 1314 1506 1380 Dominus,
1550 1314 1601 1369 id
1627 1322 1733 1380 est,
1771 1331 1841 1369 ne
1890 1314 2062 1382 fugiat

483 1406 556 1461 ab
580 1407 662 1461 eis
698 1420 763 1460 ea
794 1420 913 1475 quae
948 1406 1042 1459 Dei
1096 1412 1179 1460 est
1227 1406 1474 1460 scientia.
1513 1404 1756 1460 Perditio
1803 1407 1948 1459 enim
1981 1407 2060 1461 eis

485 1496 726 1553 scientia:
763 1495 1031 1550 discessio.
1070 1496 1151 1551 ﬁt.
1198 1495 1305 1552 Sed
1351 1512 1495 1552 nunc
1543 1512 1607 1551 ea
1662 1512 1782 1566 qua:
1827 1497 1966 1551 sicut
1996 1513 2062 1552 ex

481 1601 715 1655 persona
747 1585 840 1640 Dei
868 1601 967 1655 per
995 1586 1213 1657 Moysen
1244 1587 1389 1642 dicta
1418 1595 1545 1642 sunt
1582 1588 1743 1642 verba
1781 1588 2061 1658 aggredia-

485 1693 639 1731 mur:
667 1675 735 1730 Et
765 1676 1134 1745 sanctiﬁcabor
1157 1677 1313 1733 inhis
1333 1680 1422 1748 qui
1451 1681 1869 1752 appropinquant
1896 1681 2048 1733 mihi.

2172 511 2295 551 eum
2321 498 2668 554 manifestum
2704 500 2931 567 faciunt,
2961 511 3123 572 atque
3171 503 3568 573 quodammodo
3601 510 3741 579 igno-

2172 586 2416 642 rantibus
2442 589 2678 658 pariunt,
2728 589 2900 645 frater
2942 602 3121 647 autem
3164 609 3453 664 germanus
3490 607 3543 652 et
3581 607 3633 652 ut
3668 601 3738 654 ita

2170 676 2401 732 dicatur.
2452 678 2622 748 Igitur
2643 681 2960 751 prophetiae,
3007 683 3357 753 Evangelium
3400 694 3503 740 est.
3550 687 3739 744 Omnia

2168 765 2314 819 enim
2345 782 2465 836 quae
2492 769 2547 822 in
2578 769 2882 841 Evangeliis
2924 779 3045 826 acta
3074 779 3218 838 sunt,
3248 788 3279 827 a
3305 776 3583 844 prOpbetis
3605 792 3741 845 pra:-

2168 857 2309 910 dicta
2337 867 2479 912 sunt.
2529 859 2651 913 Filii
2676 859 2860 915 fratris
2897 863 3069 932 patris
3101 866 3283 917 Aaron
3330 864 3468 919 bene
3496 875 3549 920 et
3580 868 3741 924 nimis

2167 950 2375 1019 apte'hi
2416 952 2507 1020 qui
2544 953 2912 1022 evangelicam
2941 955 3414 1011 conversationem
3437 957 3743 1014 didicerunt

2168 1040 2440 1107 dicuntur,
2471 1050 2528 1095 et
2555 1041 2655 1095 hos
2685 1042 2777 1110 qui
2809 1041 2911 1096 alia
2944 1043 3136 1097 docent
3158 1058 3388 1114 arguere
3430 1053 3488 1100 et
3517 1048 3742 1116 repelle-

2169 1144 2226 1183 re
2252 1137 2310 1182 ut
2337 1117 2461 1199 pote
2484 1131 2779 1200 perfectam
2799 1132 3060 1187 habentes
3089 1134 3393 1196 scientiam,
3424 1138 3738 1193 necessario

2167 1230 2291 1276 sunt
2343 1222 2607 1292 dispositi.
2639 1223 2716 1278 De
2741 1240 2846 1293 qua
2874 1223 3112 1280 Joannes
3140 1226 3353 1281 dicebat
3389 1245 3403 1280 :
3437 1226 3620 1281 Omnis
3648 1231 3739 1298 qui

2165 1311 2411 1380 pra'cedit
2438 1321 2486 1365 et
2516 1328 2619 1365 non
2641 1323 2814 1366 manet
2840 1314 2895 1366 in
2922 1314 3161 1368 doctrina
3203 1312 3418 1381 Christi,
3445 1316 3611 1391 Deum
3634 1335 3743 1372 non

2164 1400 2350 1466 habet;
2372 1402 2461 1472 qui
2489 1412 2663 1456 manet
2685 1403 2739 1455 in
2760 1402 3021 1469 doctrina,
3045 1405 3128 1457 hic
3154 1414 3203 1458 et
3225 1403 3275 1455 F
3278 1404 3425 1458 ilium
3446 1415 3497 1459 et
3526 1406 3743 1461 Patrem

2163 1490 2353 1544 habet:
2377 1489 2436 1544 Si
2494 1492 2612 1561 quis
2658 1493 2791 1546 venit
2820 1492 2890 1545 ad
2921 1509 3006 1547 vos
3054 1503 3104 1546 et
3140 1494 3277 1547 hanc
3302 1495 3598 1549 doctrinam
3633 1513 3742 1552 non

2164 1581 2339 1651 affert,
2384 1582 2543 1636 nolite
2597 1583 2822 1653 recipere
2851 1600 2970 1636 eum
3010 1583 3065 1637 in
3106 1584 3339 1648 domum,
3376 1601 3468 1638 nec
3492 1587 3539 1638 ei
3582 1586 3739 1639 diate-

2164 1672 2279 1726 ritis
2326 1672 2431 1726 Ave
2495 1671 2581 1745 (II
2630 1671 2792 1727 Joan.
2840 1672 2916 1743 v).
2965 1672 3106 1744 Ergo
3160 1675 3440 1745 proprium
3499 1684 3585 1730 est
3642 1692 3745 1733 eo-

486 1764 990 1822 Sanctiﬁcationem
1025 1781 1183 1822 suam
1217 1746 1399 1833 vocat,
1432 1746 1782 1839 profanorum
1812 1769 1925 1822 sive
1948 1785 2061 1824 ma-
2091 1746 2135 1804 Β
2165 1778 2286 1817 rum
2332 1762 2424 1832 qui
2469 1764 2646 1818 edocti
2697 1771 2824 1818 sunt
2859 1763 3226 1834 evangelicam
3278 1765 3582 1821 doctrinam
3643 1783 3745 1823 eos

483 1855 656 1912 lorum
704 1856 1146 1911 emundationem
1192 1872 1311 1928 quae
1339 1872 1534 1928 corpus
1582 1867 1827 1912 nostrum
1869 1859 2055 1915 habet.

481 1942 738 2014 Corporis
765 1951 953 2002 autem
994 1945 1329 2012 emundatio,
1378 1947 1618 2002 sordium
1667 1945 1898 2016 alijectio
1945 1957 2049 2003 est.

481 2034 599 2090 Hoc
627 2048 755 2106 ergo
796 2042 857 2090 ut
881 2036 1055 2093 bonus
1077 2045 1133 2090 et
1160 2036 1283 2107 pius
1316 2037 1368 2090 in
1419 2038 1503 2092 his
1544 2037 1637 2107 qui
1678 2038 2059 2108 approximant

479 2126 554 2192 ei,
606 2115 903 2182 secundum
930 2127 1329 2183 multitudinem
1374 2128 1625 2183 videlicet
1652 2129 1913 2194 scientiae,
1973 2130 2060 2186 vel

480 2216 776 2273 secundum
809 2216 1025 2287 aliquod
1076 2218 1317 2274 divinum
1372 2218 1729 2274 ministerium
1774 2228 2054 2290 operatur,

478 2314 541 2363 ut
565 2322 664 2377 per
700 2307 847 2376 ipsos
878 2316 1103 2374 terreat,
1151 2318 1207 2364 et
1249 2309 1303 2364 in
1354 2317 1647 2380 conspectu
1679 2310 1845 2365 totius
1870 2311 2053 2383 populi

479 2396 836 2467 gloriﬁcetur,
855 2399 911 2454 id
924 2399 1292 2464 est,laudetur
1315 2408 1370 2454 et
1395 2399 1787 2457 manifestetur.
1835 2402 2059 2457 Utrum-

477 2503 587 2559 que
621 2488 767 2544 enim
795 2489 1202 2561 gloriﬁcationis
1228 2492 1454 2548 verbum
1482 2491 1814 2559 manifestat,
1847 2502 1902 2548 et
1930 2510 2051 2564 quae

475 2594 547 2635 ex
586 2580 691 2636 hoc
736 2579 863 2637 laus
902 2582 998 2637 Dei
1034 2588 1090 2637 et
1131 2580 1501 2638 manifestatio
1531 2583 1622 2648 sit,
1671 2583 1839 2638 David
1885 2585 2052 2639 dicit:

479 2669 620 2736 Quia
644 2672 823 2741 justus
869 2671 1156 2739 Dominus,
1196 2673 1467 2743 justitiam
1501 2672 1707 2740 dilexit,
1758 2676 2053 2744 a’quitatem

404 2792 411 2797 ι
476 2761 604 2816 vidit
657 2761 830 2818 vultus
871 2763 987 2833 ejus
1034 2763 1261 2835 (Psalm.
1293 2764 1371 2834 χ).
1419 2762 1485 2818 1η
1513 2765 1596 2819 his
1643 2766 1805 2821 tacuit
1833 2767 2051 2831 Aaron;

474 2853 593 2908 sive
618 2862 680 2907 ut
714 2852 1086 2924 Septuaginta,
1105 2863 1439 2924 compunctus
1461 2863 1536 2909 est
1565 2855 1741 2909 Aaron
1766 2872 1785 2909 :
1812 2856 2053 2911 Ecclesia

477 2937 748 3003 videlicet,
789 2940 915 3008 quia
960 2955 1157 3009 corpus
1189 2939 1539 3011 intelligihilis
1567 2940 1771 3006 Aaron,
1804 2941 2049 2997 Ecclesia

477 3037 592 3095 est;
622 3028 768 3085 unde
799 3030 912 3100 ipse
959 3029 1112 3095 dixit,
1151 3029 1333 3096 Saule,
1367 3030 1548 3097 Saule,
1591 3033 1716 3103 quid
1757 3049 1837 3086 me
1875 3050 2049 3102 perse-

2163 1854 2256 1923 qui
2304 1854 2605 1910 adulterina
2658 1863 2714 1910 et
2763 1855 2940 1910 aliena
2990 1857 3307 1925 praedicant,
3348 1872 3380 1911 a
3437 1857 3574 1913 facie
3617 1875 3743 1914 san-

2161 1952 2371 1999 ctorum
2401 1953 2456 1999 et
2485 1945 2815 2000 tabernaculi
2855 1945 3122 2016 expellere
3153 1954 3314 2017 atque
3346 1948 3629 2019 projicere.

2758 2057 2983 2114 CAPUT
3019 2057 3136 2114 XV.

2162 2145 2367 2217 Moyses
2394 2147 2625 2220 prohibet
2649 2147 2827 2220 Aaron
2850 2157 2897 2202 et
2923 2148 3062 2217 filios
3088 2150 3259 2220 capita
3279 2151 3479 2205 nudare
3505 2160 3554 2206 et
3578 2163 3744 2208 vestes

2438 2216 2672 2272 scindere
2703 2218 2764 2272 ob
2800 2229 3017 2272 mortem
3044 2216 3456 2290 interfectorum.

2233 2307 2410 2378 (lem)
2435 2307 2662 2361 Locutus
2682 2317 2759 2361 est
2785 2306 2991 2379 Moyses
3017 2309 3085 2362 ad
3113 2310 3313 2377 Aaron,
3336 2319 3388 2364 et
3415 2311 3484 2365 ad
3506 2309 3745 2367 Eleazar

2161 2409 2312 2470 alque
2336 2400 2404 2452 ad
2430 2400 2671 2454 Ithamar
2694 2400 2833 2470 ﬁlios
2858 2401 2973 2470 ejus
2996 2417 3013 2455 :
3041 2399 3227 2472 Capita
3252 2412 3424 2456 vestra
3453 2403 3613 2457 nolite
3639 2421 3746 2457 nu-

2160 2490 2305 2555 dare,
2334 2498 2379 2543 ct
2401 2490 2700 2543 vestimenta
2717 2489 2872 2543 nolite
2892 2490 3146 2555 scindere,
3163 2507 3226 2544 ne
3251 2491 3385 2561 forte
3410 2492 3738 2555 moriemini,

2157 2589 2205 2633 et
2236 2596 2393 2649 super
2430 2596 2633 2634 omnem
2680 2594 2866 2634 coetum
2912 2582 3116 2635 oriatur
3169 2581 3491 2651 indignatio;
3538 2581 3738 2650 fratres

2158 2672 2310 2726 vestri
2337 2683 2382 2726 et
2412 2674 2578 2727 omnis
2604 2673 2788 2728 domus
2809 2672 3041 2743 filiorum
3070 2673 3240 2728 Israel
3281 2675 3533 2746 plangant
3561 2677 3742 2730 incen-

2155 2764 2300 2819 dium
2327 2766 2465 2836 quod
2494 2765 2751 2820 Dominus
2800 2767 3086 2821 suscitavit.
3125 2765 3227 2821 Vos
3263 2777 3432 2821 autem
3461 2784 3563 2821 non
3592 2785 3744 2838 egre-

2155 2853 2342 2907 dimini
2388 2854 2526 2924 [ores
2575 2855 2932 2921 tabernaculi,
2980 2856 3211 2927 alioquin
3261 2856 3739 2926 peribitis:oleum

2153 2945 2338 3015 quippe
2365 2954 2562 2999 sancta:
2606 2947 2862 3000 unctionis
2890 2956 2964 3000 est
3008 2963 3163 3016 super
3201 2963 3307 3000 vos.
3345 2945 3449 3011 Qui
3496 2946 3738 3016 fecerunt

2153 3036 2327 3089 omnia
2354 3036 2512 3104 juxta
2538 3045 2847 3105 prceceptum
2878 3034 3068 3104 Moysi.
3104 3035 3211 3105 (Ea:
3231 3036 3567 3107 Augustino.)
3589 3036 3741 3103 Quid

475 3093 650 3192 quatis
676 3121 701 3174 2
727 3093 866 3191 (Act.
897 3119 996 3188 ιχ.)
1029 3093 1159 3176 Item
1204 3093 1481 3191 discipulis
1517 3093 2049 3193 de'suscipientihus
2076 3093 2121 3154 Ο
2152 3134 2234 3180 est
2256 3093 2397 3193 quo'd
2428 3093 2609 3179 Aaron
2656 3093 2715 3180 et
2735 3093 3138 3194 reliquosvﬁlio‘s
3167 3124 3282 3193 ejus
3314 3093 3563 3180 mortem,
3597 3093 3739 3182 duo-

474 3227 587 3279 eos,
630 3212 811 3268 dixit:
845 3211 948 3278 Qui
990 3229 1075 3267 vos
1139 3213 1375 3281 suscipit,
1416 3229 1497 3267 me
1544 3215 1782 3283 suscipit.
1832 3214 2047 3270 Vocavit

474 3314 648 3358 autem
689 3301 897 3373 Moyses
931 3302 1122 3358 Μίδαεί
1149 3313 1196 3357 et
1237 3302 1508 3373 Elsaphan
1535 3303 1673 3372 ﬁlios
1702 3302 1849 3360 Oziel
1868 3309 2047 3377 patrui

471 3392 672 3458 Aaron,
718 3402 772 3449 et
796 3394 872 3451 ait
920 3393 989 3447 ad
1034 3410 1162 3448 eos:
1190 3392 1296 3459 Ite,
1321 3393 1484 3447 tollite
1524 3393 1715 3462 fratres
1764 3406 1955 3451 vestros
1984 3397 2048 3451 de

472 3493 751 3554 conspectu
793 3472 1105 3549 sanctuarii,
1135 3494 1183 3539 et
1206 3493 1469 3555 asportate
1511 3495 1658 3540 extra
1697 3497 1911 3553 castra;
1938 3498 2020 3542 sta

475 3575 669 3645 timque
699 3585 981 3645 pergentes,
1012 3575 1242 3631 tulerunt
1278 3592 1363 3630 eos
1385 3577 1521 3630 sicut
1556 3577 1803 3646 jacebant
1834 3579 2040 3635 vestitos

475 3662 628 3718 lineis
660 3665 870 3730 tunicis,
904 3674 952 3720 et
1004 3665 1264 3736 ejecerunt
1296 3665 1462 3736 foras,
1488 3676 1543 3720 ut
1590 3668 1690 3721 sibi
1736 3669 1907 3739 fuerat
1948 3670 2048 3724 im-

472 3762 728 3823 peratum.
762 3753 846 3811 Ab
880 3755 964 3813 his
985 3756 1075 3826 qui
1115 3771 1208 3812 eos
1244 3754 1541 3824 cjecerunt,
1572 3773 1665 3812 eos
1703 3759 1792 3827 qui
1841 3761 2044 3816 sublati

472 3844 590 3900 sive
621 3842 776 3912 ejecti
808 3852 934 3900 sunt
958 3844 1218 3915 intellige.
1249 3844 1351 3911 Qui
1371 3856 1551 3900 autem
1580 3845 1799 3902 fuerunt
1822 3849 2044 3917 quisue-

474 3932 752 3991 tulerunt?
798 3931 982 3987 Misael
1022 3941 1077 3985 et
1109 3932 1401 4003 Elsaphan,
1450 3933 1869 4000 sivelllisaddai,
1899 3936 2044 3992 lIcli-

473 4023 705 4094 saphan,
732 4037 963 4093 (piorum
991 4038 1129 4081 unus
1154 4026 1462 4083 attrectatio
1484 4024 1603 4090 Dei,
1636 4026 1689 4079 id
1716 4035 1816 4090 est,
1842 4029 2042 4083 misad—

469 4115 581 4180 dai,
620 4112 937 4183 helisapban
967 4120 1146 4168 autem
1191 4114 1285 4169 Dci
1311 4115 1423 4170 mei
1451 4116 1669 4187 specula
1708 4117 2036 4189 interpreta-

467 4214 572 4262 tur.
615 4204 930 4278 Quicunque
956 4220 1084 4277 ergo
1116 4207 1219 4263 scit
1246 4215 1539 4265 attrectare
1564 4209 1757 4275 Deu-n,
1814 4204 2037 4282 insuper

467 4305 647 4353 autem
673 4305 729 4355 et
755 4297 1047 4369 speculari,
1096 4306 1152 4353 et
1178 4298 1377 4355 Christi
1407 4301 1626 4371 quidem
1651 4317 1870 4357 carnem
1907 4319 2039 4358 con-

466 4391 708 4457 trectari,
738 4390 1005 4460 speculari
1026 4400 1205 4445 autem
1232 4408 1328 4463 per
1348 4393 1532 4448 oculos
1560 4394 1759 4450 mentis
1785 4394 2037 4450 divinita-

464 4486 594 4544 tem,
622 4480 760 4535 sicut
782 4481 1017 4537 Thomas
1040 4496 1207 4539 manu
1220 4492 1562 4540 contrectans
1583 4499 1826 4547 carnem,
1854 4492 1907 4537 et
1931 4485 2035 4542 ﬁde

462 4570 749 4639 speculans
794 4571 1157 4636 divinitatem,
1203 4572 1736 4628 dicebatzbominus
1782 4590 1950 4639 meus,
1986 4583 2035 4627 et

464 4657 608 4712 Deus
654 4677 797 4715 meus
824 4661 1005 4732 (Joan.
1051 4660 1178 4730 xx),
1224 4660 1314 4719 bic
1342 4662 1519 4733 ignem
1556 4663 1744 4719 alienae
1772 4664 2032 4719 doctrina:

465 4745 679 4802 auferre
712 4757 768 4804 et
808 4751 1004 4820 ejicere
1041 4751 1189 4804 illum
1218 4766 1339 4805 cum
1369 4750 1566 4806 tunicis
1595 4766 1625 4804 a
1653 4749 1790 4807 facie
1817 4761 2032 4807 sancto-

461 4852 582 4893 rum
609 4848 806 4907 potest.
861 4840 995 4908 Quia
1018 4856 1261 4911 personat
1296 4849 1603 4896 sanctorum
1633 4851 1757 4897 sunt
1782 4844 2032 4901 sacerdo-

464 4936 567 4982 tes.
599 4928 817 4985 Tunicce
863 4940 1042 4986 autem
1069 4932 1407 4986 sacerdotum
1436 4934 1773 4989 conversatio
1802 4944 1856 4989 et
1897 4935 2026 5000 vita,

461 5034 583 5088 qua:
606 5019 659 5074 in
688 5020 973 5075 sacerdotii
998 5020 1291 5083 induuntur
1312 5022 1530 5086 habitu;
1560 5037 1689 5094 ergo
1709 5039 1828 5078 cum
1849 5039 2030 5078 sacer-

460 5111 612 5168 dotio
638 5111 783 5180 quod
811 5111 861 5166 ei
882 5120 1026 5170 sorte
1052 5112 1303 5177 obvenit,
1348 5128 1376 5167 a
1407 5114 1652 5183 portione
1699 5115 2024 5171 sacerdotali

458 5202 821 5274 expelluntur,
847 5217 952 5261 non
976 5202 1155 5261 solum
1178 5212 1358 5259 autem
1396 5219 1425 5256 a
1453 5204 1809 5267 sacerdotum,
1846 5205 1938 5259 sed
1967 5214 2025 5259 et

457 5293 660 5366 populi,
691 5294 833 5351 unde
865 5292 1087 5361 addidit,
1134 5304 1280 5351 extra
1305 5295 1718 5353 tabernaculum.
1748 5295 2021 5350 Taberna-

453 5386 632 5441 culum
672 5385 814 5440 enim
844 5383 942 5439 Dei
977 5383 1232 5440 Ecclesiae
1259 5385 1487 5455 populus
1523 5393 1643 5451 est;
1702 5385 1796 5441 lilii
1838 5395 2017 5440 autem

453 5478 628 5545 patrui
656 5477 837 5532 Aaron
879 5476 993 5532 sive
1026 5475 1212 5534 fratris
1239 5477 1436 5536 Aaron,
1477 5478 1531 5531 hi
1563 5478 1653 5546 qui
1696 5478 1811 5532 lucc
1839 5477 2018 5533 facere

456 5576 677 5638 possunt
734 5568 1124 5624 rationabiliter
1164 5569 1529 5622 nominantur.
1573 5567 1630 5621 Si
1677 5567 1821 5621 enim
1860 5576 2016 5639 pater

454 5656 800 5729 intelligibilis
828 5657 1006 5713 Aaron
1036 5656 1203 5712 David
1236 5668 1337 5724 est,
1380 5665 1431 5712 ct
1457 5672 1555 5728 per
1584 5672 1707 5714 eum
1736 5658 1875 5714 idem
1901 5672 2013 5714 om-

2061 4439 2114 4497 D

2149 3232 2269 3270 rum
2298 3215 2507 3269 illorum
2537 3215 2718 3286 lugere
2743 3216 3034 3285 prohibens
3079 3216 3208 3269 dicit
3234 3234 3247 3269 :
3282 3215 3450 3286 Caput
3498 3225 3736 3270 vestrum

2149 3305 2343 3374 cydara
2390 3321 2492 3358 non
2516 3296 2867 3358 denudabitii.
2918 3301 3019 3359 Ubi
3052 3312 3199 3360 certe
3241 3305 3477 3359 ostendit
3497 3305 3739 3374 eydaras

2149 3395 2383 3465 tegmina
2429 3395 2661 3464 capitum
2706 3392 2894 3457 fuisse,
2924 3395 3028 3449 nisi
3068 3395 3208 3465 quod
3271 3393 3401 3449 illud
3454 3392 3738 3449 faciebant

2147 3482 2406 3554 lugentes,
2430 3500 2548 3554 qua:
2572 3485 2944 3539 consuetudini
2968 3494 3192 3540 ornatus
3218 3494 3402 3540 essent
3423 3487 3734 3540 contraria.

2147 3571 2299 3626 Sicut
2326 3573 2467 3627 enim
2504 3572 2557 3626 in
2582 3580 2767 3627 nostra
2795 3574 3200 3629 consuetudine.
3232 3588 3339 3640 qua
3372 3581 3535 3643 caput
3555 3588 3730 3643 aper-

2147 3670 2257 3716 tum
2287 3660 2459 3732 magis
2491 3662 2754 3728 habetur,
2802 3662 3045 3733 operitur
3068 3664 3122 3718 in
3168 3662 3347 3728 luctu,
3388 3664 3469 3717 sic
3488 3664 3613 3732 quia
3649 3665 3730 3719 illi

2144 3752 2477 3820 operimento
2505 3753 2698 3821 capitis
2736 3752 3098 3819 ornabantur,
3150 3754 3463 3808 nudandam
3496 3762 3617 3808 erat
3644 3756 3730 3811 lu-

2144 3842 2412 3912 gentibus.
2439 3843 2591 3909 Quod
2622 3844 2742 3899 ideo
2759 3845 3011 3914 prohibet
3038 3860 3106 3900 ne
3128 3845 3375 3915 lugerent
3396 3860 3490 3900 eos
3510 3846 3565 3900 in
3592 3863 3730 3917 quo-

2142 3947 2261 3985 rum
2300 3948 2456 4002 pccna
2493 3934 2857 3989 sanctiﬁcatus
2884 3942 2963 3990 est
3012 3935 3294 4002 Dominus,
3336 3938 3389 3992 id
3437 3947 3542 4001 est,
3571 3953 3729 3992 eom-

2143 4025 2422 4078 mendatus
2448 4034 2529 4079 est
2556 4026 2715 4080 timor
2743 4025 2879 4094 ejus.
2912 4026 3019 4082 Nec
3050 4028 3171 4083 ideo
3199 4029 3325 4098 quia
3356 4028 3573 4098 lugendi
3610 4016 3726 4083 rion

2140 4122 2313 4177 erant,
2344 4131 2466 4168 nam
2498 4117 2764 4185 permittit
2807 4117 2940 4172 alios
2983 4117 3162 4189 lugere
3194 4119 3330 4185 illos,
3357 4120 3450 4175 sed
3483 4122 3610 4189 quia
3640 4120 3723 4174 illi

2140 4196 2324 4276 lugere
2352 4215 2479 4261 tunc
2521 4221 2626 4260 non
2652 4207 2934 4273 debebant,
2957 4225 3080 4263 cum
3126 4211 3242 4265 dies
3270 4211 3729 4265 sanctiﬁcationis

2138 4312 2325 4351 eorum
2350 4305 2653 4366 agerentur.
2678 4295 2922 4352 Nondum
2946 4284 3228 4368 completis
3271 4308 3478 4370 septem
3517 4300 3728 4368 quibus

2139 4402 2233 4442 eos
2256 4388 2511 4457 praecepit
2552 4388 2617 4442 de
2659 4388 3007 4442 tabernaculo
3030 4399 3133 4444 nan
3166 4390 3453 4444 abscedere
3476 4429 3490 4453 ,
3543 4405 3728 4459 quan-

2139 4492 2297 4545 quam
2324 4477 2493 4546 possit
2519 4477 2710 4540 videri,
2741 4477 2866 4545 quia
2894 4476 2985 4531 illo
3006 4479 3125 4533 oleo
3146 4479 3357 4534 fuerant
3383 4480 3718 4535 sanctiﬁcali

2136 4569 2240 4622 hoc
2270 4569 2469 4622 dictum
2507 4577 2622 4627 est,
2671 4570 2813 4637 quod
2857 4584 3131 4638 nunquam
3172 4582 3493 4639 quemquam
3527 4570 3721 4640 lugere

2134 4660 2407 4713 deberent.
2439 4660 2514 4714 ita
2549 4660 2690 4712 enim
2728 4648 2856 4714 dicit
2882 4678 2895 4710 τ
2927 4659 3142 4714 Fratres
3171 4671 3342 4714 autem
3368 4662 3520 4715 vestri
3541 4663 3722 4717 omnis

2132 4749 2317 4804 domus
2348 4748 2518 4803 Israel
2557 4749 2835 4818 plorabant
2877 4751 3175 4804 incendium
3218 4768 3320 4821 quo
3358 4754 3557 4806 incensi
3581 4764 3717 4806 sunt

2131 4856 2163 4892 a
2184 4837 2428 4902 Domino,
2458 4848 2504 4891 et
2538 4838 2601 4891 ab
2641 4840 2771 4892 ostio
2817 4839 3141 4894 tabernaculi
3165 4841 3439 4894 testimonii
3477 4858 3583 4896 non
3617 4859 3722 4896 ea:-

2129 4927 2289 4991 ibitis,
2317 4943 2379 4980 ne
2422 4929 2724 4981 rnoriamini
2747 4945 2764 4981 :
2798 4928 2965 4982 oleum
2994 4931 3129 4983 enim
3156 4931 3416 4984 unctionis
3460 4933 3600 5002 quod
3629 4944 3719 4987 est

2128 5032 2160 5068 a
2188 5016 2412 5069 Domino
2442 5033 2597 5085 super
2620 5033 2706 5071 vos
2732 5027 2826 5072 est.
2858 5019 2966 5091 (Ea:
2997 5019 3301 5093 Hesychio.)
3325 5022 3442 5077 Non
3486 5024 3719 5095 ignora-

2128 5124 2248 5162 mus
2292 5109 2419 5177 quin
2469 5109 2668 5178 cydara
2722 5111 3027 5181 signiﬁcent
3075 5115 3458 5180 sacerdotium,
3488 5116 3719 5172 scilicet

2125 5199 2248 5267 quia
2278 5198 2453 5253 omnis
2500 5199 2598 5252 viri
2630 5211 2790 5270 caput
2835 5200 3082 5257 Christus
3130 5204 3302 5269 Deus,
3333 5200 3716 5273 caputautem

2127 5287 2330 5341 Christi
2355 5289 2835 5354 Deus,necessarie
2856 5291 3067 5362 cydaris
3091 5294 3413 5364 signiﬁcatio
3437 5296 3715 5366 quodam-

2125 5380 2285 5433 modo
2313 5386 2398 5434 est
2424 5379 2582 5433 simul
2610 5381 2867 5451 unigeniti
2900 5383 3252 5438 humanitatis
3274 5393 3330 5439 et
3370 5385 3706 5440 divinitatis.

2123 5467 2422 5524 Il'oc'enim
2471 5475 2523 5522 et
2551 5483 2648 5537 per
2691 5468 2905 5538 cydaris
2948 5473 3391 5543 Compositionem
3444 5474 3716 5544 superius

2123 5560 2628 5615 demonstravimus.
2680 5559 2821 5628 Ergo
2866 5577 2985 5630 quze
3011 5573 3254 5632 oporteat
3297 5565 3569 5619 custodire
3596 5578 3713 5619 sa-

2121 5652 2366 5709 cerdotes
2393 5658 2447 5705 et
2487 5650 2734 5705 doctores
2785 5664 3059 5725 praecepit,
3087 5656 3141 5711 id
3167 5664 3270 5722 est,
3312 5665 3372 5711 ut
3423 5671 3526 5712 nec
3551 5655 3715 5713 dixi-
