3954 6176
265 282 381 338 545

1188 279 1687 338 EXPOSITIONES
1723 280 1792 337 IN
1826 282 2221 340 LEVITICUM.
2260 316 2330 326 —
2364 286 2494 342 LIB.
2535 274 2610 344 ης

3398 302 3504 359 546

261 396 497 448 nitatem
540 390 738 446 Christi
769 405 870 446 nec
915 392 1304 446 humanitatem
1332 401 1549 461 negent,
1579 408 1678 446 nec
1703 408 1833 447 con-
1859 397 1912 452 A
1936 391 2208 448 abstinere
2225 397 2498 466 praecepit,
2530 398 2628 454 sed
2647 400 2862 468 quando
2887 402 2954 457 ad
3001 404 3406 468 tabernaculum
3434 424 3510 468 te-

259 481 559 543 tradicant,
576 480 703 548 quia
730 478 874 533 Deus
897 491 964 532 es
987 479 1097 533 Deo
1126 486 1181 534 et
1208 480 1428 533 verbum
1456 489 1626 535 estex
1655 480 1834 547 Patre,

259 575 376 629 boc
400 580 484 629 est
509 572 654 625 enim
681 570 921 641 cydarim
950 584 1055 624 non
1086 569 1298 625 auferre
1320 586 1351 624 a
1374 572 1567 640 capite,
1588 570 1838 625 videlicet

257 681 377 721 non
394 664 596 718 nudare
616 660 937 731 intelligibili
952 662 1150 730 cydare
1165 661 1258 716 sed
1273 678 1371 716 nec
1384 662 1837 731 dispensationem

255 758 496 807 renuant
518 758 611 803 aut
633 749 1024 819 blasphement.
1042 748 1143 815 Qui
1169 749 1313 803 enim
1337 749 1537 804 Christi
1560 751 1838 819 dispensa-

257 843 468 895 tionem
487 839 843 907 blasphemat,
861 838 1249 893 sacerdotalem
1272 838 1695 908 rumpitstolam,
1711 840 1836 909 quia

256 946 453 987 omnes
496 929 712 997 quidem
766 928 1013 982 homines
1047 928 1136 996 qui
1187 928 1242 981 ln
1266 928 1543 983 Christum
1593 929 1839 984 credide-

256 1030 411 1084 runt,
437 1018 604 1072 multo
635 1017 805 1087 magis
848 1024 1026 1071 autem
1053 1017 1383 1080 sacerdotes,
1412 1026 1540 1072 sunt
1567 1019 1657 1087 qui
1681 1017 1834 1073 Chri-

254 1122 407 1167 stum
456 1109 764 1171 induerunt,
806 1108 1069 1175 siquidem
1107 1108 1395 1178 quicunque
1417 1109 1473 1161 in
1503 1108 1710 1162 Christo
1743 1109 1836 1162 ba-

249 1202 445 1275 ptizati
500 1216 701 1264 sumus,
733 1198 996 1252 Christum
1047 1182 1337 1252 induimus.
1366 1197 1506 1268 (Gal.
1558 1201 1663 1272 Ill).
1710 1199 1835 1255 Haec

252 1297 483 1359 agentes
510 1285 822 1342 sacerdotes
850 1298 951 1338 nec
980 1283 1278 1338 morientu‘r
1307 1300 1409 1339 nec
1432 1286 1834 1355 congregationi

250 1377 667 1450 superindicunt
688 1375 847 1428 iram.
879 1373 1297 1442 Prmpositorum
1329 1377 1474 1428 enim
1502 1374 1632 1428 vitia
1660 1373 1832 1430 oll'en-

252 1468 497 1524 diculum
544 1473 670 1519 sunt
696 1463 972 1533 subjectis.
1008 1463 1075 1516 Et
1119 1463 1289 1518 multo
1337 1464 1507 1532 magis
1551 1463 1833 1518 doctorum

251 1558 538 1628 discipulis
564 1572 751 1611 eorum
785 1556 878 1609 ira:
904 1555 997 1610 Dei
1027 1553 1164 1608 ﬁunt
1189 1555 1423 1618 occasio,
1451 1563 1670 1625 propter
1690 1555 1833 1623 quod

250 1658 315 1706 et
345 1663 558 1703 omnem
573 1647 789 1701 domum
817 1644 998 1708 Israel,
1028 1659 1241 1699 omnem
1258 1644 1505 1699 videlicet
1534 1645 1831 1700 Ecelesiam

1946 481 2201 546 stimonii,
2231 490 2324 537 aut
2360 485 2627 541 ad'altare
2670 490 3030 557 ascendimus,
3072 494 3126 549 id
3155 508 3261 562 est,
3289 504 3504 568 quando

1944 571 2300 641 quodcunque
2323 573 2680 630 ministerium
2702 577 2959 635 doctrinae
2988 582 3221 639 caelestis
3248 591 3513 662 contingi.

1942 675 2092 727 mus;
2141 663 2425 717 ministerii
2454 666 2599 719 enim
2645 666 2815 722 altare
2860 670 3028 738 ﬁgura
3061 672 3164 738 est,
3192 673 3513 732 tabernacu-

1942 748 2052 803 lum
2099 758 2278 805 autem
2322 753 2617 808 testimonii
2663 756 2928 825 signiﬁcat
2974 759 3274 817 ccelestium
3327 780 3510 821 rerum

1943 843 2410 906 contrectationes.
2465 843 2614 899 Unde
2640 854 2695 900 et
2725 846 3006 902 Timotheo
3055 849 3253 906 Paulus
3300 855 3509 911 scribe-

1940 929 2071 984 bat:
2112 929 2241 985 Vino
2281 932 2484 986 modico
2509 944 2653 988 utere
2697 947 2905 1005 prapter
2940 941 3265 995 stomachum
3289 954 3436 1001 tuum
3462 959 3511 1002 et

1941 1018 2231 1089 frequentes
2263 1029 2381 1074 tuas
2422 1021 2772 1090 inﬁrmitates.
2800 1024 2901 1091 Qui
2948 1035 3128 1082 autem
3168 1032 3381 1086 modico
3406 1033 3511 1085 uti-

1941 1116 2049 1172 tur,
2075 1108 2164 1162 hic
2194 1115 2433 1177 tempore
2459 1110 2746 1166 ministerii
2776 1114 3022 1170 videlicet
3048 1126 3103 1170 et
3145 1118 3403 1175 doctrinae
3440 1121 3512 1176 ab

1939 1200 2086 1253 omni
2103 1199 2392 1254 vinolentia
2407 1209 2463 1255 et
2485 1202 2746 1258 ebrietate
2768 1220 2825 1259 se
2844 1204 3096 1261 abstinet.
3126 1207 3386 1265 Similiter
3411 1226 3508 1265 au-

1942 1297 2049 1343 tem
2075 1298 2131 1343 et
2174 1291 2482 1345 sacerdotes
2513 1292 2566 1345 bi
2588 1294 2680 1361 qui
2711 1296 2928 1350 student
2973 1297 3145 1366 legem
3173 1302 3505 1369 custodiunt,

1938 1386 2157 1448 propter
2173 1380 2316 1448 quod
2345 1395 2451 1434 non
2479 1380 2651 1436 solum
2677 1383 2882 1449 Aaron,
2907 1387 3000 1440 sed
3025 1396 3081 1441 et
3112 1387 3237 1444 ﬁliis
3257 1391 3395 1459 ejus,
3418 1407 3508 1446 su-

1937 1466 2181 1522 blimiora
2208 1469 2462 1524 videlicet
2484 1472 2711 1540 adeptis,
2736 1475 3048 1529 mandatum
3070 1477 3171 1532 hoc
3209 1480 3390 1534 tradit.
3423 1480 3510 1536 Si-

1937 1558 2086 1613 milia
2114 1568 2295 1614 autem
2324 1561 2409 1616 his
2437 1571 2493 1616 et
2516 1562 2714 1620 Paulus
2732 1566 2800 1620 ad
2819 1566 3080 1635 Ephesios
3099 1570 3319 1639 scripsit
3343 1589 3357 1625 :
3390 1571 3508 1629 No-

1939 1645 2027 1700 lite
2058 1647 2306 1702 inebrtari
2331 1650 2468 1715 vino,
2496 1653 2550 1706 in
2592 1669 2695 1723 quo
2718 1663 2793 1707 est
2821 1653 3068 1721 luxuria,
3098 1658 3188 1712 sed
3219 1661 3387 1729 magis
3408 1661 3511 1714 im-

249 1739 513 1808 plangere
554 1735 861 1791 incendium
899 1750 1007 1804 quo
1040 1734 1246 1789 incensi
1288 1744 1415 1789 sunt
1460 1750 1492 1790 a
1520 1734 1632 1791 Deo
1680 1735 1829 1801 vult,
1858 1737 1907 1795 B
1932 1735 2179 1807 pleamini
2197 1740 2382 1809 spiritu
2433 1740 2649 1812 (Ephes.
2673 1744 2764 1814 v);
2791 1745 3036 1800 hebetem
3059 1747 3256 1817 quippe
3270 1750 3506 1807 ehi-iens

256 1830 394 1899 quia
422 1830 675 1883 damnum
701 1828 954 1883 Ecclesiae
1003 1827 1161 1882 unius
1187 1827 1413 1882 membri
1460 1836 1517 1883 et
1550 1825 1834 1895 cujuslibet

248 1934 421 1974 casus
439 1926 541 1983 est,
557 1924 759 1987 quanto
772 1917 941 1987 magis
964 1917 1242 1972 doctorum
1257 1924 1313 1972 et
1336 1917 1676 1972 sacerdotum
1703 1930 1831 1987 per-

248 2009 413 2066 ditio.
464 2007 558 2063 His
604 2008 678 2062 ita
725 2022 788 2063 se
844 2006 1167 2063 habentibus
1207 2007 1340 2063 illud
1372 2007 1540 2077 quaeri
1586 2014 1829 2076 oportet,

246 2099 528 2171 quomodo
554 2114 675 2154 cum
705 2113 804 2167 per
845 2098 1238 2168 praecedentem
1265 2098 1598 2154 sanctionem
1624 2106 1831 2168 septem

246 2190 403 2246 solos
427 2187 544 2243 dies
568 2203 674 2243 non
696 2187 879 2258 egredi
908 2188 975 2243 de
1006 2188 1355 2244 tabernaculo
1380 2189 1675 2244 testimonii
1700 2204 1833 2258 pra:-

246 2278 506 2347 cepisset,
529 2277 615 2332 bis
631 2277 911 2346 completis
937 2276 1075 2349 (haec
1103 2278 1245 2332 enim
1266 2278 1321 2333 in
1347 2289 1537 2334 octava
1567 2278 1653 2333 die
1666 2293 1832 2349 agun-

249 2368 390 2437 tur),
416 2382 606 2422 ruisus
635 2367 715 2421 eis
742 2366 953 2438 Moyses
976 2368 1229 2437 praecepit
1251 2367 1319 2423 de
1337 2369 1478 2424 ostio
1499 2368 1830 2424 tabernaculi

244 2472 363 2512 non
383 2456 597 2527 egredi;
628 2472 736 2511 non
764 2470 893 2523 ergo
915 2457 1191 2511 contraria
1215 2444 1317 2511 sibi
1349 2458 1542 2524 sancit,
1573 2459 1667 2514 sed
1709 2474 1829 2512 ma-

242 2545 506 2601 nifestum
532 2554 616 2601 est
659 2547 802 2615 quod
844 2547 1008 2602 alium
1045 2548 1135 2603 hic
1182 2548 1263 2603 eis
1291 2564 1569 2618 egressum
1599 2550 1723 2606 ostii
1750 2558 1831 2604 ta-

241 2635 528 2690 bernaculi
565 2636 857 2690 testimonii
883 2638 1135 2706 prazcepit
1170 2639 1442 2693 custodire
1468 2678 1484 2704 ,
1529 2653 1656 2693 nam
1680 2639 1829 2695 addi-

242 2726 353 2789 dit,
378 2734 436 2778 ut
486 2741 590 2780 non
625 2726 958 2789 moriemini;
1012 2726 1162 2796 atqui
1193 2727 1309 2782 haec
1350 2742 1456 2782 non
1494 2726 1715 2796 scripsit
1772 2727 1827 2781 in

243 2816 648 2885 superioribus;
667 2831 796 2886 ergo
823 2818 1192 2873 additamento
1212 2817 1652 2874 comminationis
1682 2817 1828 2872 aliud

241 2909 526 2978 quidpiam
555 2924 614 2963 se
636 2910 877 2964 sanxisse
902 2909 1244 2979 signiﬁcavit.
1269 2908 1406 2976 Quia
1436 2909 1581 2964 enim
1606 2915 1670 2962 ut
1704 2908 1829 2979 igne

240 3002 443 3056 aliena:
469 3001 725 3056 doctrina:
757 3000 1045 3057 offerentes
1070 3001 1285 3070 quidem
1322 3000 1633 3056 sacerdotes
1652 2999 1828 3069 perie-

1930 1836 2165 1882 mentem
2196 1829 2390 1895 reddit,
2418 1839 2473 1884 et
2517 1833 2864 1888 sobrietatem
2893 1834 3009 1905 ejus
3037 1836 3092 1890 in
3122 1837 3360 1892 deterius
3384 1854 3503 1894 ver-

1931 1917 2015 1983 tit,
2040 1926 2097 1971 ut
2125 1933 2233 1972 non
2264 1919 2628 1990 intelligantur
2656 1937 2775 1990 quae
2800 1936 3053 1994 aguntur.
3080 1923 3210 1991 Quze
3239 1926 3496 1995 testiﬁca-

1931 2016 2018 2064 tur
2053 2008 2220 2064 Isaias
2244 2009 2324 2064 sic
2352 2010 2573 2064 dicens:
2620 2009 2705 2065 Va:
2747 2014 2835 2083 qui
2881 2016 3194 2085 consurgitis
3221 2032 3375 2069 mane
3423 2017 3495 2070 ad

1928 2097 2225 2155 ebrietatem
2267 2099 2593 2165 sectandum,
2621 2108 2669 2153 et
2704 2101 2992 2170 potandum
3036 2120 3196 2173 usque
3240 2105 3311 2157 ad
3342 2120 3507 2173 vespe-

1930 2203 2040 2241 ram
2064 2197 2117 2240 ut
2138 2189 2254 2242 nino
2283 2188 2527 2241 astuetis.
2561 2186 2789 2258 Cythera
2817 2199 2865 2243 et
2912 2188 3029 2258 lyra
3051 2203 3070 2241 :
3096 2201 3143 2244 et
3173 2200 3501 2261 tympanum,

1930 2286 1978 2331 et
2007 2277 2134 2331 tibia
2161 2286 2209 2330 et
2236 2277 2410 2331 uinum
2435 2277 2487 2331 in
2513 2279 2755 2333 conviviis
2778 2281 2958 2334 vestris
2978 2319 2996 2345 ,
3040 2290 3089 2334 et
3129 2297 3256 2350 Opus
3291 2281 3504 2336 Domini

1929 2385 2033 2422 non
2071 2369 2357 2438 respicitis,
2389 2386 2480 2423 nec
2532 2386 2687 2439 opera
2726 2386 2978 2425 manuum
3020 2372 3134 2441 ejus
3165 2373 3504 2429 consideratis

1930 2460 2064 2532 (Isa.
2090 2461 2164 2532 v).
2199 2462 2301 2528 Qui
2332 2470 2510 2515 autem
2539 2476 2704 2531 opera
2733 2462 2946 2516 Domini
2979 2478 3085 2519 non
3132 2464 3337 2528 vident,
3363 2480 3502 2533 quo-

1927 2551 2086 2605 modo
2113 2552 2355 2606 dividere
2384 2552 2526 2606 inter
2565 2560 2750 2606 sancta
2781 2559 2837 2606 et
2886 2551 3133 2620 profana,
3160 2562 3255 2606 aut
3303 2554 3501 2611 munda

1927 2651 1982 2699 et
2009 2642 2304 2707 immunda,
2337 2641 2422 2696 vel
2476 2641 2741 2710 quomodo
2786 2640 3063 2695 exhortari
3101 2650 3157 2696 et
3201 2641 3505 2698 illuminare

1927 2732 2183 2802 populum
2211 2732 2279 2787 de
2326 2730 2624 2799 Scripturis
2672 2732 2930 2800 possunt?
2966 2730 3118 2788 Unde
3144 2732 3250 2787 hoc
3278 2732 3503 2787 manda-

1926 2831 2040 2878 tum
2057 2822 2338 2876 sublimius
2364 2823 2648 2877 ostendere
2673 2822 2913 2891 cupiens,
2931 2822 3104 2890 ipsum
3121 2823 3225 2878 hoc
3244 2823 3322 2877 ait
3345 2823 3496 2878 locu-

1928 2919 2041 2967 tum
2067 2910 2234 2967 fuisse
2261 2911 2569 2965 Dominum.
2603 2911 2708 2966 Sed
2738 2911 2956 2965 intende
2981 2950 2996 2975 ,
3045 2911 3501 2980 quemadmodum

1925 3002 2165 3059 locutum
2186 3016 2307 3058 esse
2334 3002 2619 3057 Dominum
2655 3000 2846 3070 Moysi,
2876 3015 2983 3054 non
3002 3015 3102 3071 per
3121 3001 3385 3071 linguam,
3405 3004 3503 3059 sed

242 3098 417 3155 runt,
461 3090 581 3144 aliis
634 3105 741 3144 non
792 3091 943 3145 exire
991 3090 1215 3159 januam
1250 3090 1490 3171 scientiae
1513 3129 1529 3156 ,
1575 3089 1824 3145 videlicet
1850 3094 1894 3155 C
1922 3106 2022 3163 per
2070 3106 2290 3145 manum
2354 3090 2503 3146 dicit.
2567 3090 2677 3145 Aut
2725 3089 2946 3145 omnino
3004 3090 3322 3160 dignitatem
3366 3091 3502 3163 legis

241 3180 452 3237 Christi
483 3180 788 3236 traditionis
828 3178 946 3248 ejus
984 3196 1081 3250 per
1105 3195 1171 3236 ea
1195 3196 1315 3250 quae
1341 3181 1486 3236 dicta
1521 3187 1648 3235 sunt
1688 3193 1827 3250 prae-

242 3273 413 3342 cepit,
440 3272 493 3326 id
519 3280 603 3327 est
624 3287 732 3327 non
762 3272 1062 3342 transgredi
1084 3286 1204 3326 eam
1225 3287 1389 3341 quam
1417 3272 1532 3341 ipse
1554 3269 1829 3326 mandavit

241 3362 712 3433 praedicationem,
726 3361 821 3417 sed
842 3360 996 3430 sequi
1015 3360 1356 3415 Dominicum
1376 3368 1707 3429 praeceptum
1728 3373 1828 3430 per

241 3455 472 3518 omnia;
512 3453 593 3508 sic
640 3452 782 3508 enim
828 3452 1194 3521 unusquisque
1235 3465 1344 3505 non
1395 3450 1677 3504 morietur.
1709 3449 1823 3505 Hoc

243 3545 621 3600 sacerdotibus
655 3545 911 3614 pmcepit
955 3544 1150 3613 quibus
1178 3552 1238 3599 ut
1283 3543 1557 3613 magistris
1603 3550 1659 3596 et
1688 3558 1828 3612 prte-

243 3637 583 3692 dimtoribus
618 3636 768 3690 verbi
797 3634 1158 3689 ministerium
1177 3649 1245 3688 ex
1282 3635 1424 3689 dono
1453 3631 1685 3702 Spiritus
1708 3646 1828 3687 cre-

244 3730 422 3784 ditum
455 3737 560 3792 est,
592 3727 659 3782 de
685 3741 792 3796 quo
816 3741 961 3781 nunc
983 3724 1256 3797 legislator
1282 3724 1394 3778 ait:
1427 3723 1612 3778 Oleum
1642 3723 1828 3792 quippe

243 3828 447 3873 sancta:
470 3818 729 3871 unctionis
758 3824 831 3870 est
869 3832 1026 3887 super
1068 3832 1177 3870 vos.
1205 3814 1374 3884 Hujus
1413 3822 1596 3868 autem
1621 3813 1830 3867 unctio-

244 3911 339 3963 nis
365 3909 619 3962 virtutem
647 3905 879 3961 Joannes
930 3905 1086 3961 nobis
1124 3903 1466 3974 Evangelista
1495 3903 1829 3957 demonstrat

246 3999 439 4052 dicens
466 4014 478 4049 :
513 3995 581 4049 Et
610 4012 700 4049 vos
729 3995 1022 4049 unctionem
1045 4010 1203 4064 quam
1234 3993 1502 4062 accepistis
1533 3991 1598 4044 ab
1618 4006 1678 4045 eo
1717 4007 1830 4044 ma-

248 4099 373 4143 neat
399 4089 457 4142 in
483 4089 651 4153 vobis,
679 4096 727 4140 et
752 4104 856 4141 non
890 4102 1096 4140 necesse
1114 4085 1314 4139 habetis
1336 4093 1391 4137 ut
1421 4083 1614 4155 aliquis
1642 4083 1828 4136 doceat

248 4196 362 4245 eos,
391 4179 483 4233 sed
526 4179 660 4232 sicut
700 4178 875 4230 unctio
901 4177 1013 4246 ejus
1051 4176 1198 4229 docet
1228 4191 1314 4230 vos
1345 4174 1408 4228 de
1457 4172 1694 4227 omnibus
1714 4212 1728 4237 ,
1779 4180 1828 4227 et

247 4285 429 4322 rerum
453 4276 614 4332 est,et
640 4282 742 4320 non
755 4274 831 4319 est
855 4264 1181 4318 mendacium
1204 4262 1384 4333 (Joan.
1415 4260 1499 4332 it).
1524 4260 1652 4315 Haec
1680 4259 1829 4330 Moy-

249 4374 341 4414 ses
358 4374 457 4428 per
481 4357 741 4427 Spiritum
766 4354 1110 4425 przecepit,et
1133 4352 1372 4408 Ecclesia
1408 4352 1661 4408 custodit.
1687 4352 1829 4420 Ergo

1926 3182 2213 3239 ostendere
2248 3180 2439 3245 voluit,
2469 3180 2564 3249 qui
2614 3181 2865 3249 exposuit
2899 3180 3115 3249 quidem
3160 3196 3281 3237 eam
3324 3178 3502 3250 Deus,

1927 3274 2146 3343 scripsit
2171 3280 2353 3327 autem
2380 3271 2610 3342 Moyses,
2638 3272 2850 3342 excepit
2881 3286 3012 3328 vero
3054 3286 3200 3339 eam,
3225 3273 3337 3330 Deo
3375 3288 3498 3344 qua;

1916 3361 2189 3431 disposita
2211 3370 2338 3415 sunt
2356 3359 2602 3429 jubente.

2502 3468 2729 3525 CAPUT
2780 3469 2941 3524 XVII.

1927 3561 2256 3633 Praeceptum
2282 3562 2525 3634 Domini,
2571 3561 2893 3634 quidfedere
2918 3561 3100 3616 debeat
3132 3562 3197 3616 de
3238 3564 3499 3634 sacriﬁcio

2365 3632 2546 3684 Aaron
2572 3629 2620 3684 et
2649 3630 2750 3698 ﬁlii
2785 3629 2919 3699 ejus,
2945 3640 3052 3686 etc.

1997 3742 2177 3814 (Imm)
2204 3741 2532 3812 Locutusque
2560 3750 2634 3795 est
2663 3740 2869 3811 Moyses
2890 3742 2960 3795 ad
2979 3742 3159 3797 Aaron
3182 3751 3229 3797 et
3252 3745 3322 3798 ad
3342 3744 3500 3799 Elea—

1928 3851 2022 3890 zar
2049 3843 2203 3904 atque
2230 3831 2491 3896 Ithamar,
2519 3830 2658 3900 ﬁlios
2696 3831 2811 3901 ejus
2837 3833 2927 3902 qui
2956 3832 3152 3887 residui
3176 3843 3344 3888 erant.
3374 3834 3495 3889 Τοι-

1927 3925 2017 3979 lite
2043 3923 2362 3993 sacriﬁcium
2384 3920 2523 3993 quod
2553 3922 2804 3975 remansit
2846 3920 2911 3975 de
2944 3921 3205 3977 oblatione
3250 3923 3496 3992 Domini,

1926 4027 1975 4071 et
2000 4016 2250 4071 comedite
2280 4014 2415 4068 illud
2441 4013 2633 4084 absque
2674 4013 2926 4083 fermento
2968 4014 3129 4083 juxta
3166 4014 3351 4079 altare,
3375 4017 3501 4087 quia

1927 4119 2167 4163 sanctum
2219 4115 2523 4160 sanctorum
2567 4114 2662 4158 est.
2720 4101 3011 4157 Comedetis
3061 4113 3236 4157 autem
3280 4106 3336 4158 in
3379 4105 3495 4159 loco

1927 4206 2106 4251 sancto
2131 4195 2270 4267 quod
2309 4194 2490 4247 datum
2512 4201 2587 4247 est
2615 4193 2708 4245 tibi
2729 4202 2775 4246 et
2806 4191 2933 4259 [iliis
2973 4193 3076 4245 tuis
3118 4194 3183 4246 de
3219 4192 3501 4247 oblationi-

1928 4288 2023 4341 bus
2052 4285 2296 4349 Domini,
2342 4284 2477 4337 sicut
2503 4291 2816 4352 prarceptum
2849 4291 2945 4335 est.
2974 4279 3342 4336 Pectusculum
3365 4300 3499 4354 quo-

1927 4392 2026 4448 que
2051 4374 2191 4446 quod
2228 4374 2460 4428 oblatum
2510 4382 2586 4425 est
2629 4382 2678 4424 et
2726 4386 2931 4424 annum
2956 4372 3048 4441 qui
3069 4383 3342 4442 separatus
3388 4384 3501 4443 est,

248 4456 648 4518 consequenter
676 4446 951 4517 legislator
971 4444 1205 4500 subdidit
1230 4461 1244 4499 :
1279 4442 1384 4509 Qui
1414 4442 1648 4512 fecerunt
1664 4442 1826 4510 juxta
1853 4434 1905 4493 D
1931 4434 2094 4520 ξαειά
2115 4466 2172 4517 ίη
2191 4462 2304 4516 loco
2331 4463 2699 4526 mundissimo,
2745 4469 2802 4513 ιη
2826 4469 2873 4514 ει
2899 4434 2999 4529 Im",-
3026 4434 3134 4525 ,αξξ
3148 4478 3213 4515 π
3241 4461 3369 4531 Μία,
3394 4434 3502 4520 ma;

248 4548 567 4613 prteceptum
597 4536 790 4606 Moysi.

840 4604 1066 4661 CAPUT
1104 4604 1242 4659 XVI.

254 4678 409 4746 Quod
439 4678 620 4732 Aaron
645 4684 693 4730 et
725 4674 824 4744 ﬁlii
852 4678 966 4745 ejus
997 4692 1099 4746 non
1127 4674 1293 4746 bibunt
1320 4673 1495 4726 vinum
1524 4685 1642 4724 cum
1662 4669 1829 4739 ingre-

714 4743 931 4798 diuntur
951 4743 1361 4798 tabernaculum.

328 4838 499 4912 (1310.)
534 4837 677 4891 Dixit
703 4852 903 4907 quoque
926 4834 1178 4888 Dominus
1208 4833 1276 4887 ad
1305 4832 1521 4885 Aaron:
1561 4829 1825 4885 Vinumtet

255 4947 403 4985 omne
425 4929 566 5001 quod
596 4927 853 4981 inebriare
878 4936 1042 4997 potest
1074 4942 1176 4979 non
1206 4925 1406 4989 bibetis,
1435 4934 1492 4977 tu
1515 4932 1566 4977 et
1600 4922 1700 4992 ﬁlii
1727 4922 1825 4988 tui,

254 5022 460 5092 quando
488 5020 701 5072 intratis
730 5018 786 5071 in
838 5014 1230 5069 tabernaculum
1277 5014 1582 5078 testimonii,
1608 5028 1673 5066 ne
1711 5027 1827 5065 mo-

256 5113 502 5166 riamini:
536 5111 675 5176 Quia
700 5117 1014 5178 prcrceptum
1039 5116 1113 5160 est
1133 5106 1502 5176 sempiternum
1530 5105 1585 5159 in
1612 5120 1829 5175 genera-

256 5204 418 5257 tiones
452 5212 650 5257 vestras
672 5241 687 5266 ,
731 5210 779 5253 et
817 5208 871 5252 ut
911 5198 1144 5251 habeatis
1190 5198 1460 5251 scientiam
1502 5195 1830 5250 discernendi

256 5294 392 5347 inter
415 5302 655 5347 sanctum
676 5299 723 5343 et
747 5289 1049 5360 profanum,
1078 5298 1125 5341 et
1155 5289 1290 5341 inter
1323 5288 1580 5358 pollutum
1607 5296 1655 5341 et
1677 5301 1830 5340 mun-

257 5385 402 5451 dum,
432 5383 764 5453 doceatisque
812 5380 951 5449 ﬁlios
982 5379 1154 5434 Israel
1198 5380 1372 5433 omnia
1414 5379 1644 5449 legitima
1681 5395 1826 5442 mea,

258 5493 374 5542 qua:
410 5477 614 5530 locutus
648 5484 725 5528 est
750 5473 1005 5527 Dominus
1045 5472 1112 5526 ad
1146 5489 1233 5525 eos
1273 5487 1365 5541 per
1385 5486 1600 5523 manum
1632 5469 1828 5539 Moysi.

264 5567 368 5636 (Ea:
394 5567 700 5638 Hesychia.)
733 5567 883 5621 llamc
920 5583 1087 5637 usque
1114 5583 1256 5622 nunc
1284 5567 1454 5635 legem
1483 5566 1535 5620 in
1577 5564 1833 5620 Ecciesiis

262 5655 470 5713 invenis
499 5656 780 5712 custodiri.
836 5654 1017 5725 Neque
1055 5657 1197 5711 enim
1249 5656 1393 5710 omni
1428 5655 1586 5711 modo
1629 5669 1661 5708 a
1706 5654 1833 5710 vino

1934 4565 2120 4609 tecum.
2156 4551 2270 4605 Tibi
2291 4552 2429 4605 enim
2458 4567 2519 4604 ac
2546 4549 2724 4604 liberis
2756 4548 2860 4603 tuis
2888 4548 3113 4620 reposita
3140 4559 3261 4605 sunt
3304 4553 3368 4607 de
3410 4554 3505 4607 ho-

1933 4652 2046 4706 stiis
2071 4648 2393 4705 salutaribus
2426 4646 2660 4716 ﬁliorum
2705 4645 2895 4709 Israel,
2920 4660 2981 4699 eo
3020 4643 3158 4715 quod
3201 4661 3406 4699 armum
3455 4656 3505 4701 et

1930 4751 2107 4812 pectus
2135 4748 2183 4793 et
2221 4738 2398 4807 adipes
2438 4736 2526 4808 qui
2554 4744 2853 4789 cremantur
2888 4734 2946 4786 in
2989 4732 3149 4786 altari
3190 4732 3371 4787 elevati
3402 4743 3503 4794 sint

1931 4848 2108 4887 coram
2123 4830 2363 4893 Domino,
2393 4838 2441 4881 et
2468 4828 2722 4897 pertinent
2748 4825 2817 4878 ad
2844 4834 2893 4879 te
2920 4833 2968 4877 et
2994 4824 3064 4877 ad
3089 4824 3228 4893 ﬁlios
3258 4835 3375 4879 tuos
3397 4826 3505 4897 lege

1908 4932 2170 4995 perpetua
2197 4921 2330 4973 sicut
2350 4917 2591 4989 praecepit
2615 4917 2887 4969 Dominus.
2917 4914 3026 4986 (Ea:
3042 4913 3347 4985 Hesychia.)
3368 4914 3503 4981 Quia

1925 5009 2298 5083 pectusculum
2322 5004 2702 5062 conﬁdentiam
2757 5002 3098 5058 oll'erentium
3130 5009 3186 5056 et
3211 5001 3373 5057 ﬁdem
3425 5000 3501 5056 si-

1929 5102 2166 5172 gniﬁcat,
2203 5110 2258 5156 et
2300 5099 2581 5155 brachium
2608 5097 2889 5166 promissae
2937 5094 3006 5148 ab
3031 5095 3112 5149 eis
3138 5093 3502 5150 convensatio-

1929 5195 2019 5249 nis
2043 5194 2314 5248 actionem
2340 5199 2396 5245 et
2444 5189 2857 5250 correctionem,
2886 5187 3022 5241 satis
3068 5201 3099 5239 a
3134 5185 3291 5240 nobis
3319 5185 3374 5238 in
3415 5181 3501 5236 his

1931 5301 2050 5357 quae
2079 5286 2146 5341 de
2165 5282 2433 5340 sacriﬁcio
2457 5280 2803 5351 paciﬁcotvum
2831 5293 2926 5333 seu
2957 5276 3178 5332 salutari
3206 5291 3306 5346 per
3319 5281 3503 5343 partes

1931 5378 2172 5432 discussa
2197 5385 2343 5437 sunt,
2377 5373 2803 5426 demonstratum
2861 5377 2976 5433 est;
3024 5367 3117 5422 sed
3148 5362 3500 5433 quamobrem
3542 5370 3547 5374 '

1933 5468 2114 5520 Aaron
2142 5472 2195 5518 et
2221 5463 2342 5517 ﬁliis
2368 5461 2485 5531 ejus
2506 5477 2570 5516 ea
2598 5475 2716 5530 quae
2739 5460 2882 5515 dicta
2916 5465 3044 5512 sunt
3069 5452 3364 5523 deputavit,
3392 5448 3502 5507 illic

1932 5568 1990 5617 et
2016 5573 2201 5614 eorum
2250 5557 2395 5613 enim
2425 5556 2773 5611 distractione
2807 5552 3080 5623 legislator
3104 5544 3371 5613 exposuit.
3403 5544 3502 5601 Sa-

1908 5651 2197 5708 ‘criﬁcium
2227 5650 2371 5705 enim
2402 5648 2545 5719 quod
2573 5646 2828 5703 remansit
2864 5645 2929 5700 de
2969 5638 3241 5696 oblatione
3266 5636 3380 5693 sive
3424 5639 3498 5693 ab
