3954 6176
210 268 329 326 549

1123 269 1628 331 mosmones
1661 256 1736 332 in
1767 278 2166 336 stmcuu.
2205 312 2277 322 _
2309 278 2441 338 LIB.
2463 247 2545 338 ’τι

3373 297 3478 353 550

211 386 537 442 holocausta
569 397 690 447 sua,
713 379 765 436 id
789 389 889 446 est,
925 382 1052 452 quia
1080 393 1201 454 post
1227 387 1514 441 adventum
1545 387 1792 442 Salvato-
1818 395 1870 450 Α
1898 391 2094 458 quaerit
2132 408 2253 448 eam
2291 395 2378 450 lex
2419 405 2474 452 et
2511 411 2619 452 non
2664 397 2888 456 invenit.
2921 401 3182 459 Ambusta
3219 419 3305 463 est
3331 411 3477 464 enim

212 474 567 545 ris-deputati
621 481 747 528 sunt
772 473 1080 528 ministrare
1113 483 1168 529 et
1188 474 1381 530 offerre
1406 491 1506 546 pro
1533 478 1801 546 poeniten-

211 567 330 632 tia,
358 574 413 620 et
441 563 866 636 philosophicam
905 564 1072 618 vitam
1120 579 1410 634 exponere,
1441 567 1546 621 alia
1599 569 1799 623 docen-

212 665 301 714 tes
349 655 666 726 deprehensi
695 663 822 709 sunt
852 664 908 709 et
937 655 1063 709 talia
1092 655 1145 709 in
1191 657 1270 711 eis
1308 656 1565 712 Ecclesiae
1592 659 1801 714 accide-

212 756 368 812 runt,
393 756 453 802 ut
499 746 838 801 sacerdotum
882 755 937 801 et
970 746 1351 817 magistrorum
1408 748 1618 820 lugeret
1645 758 1702 804 et
1733 765 1796 804 ex

210 839 552 910 blasphemia
604 838 946 893 accedentem
1005 847 1266 903 mortem,
1323 848 1470 894 recte
1515 839 1800 896 comedere

212 933 376 987 hodie
411 948 510 1002 pro
545 939 767 1001 peccato
809 947 917 986 non
957 933 1151 1000 potuit,
1191 947 1292 987 nec
1345 933 1642 987 orationem
1672 933 1800 988 ade-

210 1034 304 1094 pta
335 1032 419 1078 est
459 1023 776 1092 pmnitentia
809 1063 824 1087 ,
871 1023 998 1091 quia
1027 1023 1250 1077 Domino
1297 1023 1546 1078 videlicet
1580 1023 1797 1080 Christo

211 1116 551 1184 displicebat.
577 1115 889 1168 Tractemus
915 1129 1044 1184 ergo
1065 1115 1236 1184 ipsum
1264 1115 1461 1170 locum.
1479 1116 1796 1173 Immolatus

120 1231 137 1250 ο
209 1215 328 1258 erat
384 1206 560 1258 hircus
589 1220 682 1273 pro
723 1213 932 1272 peccato
956 1245 970 1269 ,
1002 1213 1050 1258 et
1081 1205 1283 1258 oblatus
1326 1207 1379 1259 in
1411 1208 1792 1263 holocaustum.

211 1295 467 1361 Qua'sirit
490 1313 608 1349 eum
653 1308 831 1365 postea
861 1295 1065 1366 Moyses
1108 1307 1156 1351 et
1207 1299 1503 1354 combustus
1541 1311 1674 1356 erat.
1724 1302 1795 1356 Et

207 1388 382 1440 iratus
407 1397 482 1440 est
511 1387 716 1456 Moyses
743 1388 812 1441 ad
837 1389 974 1457 ﬁlios
1001 1390 1177 1445 Aaron
1206 1391 1434 1446 Eleazar
1453 1404 1500 1447 et
1532 1394 1792 1461 Ithamar,

207 1480 297 1548 qui
344 1479 748 1548 superfuerant,
805 1480 980 1534 dicens
1015 1495 1032 1532 :
1074 1481 1250 1546 Quare
1297 1501 1400 1538 non
1435 1487 1794 1541 manducastis

207 1570 351 1636 quod
373 1586 468 1638 pro
495 1578 704 1639 peccato
733 1569 962 1622 oblatum
988 1581 1062 1625 est
1087 1573 1140 1625 in
1160 1572 1274 1626 loco
1294 1577 1504 1629 sancto?
1529 1575 1793 1641 Quoniam

207 1659 418 1728 quidem
445 1667 628 1712 sancta
658 1667 957 1718 sanctorum
987 1668 1142 1725 sunt,
1187 1661 1285 1714 hoc
1313 1663 1450 1716 vobis
1472 1665 1794 1719 manducare

1899 476 2112 533 fervore
2149 489 2204 534 et
2238 481 2385 537 fumo
2425 483 2748 554 iniquitatis,
2799 497 2856 543 et
2893 489 3194 561 indignatio
3225 497 3469 562 quedam

1898 567 2030 637 legis
2059 581 2324 626 movetur.
2371 574 2514 629 Dicit
2539 575 2747 646 Moyses
2774 579 3138 637 devorandum
3168 583 3335 641 fuisse
3361 605 3473 658 pa:-

1897 660 2178 716 nitentiam
2224 663 2280 716 in
2325 663 2540 722 Sanctis
2589 679 2920 726 sanctorum.
2955 673 3280 734 Sacerdotes
3319 684 3474 750 quasi

1898 749 2176 818 segniores
2202 751 2465 824 increpat.
2507 757 2804 826 Respondit
2839 762 3018 819 Aaron
3065 749 3350 835 providum
3378 772 3473 825 de-

1896 836 2026 892 bere
2077 856 2196 895 esse
2239 841 2500 910 judicium
2555 850 2907 918 sacerdotale,
2962 871 3060 910 nec
3112 857 3268 913 facile
3318 861 3471 916 make

1898 943 2044 984 sana:
2070 933 2413 989 conscientize
2437 941 2882 997 committendum
2907 945 2960 999 id
2993 950 3254 1012 muneris,
3283 966 3350 1004 ne
3381 951 3474 1004 ﬁat

1896 1033 2052 1074 error
2082 1023 2317 1078 deterior
2344 1029 2544 1096 priore.
2594 1031 2728 1086 Vase
2760 1035 2905 1087 enim
2950 1036 3137 1104 fetido,
3170 1040 3253 1094 vel
3294 1041 3472 1096 oleum

1895 1111 1982 1165 vel
2008 1113 2192 1167 vinum
2239 1115 2390 1170 facile
2416 1123 2783 1190 corrumpitur
2811 1140 2874 1179 ac
2913 1126 3293 1183 deterioratur.
3333 1130 3475 1197 Quo.

1895 1205 2055 1258 modo
2080 1215 2258 1260 autem
2286 1218 2517 1277 poterat,
2565 1213 2658 1267 ubi
2687 1214 2824 1284 ignis
2863 1217 3069 1274 alienus
3111 1230 3250 1285 erat,
3280 1237 3475 1290 pecca-

1896 1305 2008 1351 tum
2037 1301 2211 1366 exuri,
2242 1312 2295 1356 et
2325 1303 2429 1358 hoc
2457 1306 2555 1359 sub
2586 1317 2878 1376 conspectu
2920 1311 3150 1374 Domini,
3185 1315 3270 1368 cui
3300 1323 3354 1369 et
3381 1331 3475 1371 ocd

1896 1385 2037 1440 culta
2069 1397 2197 1442 sunt
2230 1392 2478 1459 cognita?
2513 1391 2762 1464 Nunquid
2799 1407 2976 1466 potest
3003 1400 3218 1469 placere
3245 1403 3475 1460 Domino

1899 1483 1944 1538 si
1974 1486 2096 1554 quis
2123 1501 2243 1540 cum
2279 1489 2454 1544 adhuc
2481 1502 2732 1546 versetur
2770 1494 2824 1547 in
2870 1495 3277 1564 iniquitatibus,
3308 1508 3359 1553 et
3392 1499 3477 1553 in-

1887 1569 2152 1638 justitiam
2179 1576 2342 1630 corde
2372 1578 2636 1633 inclusam
2681 1590 2877 1648 teneat,
2911 1584 3053 1639 dicat
3082 1601 3140 1639 se
3170 1601 3332 1656 agere
3361 1603 3479 1658 pae-

1896 1663 2220 1719 nitentiam?
2249 1666 2438 1722 Simile
2467 1678 2552 1724 est
2589 1687 2653 1726 ac
2679 1673 2725 1726 si
2753 1675 2873 1742 quis
2902 1691 3047 1745 (eger
3081 1691 3272 1730 sanum
3304 1693 3362 1733 se
3402 1679 3479 1732 si-

207 1751 437 1819 oportuit
469 1791 483 1812 ,
533 1759 589 1803 ut
616 1749 870 1818 auferetis
917 1761 1181 1819 peccatum
1207 1770 1484 1824 synagoga:
1508 1795 1523 1819 ,
1571 1766 1616 1809 et
1650 1755 1791 1811 intus
1822 1729 1868 1787 Β
1899 1752 2083 1815 malet.
2116 1756 2288 1826 magis
2315 1760 2594 1826 a‘grotabit
2614 1801 2629 1825 ,
2680 1763 2806 1830 quia
2841 1729 2979 1818 nihil
2997 1766 3048 1819 ei
3089 1767 3346 1835 prodesse
3376 1784 3475 1838 po-

206 1839 636 1892 manducandum
685 1855 812 1903 esse,
839 1841 973 1892 sicut
1013 1841 1139 1893 mihi
1182 1851 1492 1910 prwceptum
1532 1851 1626 1896 est.
1657 1843 1791 1896 Ait:

207 1925 341 1980 Cum
358 1945 482 1997 ergo
504 1929 696 1980 iratum
721 1945 836 1981 eum
861 1929 1068 1984 vidisset
1089 1929 1508 2000 Aaron,placide
1529 1933 1792 2003 respondit

209 2016 258 2069 ei
281 2031 299 2067 :
334 2014 396 2070 Si
446 2017 598 2070 hodie
639 2016 917 2071 obtulerint
939 2035 1033 2088 pro
1083 2027 1295 2088 peccato
1347 2037 1442 2074 suo
1484 2020 1792 2077 holocausta

206 2122 303 2158 sua
331 2117 513 2158 contra
543 2105 844 2169 Dominum,
876 2116 925 2162 et
974 2108 1277 2163 acciderunt
1306 2111 1434 2164 mihi
1461 2111 1611 2176 talia,
1635 2130 1790 2168 man-

206 2194 411 2248 darabo
433 2195 574 2264 quod
620 2212 712 2263 pro
741 2207 950 2266 peccato
975 2199 1129 2252 Itodie
1173 2199 1498 2265 obtulerunt,
1557 2205 1792 2274 nunquid

206 2281 427 2351 placebit
463 2283 726 2338 Domino?
765 2284 835 2338 Et
863 2286 1060 2341 audivit
1090 2286 1327 2358 Moyses,
1376 2300 1424 2344 et
1461 2290 1656 2360 placuit
1687 2292 1789 2346 illi.

207 2371 346 2439 Quid
395 2373 499 2427 ista
542 2374 846 2445 significent
902 2377 1326 2435 consideremus.
1373 2378 1519 2435 Nihil
1567 2397 1793 2451 peccare

209 2464 373 2518 solius
418 2472 501 2518 est
544 2464 659 2530 Dei,
686 2467 978 2522 emendare
1026 2469 1285 2538 sapientis
1316 2479 1402 2527 est
1435 2480 1491 2526 et
1517 2474 1793 2545 corrigere

210 2564 475 2619 erratum,
525 2563 581 2609 et
607 2557 980 2626 paenitentiam
1015 2575 1205 2630 gerere
1235 2565 1441 2632 peccati
1467 2579 1482 2617 :
1510 2566 1562 2619 id
1610 2569 1792 2622 tamen

210 2651 292 2697 est
351 2643 566 2698 difficile
619 2646 674 2700 in
743 2647 846 2702 hac
905 2649 1014 2702 vita
1080 2651 1382 2707 hominum.
1437 2654 1576 2720 Quid
1645 2658 1791 2713 enim

210 2742 320 2787 tam
388 2749 575 2788 rarum
631 2751 794 2805 quam
855 2745 916 2792 ut
986 2739 1232 2796 invenias
1293 2744 1472 2798 virum
1541 2747 1635 2815 qui
1703 2763 1790 2802 se-

210 2825 387 2894 ipsum
411 2836 671 2896 eoarguat
717 2835 772 2882 et
807 2825 1009 2883 factum
1053 2831 1376 2887 condemnet
1413 2837 1602 2890 suum?
1648 2837 1792 2892 Rara

208 2913 392 2982 itaque
435 2915 702 2971 confessio
728 2918 792 2972 de
833 2928 1074 2989 peccato,
1115 2938 1239 2977 rara
1268 2924 1612 2993 pmnitentia,
1665 2946 1790 2985 rara

209 3001 262 3055 in
322 3003 630 3058 hominibus
682 3007 826 3060 verbi
869 3005 983 3074 ejus
1026 3011 1275 3065 assertio.
1315 3012 1599 3084 Repugnat
1644 3018 1788 3072 enim

208 3102 426 3159 natura,
466 3103 729 3165 repugnat
766 3101 1090 3154 verecundia
1123 3120 1136 3154 :
1165 3111 1380 3169 natura,
1427 3106 1554 3174 quia
1602 3122 1788 3163 omnes

209 3185 310 3238 sub
333 3193 579 3253 peccato,
607 3197 662 3241 et
684 3189 776 3257 qui
801 3204 1019 3244 carnem
1040 3193 1176 3262 gerit
1197 3194 1366 3256 culpa:
1388 3199 1657 3254 obnoxius
1682 3210 1788 3268 est,

207 3289 341 3346 ergo
392 3285 654 3348 repugnat
698 3287 890 3334 natura
947 3283 1128 3337 carnis
1163 3291 1219 3338 et
1271 3285 1522 3342 illecebra
1571 3291 1786 3358 saeculi;

209 3367 532 3421 innocentiae
569 3369 971 3441 integritatique
1015 3384 1280 3445 repugnat
1315 3379 1480 3432 etiam
1520 3395 1785 3436 verecun-

211 3459 320 3522 dia,
361 3459 487 3529 quia
523 3461 794 3516 erubescit
840 3466 1208 3535 unusquisque
1254 3471 1528 3538 propriam
1576 3474 1787 3543 culpam

212 3549 391 3613 fateri,
436 3552 563 3606 dum
607 3555 892 3621 praesentia
933 3557 1103 3626 magis
1146 3573 1308 3628 quam
1340 3562 1516 3615 futura
1563 3565 1782 3634 cogitat.

213 3639 473 3696 Studebat
523 3651 700 3698 autem
756 3643 966 3715 Moyses
1018 3650 1223 3717 peccati
1273 3666 1497 3708 vacuam
1552 3657 1789 3726 reperire

217 3731 472 3797 animam,
501 3742 561 3786 ut
589 3735 811 3789 exuvias
835 3737 1038 3791 erroris
1051 3738 1361 3808 deponeret,
1377 3750 1426 3797 et
1452 3745 1787 3814 nudaculpae

211 3822 326 3876 sine
370 3823 481 3876 ullo
522 3825 604 3878 sui
642 3827 848 3894 pudore
893 3827 1222 3895 discederet;
1272 3834 1363 3886 sed
1408 3849 1512 3888 non
1559 3835 1782 3901 invenit,

211 3911 336 3981 quia
363 3913 475 3967 cito
503 3913 734 3983 impetus
761 3917 1150 3975 irrationabilis
1173 3925 1451 3991 pnevcnit,
1483 3934 1540 3981 et
1572 3925 1786 3985 ﬂamma

215 4003 456 4072 quaedam
486 4003 754 4059 celerrimi
782 4016 958 4062 motus
988 4009 1225 4064 animam
1267 4011 1589 4083 depascitur,
1625 4029 1787 4088 atque

215 4093 389 4146 exurit
406 4095 526 4164 ejus
553 4095 937 4152 innocentiam.
964 4097 1387 4168 Praeponderant
1411 4106 1557 4160 enim
1590 4108 1787 4167 futuris

213 4185 516 4252 praesentia,
551 4194 607 4239 et
627 4187 861 4241 violenta
907 4188 1218 4257 moderatis,
1258 4201 1314 4247 et
1336 4195 1491 4264 plura
1518 4201 1789 4267 pauciori-

215 4275 330 4339 bus,
359 4282 416 4329 et
437 4273 674 4342 jucunda
707 4277 884 4343 seriis,
913 4287 968 4332 et
996 4281 1204 4349 asperis
1231 4283 1431 4349 mollia,
1459 4295 1513 4341 et
1543 4289 1787 4346 tristibus

1895 1851 2004 1898 test
2028 1845 2302 1917 simulatio
2327 1850 2598 1916 sanitatis,
2625 1868 2749 1906 cum
2775 1855 2943 1910 verbo
2965 1857 3337 1920 adumbretur,
3367 1874 3473 1913 non

1895 1932 2004 1988 ullo
2033 1934 2290 1991 fulciatur
2315 1939 2555 1994 subsidio
2585 1941 2823 1997 virtutis.
2855 1943 3000 2014 Ignis
3045 1945 3226 2015 itaque
3267 1947 3477 2003 alienus

1895 2032 1979 2078 est
2003 2023 2189 2090 libido,
2216 2026 2354 2096 ignis
2379 2028 2589 2085 alienus
2616 2038 2700 2084 est
2732 2047 2896 2088 omne
2921 2034 3135 2104 iniustae
3166 2036 3474 2090 incendium

1895 2113 2227 2184 cupiditatis,
2279 2118 2420 2187 ignis
2469 2128 2554 2174 est
2600 2123 2778 2176 omnis
2828 2124 2994 2178 ardor
3043 2127 3306 2180 avaritiae.
3361 2126 3475 2182 Hoc

1896 2204 2003 2273 igni
2024 2221 2185 2261 nemo
2205 2209 2512 2273 mundatur,
2537 2211 2632 2265 sed
2661 2213 2926 2268 exuritur.

1964 2294 2098 2350 Nam
2114 2297 2206 2352 ubi
2228 2298 2331 2354 iste
2357 2300 2496 2370 ignis
2524 2301 2734 2357 alienus
2753 2311 2859 2369 est,
2883 2304 2928 2358 si
2957 2305 3078 2374 quis
3103 2306 3159 2360 in
3181 2316 3474 2377 conspectu

1895 2399 1954 2438 se
1977 2384 2171 2440 offerat
2197 2386 2436 2455 Domini,
2465 2390 2606 2460 ignis
2630 2406 2754 2446 eum
2785 2393 3023 2450 caelestis
3050 2397 3305 2463 absumit,
3335 2398 3478 2452 sicut

1892 2477 2032 2532 Abiu
2061 2487 2115 2534 et
2150 2479 2358 2545 Nadab,
2386 2498 2524 2552 quos
2567 2485 2777 2539 exussit
2819 2486 2960 2556 ignis
2985 2487 3242 2550 caelestis,
3274 2490 3479 2558 pariter

1893 2581 2016 2624 cum
2046 2571 2130 2626 his
2155 2586 2274 2640 quae
2301 2588 2401 2642 pro
2420 2584 2646 2644 peccato
2677 2577 2850 2631 sacris
2891 2576 3108 2632 fuerant
3133 2579 3312 2633 oblata
3341 2580 3478 2634 alta-

1894 2660 2065 2716 ribus.
2120 2661 2223 2728 Qui
2276 2679 2406 2735 ergo
2447 2664 2565 2720 vult
2613 2667 2877 2721 mundare
2939 2677 3219 2738 peccatum
3269 2685 3472 2736 suum,

1895 2751 2072 2821 ignem
2111 2769 2140 2807 a
2177 2770 2236 2810 se
2273 2765 2546 2812 removeat
2571 2759 2825 2824 alienum,
2865 2758 2940 2814 illi
2972 2760 3071 2814 soli
3095 2761 3202 2831 igni
3236 2777 3294 2816 se
3336 2760 3473 2817 olfe-

1893 2850 1994 2904 rat,
2028 2845 2121 2912 qui
2162 2845 2374 2914 culpam
2420 2862 2526 2901 non
2570 2849 2841 2903 hominem
2885 2851 3086 2903 exurit.
3128 2850 3229 2916 Qui
3267 2852 3337 2905 sit
3370 2851 3476 2907 iste

1894 2932 2054 3001 ignis,
2082 2935 2207 2987 audi
2237 2934 2505 2990 dicentem
2535 2954 2548 2990 :
2581 2937 2719 3002 Quia
2741 2939 2897 2992 Iesus
2925 2939 3152 3008 baptizat
3179 2942 3236 2996 in
3267 2943 3473 3012 Spiritu

1892 3033 2074 3077 sancto
2130 3033 2179 3077 et
2222 3025 2340 3094 igne
2385 3026 2578 3096 (Joan.
2605 3026 2676 3098 ι).
2711 3027 2812 3084 llic
2845 3037 2930 3083 est
2956 3031 3098 3101 ignis
3120 3033 3210 3101 qui
3252 3034 3476 3088 siccavit

1893 3129 2193 3170 emorousa:
2232 3131 2331 3185 per
2362 3117 2642 3172 duodecim
2667 3133 2838 3174 annos
2867 3122 3184 3189 sanguinem
3205 3123 3474 3197 profluen-

1895 3212 2034 3268 tem;
2069 3204 2157 3259 hic
2180 3213 2267 3260 est
2291 3206 2383 3275 qui
2411 3216 2690 3275 peccatum
2713 3207 2925 3262 Zachaei
2957 3210 3179 3264 abstulit
3204 3212 3432 3266 dicentis
3452 3257 3470 3280 ,

1890 3292 2028 3362 quod
2056 3293 2333 3348 dimidium
2364 3296 2616 3349 bonorum
2643 3314 2860 3351 suorum
2889 3297 3036 3351 daret
3060 3300 3394 3369 pauperibus,
3423 3311 3473 3354 et

1889 3382 1936 3434 si
1963 3383 2048 3435 cui
2073 3383 2359 3454 quidquam
2391 3384 2622 3449 abstulit,
2657 3386 2893 3440 redderet
2930 3387 3283 3458 quadruplum
3315 3388 3469 3460 (Luc.

1889 3470 2039 3540 xu).
2082 3471 2181 3526 Hic
2229 3480 2313 3528 est
2367 3473 2506 3543 ignis
2535 3474 2628 3544 qui
2675 3475 2932 3530 abstersit
2968 3475 3178 3544 culpam
3219 3476 3467 3532 latronis.

1879 3562 2030 3632 lgnis
2071 3565 2216 3618 enim
2260 3579 2587 3620 consumens
2627 3575 2731 3630 est,
2765 3567 2858 3637 qui
2885 3567 3022 3622 dixit
3054 3569 3124 3633 ei,
3159 3567 3332 3622 Hodie
3361 3586 3472 3623 me-

1889 3669 2007 3706 cum
2033 3655 2136 3706 eris
2160 3654 2217 3706 in
2236 3654 2483 3722 paradiso
2504 3653 2654 3725 (Luc.
2685 3656 2865 3725 xxm).
2899 3657 3022 3711 Illos
3050 3658 3234 3727 itaque
3255 3660 3470 3714 sanavit

1890 3744 1943 3797 in
1965 3743 2159 3812 quibus
2189 3743 2486 3812 simplicem
2509 3752 2565 3798 et
2597 3760 2787 3814 puram
2819 3747 3020 3815 reperit
3045 3746 3465 3814 confessionem,

1889 3831 2022 3886 nihil
2054 3831 2372 3903 malignum,
2405 3832 2537 3887 nihil
2567 3831 2990 3888 fraudulentum.
3027 3834 3271 3906 Denique
3295 3835 3465 3893 Judas

1889 3923 1955 3978 ad
2001 3923 2295 3978 remedium
2339 3923 2625 3993 pervenire
2671 3939 2778 3978 non
2830 3925 3007 3994 potuit
3053 3940 3175 3980 cum
3219 3927 3463 3982 diceret:

1887 4009 2283 4082 Peccavi,quod
2328 4013 2636 4067 tradiderim
2675 4015 2983 4082 sanguinem
3006 4015 3214 4085 justum
3246 4015 3463 4086 (Matth.

1886 4101 2080 4174 xxvn),
2111 4103 2235 4170 quia
2264 4103 2498 4158 alienum
2529 4103 2706 4172 ignem
2733 4103 2982 4158 volvebat
3012 4105 3062 4158 in
3096 4112 3314 4173 pectore
3341 4121 3462 4170 suo,

1887 4192 1980 4262 qui
2023 4206 2147 4246 eum
2188 4189 2541 4246 inﬂammavit
2587 4194 2655 4247 ad
2701 4193 2971 4262 laqueum.
3019 4194 3272 4264 Indignus
3321 4196 3464 4249 enim

1887 4281 2128 4335 remedio
2175 4280 2300 4344 fuit,
2355 4281 2482 4349 quia
2532 4296 2639 4335 non
2687 4281 2880 4334 intimo
2930 4282 3129 4336 mentis
3173 4297 3468 4338 conversus

217 4364 330 4420 beta
348 4407 362 4431 ,
424 4375 480 4421 et
525 4367 841 4423 illecebrosa
901 4370 1245 4441 rigidioribus
1272 4415 1286 4439 ,
1339 4384 1395 4430 et
1439 4393 1784 4451 praepropera
1813 4416 1865 4474 D
1891 4369 2151 4438 ὶηευιηυίι
2175 4377 2230 4422 ει
2259 4369 2445 4424 sedum
2471 4370 2636 4474 Sessj‘
2656 4369 3078 4474 Ραθηίῐθηίίθξηο·
3105 4371 3291 4474 Timui
3321 4372 3467 4426 οηῖῐη

218 4458 561 4513 tardioribus.
603 4458 770 4514 Velox
800 4461 942 4514 enim
989 4470 1074 4516 est
1118 4462 1376 4533 iniquitas
1423 4483 1542 4536 quae
1590 4471 1657 4524 ad
1687 4487 1787 4526 no-

218 4550 439 4604 cendum
466 4551 779 4606 occasiones
807 4553 1064 4622 suggerit.
1098 4553 1236 4619 Quia
1267 4555 1458 4612 veloces
1492 4561 1646 4629 pedes
1672 4563 1786 4632 ejus

219 4639 282 4692 ad
331 4640 709 4709 eﬁ'undendum
777 4643 1099 4712 sanguinem.
1160 4643 1329 4698 Lenta
1381 4655 1562 4703 autem
1617 4651 1788 4708 virtus

220 4735 390 4789 omnis
431 4743 487 4790 et
526 4735 779 4790 diuturna
832 4739 1135 4792 cunctatrix
1195 4739 1545 4808 antejudicat,
1590 4750 1645 4799 et
1695 4745 1788 4800 ad-

219 4826 432 4881 orienda
458 4828 650 4898 incipit
681 4847 694 4881 :
729 4830 800 4883 ita
839 4845 991 4884 mens
1011 4831 1137 4886 boni
1169 4831 1495 4900 speculatrix
1533 4834 1787 4890 consilio-

221 4930 334 4968 rum
361 4933 584 4972 suorum
613 4926 714 4983 est,
763 4920 1020 4989 priusque
1048 4920 1323 4974 examinat
1365 4922 1494 4992 quid
1531 4923 1788 4989 decorum

221 5013 376 5075 atque
420 5007 728 5061 honestum.
787 5007 1047 5076 lniquitas
1087 5022 1216 5063 vero
1263 5024 1426 5078 opere
1475 5011 1787 5082 cogitationi

221 5097 522 5150 antevertit.
553 5095 713 5166 Pigra
735 5097 899 5167 igitur
931 5107 986 5152 et
1018 5100 1314 5152 verecunda
1347 5102 1784 5169 estpcenitentia,

220 5185 340 5252 quia
361 5185 628 5255 premitur
650 5193 704 5240 et
725 5195 1008 5240 revocatur
1025 5187 1370 5256 praesentium
1394 5189 1616 5257 pudore.
1643 5189 1786 5245 Solis

221 5274 358 5329 enim
404 5276 640 5330 intendit
686 5275 903 5341 futuris,
952 5292 1178 5345 quorum
1223 5293 1346 5346 spes
1392 5293 1536 5344 sera,
1584 5280 1790 5336 tardior

223 5363 450 5430 fructus,
489 5376 545 5422 et
572 5367 693 5422 ideo
718 5368 908 5437 petitio
939 5369 1053 5438 ipsa
1093 5370 1316 5424 tardior.
1353 5370 1500 5426 Inter
1528 5373 1644 5428 haec
1673 5376 1788 5443 spei

224 5465 270 5510 et
300 5461 514 5514 virtutis
541 5459 838 5526 molimina,
883 5462 1172 5531 praecurrit
1208 5462 1553 5531 impudentia,
1584 5473 1640 5518 et
1669 5479 1790 5534 spe-

225 5546 300 5600 cie
333 5550 679 5618 przescntium
715 5549 1030 5619 paenitentia
1068 5550 1388 5612 excluditur,
1429 5559 1484 5604 et
1528 5559 1789 5621 tanquam

224 5641 460 5695 exuritur
484 5637 710 5694 allectus
728 5639 863 5707 ejus,
892 5647 947 5694 ct
966 5637 1271 5708 huiusmodi
1297 5639 1538 5694 aboletur
1564 5641 1784 5710 invitus;

1887 4462 2107 4532 pietatis
2143 4470 2229 4516 est
2264 4461 2524 4516 Dominus
2574 4460 2752 4525 Iesus,
2777 4470 2838 4516 ut
2882 4470 2936 4517 et
2981 4463 3082 4532 ipsi
3121 4463 3347 4518 donaret
3378 4480 3471 4517 ve-

1889 4553 2054 4619 niam,
2108 4553 2153 4607 si
2181 4552 2379 4607 Christi
2426 4560 2795 4622 exspectasset
2833 4553 3281 4608 misericordiam.
3319 4553 3469 4611 llanc

1889 4659 2018 4714 ergo
2043 4643 2254 4713 culpam
2286 4643 2596 4698 sacerdotes
2622 4657 2731 4697 non
2761 4642 3044 4706 auferunt,
3078 4657 3252 4711 neque
3279 4659 3472 4712 pecca-

1891 4745 2004 4791 tum
2039 4737 2156 4807 ejus
2178 4736 2270 4805 qui
2296 4735 2350 4789 in
2375 4734 2498 4790 dolo
2529 4749 2588 4790 se
2617 4734 2772 4789 ollert
2799 4742 2852 4790 et
2879 4734 3055 4788 adhuc
3083 4735 3136 4788 in
3164 4735 3343 4790 studio
3371 4735 3468 4790 de-

1889 4825 2165 4895 linquendi
2215 4833 2318 4880 est.
2384 4823 2504 4880 Non
2549 4825 2694 4879 enim
2745 4833 2974 4895 possunt
3016 4825 3224 4894 epulari
3275 4826 3328 4880 in
3379 4841 3466 4891 eo,

1891 4915 2035 4985 quod
2069 4915 2288 4985 plenum
2333 4912 2538 4969 fraudis
2561 4923 2616 4969 ct
2643 4915 2909 4984 serpentis
2949 4915 3174 4970 interius
3200 4916 3473 4972 cicatricis

1888 5014 1993 5060 est.
2021 5004 2186 5061 Cibus
2215 5005 2360 5060 enim
2384 5005 2681 5060 sacerdotis
2709 5013 2794 5059 est
2820 5005 2873 5059 in
2904 5013 3248 5075 peccatorum
3277 5006 3472 5060 remis-

1889 5097 2057 5153 sione.
2092 5097 2247 5153 Unde
2291 5097 2369 5151 ait
2410 5096 2670 5167 Princeps
2709 5097 3046 5151 sacerdotum
3077 5115 3091 5150 :
3126 5096 3275 5151 Heus
3324 5097 3472 5152 cibus

1887 5197 1963 5242 est
1994 5196 2051 5240 ut
2080 5187 2271 5256 faciam
2305 5185 2622 5240 uoluntatem
2645 5183 2825 5239 Patris
2847 5186 2971 5250 mei,
2999 5187 3088 5256 qui
3117 5188 3173 5240 in
3200 5187 3340 5241 caelis
3368 5195 3466 5240 est.
3562 5200 3586 5219 ’

1892 5279 2021 5345 Quae
2041 5285 2124 5332 est
2151 5277 2400 5332 voluntas
2435 5277 2669 5342 Dei,nisi
2697 5292 2760 5331 ea
2787 5292 2800 5328 :
2832 5277 2964 5333 Cum
2997 5293 3286 5333 conversus
3319 5277 3466 5343 inge-

1892 5367 2117 5432 mueris,
2147 5377 2274 5421 tunc
2299 5367 2480 5422 salvus
2508 5368 2638 5423 eris.
2680 5367 2737 5423 ln
2767 5369 2858 5422 illo
2885 5383 3014 5440 ergo
3053 5368 3283 5422 subdolo
3313 5363 3466 5418 cibus

1890 5463 2070 5517 nullus
2101 5469 2213 5526 est;
2266 5462 2499 5531 denique
2536 5477 2638 5517 nec
2684 5463 2800 5532 ipse
2845 5462 3091 5533 epulandi
3144 5457 3463 5513 suavitatem

1891 5569 2083 5623 capere
2108 5561 2311 5622 νοωει,
2342 5555 2395 5607 in
2420 5570 2528 5624 quo
2564 5571 2671 5610 non
2699 5556 2911 5610 sincera
2941 5563 2993 5607 et
3025 5566 3156 5621 pura
3185 5547 3467 5602 conscien-

1893 5645 1963 5698 tia
1999 5652 2099 5700 cst.
2143 5643 2460 5699 Amaritudo
2491 5645 2636 5700 enim
2684 5643 2887 5698 fraudis
2928 5637 3175 5710 epulandi
3227 5634 3464 5691 suavita-

2669 5768 2708 5783 Χ
