3956 6176
222 326 323 382 353

1123 327 1617 387 EXPOSITIONES
1654 328 1723 384 ΙΝ
1760 328 2154 391 LEVlTlCUM.
2195 367 2264 377 —-
2300 335 2428 391 LIB.
2467 337 2549 393 ill.

3359 350 3467 410 554

224 437 393 509 mu).
432 437 579 508 Ergo
611 436 817 493 Scribm
843 444 896 493 et
926 436 1182 495 Pharisaei
1222 442 1555 497 ruminantes
1601 459 1783 499 come.
1813 447 1864 506 Α
1888 453 1994 498 tam
2033 447 2087 499 in
2122 449 2259 501 mari
2305 467 2463 519 quam
2513 452 2569 504 in
2607 455 2936 522 ﬂuminibus,
2964 466 3012 511 et
3038 462 3258 530 stagnis,
3290 481 3463 520 come-

218 534 366 597 dunt,
387 531 518 602 quia
547 532 603 585 in
624 530 761 601 legis
787 531 979 586 littera:
1007 533 1306 603 gloriantur
1334 534 1701 600 meditatione,
1734 544 1790 590 et

220 623 271 676 in
301 619 451 676 cultu
491 620 705 675 sabbati
725 659 740 684 ,
768 619 1269 691 puriﬁcationisque
1293 630 1347 676 et
1374 622 1785 688 sacriﬁciorum,

217 710 549 781 aliorumque
573 710 868 776 similium;
914 712 1164 782 ungulam
1189 721 1366 768 autem
1389 729 1495 768 non
1524 714 1784 780 dividunt,

216 818 275 859 ea
311 818 434 873 quae
474 804 545 857 ab
585 803 665 858 eis
718 804 1094 870 comeduutur,
1143 820 1319 875 neque
1365 806 1679 859 discernunt
1719 806 1788 859 ab

218 895 405 966 spiritu
453 894 717 960 litteram,
763 903 820 950 et
862 903 1147 965 propterea
1192 910 1378 951 eorum
1416 896 1643 950 scientia
1689 895 1789 949 im-

218 982 409 1038 munda
443 990 548 1037 est.
575 982 735 1037 Tales
761 990 888 1037 sunt
914 990 969 1038 et
998 982 1091 1052 qui
1118 982 1356 1052 leporem
1395 983 1704 1047 comedunt,
1733 991 1787 1039 ct

216 1073 297 1143 qui
328 1071 746 1143 chirogrillum;
776 1073 1052 1126 ruminant
1076 1073 1218 1127 enim
1243 1080 1298 1126 et
1324 1072 1459 1140 ipsa,
1500 1073 1595 1127 sed
1614 1088 1786 1143 ungu-

215 1163 315 1217 lam
362 1178 475 1216 non
517 1161 783 1216 dividunt.
825 1161 884 1216 In
928 1161 1171 1231 pepulari
1220 1170 1399 1218 autem
1448 1162 1787 1218 multitudine

212 1252 517 1307 Judaeorum
547 1259 840 1320 utrumque
885 1250 1167 1319 accipitur,
1213 1249 1410 1304 debilia
1443 1250 1640 1319 quippe
1667 1265 1786 1305 esse

214 1343 466 1399 animalia
495 1344 615 1398 haec
641 1343 914 1407 dicuntur,
948 1330 1180 1397 testante
1217 1341 1383 1397 David
1411 1342 1469 1396 et
1496 1340 1785 1397 Salomone

216 1445 567 1505 utrorumque
594 1432 905 1489 animalium
935 1432 1259 1487 debilitates.
1291 1431 1544 1485 Salomon
1567 1431 1785 1501 quidem

212 1542 327 1580 cum
364 1525 449 1579 ait
486 1522 855 1594 :Lepusculus
893 1522 1033 1592 plebs
1070 1521 1302 1575 invalida
1340 1522 1515 1591 posuit
1552 1522 1606 1573 in
1638 1531 1786 1591 petra

212 1606 503 1669 cubile'sibi
528 1613 711 1686 (Prov.
737 1614 864 1686 xxx)
888 1630 904 1679 ;
937 1613 1105 1667 David
1134 1626 1260 1665 vero
1294 1629 1306 1664 :
1337 1610 1498 1665 Petra
1527 1611 1785 1681 refugium

212 1706 451 1760 crinaciis
511 1705 621 1759 sive
683 1703 1001 1775 chirogrillis
1061 1701 1260 1773 (Psal.
1312 1703 1492 1773 cur);
1554 1718 1782 1772 quorum

1890 535 2057 601 detis;
2083 537 2337 606 quidquid
2375 550 2548 593 autem
2590 543 2834 610 pinnulas
2870 555 2918 598 et
2962 563 3208 614 squamas
3238 566 3339 605 non
3361 552 3463 606 Ita-

1889 624 1969 677 bet
1992 642 2170 678 eorum
2192 643 2310 695 quae
2341 629 2397 679 in
2427 629 2576 697 aquis
2623 642 2896 684 moventur
2936 643 2984 686 et
3023 636 3232 701 vivunt,
3263 639 3463 694 abomi-

1889 716 2061 770 nabile
2086 719 2226 772 vobis
2270 729 2318 773 et
2365 723 2742 777 exsecrandum
2785 727 2904 792 erit,
2936 745 3126 782 carnes
3156 747 3331 785 eorum
3360 749 3464 787 non

1888 808 2182 869 comedetis,
2214 818 2261 862 et
2290 812 2565 865 morticina
2597 815 2848 881 vitabilis,
2895 828 3079 871 cuncta
3108 836 3224 889 qua:
3247 837 3349 874 non
3368 825 3467 876 had

1888 892 2005 947 bent
2034 896 2278 965 pinnulas
2317 908 2363 951 et
2412 916 2657 969 squamas
2714 905 2768 956 in
2815 909 2984 975 aquis,
3038 909 3238 978 polluta
3288 925 3460 967 erunt.

1887 983 1966 1036 Ex
1993 998 2058 1038 eo
2082 987 2223 1053 quod
2268 1002 2373 1043 non
2398 999 2584 1058 aperte
2617 992 2798 1046 divina
2833 993 3113 1063 Scriptura
3147 1014 3345 1069 genera
3381 1004 3464 1071 pi-

1888 1073 2060 1127 scium
2099 1077 2347 1143 exposuit
2374 1092 2404 1130 a
2428 1079 2625 1147 quibus
2662 1080 2923 1137 abstineri
2964 1085 3096 1150 vult,
3129 1088 3457 1157 superfluum

1886 1172 1970 1218 est
2006 1165 2123 1219 haec
2152 1166 2206 1218 in
2256 1169 2509 1235 prmsenti
2557 1184 2820 1237 quaerere,
2874 1188 3140 1242 nusquam
3183 1178 3325 1230 enim
3374 1179 3458 1247 pi-

1887 1255 2057 1308 scium
2085 1254 2137 1308 in
2160 1270 2224 1309 ea
2256 1256 2589 1311 inveniemus
2618 1260 2898 1314 vocabula.
2933 1261 3290 1332 Semetipsam
3327 1280 3456 1335 ergo

1885 1343 1940 1397 in
1965 1344 2070 1398 hoc
2098 1345 2257 1397 etiarn
2306 1345 2547 1399 imitatur
2596 1347 2714 1402 loco
2759 1348 3031 1422 (RABAN.).
3074 1353 3457 1409 Verumtamen

1886 1433 2014 1486 illud
2046 1448 2189 1487 nunc
2232 1434 2407 1487 notari
2452 1443 2666 1502 oportet
2715 1438 2843 1505 quia
2897 1440 3345 1507 quemadmodum
3402 1443 3458 1496 in

1886 1524 2196 1592 spontaneis
2231 1524 2532 1588 sacriﬁciis,
2570 1541 2691 1595 quae
2720 1534 2776 1582 et
2814 1529 2956 1582 dona
2984 1529 3258 1599 legislator
3284 1531 3462 1601 appel-

1884 1615 2037 1680 lavit,
2063 1615 2350 1684 aliquando
2380 1617 2597 1686 quidem
2637 1627 2950 1686 operatores
2992 1620 3461 1691 legis,-aliquaudo

1885 1714 2065 1758 autem
2106 1706 2415 1774 simplices,
2469 1707 2758 1776 aliquando
2804 1725 2935 1764 vero
2982 1711 3458 1780 contemplatores,

212 1813 367 1851 unum
390 1803 482 1852 est
504 1795 665 1851 velox
698 1803 755 1849 et
795 1795 1040 1849 timidum
1066 1809 1188 1849 cum
1222 1792 1559 1857 inﬁrmitate,
1599 1793 1650 1846 id
1676 1801 1778 1857 est,
1812 1794 1857 1851 Β
1885 1809 1981 1864 per
2026 1795 2360 1850 oblationum
2405 1796 2729 1867 signiﬁcavit
2770 1800 2986 1865 modos,
3035 1800 3320 1870 aliquando
3365 1816 3462 1856 eos

211 1885 382 1956 lepus;
436 1885 589 1939 aliud
637 1890 817 1938 autem
867 1882 1043 1937 debile
1072 1884 1308 1952 quidem,
1361 1883 1456 1938 sed
1513 1896 1682 1951 rapax
1732 1890 1787 1937 et
1884 1884 1976 1953 qui
2005 1883 2284 1938 salvantur
2321 1902 2388 1939 ex
2424 1888 2695 1956 gentibus,
2743 1888 2938 1956 quibus
2966 1898 3021 1943 et
3068 1888 3333 1943 sacriﬁcia
3391 1889 3459 1944 de

210 1975 431 2031 bestiale
475 1983 643 2044 atque
668 1972 1007 2028 mortiferum
1035 1973 1241 2039 dicunt,
1276 1973 1333 2029 id
1360 1982 1464 2040 est,
1499 1974 1787 2043 chirogril-
1885 1974 2060 2029 simila
2090 1982 2147 2028 ut
2175 1975 2509 2044 simplicibus
2540 1976 2845 2046 deputavit;
2875 1978 3016 2046 quod
3035 1978 3273 2032 ostendit
3299 1992 3367 2032 ex
3394 1992 3461 2032 eo

212 2067 322 2121 lus:
354 2067 507 2136 quod
547 2067 695 2121 omni
719 2065 933 2135 quidem
962 2065 1190 2134 plebeio,
1219 2067 1452 2123 maxime
1485 2077 1665 2123 autem
1692 2067 1787 2123 Ju-
1885 2064 2030 2133 quod
2062 2065 2193 2119 dicit
2226 2084 2239 2118 :
2269 2063 2328 2118 Si
2349 2066 2528 2118 anima
2563 2065 2805 2119 obtulerit
2851 2067 3046 2119 donum
3069 2066 3316 2129 Domino,
3352 2081 3460 2119 non

211 2157 441 2212 datorum
466 2157 615 2211 inest
643 2155 859 2226 populo.
893 2156 970 2212 De
989 2158 1184 2226 quibus
1217 2158 1354 2212 dixit
1373 2158 1542 2214 David
1576 2177 1590 2212 :
1629 2159 1783 2212 Velo-
1884 2156 2111 2219 addens,
2136 2155 2196 2210 Si
2223 2156 2399 2209 anima
2419 2156 2484 2209 de
2508 2154 2698 2226 populo
2721 2165 2896 2219 teme,
2925 2155 3377 2224 quemadmodum
3402 2154 3458 2207 in

211 2262 281 2299 εει
303 2244 466 2315 pedes
494 2261 678 2298 eorum
719 2245 788 2298 ad
828 2245 1204 2314 eﬁ'undendum
1252 2247 1556 2316 sanguinem
1589 2244 1779 2317 (Psal.

212 2334 340 2405 xui).
382 2334 669 2401 Quantum
715 2343 894 2390 autem
922 2335 1093 2390 timidi
1118 2343 1173 2405 et
1203 2335 1402 2389 inﬁrmi
1442 2335 1537 2389 ﬁlii
1570 2335 1781 2390 Iudaeo-

210 2438 319 2479 rum
350 2426 488 2489 sint,
517 2440 623 2478 vox
646 2424 823 2481 divina
851 2425 1089 2480 ostendit
1114 2441 1238 2481 cum
1276 2425 1405 2480 dicit
1430 2443 1444 2478 :
1489 2424 1574 2480 Va:
1601 2426 1775 2479 cordi-

209 2514 292 2569 bus
319 2515 548 2585 trepidis
577 2524 627 2568 et
663 2515 902 2569 mortibus
937 2515 1188 2569 remissis.
1237 2515 1445 2582 Quanta
1482 2523 1662 2572 autem
1701 2516 1784 2569 in-

208 2604 414 2673 iustitia
443 2615 499 2659 et
533 2605 721 2660 feritas
745 2607 886 2675 apud
912 2621 1007 2661 eos
1034 2615 1173 2673 erat,
1220 2607 1345 2662 audi
1373 2606 1566 2661 Isaiam
1599 2607 1782 2661 dicen-

211 2704 362 2750 tem:
398 2694 664 2760 Quomodo
718 2696 860 2765 facta
906 2705 982 2749 est
1035 2697 1281 2750 meretrix
1337 2696 1519 2749 ciuitas
1570 2695 1778 2763 ﬁdelis,

207 2785 363 2857 plena
401 2784 642 2853 judicii?
676 2784 897 2839 Iustitia
935 2785 1183 2839 habitauit
1226 2784 1281 2838 in
1322 2801 1407 2850 ea,
1447 2800 1582 2837 nunc
1607 2793 1780 2836 autent

210 2876 485 2932 homicida:
509 2873 644 2948 (Isa.
673 2876 736 2949 ι).
771 2877 901 2932 Post
923 2878 1023 2931 bos
1060 2890 1211 2932 suem
1240 2876 1371 2931 dicit
1399 2890 1519 2930 esse
1548 2874 1781 2929 immun-

213 2968 350 3032 dum,
374 2966 505 3039 quia
532 2966 727 3021 dividit
747 2966 995 3038 ungulam
1022 2974 1076 3022 et
1095 2982 1204 3022 non
1237 2966 1486 3021 ruminat.
1531 2965 1633 3032 Qui
1652 2980 1781 3034 ergo

208 3058 309 3112 sint
332 3058 427 3128 qui
455 3058 784 3113 aemulentur
807 3073 870 3113 ac
898 3066 1180 3127 propterea
1211 3057 1362 3111 illum
1392 3056 1677 3112 comedere
1704 3055 1781 3109 di-

1884 2245 2114 2300 aliorum
2171 2245 2560 2299 sacriﬁciorum
2606 2244 3065 2299 enuntiationibus
3114 2243 3291 2297 solet:
3323 2243 3463 2297 sicut

1883 2349 2014 2404 ergo
2042 2335 2095 2387 in
2127 2334 2251 2397 illis,
2278 2335 2358 2389 sic
2405 2341 2461 2390 et
2501 2334 2590 2387 hic
2644 2348 2741 2401 per
2793 2334 3036 2387 ciborum
3078 2332 3459 2387 abstinentiam

1882 2426 2072 2496 quales
2105 2425 2304 2480 debent
2329 2440 2447 2480 esse
2479 2427 2568 2494 qui
2591 2424 2764 2494 legem
2799 2425 3129 2478 meditantur
3172 2423 3463 2479 ostendere

1881 2520 2122 2590 cupiens,
2144 2533 2241 2589 per
2264 2519 2535 2572 ruminare
2561 2516 2827 2587 siquidem
2855 2524 2910 2571 et
2932 2515 3190 2586 ungulam
3219 2514 3463 2570 dividere

1881 2608 2123 2663 Judaeum
2171 2607 2516 2678 signiﬁcavit,
2543 2607 2633 2676 qui
2679 2606 2837 2662 debet
2863 2606 2998 2678 legis
3042 2606 3266 2676 implere
3301 2620 3463 2659 man-

1882 2696 2028 2762 data,
2056 2704 2113 2750 et
2140 2696 2209 2749 ab
2238 2696 2427 2764 spiritu
2453 2683 2687 2750 litteram
2725 2695 2968 2749 dividere
3002 2702 3057 2748 et
3082 2694 3255 2765 legem
3299 2694 3465 2763 spiri-

1882 2785 2065 2840 taliter
2108 2786 2426 2855 intelligere.
2455 2784 2560 2839 Per
2603 2787 2716 2841 haec
2746 2793 2926 2840 autem
2963 2801 3084 2854 qua:
3130 2801 3274 2840 nunc
3314 2786 3460 2841 dicta

1881 2884 2007 2930 sunt
2042 2877 2281 2931 ostendit
2304 2877 2370 2930 de
2402 2877 2649 2947 gentibus
2676 2891 2734 2931 se
2763 2876 2929 2945 loqui,
2955 2877 3095 2930 unde
3117 2885 3173 2930 et
3202 2876 3459 2931 existimo

1881 2982 1997 3021 non
2021 2966 2292 3037 expressis
2315 2966 2621 3020 nominibus
2641 2965 2868 3034 piscium
2897 2964 3212 3019 memoriam
3236 2965 3458 3029 factam,

1881 3057 2006 3126 quia
2036 3071 2135 3112 nec
2163 3056 2381 3112 nomina
2417 3071 2635 3110 suorum
2681 3056 2846 3110 scribi
2878 3070 3040 3124 super
3069 3064 3268 3109 terram
3314 3055 3463 3124 cupit

211 3126 415 3204 cuntur.
448 3148 677 3203 Petrum
706 3126 1063 3218 expositorem
1090 3147 1493 3219 etlmagistrum
1518 3145 1730 3215 suscipe
1760 3163 1773 3198 :
1806 3126 1849 3187 (ἶ
1881 3148 2142 3203 Ecclesia.
2171 3147 2325 3202 Unde
2348 3155 2403 3201 et
2435 3148 2501 3202 de
2526 3145 2615 3199 illa
2656 3145 2826 3199 David
2859 3144 2936 3199 ait
2969 3162 2982 3199 :
3013 3143 3326 3199 Scribuntur
3345 3147 3459 3199 Ittrc

209 3254 321 3293 etim
349 3239 558 3309 quippe
578 3237 672 3306 qui
698 3236 861 3292 habet
884 3236 1165 3291 scientiam
1196 3236 1524 3298 divinorum,
1556 3234 1651 3289 sed
1673 3248 1780 3288 non

212 3325 291 3380 illa
330 3327 474 3381 bene
501 3325 700 3390 utitur,
728 3326 1137 3394 actionibusque
1173 3325 1482 3396 incongruis
1522 3339 1640 3380 eam
1667 3324 1782 3394 pol-

211 3416 321 3482 luit,
364 3419 607 3486 vitzeque
638 3417 922 3471 immundae
947 3416 1294 3486 semetipsum
1343 3415 1581 3481 tradidit,
1630 3429 1781 3470 suem

213 3509 366 3561 etiam
401 3508 523 3576 ipse
564 3504 856 3575 appellavit
886 3506 1073 3560 dicens
1101 3519 1116 3558 :
1145 3504 1333 3559 Melius
1363 3504 1545 3574 fuisset
1578 3506 1652 3559 eis
1679 3520 1782 3557 non

211 3613 511 3669 cognoscere
536 3598 677 3650 uiam
704 3595 952 3665 justitiw,
974 3612 1156 3665 quam,
1188 3594 1393 3664 cognita
1421 3610 1503 3660 ea,
1536 3602 1670 3646 retro
1704 3609 1784 3646 re-

217 3685 335 3739 certi
369 3703 405 3739 a
450 3685 654 3738 tradito
700 3684 799 3738 sibi
842 3693 1021 3738 sancto
1068 3683 1317 3736 mandato
1352 3699 1369 3736 :
1402 3682 1612 3752 contigit
1646 3680 1783 3733 enint

216 3775 314 3829 illis
342 3792 420 3830 res
452 3775 567 3829 ueri
612 3773 869 3845 prouerbii
897 3789 915 3826 :
938 3772 1096 3827 Canis
1129 3788 1363 3826 reversus
1405 3771 1473 3824 ad
1516 3786 1671 3824 suum
1697 3784 1784 3823 vo-

217 3866 406 3932 mitum,
458 3875 508 3919 et
537 3882 629 3918 sus
656 3863 765 3918 lota
792 3864 846 3917 in
872 3863 1138 3919 rolutabro
1168 3863 1296 3916 caeni
1350 3861 1369 3933 (
1397 3861 1460 3914 II
1500 3861 1646 3914 Petr.
1672 3876 1709 3913 ll
1740 3858 1779 3930 ).

220 3953 316 4007 Sed
329 3955 471 4022 quod
490 3952 580 4008 his
605 3968 726 4023 qua:
738 3949 878 4008 dicta
898 3962 1024 4007 sunt
1048 3953 1286 4008 addidit:
1308 3950 1511 4005 Horum
1537 3950 1784 4004 carnibus

223 4058 312 4096 non
360 4046 677 4110 uescemini,
724 4061 815 4099 nec
852 4044 1106 4099 cadauera
1146 4044 1483 4114 contingetis,
1523 4042 1647 4113 quia
1687 4042 1788 4093 int-

223 4136 405 4189 ntunda
435 4146 559 4190 sunt
588 4136 762 4201 vobis;
794 4137 898 4192 hoc
924 4144 1028 4202 est,
1060 4151 1160 4189 nec
1193 4134 1411 4198 cameli,
1441 4148 1542 4188 nec
1563 4131 1784 4201 leporis,

220 4241 308 4280 nec
339 4226 663 4298 chirogrilli,
711 4242 812 4282 nec
838 4226 969 4292 suis,
1008 4241 1128 4296 quae
1168 4225 1308 4279 inter
1337 4223 1610 4279 immunda
1646 4220 1788 4290 judi-

218 4320 367 4374 cavit.

281 4408 416 4465 Nam
465 4411 708 4466 camelus
766 4402 1079 4466 Scribarum
1129 4417 1183 4464 et
1240 4408 1676 4472 Pharisaaorum,
1727 4413 1786 4459 ut

1880 3240 1935 3294 in
1963 3239 2293 3310 generatione
2336 3236 2502 3291 altera
2533 3235 2706 3309 (Psal.
2737 3235 2830 3307 ct),
2883 3235 3132 3289 videlicet
3177 3234 3358 3288 futura
3399 3234 3459 3289 in

1881 3331 2053 3396 caelis,
2085 3331 2156 3385 ibi
2185 3330 2331 3384 enim
2378 3328 2609 3383 ﬁliorum
2653 3327 2769 3396 ejus
2805 3328 3006 3397 scripta
3051 3335 3178 3381 sunt
3212 3326 3455 3380 nomina.

1885 3423 2013 3478 Htec
2034 3433 2153 3478 sunt
2173 3440 2289 3494 qua?
2313 3423 2596 3493 gignuntur
2620 3423 2674 3474 in
2696 3422 2868 3491 aquis,
2898 3429 2945 3474 et
2973 3419 3104 3473 vesci
3127 3417 3329 3471 licitunt
3352 3425 3452 3471 est.

1880 3514 2255 3585 lntelliguntur
2276 3528 2374 3582 per
2401 3514 2516 3567 haec
2542 3513 2596 3567 hi
2621 3513 2712 3581 qui
2736 3528 2800 3566 ex
2826 3511 3075 3580 gentibus
3095 3508 3285 3563 salvati
3314 3515 3464 3574 sunt,

1881 3612 1942 3660 ut
1966 3614 2093 3675 pote
2114 3603 2578 3670 regenerationem
2622 3602 2885 3655 habentes
2913 3600 2968 3652 in
3012 3613 3150 3667 aqua
3178 3598 3469 3666 baptisma-

1884 3699 1972 3752 tis.
1996 3699 2072 3752 De
2101 3695 2296 3764 quibus
2332 3702 2389 3747 et
2431 3694 2598 3747 Isaias
2625 3692 2880 3746 dicebat:
2915 3689 3050 3743 Ecce
3091 3698 3266 3757 gentes
3308 3690 3465 3758 quasi

1884 3786 2047 3844 stcllte
2061 3784 2235 3841 situla:
2249 3784 2300 3857 (Ι
2304 3785 2403 3838 sai.
2418 3784 2509 3853 ιι)
2520 3824 2533 3847 ,
2547 3783 2680 3847 sive,
2698 3789 2757 3835 ut
2769 3780 3141 3851 Septuaginta,
3156 3779 3291 3831 sicut
3312 3792 3463 3847 aqua:

1884 3886 2084 3944 mutue,
2111 3887 2286 3949 gentes
2332 3874 2530 3929 multae.
2565 3872 2718 3929 Unde
2747 3880 2802 3926 ct
2848 3870 2928 3925 eis
2972 3866 3300 3923 conveniunt
3342 3881 3465 3936 qua:

1885 3977 2185 4041 sequuntur
2217 3985 2230 4021 :
2266 3965 2432 4020 Omne
2472 3964 2610 4036 quod
2649 3963 2802 4017 habet
2829 3958 3073 4032 pinnulas
3116 3967 3162 4012 et
3193 3973 3462 4028 squamas,

1886 4070 1991 4114 tam
2015 4061 2070 4113 in
2096 4058 2233 4112 mari
2262 4073 2418 4128 quam
2442 4057 2495 4108 in
2524 4052 2827 4125 fluminibus
2842 4060 2891 4105 et
2917 4050 3138 4120 stagnis,
3165 4045 3462 4102 comedetis.

1886 4149 2086 4203 Eadem
2115 4147 2280 4201 etiam
2310 4146 2397 4199 his
2417 4145 2508 4215 qui
2529 4159 2596 4197 ex
2627 4142 2875 4212 gentibus
2906 4147 3030 4193 sunt
3065 4139 3132 4192 de
3160 4134 3467 4190 meditatio-

1886 4254 1955 4293 ne
1982 4238 2116 4309 lcgis
2153 4238 2275 4292 aliis
2298 4235 2556 4307 praecepit
2588 4233 2807 4287 verbis:
2837 4231 2952 4286 vult
2972 4230 3116 4284 enim
3153 4242 3247 4283 eos
3266 4226 3468 4280 habere

1887 4328 1941 4381 in
1985 4326 2335 4381 meditatione
2381 4324 2514 4394 legis
2561 4322 2835 4392 pinnulas,
2873 4321 3151 4388 vitamque
3177 4316 3464 4372 sublimem

1888 4424 2049 4486 atque
2070 4416 2346 4471 caelestem
2371 4455 2385 4477 ,
2424 4413 2519 4468 sed
2560 4412 2952 4480 expositionem
2974 4410 3110 4479 legis
3147 4407 3274 4462 huic
3309 4404 3464 4460 simi-

216 4497 464 4565 diximus,
486 4516 778 4570 personam
803 4508 1006 4570 gestat,
1034 4500 1125 4569 qui
1148 4514 1245 4569 per
1276 4497 1579 4566 superbiam
1611 4467 1786 4551 stulti-
1808 4467 1862 4527 Β
1888 4467 2285 4575 lexin—rpropt—er'
2305 4467 2449 4573 quod
2486 4517 2594 4557 non
2631 4467 2923 4571 Ipinnulam
2965 4467 3187 4560 habere,
3220 4495 3314 4550 sed
3341 4494 3465 4563 pin-

212 4590 299 4643 tite
334 4590 473 4645 vitio
515 4591 785 4646 notabiles
827 4599 971 4655 sunt,
1005 4606 1125 4659 quae
1154 4587 1424 4644 contraria
1452 4593 1533 4641 est
1574 4585 1785 4656 sapien-

217 4680 298 4734 tiae
343 4699 358 4733 :
410 4681 705 4735 stultorum
756 4682 955 4751 quippe
1008 4689 1093 4735 est
1141 4678 1423 4749 proprium
1484 4676 1780 4744 superbire.

217 4769 429 4839 Lepus,
484 4778 546 4824 ut
612 4769 872 4835 timidus,
933 4768 1234 4823 fortitudini
1297 4764 1604 4821 contrarius
1667 4771 1781 4829 est;

215 4861 554 4933 chirogrillus
575 4901 591 4925 ,
635 4869 697 4915 ut
737 4876 903 4930 rapax
930 4902 944 4926 ,
966 4859 1192 4931 justitite
1224 4877 1236 4912 :
1267 4874 1381 4924 sus,
1422 4865 1482 4912 ut
1527 4856 1638 4910 vita
1668 4870 1785 4909 sor-

217 4948 333 5003 dida
400 4951 591 5005 vivens
629 4959 686 5004 et
735 4950 1037 5014 immunda,
1083 4949 1315 5003 castitati
1365 4946 1636 5003 contraria
1680 4953 1783 4999 est.

220 5039 320 5109 (Ex
366 5040 676 5111 Hesychia.)
719 5039 922 5093 llorum
965 5054 1066 5094 nec
1105 5054 1299 5093 carnes
1343 5037 1708 5098 comedamus,
1737 5033 1789 5087 id

215 5141 314 5196 est,
343 5148 444 5186 uec
467 5146 634 5201 quam
672 5130 924 5184 videntur
946 5130 1147 5184 habere
1171 5129 1420 5184 virtutem
1464 5139 1785 5194 sequamur;

212 5223 269 5279 ia
292 5226 567 5297 hypocrisi
597 5224 745 5279 enim
776 5223 921 5278 illam
949 5232 1131 5280 etnon
1160 5223 1212 5277 in
1239 5223 1468 5278 veritate
1494 5228 1786 5283 sectantur,

214 5316 381 5372 multo
402 5317 577 5386 magis
600 5324 782 5370 autem
819 5316 1104 5370 morticina
1144 5330 1333 5370 eorum
1369 5312 1632 5385 tangenda
1684 5323 1791 5364 non

212 5420 354 5477 sunt,
388 5428 488 5467 nec
529 5412 692 5466 malis
729 5425 915 5465 corum
958 5409 1463 5466 communicandum
1511 5416 1594 5462 est
1626 5405 1795 5459 actio-

212 5502 387 5557 nibus.
417 5502 538 5574 Ipsa
563 5502 714 5557 enim
749 5501 1051 5570 hujusmodi
1090 5499 1276 5569 procul
1318 5498 1478 5553 dubio
1506 5495 1793 5551 morticina

214 5606 335 5651 sunt
356 5597 482 5652 viri.
516 5596 649 5652 Htec
673 5605 797 5650 sunt
823 5612 940 5666 qua:
981 5597 1267 5666 gignuntur
1289 5595 1344 5648 in
1375 5592 1554 5662 aquis,
1584 5600 1631 5644 et
1657 5589 1794 5644 vesci

210 5686 408 5745 licitum
427 5700 507 5748 est
534 5704 556 5748 .'
587 5704 744 5746 omne
772 5687 912 5762 quod
954 5687 1103 5742 habet
1146 5684 1390 5758 pinnulas
1434 5695 1478 5739 ct
1526 5698 1791 5752 squamas,

1885 4598 2043 4652 nulas
2073 4610 2167 4650 eos
2196 4595 2327 4648 vult.
2357 4593 2492 4659 Quia
2522 4601 2701 4645 autem
2740 4587 3048 4658 ignorantia
3092 4585 3288 4640 divina:
3319 4583 3467 4638 Scri-

1884 4696 2058 4758 ptura:
2086 4692 2273 4755 gentes
2296 4683 2618 4744 obtinuerat,
2646 4694 2749 4733 non
2767 4678 2909 4732 enim
2932 4679 3284 4743 susceperant
3295 4671 3467 4743 legem

1886 4790 2062 4845 neque
2087 4773 2404 4843 prophetas,
2433 4784 2533 4824 nec
2559 4768 2663 4822 alia
2687 4768 2741 4821 in
2770 4766 2852 4821 eis
2876 4771 2996 4819 erat
3024 4761 3254 4817 scientia
3278 4759 3459 4815 divina

1886 4867 2153 4931 subtilior,
2182 4880 2250 4919 ne
2276 4878 2404 4934 ergo
2426 4862 2530 4916 hoc
2554 4859 2742 4914 morbo
2768 4854 3109 4928 permanenti
3132 4861 3187 4909 et
3206 4862 3466 4923 perpetuo

1892 4957 2220 5019 laborarent,
2244 4968 2496 5023 squamas
2529 4967 2622 5006 eos
2640 4950 2838 5004 habere
2866 4946 3000 5011 vult,
3030 4961 3151 5014 qua:
3186 4942 3348 4997 facile
3370 4955 3461 4994 au-

1891 5046 2181 5101 ferrentur.
2218 5043 2355 5110 Quia
2397 5050 2575 5096 autem
2618 5053 2855 5108 squama
2901 5034 3248 5105 temporalem
3283 5038 3339 5086 et
3361 5044 3466 5099 qua

1840 5124 1843 5127 ’
1893 5136 2048 5192 facile
2075 5141 2325 5191 carcatur
2362 5131 2719 5203 ignorantiam
2740 5126 3066 5197 signiﬁcant,
3093 5125 3468 5189 demonstrant

1893 5242 1957 5281 ea
1985 5240 2105 5295 qua:
2130 5224 2195 5278 de
2207 5221 2376 5275 Paulo
2398 5219 2598 5289 scripta
2628 5226 2753 5271 sunt
2774 5217 2827 5269 in
2850 5215 3215 5283 apostolorum
3245 5208 3468 5266 Actibus

1897 5320 2035 5390 (cap.
2060 5316 2173 5387 1x);
2202 5330 2327 5369 cum
2367 5312 2513 5368 enim
2553 5310 2668 5365 zelo
2694 5308 2920 5363 Iudaico
2961 5306 3259 5361 Ecclesium
3279 5312 3466 5390 perse-

1896 5388 2176 5477 queretur,
2229 5404 2609 5475 iguoraretque
2650 5414 2773 5454 eum
2814 5411 2972 5467 quem
3019 5388 3466 5464 persequebatur,

1894 5497 2051 5552 facile
2094 5495 2268 5549 caruit
2306 5493 2422 5547 zelo
2462 5498 2688 5562 propter
2742 5485 3133 5559 ignorantiam;
3181 5488 3467 5547 postquam

1894 5586 2145 5658 cognovit
2181 5598 2340 5654 quem
2387 5586 2828 5652 persequeretur,
2856 5583 3078 5630 vocatus
3101 5587 3132 5624 a
3153 5568 3391 5631 Christo,
3413 5574 3471 5622 et

1895 5687 2177 5753 postquam
2208 5676 2256 5733 ei
2287 5675 2355 5730 ab
2392 5673 2599 5730 Anania
2638 5667 3062 5741 evangelizatum
3097 5669 3200 5727 est,
3229 5675 3468 5730 squamae
