3956 6176
520 306 628 367 555

1160 309 1221 366 B.
1260 306 1511 366 RABANI
1549 301 1767 363 MAURI
1803 295 2130 358 ARCHIEP.
2171 295 2486 355 MOGUNT.
2527 296 2813 355 OPERUM
2852 297 3029 353 PARS
3066 297 3107 353 Ι.

3667 300 3772 359 356

522 422 835 482 ceciderunt
858 422 928 478 ab
951 421 1120 480 oculis
1146 422 1280 494 ejus,
1302 435 1358 478 et
1382 437 1506 477 mox
1542 421 1694 476 vidit.
1728 419 1870 489 Ergo
1900 417 1952 471 in
1980 429 2097 469 mo—
2122 414 2170 473 A
2197 421 2305 466 tum
2326 451 2341 477 ,
2369 422 2417 467 et
2442 412 2656 468 miluum
2714 430 2778 467 ac
2810 413 3066 469 vulturem
3105 414 3264 485 juxta
3310 432 3473 486 genus
3521 433 3703 482 suum,
3728 429 3777 474 rt

523 516 651 572 dum
676 529 1024 585 squamarum
1049 511 1464 583 superjacebant
1501 511 1766 565 instantes
1807 507 1856 562 ei
1893 515 2097 574 tempo-

524 607 669 664 rales
688 605 1026 675 ignorantiae.
1055 604 1208 660 Unde
1222 603 1386 658 nimis
1406 606 1801 670 consequenter
1825 594 2098 668 legislator

523 697 767 753 subdidit
803 715 816 750 :
851 694 1117 767 Quidquid
1145 703 1318 749 autem
1341 690 1587 763 pinnulas
1612 699 1706 744 aut
1725 702 1972 760 squamas
1994 701 2096 739 non

528 789 677 844 habet
710 804 888 843 eorum
917 803 1033 858 qua:
1059 787 1116 840 in
1160 786 1310 857 aquis
1369 792 1644 839 moventur
1693 789 1744 833 et
1777 780 1971 843 vivunt,
2009 775 2103 830 ab-

526 876 805 931 ominabile
826 876 965 930 vobis
995 884 1044 927 et
1069 872 1444 928 exsecrandum
1466 872 1586 925 erit.
1612 867 1767 925 Sicut
1791 866 1936 923 enim
1956 880 2104 934 qua:-

527 966 648 1019 dam
675 966 901 1035 piscium
934 977 1131 1034 genera
1159 970 1353 1016 testam
1382 976 1482 1031 pro
1506 958 1644 1031 pelle
1665 955 1946 1019 habentia,
1974 968 2105 1023 quo-

527 1069 647 1110 rum
677 1067 901 1122 squama
932 1051 1133 1105 auferri
1170 1065 1275 1105 non
1318 1057 1513 1119 potest,
1539 1047 1675 1102 tales
1711 1053 1837 1101 sunt
1870 1044 1963 1114 qui
2003 1056 2104 1097 nec

525 1158 780 1214 squamas
813 1141 1128 1214 ignorantiae
1165 1140 1333 1194 verbo
1375 1137 1470 1192 Dei
1516 1138 1806 1206 deponere,
1855 1148 1955 1187 nec
1991 1130 2107 1186 cul-

526 1244 671 1288 trum
706 1232 933 1303 Spiritus
978 1231 1254 1300 suscipere
1300 1228 1611 1298 patiuntur;
1655 1225 1710 1281 hi
1755 1224 1856 1280 etsi
1881 1224 1936 1279 in
1965 1223 2105 1278 mari

526 1327 871 1381 inveniantur
889 1322 1251 1394 baptismatis,
1279 1321 1379 1375 etsi
1415 1320 1470 1373 in
1504 1318 1814 1373 ﬂuminibus
1834 1316 2103 1385 pmniten-

524 1417 637 1481 tite,
662 1414 1049 1470 abominabiles
1084 1420 1211 1467 sunt
1246 1412 1297 1465 in
1324 1410 1576 1465 oumibus
1610 1422 1728 1477 qum
1747 1413 2031 1461 moventur
2052 1412 2109 1460 et

526 1507 719 1560 vivunt
747 1505 800 1558 in
831 1503 1004 1573 aquis.
1039 1503 1106 1555 Et
1136 1516 1257 1555 cum
1294 1500 1459 1554 vitam
1506 1495 1686 1552 sortiti
1715 1496 1826 1549 sint
1855 1494 1907 1548 in
1930 1494 2109 1562 bapti-

524 1601 722 1657 smate,
750 1592 1088 1647 vocationem
1115 1598 1293 1645 tamen
1321 1584 1895 1658 regenerationemque
1926 1594 2108 1634 corru-

526 1693 743 1756 perunt,
758 1684 895 1744 ,dum
924 1682 1176 1752 pinnulas
1202 1690 1258 1736 et
1277 1694 1530 1750 squamas
1550 1692 1657 1731 non
1688 1675 1907 1737 habent,
1934 1671 2104 1728 subli-

529 1752 671 1828 inem
692 1774 940 1828 videlicet
961 1774 1129 1827 vitam
1147 1771 1615 1841 cognitionemque
1638 1766 1960 1829 divinorum,
1984 1777 2104 1833 qua:
2131 1752 2179 1811 B

526 1863 765 1918 caelestis
793 1871 894 1927 est,
919 1862 1013 1916 sed
1042 1878 1137 1916 cor
1179 1875 1382 1916 caecum
1423 1859 1477 1913 in
1509 1856 1813 1928 ignorantia
1841 1855 2102 1919 detinent,

527 1959 582 2006 et
611 1962 892 2022 propterea
916 1953 969 2006 in
985 1952 1071 2006 bis
1095 1951 1187 2021 qui
1210 1964 1466 2019 squamas
1485 1949 1689 2003 habent
1712 1961 1820 2000 non
1848 1959 2106 1999 annume-

527 2050 735 2097 rantur.
768 2043 987 2097 Intende
1013 2050 1192 2095 autem
1217 2047 1418 2111 quanta
1439 2038 1739 2094 subtilitate
1770 2048 2104 2099 sermonum,

526 2140 589 2186 ut
615 2132 865 2186 videlicet
890 2132 1125 2186 maxima
1156 2146 1254 2201 per
1288 2146 1383 2186 eos
1405 2127 1663 2201 mysteria
1693 2134 1750 2182 et
1769 2123 2106 2181 admirabilia

527 2223 864 2295 signiﬁcans,
885 2223 1162 2294 legislator
1203 2230 1407 2277 utatur.
1426 2219 1671 2276 Pinnulis
1689 2218 1833 2272 enim
1854 2229 2108 2285 squama

531 2311 844 2380 conjunxit;
883 2313 1011 2380 quia
1027 2310 1479 2380 quemadmodum
1508 2308 1748 2378 piscibus
1768 2306 1962 2377 quibus
1981 2311 2109 2358 sunt

531 2419 793 2474 squamae,
815 2404 903 2458 his
942 2412 1071 2458 sunt
1095 2401 1406 2457 omnimodo
1429 2409 1486 2455 et
1529 2399 1786 2471 pinnulae,
1812 2398 1892 2452 sic
1912 2395 2108 2465 quibus

530 2493 835 2562 ignorantia
869 2492 1183 2561 temporalis
1211 2499 1317 2557 est,
1349 2498 1405 2545 et
1433 2505 1552 2559 quae
1578 2497 1866 2557 propterea
1891 2485 2000 2539 cito
2023 2497 2112 2539 ca-

530 2581 643 2636 reri
670 2582 859 2651 possit,
891 2580 978 2634 his
1026 2587 1082 2634 et
1117 2579 1355 2648 cognitio
1393 2577 1639 2632 sublimis
1659 2583 1716 2630 et
1743 2575 1852 2629 vita
1873 2572 2110 2627 cmlestis

532 2668 821 2724 addicitur.
853 2667 1060 2722 Horum
1090 2682 1217 2739 ergo
1257 2667 1347 2736 qui
1375 2682 1482 2721 non
1522 2672 1647 2721 sunt
1677 2663 1835 2729 tales,
1868 2675 1970 2718 nec
1995 2676 2113 2716 car-

530 2770 629 2814 nes
650 2758 954 2821 comedere,
1000 2758 1094 2813 sed
1133 2773 1235 2812 nec
1263 2756 1546 2811 morticina
1598 2762 1839 2823 tangere,
1865 2767 1966 2807 nec
2006 2750 2109 2805 ali-

533 2864 696 2919 quam
718 2847 1155 2902 communionem
1191 2846 1412 2901 omnino
1449 2860 1574 2900 cum
1618 2844 1698 2899 eis
1725 2843 1927 2897 habere
1951 2854 2113 2910 opor-

532 2948 632 2995 tet.
683 2939 836 3007 Quod
865 2946 1098 2993 testatur
1129 2938 1330 2993 Paulus
1368 2939 1555 2993 dicens
1584 2954 1598 2990 :
1630 2935 1691 2991 Si
1728 2935 1774 2990 is
1810 2935 1900 3006 qui
1946 2934 2115 3004 frater

531 3031 856 3096 nominatur,
888 3038 965 3083 est
986 3028 1279 3098 fornicator
1299 3036 1391 3081 aut
1432 3042 1643 3090 avarus,
1672 3034 1763 3078 aut
1812 3022 1969 3078 idolis
2000 3038 2110 3076 ser-

2196 517 2350 557 omne
2377 504 2574 557 corrini
2614 504 2816 575 generis
2863 505 2920 558 in
2956 503 3355 559 similitudinem
3398 522 3550 561 suam
3582 520 3602 559 :
3635 517 3782 561 stru-

2199 590 2428 646 thionem
2461 602 2509 645 et
2534 601 2799 658 noctuam,
2839 603 2887 647 et
2924 593 3097 648 larum
3119 604 3168 649 et
3190 596 3487 665 accipitrem
3506 597 3672 667 juxta
3692 615 3780 669 ge-

2198 700 2299 741 nus
2349 702 2504 740 suum
2532 702 2551 741 :
2580 686 2853 753 bubonem,
2899 697 2950 742 et
2988 688 3296 760 mergulum,
3322 700 3370 743 et
3394 690 3525 756 ibin,
3548 707 3780 761 cygnum

2200 785 2250 831 et
2286 776 2647 831 onocrotalum
2673 787 2722 831 et
2754 779 3174 849 parpltyrionem,
3200 780 3535 836 herodionem
3557 771 3615 837 et
3646 784 3779 837 cha-

2201 869 2441 923 radrium
2454 869 2615 940 juxta
2643 887 2806 940 genus
2830 887 3003 937 suum,
3035 889 3263 943 upupam
3283 890 3485 944 quoque
3504 883 3552 928 et
3581 892 3786 946 vesper—

2203 960 2458 1017 tilionem.
2487 963 2597 1034 (Ea:
2628 963 2936 1034 Hesychia.)
2965 963 3076 1019 Nec
3093 980 3278 1021 eorum
3316 966 3407 1036 qui
3439 966 3505 1021 ad
3537 976 3786 1024 contem-

2202 1052 2493 1122 plationcm
2511 1065 2702 1109 vacant
2733 1056 2924 1122 vitam,
2954 1056 3008 1110 in
3061 1056 3163 1111 hoc
3201 1056 3476 1128 legislator
3512 1058 3790 1115 indiscus-

2205 1161 2323 1201 sam
2351 1146 2598 1216 reliquit;
2628 1147 2723 1201 sed
2751 1146 3201 1216 quemadmodum
3225 1148 3279 1202 in
3309 1148 3579 1204 oblatione
3608 1151 3791 1204 sacri-

2204 1235 2450 1289 ficiorum
2475 1236 2751 1306 proprium
2776 1237 2857 1292 eis
2887 1237 3022 1308 legis
3052 1239 3346 1307 capitulum
3378 1240 3679 1311 deputavit,
3708 1243 3786 1296 ita

2205 1333 2261 1380 et
2289 1325 2343 1379 in
2380 1318 2730 1395 inquisitiOue
2766 1328 3012 1383 ciborum
3039 1327 3175 1384 lines
3208 1329 3288 1384 eis
3317 1330 3560 1400 proprios
3611 1331 3788 1397 dedit,

2204 1433 2341 1488 quos
2361 1419 2667 1487 producens
2691 1426 2747 1474 et
2782 1420 3136 1475 terribiliores
3165 1419 3393 1487 faciens,
3419 1437 3528 1477 non
3551 1422 3695 1477 sicut
3720 1423 3792 1477 de

2204 1510 2492 1580 pecoribus
2540 1519 2597 1567 et
2626 1512 2692 1567 de
2737 1511 2999 1582 piscibus,
3026 1514 3188 1567 etiam
3241 1511 3309 1567 de
3354 1514 3440 1567 his
3482 1514 3677 1569 sancit.
3712 1513 3793 1570 lbi

2205 1603 2349 1657 enim
2374 1603 2451 1658 ait
2482 1618 2498 1658 :
2533 1603 2664 1659 Ha’c
2692 1615 2813 1659 sunt
2845 1603 3099 1658 animalia
3126 1621 3242 1676 qua:
3268 1605 3535 1658 comedere
3565 1605 3790 1666 debetis,

2207 1691 2271 1745 de
2300 1694 2502 1748 cunctis
2534 1693 2889 1748 animantibus
2930 1703 3115 1755 terrm:
3153 1701 3208 1748 et
3241 1709 3428 1747 rursus
3455 1711 3468 1747 :
3503 1691 3637 1749 Ha'c
3665 1705 3795 1749 sunt

2205 1798 2323 1853 quae
2362 1782 2650 1853 gignuntur
2680 1783 2737 1836 in
2764 1784 3001 1854 aquis,et
3033 1784 3166 1838 vesci
3205 1781 3406 1836 licitum
3430 1792 3542 1849 est;
3576 1784 3670 1839 bic
3694 1801 3800 1839 au-

2210 1879 2318 1927 tem
2350 1890 2364 1925 :
2395 1870 2526 1926 Hice
2552 1881 2691 1936 sunt,
2715 1873 2905 1942 inquit,
2933 1889 3049 1943 qua:
3089 1873 3153 1926 de
3184 1872 3365 1927 aribus
3389 1874 3658 1928 comedere
3686 1890 3801 1927 non

2206 1961 2421 2027 debetis,
2460 1971 2510 2016 et
2534 1963 2750 2016 vitanda
2781 1972 2901 2016 sunt
2931 1963 3092 2018 vobis.
3115 1962 3256 2018 Vere
3276 1962 3676 2018 abominatione
3708 1964 3798 2019 di-

2208 2067 2373 2122 gnum
2398 2060 2485 2106 est
2513 2059 2569 2106 et
2591 2051 2749 2105 valde
2786 2052 2929 2106 inter
2956 2045 3138 2107 illicita
3163 2059 3324 2120 atque
3353 2053 3513 2108 nimis
3534 2052 3800 2107 evitanda

2207 2140 2702 2195 connumerandum
2729 2180 2745 2206 ,
2798 2138 3238 2212 contemplationi
3279 2150 3559 2197 vacantem
3598 2158 3806 2212 quem-

2207 2230 2377 2300 piam,
2415 2237 2609 2299 sponte
2635 2229 2770 2284 tales
2792 2230 2994 2284 habere
3025 2231 3267 2285 maculas
3293 2231 3480 2300 quales
3498 2246 3599 2301 per
3623 2230 3810 2285 denu-

2209 2327 2449 2373 meratas
2473 2334 2602 2374 aves
2621 2319 2896 2390 legislator
2918 2320 3216 2392 signiﬁcat;
3256 2321 3335 2375 ait
3366 2321 3507 2376 enim
3532 2320 3803 2392 aquilam,

2208 2418 2257 2463 et
2288 2408 2951 2479 gryphem,etltalitretum,
2976 2420 3025 2464 et
3044 2411 3256 2465 miluum
3277 2428 3340 2466 ac
3364 2410 3619 2466 vulturem
3635 2412 3807 2481 juxta

2210 2515 2374 2580 genus
2397 2516 2572 2553 suum.
2599 2499 2846 2570 Rapaces
2871 2509 2926 2556 et
2948 2501 3127 2556 cibum
3154 2502 3387 2558 alienum
3412 2503 3555 2558 male
3585 2513 3811 2559 sectan—

2211 2598 2312 2655 tes,
2347 2589 2749 2660 quaestibusque
2783 2590 2999 2660 iniustis
3046 2594 3363 2664 gaudentes,
3390 2609 3489 2664 per
3535 2596 3810 2664 przedicta

2212 2678 2514 2749 significat;
2546 2680 2673 2751 quia
2696 2681 2840 2735 enim
2868 2682 3087 2752 quidam
3107 2684 3521 2740 inveniunturiu
3550 2687 3810 2744 ecclesiis

2212 2770 2356 2826 inter
2389 2786 2483 2827 eos
2517 2771 2612 2842 qui
2650 2780 2909 2842 putantur
2940 2775 3379 2845 contemplationi
3399 2793 3623 2847 operam
3646 2779 3809 2843 dare,

2211 2861 2304 2930 qui
2340 2876 2448 2917 non
2493 2863 2944 2932 quemadmodum
2979 2864 3179 2920 debent
3211 2867 3277 2921 ad
3321 2868 3426 2921 hoc
3463 2878 3685 2933 vacant,
3709 2871 3811 2925 sed

2212 2951 2419 3008 frustra
2464 2953 2743 3020 inﬂantur,
2781 2955 2907 3009 audi
2956 2955 3181 3011 Paulum
3210 2956 3479 3012 dicentem
3522 2977 3535 3011 :
3576 2959 3643 3014 Si
3684 2961 3812 3031 quis

2215 3043 2325 3098 alta
2347 3043 2495 3097 docet
2519 3053 2567 3098 et
2594 3060 2696 3098 non
2727 3046 3007 3116 acquiescit
3055 3047 3199 3101 sanis
3231 3049 3555 3104 sermonibus
3586 3050 3813 3106 Domini

529 3118 692 3181 triens,
740 3128 831 3172 aut
867 3117 1178 3182 maledicus,
1227 3125 1319 3170 aut
1358 3115 1613 3179 ebriosus,
1651 3124 1741 3168 aut
1774 3129 1960 3183 rapax,
1990 3128 2107 3166 cum

2216 3092 2322 3098 ππ
2521 3092 2562 3098 --
2594 3092 2695 3098 η---
2727 3092 3005 3116 ﬁrm---
3056 3092 3197 3101 --.ην
3231 3092 3555 3104 unum"---
3586 3092 3811 3106 .,.........

2218 3134 2385 3188 nostri
2406 3132 2535 3188 Iesu
2566 3132 2785 3202 Christi,
2827 3146 2875 3190 et
2900 3136 2948 3191 ei
2975 3153 3093 3208 qua:
3130 3138 3416 3191 secundum
3441 3140 3691 3208 pietatem
3732 3149 3813 3194 est

533 3206 840 3276 hujusmodi
868 3222 960 3259 nec
996 3206 1166 3259 cibum
1206 3220 1411 3259 sumere
1436 3203 1486 3275 (I
1520 3202 1644 3257 Cor.
1667 3201 1744 3274 ν).
1766 3201 1991 3256 Adulter
2018 3209 2115 3256 aut

533 3311 751 3359 avarus,
784 3303 878 3348 aut
902 3294 1166 3356 ebriosus,
1203 3302 1295 3347 aut
1331 3292 1628 3355 detramur,
1664 3305 1773 3345 non
1804 3289 1968 3345 habet
1994 3290 2114 3359 pin-

532 3385 706 3448 nulas,
731 3384 898 3439 vitam
925 3383 1174 3437 videlicet
1215 3382 1421 3437 habens
1460 3380 1735 3435 sordidam
1780 3387 1836 3434 et
1874 3379 2111 3433 immun-

532 3475 691 3542 dam;
720 3474 983 3531 idolorum
1010 3482 1189 3529 autem
1215 3472 1394 3529 cultor
1433 3472 1487 3526 in
1515 3472 1601 3527 bis
1621 3470 1710 3542 qui
1742 3485 1997 3540 squamas
2019 3470 2113 3524 ha-

533 3566 667 3621 bent
696 3581 804 3621 non
839 3574 1184 3635 computatur
1208 3606 1223 3631 ,
1255 3565 1446 3619 duram
1474 3564 1672 3634 quippe
1715 3572 1771 3618 et
1820 3563 1874 3617 in
1904 3577 2110 3617 morem

535 3665 709 3722 testas,
742 3666 908 3727 atque
934 3656 1287 3711 insanabilem
1326 3656 1527 3710 habere
1552 3654 1767 3709 videtur
1800 3652 2111 3708 divinorum

535 3747 935 3818 ignorantiam;
977 3746 1110 3800 alias
1148 3761 1487 3815 nequaquam
1521 3752 1810 3815 postquam
1836 3742 1947 3799 Deo
1980 3760 2112 3800 con-

528 3835 746 3905 iunctus
789 3842 874 3889 est
920 3834 1061 3888 ultra
1115 3834 1374 3890 servisset
1425 3834 1599 3889 idolis.
1652 3833 1760 3904 (Ea:
1812 3831 2108 3906 Gregorio.)

534 3920 803 3977 Praeterea
831 3923 1125 3978 notandum
1153 3931 1239 3978 est
1271 3924 1415 3994 quod
1447 3923 1621 3993 pisces
1660 3924 1751 3993 qui
1777 3923 2029 3993 pinnulas
2056 3933 2111 3980 et

533 4027 788 4081 squamas
827 4013 1047 4078 habent,
1079 4013 1208 4070 dare
1236 4014 1404 4070 saltus
1430 4014 1596 4068 etiam
1629 4030 1792 4084 super
1826 4030 1996 4085 aquas
2024 4031 2110 4071 so-

531 4100 666 4156 lent.
696 4100 837 4168 Quid
863 4115 992 4170 ergo
1012 4102 1251 4171 pinnatis
1286 4102 1526 4171 piscibus
1556 4102 1661 4157 nisi
1689 4103 1876 4159 electa:
1914 4105 2109 4160 animm

533 4190 855 4261 ﬁgurantur,
887 4191 1013 4260 quia
1044 4190 1289 4261 profecto
1314 4190 1442 4247 sola:
1479 4192 1534 4247 in
1583 4192 1822 4248 caelestis
1855 4193 2110 4249 Ecclesia:

529 4296 728 4351 corpus
745 4288 1055 4346 transeunt;
1086 4296 1207 4351 qua:
1226 4281 1386 4336 modo
1407 4281 1666 4337 virtutum
1688 4282 1923 4351 pinnulis
1941 4282 2105 4349 fultas,

532 4371 702 4427 saltus
726 4371 856 4427 dare
882 4384 980 4442 per
1010 4370 1231 4427 caeleste
1256 4370 1582 4426 desiderium
1608 4373 1807 4435 sciunt,
1834 4380 1894 4425 ut
1919 4387 2109 4441 super—

532 4478 658 4518 nam
703 4463 1211 4532 contemplationem
1241 4470 1515 4532 appetant,
1545 4463 1796 4531 quamvis
1828 4464 1882 4516 in
1917 4464 2110 4533 seipsis

532 4555 729 4609 iterum
772 4568 840 4607 ex
889 4551 1107 4606 mortali
1155 4567 1318 4607 carne
1367 4552 1698 4607 relabantur.
1726 4551 1838 4606 Soli
1882 4568 2012 4623 ergo
2055 4554 2109 4607 in

531 4642 827 4696 electorum
850 4657 1079 4711 corpore
1101 4641 1258 4712 quasi
1286 4642 1438 4696 cibus
1459 4641 1666 4696 electus
1689 4650 1984 4706 transeunt,
2015 4644 2108 4713 qui

533 4729 590 4784 in
619 4745 684 4785 eo
711 4733 853 4799 quod
899 4732 954 4786 in
998 4733 1122 4787 imis
1159 4732 1493 4794 deserviunt,
1545 4733 1832 4802 aliquando
1876 4748 2108 4801 superna

529 4826 896 4880 conscendere
918 4827 1116 4882 mentis
1136 4826 1361 4882 saltibus
1375 4827 1575 4894 sciunt,
1598 4842 1666 4883 ne
1685 4842 1897 4896 semper
1918 4827 1972 4881 in
1986 4843 2111 4897 pro-

533 4917 715 4973 fundis
747 4932 998 4974 curarum
1027 4919 1247 4985 lateant,
1290 4929 1346 4976 et
1383 4920 1530 4977 nulla
1557 4935 1651 4976 eos
1676 4922 1878 4976 amoris
1908 4923 2106 4976 summi

533 5008 691 5078 quasi
736 5008 890 5063 liberi
935 5010 1078 5064 aeris
1126 5025 1257 5065 aura
1312 5012 1608 5081 contingat.
1653 5010 1754 5079 Qui
1788 5027 1919 5083 ergo
1946 5015 2107 5070 rebus

534 5100 921 5172 temporalibus
938 5112 1291 5173 occupantur,
1318 5111 1446 5159 tunc
1468 5104 1605 5159 bene
1628 5105 1900 5159 exteriora
1927 5106 2108 5175 dispo-

535 5198 696 5257 nunt,
722 5206 846 5245 cum
874 5190 1103 5247 sollicite
1140 5192 1206 5246 ad
1244 5194 1503 5251 interiora
1545 5193 1835 5266 refugiunt,
1871 5211 1992 5250 cum
2016 5211 2108 5251 ne-

534 5295 808 5353 quaquam
854 5281 1002 5337 foras
1049 5285 1517 5354 perturbationum
1561 5287 1817 5356 strepitus
1857 5287 2102 5359 diligunt,

535 5371 632 5428 sed
658 5370 798 5441 apud
838 5372 1161 5442 semetipsos
1204 5374 1350 5430 intus
1375 5374 1430 5429 in
1458 5375 1863 5445 tranquillitatis
1882 5376 2004 5432 sinu
2030 5391 2112 5431 re-

535 5462 840 5532 quiescunt.

614 5571 742 5628 lla'c
761 5585 880 5629 sunt
910 5592 1027 5648 qua:
1060 5575 1124 5632 de
1161 5578 1343 5632 avibus
1375 5561 1640 5633 comedere
1666 5595 1768 5634 non
1810 5580 2024 5646 debetis,
2059 5589 2107 5634 et

538 5663 748 5717 ritauda
779 5676 897 5719 sunt
925 5668 1064 5722 vobis
1102 5682 1120 5720 :
1152 5669 1414 5740 Aquilam,
1443 5678 1490 5724 et
1528 5671 1794 5741 gryphem,
1834 5680 1881 5724 et
1924 5670 2104 5727 Italiw-

2214 3221 2485 3288 dactrinre,
2521 3224 2773 3293 superbus
2822 3234 2926 3291 est,
2972 3226 3104 3279 nihil
3160 3228 3352 3294 sciens,
3403 3227 3494 3281 sed
3542 3227 3813 3298 languens

2214 3315 2355 3369 circa
2391 3316 2707 3386 qumstiones
2743 3325 2791 3371 et
2836 3334 3038 3389 pugnas
3068 3320 3355 3382 uerborum,
3393 3336 3459 3372 ea:
3483 3318 3676 3390 quibus
3716 3337 3817 3374 ea:-

2214 3407 2460 3461 oriuntur
2493 3407 2723 3472 invidite,
2756 3410 3128 3473 contentiones,
3151 3409 3503 3480 blasphcmitr,
3536 3411 3813 3480 suspicia-

2214 3515 2303 3553 nes
2344 3499 2520 3565 mala,
2562 3502 2971 3571 conﬂictationes
3009 3502 3276 3555 hominum
3317 3510 3483 3555 mente
3524 3513 3817 3571 corrupto-

2216 3605 2354 3654 rum,
2380 3600 2427 3643 et
2451 3591 2591 3660 quia
2609 3591 2825 3644 veritate
2848 3591 3040 3662 privati
3060 3602 3197 3653 sunt,
3223 3592 3637 3645 existimantium
3662 3609 3816 3662 qua»

2213 3690 2352 3734 stum
2375 3698 2485 3736 esse
2529 3683 2773 3754 pietatem
2795 3682 2847 3755 (1
2873 3682 3005 3736 Tim.
3040 3682 3137 3756 Vl).
3175 3682 3283 3737 llos
3323 3696 3452 3753 ergo
3489 3682 3817 3753 signiﬁcant

2214 3787 2301 3836 ea,
2332 3787 2451 3842 qua:
2478 3789 2623 3828 nunc
2651 3774 3003 3829 denumerata
3042 3783 3188 3840 sunt,
3219 3773 3471 3828 animalia
3498 3774 3711 3828 victum
3743 3790 3812 3828 ex

2216 3861 2401 3930 rapina
2420 3863 2796 3932 conquirentia
2823 3878 2838 3917 :
2870 3864 3114 3933 quaedam
3138 3871 3316 3918 autem
3338 3878 3403 3917 cx
3418 3863 3500 3917 his
3514 3861 3653 3916 alias
3672 3878 3816 3917 aves

2218 3949 2498 4015 invadunt,
2521 3960 2577 4006 et
2603 3968 2669 4007 ex
2701 3953 3081 4009 venationibus
3105 3967 3291 4008 earnm
3315 3953 3661 4018 nutriuntur;
3695 3953 3813 4006 alia

2213 4055 2344 4095 vero
2369 4042 2423 4094 in
2446 4044 2634 4097 domos
2660 4043 3017 4113 ingredientia
3039 4044 3302 4114 diripiunt
3322 4059 3442 4113 qua:
3470 4045 3810 4113 teperet-int,

2213 4148 2282 4189 ne
2303 4134 2519 4202 quidem
2545 4136 2846 4206 gerentium
2881 4152 2940 4192 se
2980 4138 3219 4192 obsoniis
3248 4137 3558 4208 parcentia;
3599 4138 3816 4206 quibus

2214 4231 2341 4277 sunt
2367 4223 2569 4279 similes
2590 4224 2810 4294 quidam
2837 4227 2930 4296 qui
2958 4237 3230 4299 penetrant
3266 4227 3472 4292 domas,
3494 4236 3540 4279 et
3562 4228 3812 4297 captivas
3880 4230 3889 4241 '

2213 4314 2409 4369 ducunt
2466 4316 2806 4372 mulierculas
2859 4328 3103 4379 oneratas
3143 4322 3369 4391 peccatis
3393 4320 3481 4392 (11
3511 4320 3649 4374 Tim.
3678 4322 3809 4391 tu);

2136 4438 2189 4496 Β
2216 4418 2351 4473 quas
2378 4403 2576 4496 Paulus
2627 4405 2823 4477 arguit.
2879 4406 3075 4463 Vultur
3123 4408 3259 4464 rixis
3286 4418 3341 4463 et
3374 4407 3528 4463 bellis
3567 4411 3811 4478 gaudet,

2212 4502 2435 4565 propter
2452 4495 2714 4551 cadavera
2755 4496 3083 4566 praeliorum,
3110 4498 3165 4551 in
3197 4506 3405 4552 tantum
3433 4507 3493 4553 ut
3514 4499 3687 4553 etiam
3720 4518 3815 4555 sc—

2213 4593 2414 4654 quatur
2432 4587 2748 4641 exercitum.
2774 4586 2891 4641 Non
2924 4601 3054 4657 ergo
3078 4597 3292 4657 oportet
3319 4589 3544 4643 aliorum
3574 4593 3814 4648 casibus

2213 4679 2364 4747 pasci
2394 4688 2557 4748 atque
2584 4679 2780 4734 nutriri
2809 4695 2933 4734 eum
2957 4681 3047 4750 qui
3076 4681 3515 4752 contemplationi
3538 4682 3635 4736 dat
3665 4699 3814 4755 Ope-

2215 4783 2351 4822 ram.
2378 4768 2594 4823 Corvini
2622 4784 2751 4841 ergo
2797 4772 3010 4841 generis
3040 4772 3291 4826 animalia
3327 4783 3452 4827 sunt
3487 4772 3816 4834 all‘ectionis

2213 4858 2474 4926 expertia,
2509 4859 2652 4927 quod
2682 4858 3024 4914 manifestum
3048 4869 3219 4916 estex
3241 4876 3307 4916 eo
3328 4862 3468 4932 quod
3498 4865 3749 4922 emissus
3779 4885 3816 4922 a

2213 4949 2326 5003 Noe
2349 4963 2415 5003 ex
2467 4949 2642 5018 prima
2688 4964 2809 5003 cum
2842 4964 3037 5006 corvus
3085 4952 3387 5006 avolatione
3416 4962 3817 5023 transgressus

2213 5046 2317 5104 est,
2345 5037 2431 5091 cui
2459 5037 2653 5093 similis
2679 5037 2848 5095 Judas
2869 5040 3015 5095 circa
3056 5057 3212 5097 suum
3251 5043 3566 5113 magistrum
3608 5045 3719 5102 fuit
3749 5061 3813 5105 et

2213 5128 2519 5181 Dominum.
2554 5126 2799 5185 Strntbio
2825 5130 2940 5184 avis
2970 5132 3185 5201 quidem
3217 5141 3319 5194 est,
3349 5132 3444 5187 sed
3471 5132 3663 5191 volare
3686 5155 3817 5194 non

2212 5227 2412 5287 potest,
2440 5226 2717 5290 totamque
2751 5221 2918 5277 vitam
2943 5238 3093 5277 suam
3125 5222 3273 5279 circa
3309 5231 3511 5277 terram
3533 5239 3813 5297 occupat,

2213 5311 2400 5382 quales
2427 5321 2554 5368 sunt
2573 5315 2792 5383 quidam
2814 5314 2924 5369 Deo
2950 5314 3243 5370 militantes
3266 5323 3321 5369 et
3345 5315 3525 5370 saeculi
3553 5321 3821 5389 negotiis

2210 5416 2270 5456 se
2293 5402 2652 5473 implicantcs.
2683 5403 2948 5458 Noctuam
2978 5418 3127 5471 vero,
3152 5420 3253 5473 pro
3280 5420 3387 5475 qua
3429 5403 3821 5478 Septuaginta

2208 5491 2450 5561 glaucum
2479 5495 2751 5560 dixerunt,
2779 5494 2920 5548 hanc
2956 5503 3207 5550 asserunt
3227 5496 3280 5549 in
3307 5503 3463 5549 nocte
3497 5499 3648 5551 acuti
3670 5514 3824 5557 esse

2206 5583 2380 5648 visus,
2404 5583 2516 5639 sole
2534 5590 2714 5639 autem
2737 5593 3027 5655 apparente
3045 5585 3224 5640 minus
3245 5584 3478 5639 utilitate
3503 5588 3823 5645 oculorum

2210 5672 2347 5741 frui;
2376 5674 2511 5728 tales
2540 5684 2665 5727 sunt
2690 5675 2781 5745 qui
2810 5675 2966 5745 Legis
2992 5676 3291 5745 gloriantur
3323 5678 3702 5744 contemplati~
3738 5696 3825 5737 ne
