3956 6176
210 325 302 380 5δῖ

1130 318 1632 378 EXPOSITIONES
1669 321 1736 376 IN
1775 321 2172 380 LEVITICUM.
2211 353 2280 363 --
2317 323 2443 378 LIB.
2481 325 2567 380 lli.

3351 330 3453 387 358

209 446 258 490 et
285 431 540 496 scientia,
571 431 752 486 lucem
789 432 1112 502 evangelica:
1138 434 1564 489 conversationis
1591 447 1785 502 capere
1813 437 1861 495 Α
1889 432 2033 487 enim
2086 433 2293 488 volatus
2344 432 2479 502 ejus,
2529 435 2756 504 ﬁguram
2784 436 2900 506 ejus
2944 437 2998 491 in
3046 438 3212 494 Deum
3245 439 3458 515 Moyses

211 542 312 580 non
343 523 614 577 valentes.
650 523 825 578 Larus
849 523 1046 577 animal
1084 532 1171 578 est
1205 525 1258 579 in
1308 534 1536 594 utroque
1576 525 1784 589 vivens,

210 616 260 670 id
287 623 371 669 est
394 628 540 682 aqua
566 621 624 667 et
656 621 830 677 terra;
874 613 963 681 qui
993 613 1132 668 sicut
1160 615 1275 670 avis
1299 615 1514 683 quidem
1535 613 1699 679 volat,
1728 621 1788 667 ut

207 694 446 772 aquatile
477 710 660 756 autem
714 710 866 756 natat
904 720 916 756 :
950 703 1036 756 cui
1081 718 1187 757 non
1221 704 1361 758 male
1409 713 1788 774 comparantur

205 796 256 850 hi
288 796 378 864 qui
395 794 555 848 simul
585 793 1058 848 circumcisionem
1072 805 1403 849 venerantur
1419 804 1474 850 et
1496 795 1782 865 baptisma,

209 888 273 942 ad
301 901 440 955 quos
489 885 689 939 Paulus
741 885 908 938 dicit:
939 882 997 939 Si
1045 875 1500 952 circumcidimini,
1548 886 1785 940 Christus

207 977 344 1029 robis
373 973 506 1028 nihil
531 973 743 1043 prodest
766 970 966 1044 (Galat.
992 972 1068 1041 v).
1100 974 1374 1043 Accipiter
1399 975 1540 1029 inter
1563 990 1786 1044 rapaces

209 1080 334 1119 aves
359 1074 480 1127 est;
507 1064 672 1118 habet
697 1070 878 1118 autem
912 1063 1163 1132 quiddam
1195 1064 1359 1129 aliud,
1397 1072 1616 1134 propter
1642 1066 1785 1134 quod

208 1175 234 1210 a
257 1157 445 1228 legisla
454 1166 571 1212 tore
587 1157 795 1226 positus
815 1150 898 1210 est
917 1173 930 1221 ;
957 1157 1287 1211 mansuescit
1307 1157 1504 1228 quippe
1516 1167 1571 1212 et
1594 1170 1786 1227 coope-

206 1261 354 1305 ratur
376 1251 448 1305 ad
477 1249 862 1318 rapacitatem;
907 1265 1066 1319 quem
1094 1249 1373 1303 imitantur
1411 1249 1467 1303 hi
1502 1248 1594 1318 qui
1631 1263 1786 1302 man-

206 1340 339 1394 sueti
366 1339 591 1409 quidem
621 1339 873 1393 videntur
901 1355 1020 1393 esse
1057 1350 1112 1394 et
1139 1353 1299 1394 sensu
1338 1337 1632 1408 tranquilli,
1660 1345 1788 1392 sunt

206 1448 380 1489 autem
423 1449 551 1488 cum
586 1433 898 1502 potentibus
954 1441 1010 1487 et
1049 1433 1228 1486 avaris
1267 1442 1429 1501 atque
1476 1431 1779 1501 rapacibus.

204 1523 528 1593 Nycticorax
560 1521 760 1575 animal
800 1530 883 1575 est
913 1522 1055 1590 quod
1099 1521 1152 1575 in
1207 1530 1364 1576 nocte
1411 1519 1784 1575 tantummodo

205 1612 339 1681 rapit
371 1620 545 1680 atque
569 1618 844 1680 operatur,
878 1611 1018 1664 sicut
1042 1619 1168 1665 sunt
1205 1623 1396 1681 gentes
1422 1610 1783 1681 intelligibiles

206 1702 378 1755 noctis
407 1701 688 1771 operibus,
718 1716 838 1770 quae
866 1711 992 1756 sunt
1032 1718 1047 1756 :
1085 1701 1388 1766 foruicatio,
1416 1701 1780 1768 immunditia,

1888 522 2145 591 sumpsit;
2183 523 2309 592 quia
2338 539 2469 578 vero
2495 539 2683 592 rapax,
2713 540 2742 578 a
2771 526 2890 580 cibo
2931 525 3048 594 ejus
3082 529 3454 586 abstinendum

1887 610 2042 664 dixit.
2095 610 2364 681 Propheta
2413 621 2591 668 autem
2634 614 2823 680 David,
2856 614 3042 685 lugens
3095 618 3362 674 hominem
3401 623 3454 676 in

1887 712 2114 772 peccato
2133 706 2502 769 constitutum,
2533 705 2857 774 nycticoraci
2888 706 3029 761 hunc
3055 707 3192 761 sicut
3219 709 3272 761 in
3301 721 3455 766 nocte

1886 793 2154 848 viventem
2182 795 2542 863 comparavit;
2576 807 2673 862 per
2690 794 2988 864 pelicauum
3023 805 3224 860 autem,
3253 807 3309 851 ut
3331 809 3454 867 pote

1887 897 1986 952 per
2043 883 2240 936 animal
2275 899 2464 938 amans
2514 884 2874 950 solitudinem,
2929 886 3176 955 ﬁguravit
3205 902 3325 941 eum
3365 890 3455 957 qui

1887 972 2070 1028 forsan
2099 973 2288 1028 amicis
2312 973 2580 1028 desolatus
2604 983 2688 1029 est
2708 985 2799 1028 aut
2828 977 3088 1045 cognatis,
3120 977 3456 1047 aliorumque

1887 1064 2142 1118 similium
2161 1064 2416 1118 societate
2439 1064 2745 1120 destitutus.
2776 1066 2882 1138 (Ex
2903 1067 3238 1137 Augustino.)
3266 1068 3371 1124 Sed
3393 1077 3452 1123 ut

1886 1152 2002 1207 haec
2032 1162 2223 1207 cuncta
2252 1154 2488 1208 breviter
2507 1155 2833 1224 replicentur
2871 1158 2936 1212 de
2979 1158 3224 1226 exemplo
3252 1160 3458 1212 anima-

1888 1238 2041 1305 lium,
2070 1241 2234 1294 vitam
2262 1241 2484 1296 damnat
2505 1242 2788 1298 informem
2813 1253 2869 1299 et
2903 1246 3219 1300 criminibus
3251 1255 3455 1300 tortuo-

1886 1345 2022 1384 sam.

1957 1425 2066 1498 (Ea:
2092 1426 2395 1502 Hesychia.)
2425 1427 2556 1484 Cum
2588 1437 2765 1483 autem
2792 1430 2844 1484 in
2883 1431 3061 1485 cibum
3093 1447 3242 1486 suem
3267 1431 3453 1501 prohi-

1884 1515 1992 1578 bet,
2018 1517 2364 1585 reprehendit
2387 1518 2570 1586 utique
2594 1533 2890 1584 caenosam,
2920 1531 2973 1575 et
2999 1521 3218 1585 luteam,
3242 1530 3298 1574 et
3325 1537 3456 1592 gau-

1886 1607 2100 1660 dentem
2149 1609 2400 1661 vitiorum
2454 1609 2703 1664 sordibus
2736 1611 2931 1676 vitam;
2965 1620 3023 1664 ut
3051 1627 3172 1666 cum
3220 1613 3459 1681 leporem

1887 1704 2124 1762 accusat,
2155 1697 2481 1754 deformatos
2511 1701 2696 1769 utique
2718 1701 2771 1754 in
2800 1700 3013 1754 feminis
3034 1702 3180 1757 viros
3216 1703 3456 1756 damnat.

204 1763 540 1861 impudicitia
560 1831 574 1856 ,
615 1763 877 1845 idolorum
917 1792 1116 1856 cultus,
1150 1801 1205 1847 et
1231 1793 1316 1846 his
1344 1763 1538 1846 similia
1569 1763 1778 1862 (Ibid.).
1811 1763 1858 1820 Β
1887 1783 2016 1851 Quis
2041 1795 2220 1841 autem
2252 1788 2555 1843 mustellam
2583 1763 2760 1844 cibum
2789 1790 2988 1846 faciat?
3026 1793 3119 1847 sed
3145 1791 3345 1846 furtum
3373 1809 3457 1848 rev-

204 1880 304 1935 lbis
332 1890 389 1935 et
423 1882 781 1951 porphyrion,
810 1893 865 1936 et
911 1897 1070 1951 quem
1118 1881 1468 1952 Septuaginta
1502 1884 1784 1936 nominaut

204 1973 504 2042 pelicanus,
535 1980 590 2026 et
642 1987 861 2044 cygnus,
913 1981 968 2027 et
1027 1974 1304 2039 herodius,
1341 1981 1396 2028 et
1441 1974 1780 2039 charadrius,

204 2059 336 2130 longi
389 2075 514 2114 esse
557 2061 717 2127 colli,
764 2062 1088 2132 trahereque
1139 2063 1320 2118 cibum
1383 2080 1449 2119 ex
1499 2064 1783 2119 altitudine

204 2156 354 2202 terra:
383 2157 553 2217 atque
592 2166 854 2220 aquarum
890 2153 1142 2208 dicuntur
1181 2172 1192 2206 :
1227 2169 1345 2222 qua:
1373 2153 1628 2208 animalia
1666 2154 1785 2209 imi-

205 2239 319 2301 tari,
352 2252 456 2292 nec
479 2239 550 2292 de
576 2237 923 2295 inferioribus
957 2241 1185 2297 evellere
1228 2243 1426 2308 cibum,
1454 2244 1549 2298 sed
1584 2243 1650 2298 de
1681 2256 1786 2298 ete-

202 2326 447 2381 lestibus.
481 2327 582 2381 llle
612 2328 878 2398 siquidem
915 2331 1354 2402 contemplationi
1389 2342 1564 2398 vacat,
1592 2335 1686 2404 qui
1710 2335 1779 2389 ad

203 2420 482 2488 superiora
507 2429 689 2475 mente
713 2424 1020 2487 contendit,
1049 2431 1103 2477 et
1138 2439 1243 2477 non
1272 2424 1443 2479 solum
1472 2426 1782 2494 intelligibi-

203 2505 328 2571 lem,
353 2506 446 2560 sed
471 2515 527 2562 et
554 2509 863 2564 sensibilem
884 2511 1063 2567 cibum
1089 2527 1118 2565 a
1143 2511 1255 2567 Deo
1289 2523 1565 2582 exspectat
1593 2533 1606 2568 :
1638 2515 1782 2570 unde

202 2594 282 2647 ait
297 2593 598 2649 Dominus:
631 2595 809 2651 Nolite
830 2598 1040 2653 solliciti
1070 2616 1182 2654 esse
1213 2603 1406 2655 anima:
1450 2613 1630 2658 vestra:
1655 2604 1781 2674 quid

203 2683 554 2748 manducetis,
578 2702 739 2756 neque
776 2691 983 2758 corpori
1001 2690 1126 2761 quid
1157 2691 1468 2745 induamini.
1505 2691 1614 2747 Scit
1644 2694 1780 2747 enim

205 2770 378 2826 Pater
412 2785 572 2828 vester
590 2776 806 2831 caelestis
826 2779 949 2848 quia
972 2781 1207 2834 omnibus
1241 2782 1323 2834 his
1348 2799 1550 2836 necesse
1582 2783 1780 2838 habetis

202 2863 421 2932 (Matth.
476 2864 569 2936 vi).
613 2867 798 2937 Upupa
849 2869 1070 2939 lugubre
1119 2871 1317 2925 animal
1361 2887 1655 2943 amansque
1700 2874 1783 2929 lu-

201 2960 382 3006 ctuum
409 2962 493 3008 est
524 2973 537 3008 :
577 2956 756 3010 saeculi
781 2967 963 3012 autem
999 2959 1218 3015 tristitia
1248 2969 1477 3016 mortem
1504 2971 1775 3033 operatur,

199 3050 423 3110 propter
450 3043 593 3112 quod
627 3056 839 3114 oportet
859 3062 982 3102 eum
1025 3049 1116 3118 qui
1157 3049 1330 3120 diligit
1368 3051 1536 3106 Deum
1566 3066 1780 3121 semper

201 3133 456 3202 gaudere,
489 3135 607 3188 sine
643 3137 1041 3194 intermissione
1066 3156 1226 3197 orare
1247 3181 1261 3205 ,
1300 3141 1353 3195 in
1384 3143 1634 3198 omnibus
1656 3158 1781 3213 gra-

203 3225 306 3276 tias
319 3239 502 3294 agere,
529 3227 656 3295 quia
677 3229 930 3298 gaudium
952 3230 978 3281 f
977 3239 1162 3285 ructus
1178 3239 1261 3285 est
1282 3233 1522 3301 spiritus.
1551 3231 1781 3302 Vesper-

203 3315 417 3370 tiliones
443 3318 591 3371 circa
625 3328 823 3373 terram
853 3320 1056 3388 volant,
1099 3323 1172 3376 ita
1207 3331 1266 3376 ut
1288 3324 1478 3393 pennis
1505 3339 1604 3394 pro
1632 3325 1780 3395 pedi-

204 3404 304 3458 bus
324 3415 551 3461 u:antur
577 3410 791 3482 quando
818 3410 1114 3479 ambulant,
1155 3415 1296 3482 quod
1317 3413 1590 3484 indignum
1617 3423 1701 3471 est
1724 3416 1779 3470 in

205 3496 283 3550 eis
312 3498 403 3565 qui
449 3499 888 3568 contemplationi
929 3502 1056 3556 dant
1092 3517 1345 3572 Operam;
1380 3518 1605 3573 quorum
1636 3504 1779 3560 enim

206 3595 289 3640 est
311 3587 524 3643 volatus
547 3590 692 3644 circa
725 3599 952 3657 terram,
988 3593 1182 3648 horum
1210 3595 1372 3650 etiam
1399 3596 1781 3666 contemplatio

200 3678 391 3748 procul
415 3677 582 3734 dubio
616 3680 935 3737 in'terrenis
968 3693 1281 3754 occupatur.
1311 3684 1427 3741 Non
1455 3701 1584 3758 ergo
1605 3687 1782 3741 incre-

204 3769 360 3825 dulus
381 3771 459 3825 sis
479 3786 578 3826 nec
607 3771 841 3837 dubites,
871 3775 1012 3844 quod
1044 3776 1210 3830 etiam
1238 3777 1354 3831 haec
1379 3793 1498 3846 qua:
1523 3794 1666 3832 nunc
1697 3778 1781 3832 di-

203 3871 490 3917 numerata
530 3871 660 3917 sunt
691 3865 946 3918 animalia
976 3868 1041 3921 ad
1061 3866 1427 3921 ostensionem
1451 3866 1782 3938 ﬁguramque

203 3960 392 4008 eorum
439 3969 468 4008 a
515 3956 713 4024 quibus
763 3956 1040 4012 abstinere
1097 3958 1296 4013 debent
1344 3959 1780 4029 contemplationi

205 4054 459 4100 vacantes
505 4047 686 4114 posuit
736 4046 1031 4117 legislator.
1089 4047 1216 4115 Sed,
1241 4049 1472 4118 inquies,
1505 4048 1782 4116 Quomodo

204 4137 396 4190 borum
447 4137 762 4192 animalium
800 4155 906 4194 non
937 4140 1089 4195 cibus
1142 4141 1233 4196 sed
1265 4141 1496 4196 imitatio
1533 4142 1783 4211 prohibe-

205 4233 319 4291 tur;
349 4241 456 4282 cur
476 4227 727 4296 pelicano
754 4236 811 4282 et
843 4229 1171 4298 nycticoraci
1207 4229 1374 4284 David
1410 4231 1671 4300 propheta
1699 4247 1785 4286 se-

204 4321 493 4389 metipsum
518 4320 946 4388 comparaverit,
973 4320 1158 4376 dicens
1190 4339 1203 4376 :
1236 4321 1438 4376 Similis
1469 4322 1638 4392 factus
1664 4338 1781 4375 sum

204 4407 437 4478 pelicano
474 4409 532 4460 in
559 4407 861 4472 solitudine,
888 4409 1059 4478 factus
1094 4427 1208 4463 sum
1232 4413 1366 4465 sicut
1390 4413 1692 4482 nycticoraa.
1725 4413 1780 4466 in

1881 1875 2196 1945 prehendit;
2231 1878 2353 1947 quis
2412 1879 2710 1934 lacertam?
2739 1882 2834 1936 sed
2880 1883 2993 1936 odit
3021 1883 3144 1936 vitae
3193 1883 3459 1937 incertam

1882 1965 2232 2032 varietatem;
2275 1967 2394 2035 quis
2419 1977 2696 2038 postremo
2741 1970 3042 2026 stellionem
3069 1972 3213 2026 vesci
3250 1971 3463 2041 possit?

1883 2062 1942 2108 ut
1966 2054 2080 2108 hch
2105 2053 2191 2108 lex
2214 2070 2541 2126 magnopere
2567 2059 2898 2126 prohiberet,
2929 2059 3018 2114 sed
3041 2060 3280 2114 maculas
3308 2075 3464 2114 men-

1883 2144 2018 2199 tium
2053 2155 2394 2212 exsecratur;
2444 2148 2566 2217 quis
2617 2150 2951 2220 accipitrem,
2980 2159 3074 2204 aut
3099 2150 3338 2215 milvum,
3367 2157 3462 2203 aut

1884 2235 2154 2306 aquilam?
2188 2237 2283 2292 sed
2311 2238 2425 2292 odit
2466 2247 2733 2310 raptores,
2761 2241 2997 2296 violento
3041 2240 3243 2295 scelere
3275 2240 3462 2294 viven-

1883 2335 1997 2392 tes;
2053 2326 2174 2396 quis
2238 2327 2538 2382 vulturem?
2590 2329 2684 2384 sed
2745 2337 3059 2384 exsecratur
3112 2330 3352 2400 przedam
3392 2331 3460 2384 de

1883 2416 2060 2471 aliena
2085 2425 2262 2473 morte
2310 2427 2636 2488 quaerentes.
2673 2419 2764 2475 Sic
2799 2429 2854 2476 et
2882 2437 3005 2477 cum
3032 2436 3252 2476 corvum
3275 2422 3458 2490 prohi-

1882 2508 1994 2574 bet,
2017 2509 2324 2565 voluntates
2345 2511 2556 2582 nigras;
2596 2527 2872 2582 passerem
2898 2529 3112 2584 quoque
3133 2515 3257 2569 dum
3283 2516 3452 2570 inter-

1885 2597 2034 2664 dicit,
2090 2599 2562 2671 intemperantiam
2623 2604 2897 2673 coarguit;
2940 2605 3156 2673 quando
3181 2616 3458 2671 noctuam,

1883 2687 1997 2743 odit
2021 2687 2285 2761 lucifugas
2312 2693 2637 2758 varietates;
2677 2693 2892 2762 quando
2923 2693 3266 2748 casandrium
3301 2693 3457 2765 [chao

1883 2780 2208 2854 randrium],
2241 2797 2414 2852 genus
2461 2784 2641 2837 aulam
2677 2784 2840 2840 nimis
2889 2785 3136 2855 diligens,
3160 2785 3357 2856 lingua:
3379 2786 3462 2840 in-

1885 2867 2336 2935 temperantiam;
2386 2867 2599 2936 quando
2634 2883 2868 2938 cygnum
2911 2870 3202 2937 prohibet,
3233 2870 3464 2925 cervicis

1883 2953 2008 3008 altae
2051 2955 2357 3023 superbiam
2410 2956 2662 3021 denotat;
2714 2957 2930 3026 quando
2998 2959 3460 3029 vespertilionem,

1882 3051 2185 3112 quaerentes
2215 3045 2468 3099 tenebras
2497 3045 2692 3109 noctis,
2727 3045 2976 3099 similiter
2997 3054 3052 3100 et
3079 3061 3312 3102 errores.

1957 3132 2121 3186 Omne
2147 3132 2212 3187 de
2238 3132 2533 3188 volucribus
2561 3136 2701 3206 quod
2748 3137 2991 3206 graditur
3045 3154 3201 3208 super
3238 3148 3466 3209 quatuor

1879 3219 2054 3292 pedes,
2078 3220 2425 3275 abominabile
2463 3223 2559 3276 erit
2587 3223 2746 3276 vobis.
2773 3223 3040 3295 Quidquid
3077 3235 3251 3280 autem
3275 3227 3461 3281 ambu-

1882 3311 1958 3366 lat
1999 3312 2206 3383 quidem
2246 3329 2403 3383 super
2427 3323 2654 3385 quatuor
2691 3315 2865 3385 pedes,
2901 3317 2992 3370 sed
3036 3317 3187 3370 habet
3222 3316 3466 3388 longiora

1883 3412 2021 3457 retro
2055 3419 2235 3470 crura,
2277 3419 2371 3473 per
2422 3420 2540 3474 qua:
2582 3405 2703 3459 salit
2743 3421 2899 3476 super
2940 3415 3153 3468 terram,
3197 3407 3466 3461 comedere

1880 3493 2076 3548 debetis
2103 3511 2122 3550 :
2157 3505 2213 3549 ut
2241 3505 2314 3549 est
2338 3495 2563 3551 bruchus
2594 3499 2648 3550 in
2678 3514 2862 3568 genere
2895 3515 3013 3564 suo,
3054 3508 3258 3552 attacus
3305 3508 3460 3569 atque

1885 3586 2278 3656 ophiomachus,
2311 3604 2373 3640 ac
2402 3587 2604 3641 locusta
2625 3628 2639 3653 ,
2661 3587 2868 3658 singula
2899 3589 3062 3658 juxta
3098 3605 3258 3659 genus
3284 3605 3458 3642 suum.

1882 3674 1966 3729 Ab
2001 3675 2148 3729 omni
2183 3675 2416 3730 mundos
2441 3690 2568 3730 ecce
2589 3686 2811 3746 peccato
2838 3686 2999 3746 atque
3045 3678 3258 3732 actione
3283 3676 3462 3731 sordi-

1884 3767 1951 3822 da
1989 3782 2083 3822 eos
2113 3768 2206 3838 qui
2235 3768 2707 3838 contemplativam
2740 3769 2907 3823 vitam
2936 3771 3261 3839 pollicentur
3295 3785 3460 3839 opor-

1884 3865 1992 3925 tet;
2021 3867 2310 3929 propterea
2339 3860 2645 3930 quicunque
2681 3861 2898 3932 quidem
2919 3861 3228 3917 volatilibus
3258 3861 3462 3917 similes

1884 3956 2008 4001 sunt
2042 3963 2420 4018 supernorum,
2443 3948 2692 4004 videlicet
2715 3950 2929 4020 assequi
2955 3951 3460 4022 contemplationem

1882 4040 2264 4109 promittentes
2286 4056 2406 4110 quae
2422 4041 2568 4095 ducit
2584 4042 2651 4097 ad
2675 4042 2872 4108 caelos;
2903 4043 2997 4098 sed
3018 4043 3294 4113 reptilibus
3317 4057 3463 4096 com-

1883 4139 2162 4200 parantur,
2193 4132 2315 4200 quia
2346 4139 2645 4201 pascuntur
2667 4139 2892 4197 terram,
2923 4141 2978 4188 et
3006 4130 3459 4200 concupiscentiis

1883 4235 2105 4288 operam
2132 4221 2286 4286 dant,
2315 4222 2524 4276 etiamsi
2553 4222 2608 4276 in
2658 4231 2891 4292 quatuor
2941 4222 3222 4277 ambulant
3275 4221 3460 4290 pedes,

1885 4308 1939 4362 id
1981 4317 2083 4373 est,
2133 4309 2237 4363 etsi
2289 4311 2653 4381 evangelicam
2697 4311 2951 4365 simulant
2997 4311 3457 4381 prmdicationem,

1885 4413 2004 4468 qua:
2030 4400 2161 4453 dicit
2191 4417 2204 4452 :
2239 4398 2363 4454 Non
2384 4403 2498 4455 veni
2525 4418 2710 4454 vocare
2729 4403 2924 4472 justas,
2957 4404 3047 4458 sed
3077 4412 3368 4474 peccatores
3406 4405 3462 4458 in

205 4461 465 4551 ξιοωξεηίο
494 4497 669 4568 (put.
696 4461 936 4570 ρηςρέιέ
955 4461 1204 4572 πιέειξῶ
1805 4461 1858 4520 D
1883 4461 2236 4562 paenitentiam
2291 4490 2506 4562 (Matth.
2556 4491 2662 4564 rx);
2710 4461 2764 4546 et
2799 4511 2811 4546 :
2846 4493 2970 4550 Non
3015 4461 3203 4548 habent
3257 4512 3461 4552 necesse

206 4601 317 4640 sum
339 4588 614 4656 signiﬁcet
646 4587 815 4643 Deum
859 4590 1126 4646 dicentem
1175 4593 1242 4647 ad
1292 4591 1475 4656 Israel,
1510 4590 1782 4656 Quomodo

204 4679 514 4748 portarerim
555 4694 648 4732 vos
681 4696 837 4750 super
889 4681 1003 4735 alas
1056 4683 1355 4753 aquilarum
1393 4683 1589 4755 (Exod.
1620 4682 1784 4754 XIX)?

207 4783 321 4820 nam
338 4777 394 4821 et
414 4768 696 4837 propheta:
716 4768 922 4824 leonem
948 4770 1221 4826 Christum
1246 4772 1543 4842 appellant;
1569 4771 1782 4826 leonem

205 4867 377 4911 autem
402 4873 434 4911 e
462 4858 685 4911 diverso
717 4856 909 4913 Petrus
937 4874 1057 4915 esse
1085 4861 1355 4917 diabolum
1379 4861 1511 4916 dicit
1534 4874 1549 4914 :
1578 4875 1680 4915 nec
1704 4867 1784 4913 ta-

207 4964 323 5001 men
345 4949 650 5002 secundum
673 4948 776 5002 hoc
800 4948 884 5004 leo
903 4949 1154 5006 Christus
1173 4951 1470 5005 secundum
1500 4950 1641 5020 quod
1667 4949 1780 5004 dia-

209 5037 356 5090 holus
385 5038 611 5102 dicitur,
639 5037 780 5092 absit
813 5053 843 5090 a
872 5039 1048 5104 nobis,
1079 5039 1218 5094 absit
1241 5040 1345 5111 ista
1380 5040 1656 5110 impietas;
1687 5037 1783 5093 sed

208 5124 327 5191 quia
355 5124 520 5178 simul
552 5126 785 5194 regium,
811 5143 912 5181 nec
939 5142 1045 5181 non
1076 5143 1240 5197 rapax
1271 5136 1432 5196 atque
1463 5128 1670 5182 immite
1699 5134 1784 5182 est

206 5214 424 5279 animal,
455 5231 692 5285 cumque
718 5216 1035 5287 dignitatem
1086 5218 1428 5285 laudabilem,
1457 5219 1784 5290 vituperabi-

207 5301 310 5359 lcm
335 5315 521 5362 tamen
557 5309 929 5378 operationem
964 5318 1136 5380 gerat,
1176 5311 1318 5380 quod
1353 5312 1570 5382 quidem
1597 5311 1785 5366 lauda-

208 5393 312 5449 bile
345 5396 532 5461 habet,
557 5398 664 5452 hoc
690 5397 745 5451 in
772 5397 974 5453 Christi
1004 5415 1170 5470 regno
1205 5401 1486 5470 accipitur,
1518 5402 1661 5471 quod
1689 5416 1785 5455 au-

211 5492 315 5538 tem
363 5486 723 5557 vituperabile
771 5487 828 5541 in
883 5489 1113 5553 diabolo,
1145 5491 1199 5544 id
1240 5499 1343 5556 est,
1369 5492 1656 5561 rapacitas,
1683 5491 1786 5546 im-

211 5578 590 5632 mansuetudo.
641 5577 797 5646 Quod
829 5586 881 5632 et
921 5579 974 5632 in
1008 5580 1183 5650 aquila
1215 5581 1639 5647 considerantes,
1665 5581 1784 5638 sine

210 5662 385 5736 aliqua
428 5666 707 5724 dubietate
756 5669 1055 5739 reperimus
1106 5687 1117 5724 :
1175 5678 1398 5742 prepter
1441 5670 1779 5728 altitudinem

1884 4583 2001 4636 sani
2028 4581 2308 4648 medicum,
2330 4582 2420 4636 sed
2441 4583 2530 4652 qui
2560 4582 2696 4636 male
2716 4583 2904 4637 habent
2936 4583 3154 4657 (Ibid.);
3187 4600 3218 4638 a
3244 4599 3350 4655 quo
3374 4585 3457 4640 la—

1888 4683 1974 4727 tro
1994 4672 2232 4728 salvatus
2255 4681 2359 4738 est,
2390 4680 2445 4727 et
2487 4672 2728 4728 adultera
2761 4672 3078 4742 justiﬁcata.
3111 4675 3180 4731 Et
3218 4677 3309 4745 qui
3339 4677 3460 4745 plus

1887 4767 2178 4831 debebant,
2221 4765 2342 4834 plus
2373 4765 2601 4836 diligere
2631 4765 2996 4837 ignoscentem
3039 4766 3292 4821 dicuntur
3322 4785 3335 4820 :
3366 4767 3460 4822 sed

1886 4864 2069 4911 tamen
2094 4857 2221 4926 quia
2251 4871 2359 4911 non
2399 4855 2693 4910 secundum
2719 4857 3004 4910 veritatem
3052 4857 3304 4911 socialem
3339 4873 3458 4911 am-

1883 4945 2197 5016 plectuntur
2253 4945 2453 5011 vitam,
2509 4945 2805 5000 abutuntur
2855 4954 3034 5000 autem
3087 4947 3458 5016 compassione

1883 5036 2286 5106 praedicationis
2323 5052 2422 5107 pro
2463 5036 2576 5091 suis
2611 5035 2997 5106 voluptatibus,
3030 5037 3289 5091 immundi
3333 5045 3458 5092 sunt

1885 5135 2054 5196 atque
2079 5127 2490 5193 abominabiles,
2513 5136 2572 5181 ut
2598 5135 2722 5196 pote
2749 5128 2840 5196 qui
2863 5129 2916 5182 in
2935 5128 3023 5183 tali
3051 5129 3456 5184 conversatione

1885 5223 1940 5270 et
1969 5216 2022 5270 in
2063 5224 2212 5270 tanta
2267 5216 2489 5271 scientia
2518 5226 2729 5286 turpem
2767 5219 3054 5286 quamdam
3087 5218 3459 5288 ingrediuntur

1887 5314 1942 5360 et
1972 5305 2301 5361 immundam
2335 5307 2520 5361 vitam.
2558 5305 2763 5374 Quibus
2795 5315 2976 5362 autem
3023 5315 3147 5361 sunt
3171 5320 3327 5360 crura
3363 5317 3458 5356 ex-

1887 5397 2115 5452 celsiora
2136 5398 2354 5468 pcdum,
2407 5406 2465 5451 ut
2505 5413 2604 5467 per
2643 5413 2704 5452 ea
2751 5399 3000 5454 cxsilient
3032 5414 3060 5451 a
3092 5407 3258 5460 terra,
3314 5395 3458 5450 inter

1886 5488 2084 5544 munda
2107 5496 2388 5558 propterea
2423 5497 2715 5558 ponuntur,
2752 5492 2876 5560 quia
2914 5506 3034 5545 cum
3063 5490 3170 5543 sint
3193 5488 3246 5541 in
3268 5501 3455 5553 carne,

1884 5595 1992 5636 non
2021 5581 2316 5636 secundum
2356 5596 2577 5636 carnem
2614 5581 2864 5646 militant,
2890 5581 2984 5636 sed
3012 5594 3042 5631 a
3061 5577 3292 5633 sordidis
3314 5577 3460 5632 exsi-

1884 5671 2024 5729 liunt
2071 5670 2392 5738 actionibus,
2424 5679 2480 5727 et
2518 5670 2864 5727 saecularibus
2910 5667 3240 5736 hominibus,
3273 5677 3332 5724 ut
3362 5668 3459 5726 do-
