3956 6176
507 306 612 362 I$59

1139 297 1202 350 Β.
1246 290 1502 349 RABANI
1537 287 1755 344 MAURI
1792 282 2110 341 ARCHIEP.
2153 278 2462 338 MOGUNT.
2503 272 2788 333 OPERUM
2823 269 3002 328 PARS
3037 269 3078 323 ἰ.

3642 264 3745 319 560

508 423 666 473 ccant
694 426 785 468 eos
827 416 987 475 atque
1048 404 1332 466 instruant,
1376 398 1794 469 permiscentur;
1846 394 1920 446 ita
1947 400 2008 446 ut
2030 399 2086 444 et
2109 399 2161 457 Α
2185 388 2420 443 emicant
2438 394 2598 452 atque
2618 382 2874 438 exsiliunt
2895 378 3057 448 biqui
3082 390 3204 431 cum
3224 373 3600 444 peccatoribus
3621 388 3754 428 con—

510 521 633 562 cum
667 499 920 556 adulteris
948 492 1243 563 aliquando
1268 498 1464 555 etcum
1488 485 1786 557 publicanis
1813 482 2077 554 habitent,

511 607 565 650 et
592 604 770 649 tamen
794 585 1081 643 immundis
1101 597 1290 639 eorum
1306 595 1411 634 non
1439 577 1893 634 commisceantur
1918 571 2083 626 actio-

515 688 672 741 nibus
696 700 709 735 ε
740 678 987 735 resiliunt
1033 675 1178 730 enim
1210 673 1280 727 ab
1306 671 1386 725 eis
1413 678 1468 725 et
1507 668 1741 731 avolant,
1765 675 1819 720 et
1847 679 1968 720 eum
1997 678 2083 717 so-

510 771 767 826 cietatem
815 766 1022 836 peccati
1077 763 1316 832 ipsorum
1366 756 1655 824 refugiant,
1710 751 2084 824 peccatoribus

519 873 720 923 tamen,
746 866 807 912 u‘t
831 871 924 911 eos
953 871 984 907 a
1010 861 1355 923 peccatorum
1387 847 1637 903 sordibus
1664 844 1896 898 libarent
1925 849 2085 909 atque

520 956 792 1012 revocent,
851 946 1167 1016 plerumque
1207 938 1548 1001 cohabitant;
1602 935 1742 989 sicut
1775 931 2035 987 Dominus
2068 946 2081 982 :

522 1041 627 1107 Qui
659 1047 922 1109 peccatum
949 1049 1051 1086 non
1088 1031 1229 1100 fecit,
1273 1044 1364 1081 nec
1391 1026 1443 1079 in
1485 1041 1573 1078 ore
1620 1024 1732 1091 ejus
1787 1019 1939 1073 dolus
1988 1018 2087 1087 fuit

522 1132 575 1204 (Ι
602 1129 746 1184 Petr.
774 1126 855 1198 ιι),
889 1140 1009 1179 cum
1036 1119 1413 1192 peccatoribus
1438 1115 1752 1170 comedebat
1778 1120 1833 1166 et
1850 1110 2086 1172 bibebat,

523 1197 768 1276 doctrina
817 1197 914 1271 eos
966 1210 1412 1275 institutioneque
1450 1202 1781 1272 justiﬁeans,
1830 1206 1885 1252 et
1914 1197 1981 1252 ad
2008 1197 2088 1251 sui

523 1321 825 1381 provocans
850 1300 1269 1361 aemulationem,
1296 1293 1431 1347 nihil
1479 1303 1666 1346 eorum
1710 1289 1821 1357 ipse
1854 1285 2089 1348 imitans,

525 1373 626 1452 nec
643 1396 711 1450 ab
734 1395 812 1449 eis
847 1390 1185 1459 inquinatus;
1240 1390 1459 1454 propter
1497 1378 1641 1447 quod
1669 1377 1925 1430 dixerunt
1960 1373 2094 1427 Can-

527 1488 633 1541 tica
675 1484 1005 1539 canticorum
1043 1496 1056 1531 :
1107 1475 1242 1528 Ecce
1278 1473 1373 1525 iste
1415 1471 1547 1523 venit
1583 1464 1776 1520 saliens
1814 1464 1871 1517 in
1908 1461 2095 1515 monti-

529 1576 644 1640 bus,
671 1569 965 1625 transiliam
1000 1579 1154 1634 super
1187 1559 1342 1614 colles
1378 1552 1650 1629 (Cant.n).

599 1636 827 1734 Oportet
852 1672 981 1727 ergo
1008 1669 1107 1709 nos
1147 1652 1349 1705 habere
1400 1660 1563 1702 crura
1605 1640 1919 1698 sublimiora
1944 1636 2097 1708 pedi-

2180 483 2468 532 vcrsantur
2520 474 2589 527 ad
2639 471 2891 526 solatium
2914 467 3173 537 justitite,
3208 474 3264 519 et
3305 480 3412 519 non
3440 462 3549 532 jam
3602 463 3760 518 locus

2182 568 2395 623 illorum
2424 564 2515 621 ille
2556 578 2676 619 esse
2710 560 3070 631 cognoscitur,
3095 558 3249 627 cujus
3274 556 3516 610 habitum
3541 555 3759 624 pridem

2182 658 2660 720 demonstrabant,
2730 669 2851 709 cum
2914 649 3306 721 quodammodo
3364 653 3764 701 venerarentur

2183 765 2320 819 quos
2364 757 2416 803 et
2444 755 2565 803 erat
2592 759 2812 800 necesse
2853 741 3071 798 salvari.
3111 736 3427 807 Ophiomaci
3458 745 3642 789 autem
3688 735 3761 788 ab

2187 838 2542 910 appellatione
2592 834 2970 889 manifestatur
3007 839 3062 884 et
3106 830 3312 891 virtus,
3365 842 3524 895 quem
3554 825 3765 879 imitari

2184 931 2383 985 bonum
2415 937 2520 992 est,
2568 934 2621 981 et
2672 921 3099 993 intelligibilibus
3145 931 3444 987 repugnare
3501 914 3769 983 serpenti-

2186 1019 2289 1074 bus
2312 1036 2324 1071 :
2347 1016 2753 1071 reminiscentes
2783 1011 2925 1080 quod
2950 1026 3050 1063 non
3087 1008 3152 1062 sit
3178 1006 3321 1060 nobis
3348 1003 3645 1080 colluctatio
3670 1002 3770 1056 ad-

2188 1125 2366 1164 versus
2396 1123 2603 1162 carnem
2645 1114 2693 1159 et
2734 1103 3059 1173 sanguinem,
3085 1099 3174 1154 sed
3211 1099 3456 1152 adversus
3501 1096 3769 1166 principes

2189 1205 2236 1251 et
2269 1204 2582 1266 potestates,
2639 1193 2885 1245 adversus
2938 1188 3117 1243 mundi
3162 1194 3382 1239 rectores
3431 1184 3770 1238 tenebrarum

2191 1290 2412 1355 harum,
2479 1293 2659 1341 contra
2731 1282 2987 1354 spiritalia
3048 1278 3290 1351 nequitia:
3354 1279 3410 1329 in
3471 1274 3770 1329 coelestibus

2194 1378 2407 1449 (Ephes.
2438 1376 2514 1446 vi)
2551 1394 2563 1428 :
2598 1375 2653 1429 hi
2696 1381 2822 1428 sunt
2863 1371 3057 1441 quippe
3102 1365 3461 1437 intelligibiles
3487 1373 3773 1435 serpentes

2192 1478 2249 1525 et
2282 1470 2526 1523 venenati
2561 1466 2844 1520 dracones.

2268 1557 2535 1628 Quidquid
2560 1573 2623 1610 ea:
2648 1553 2938 1608 volucribus
2966 1561 3193 1622 quatuor
3236 1558 3437 1603 tantum
3475 1547 3632 1601 habet
3678 1563 3775 1617 pe-

2197 1654 2286 1706 des
2298 1648 2612 1705 exsecrabile
2636 1649 2731 1701 erit
2755 1646 2914 1710 vobis,
2931 1655 2977 1698 et
2991 1646 3280 1715 quicunque
3296 1641 3567 1695 moriicina
3586 1655 3776 1692 eorum

528 1728 664 1820 bus;
709 1768 817 1807 non
872 1747 1049 1818 qualia
1092 1743 1397 1798 Judzeorum
1439 1736 1604 1805 pedes
1657 1733 1875 1796 habent,
1923 1728 2097 1820 quiin

2204 1743 2422 1813 tetigerit
2447 1739 2716 1811 polluitur,
2765 1750 2812 1792 et
2844 1736 3144 1790 immundus
3164 1734 3259 1788 erit
3286 1750 3444 1803 usque
3479 1732 3547 1785 ad
3596 1747 3778 1799 vespe-

529 1815 773 1913 utrisque
804 1815 1045 1907 vestigiis
1067 1831 1197 1895 suis,
1222 1830 1274 1883 in
1298 1828 1414 1896 lege
1444 1823 1773 1913 videlicetet
1800 1815 2095 1887 prephetis,

529 1902 856 1994 claudicant,
889 1902 985 1981 sed
1015 1921 1192 1992 qualia
1224 1919 1426 1972 habent
1446 1928 1510 1967 ea
1545 1902 1667 1981 qusi
1702 1909 1955 1963 dicuntur
1976 1905 2102 1959 che-

533 2023 709 2078 rubin.
742 2019 817 2073 De
842 2016 1035 2086 quibus
1067 2012 1265 2066 dictum
1290 2012 1372 2060 est
1402 2021 1415 2056 :
1455 2001 1523 2056 Et
1550 2016 1707 2054 crura
1740 2011 1919 2053 eorum
1945 2010 2102 2048 crura

535 2122 695 2176 recta,
753 2118 800 2162 et
849 2084 1051 2175 pinnati
1109 2098 1261 2170 pedes
1297 2109 1476 2149 eorum
1516 2088 1730 2161 (Ezech.
1758 2085 1818 2157 1).
1857 2084 2021 2138 Recte
2049 2089 2104 2136 et

532 2199 980 2261 indeclinabiliter
1021 2195 1075 2248 in
1128 2186 1453 2259 evangelicis
1496 2182 1745 2254 pedibus,
1793 2178 1859 2233 de
1909 2176 2104 2246 quibus

532 2297 733 2351 dictum
769 2297 853 2346 est
890 2306 904 2342 :
945 2283 1172 2340 Calceati
1208 2280 1358 2351 pedes
1393 2277 1449 2329 in
1492 2270 1873 2344 praeparatione
1924 2266 2103 2320 Evan-

533 2385 652 2455 gelii
700 2382 844 2452 pacis
897 2376 1113 2448 (Ephes.
1143 2371 1257 2440 vr);
1292 2368 1380 2421 hic
1420 2361 1666 2434 quamvis
1704 2372 1865 2426 super
1901 2365 2102 2411 terram

533 2445 795 2535 ambulet,
824 2445 1072 2538 quamvis
1111 2476 1233 2517 cum
1263 2455 1660 2527 peccatoribus,
1686 2445 2105 2518 dispensationis

536 2564 813 2634 cujusdam
861 2556 1032 2628 gratia
1072 2547 1503 2624 juvaminisque,
1547 2546 1926 2600 conversetur,
1974 2533 2105 2588 illud

536 2623 763 2722 inn-piens
819 2623 1166 2716 apostolicum
1199 2657 1212 2691 :
1248 2623 1303 2691 Si
1348 2635 1462 2705 quis
1503 2648 1588 2686 vos
1624 2638 1766 2684 vocat
1814 2623 2105 2694 infidelium

534 2713 840 2801 ademnam,
853 2713 902 2790 et
926 2731 1075 2788 vultis
1092 2732 1188 2793 ire,
1209 2742 1358 2781 omne
1377 2722 1512 2795 quod
1535 2720 1672 2775 vobis
1687 2716 1976 2787 appositum
1992 2713 2106 2781 fue-

539 2835 604 2887 rit
631 2828 879 2885 comedite
899 2866 916 2892 ,
949 2820 1076 2877 nillil
1101 2821 1475 2887 interrogantes
1509 2818 1717 2881 propter
1735 2802 2104 2861 conscientiam

537 2919 593 2993 (Ι
615 2917 737 2974 Cor.
760 2915 837 2987 x),
870 2923 1052 2969 tamen
1079 2905 1296 2962 volatile
1341 2905 1623 2972 permanet
1645 2906 1698 2952 et
1725 2895 1954 2950 mundus
1998 2899 2104 2957 est,

538 2982 717 3069 sciens
742 3023 773 3063 a
797 2982 947 3062 terra
995 3000 1230 3058 emicare
1256 3002 1416 3064 atque
1454 2990 1691 3052 exsilire,
1718 2996 1775 3041 et
1805 3001 1912 3039 non
1933 2982 2107 3038 adhic-

2201 1846 2349 1896 rum;
2383 1838 2430 1883 et
2458 1830 2505 1883 si
2545 1843 2746 1882 necesse
2774 1825 2950 1892 fuerit,
2981 1833 3034 1877 ut
3065 1831 3230 1893 portet
3265 1820 3531 1893 quidpiam
3576 1820 3774 1871 horum

2199 1929 2486 1983 mortuum,
2534 1916 2727 1970 lavabit
2752 1915 3053 1968 vestimenta
3099 1929 3220 1977 sua,
3252 1920 3299 1964 et
3338 1908 3641 1963 immundus
3672 1910 3778 1962 erit

2201 2008 2361 2081 usque
2380 2010 2448 2062 ad
2469 2007 2592 2062 solis
2618 2021 2878 2060 occasum.
2913 2001 3077 2057 Omne
3097 2000 3295 2056 animal
3316 2000 3453 2071 quod
3480 2000 3635 2053 habet
3659 2001 3783 2070 qui-

2201 2104 2319 2158 dem
2348 2099 2619 2171 ungulam,
2645 2097 2734 2152 sed
2764 2114 2866 2150 non
2892 2095 3073 2148 dividit
3112 2109 3248 2157 eam,
3281 2108 3370 2145 nec
3399 2090 3652 2151 ruminat,
3680 2090 3783 2142 im-

2202 2192 2452 2249 mundum
2477 2191 2592 2256 erit,
2621 2199 2669 2242 et
2713 2185 2962 2258 quidquid
2993 2184 3231 2253 tetigerit,
3267 2180 3399 2234 illud
3440 2179 3783 2232 contamina-

2203 2284 2362 2338 bitur.
2396 2281 2503 2353 (Ex
2552 2276 2856 2349 Hesychia.)
2887 2275 3038 2341 Quod
3074 2271 3279 2342 reptilia
3320 2270 3616 2325 volatilium
3652 2286 3785 2340 qua:

2203 2374 2257 2428 in
2285 2380 2517 2442 quatuor
2543 2369 2819 2423 ambulant
2840 2366 3023 2437 pedes,
3053 2378 3146 2418 eos
3173 2361 3264 2432 qui
3290 2361 3587 2415 abutuntur
3613 2377 3786 2416 evan-

2204 2464 2428 2535 gelicam
2453 2463 2642 2524 vitam,
2684 2469 2736 2514 et
2761 2458 2929 2512 vitam
2962 2464 3237 2511 sectantur
3268 2453 3542 2509 sordidam
3582 2462 3639 2506 et
3668 2453 3787 2507 im-

2204 2551 2461 2606 mundam
2489 2547 2810 2620 signiﬁcent.
2841 2545 3090 2601 Dividere
3115 2551 3295 2599 autem
3329 2542 3606 2612 ungulam,
3633 2543 3790 2596 sicut

2206 2644 2297 2699 hic
2330 2640 2679 2711 Septuaginta
2729 2639 2933 2703 dicunt,
2963 2638 3059 2691 sed
3108 2651 3214 2690 non
3264 2634 3560 2697 ruminare,
3596 2634 3647 2687 id
3699 2644 3791 2688 est

2202 2736 2376 2807 legem
2399 2732 2851 2804 quemadmodum
2879 2736 3091 2799 oportet
3131 2726 3403 2790 meditari,
3432 2735 3489 2779 et
3537 2724 3787 2779 litteram

2207 2826 2444 2882 dividere
2498 2823 2565 2878 ab
2599 2823 2812 2893 spiritu,
2862 2821 2954 2875 sed
2993 2835 3098 2874 non
3137 2834 3201 2874 ea
3232 2833 3350 2886 qua:
3377 2818 3429 2870 in
3471 2831 3534 2870 ea
3568 2816 3785 2884 scripta

2207 2924 2332 2971 sunt
2354 2913 2587 2984 operari,
2616 2925 2788 2981 neque
2818 2910 2890 2964 ita
2923 2907 3230 2963 conversari
3262 2907 3315 2960 in
3342 2905 3791 2974 praecedentibus

2208 3005 2575 3068 ostendimus;
2633 3001 2773 3055 unde
2816 2998 3121 3053 necessarie
3164 3010 3349 3050 eorum
3390 2994 3702 3060 morticina,
3736 2995 3794 3049 id

536 3114 660 3161 rem
694 3095 1041 3155 saecularibus
1063 3086 1383 3143 actionibus.
1405 3084 1545 3135 Bene
1568 3090 1748 3133 autem
1770 3077 1956 3131 talium
1984 3076 2101 3130 ani-

2205 3103 2306 3161 est,
2343 3095 2581 3150 actiones
2609 3093 2660 3146 in
2700 3091 2895 3159 quibus
2920 3089 3128 3158 peccati
3159 3094 3330 3141 morte
3366 3086 3662 3148 intereunt,
3705 3086 3793 3140 fu-

538 3192 759 3247 malium
783 3187 949 3242 etiam
973 3175 1231 3235 vocabula
1261 3172 1483 3244 protulit
1512 3168 1805 3240 legislator,
1835 3165 2099 3221 bruclium

537 3293 594 3339 et
617 3283 902 3343 locustam,
926 3282 1165 3329 attacum
1194 3274 1357 3336 atque
1377 3262 1754 3331 opbiomacum
1795 3256 2099 3311 nominans.

538 3375 702 3444 Cujus
716 3381 894 3426 autem
910 3360 1236 3434 operationis
1251 3354 1491 3415 sintsive
1503 3351 1739 3415 virtutis,
1754 3348 1963 3403 Nabum
1985 3360 2105 3417 pro-

537 3441 700 3536 pheta
727 3461 860 3517 satis
890 3455 1163 3526 explanat,
1215 3449 1291 3503 ait
1339 3445 1527 3502 enim:
1574 3441 1815 3495 Bruchus
1845 3453 2103 3509 expensus

537 3528 612 3611 est
635 3563 682 3608 et
702 3548 959 3611 avolavit;
981 3540 1219 3598 custodes
1247 3538 1324 3592 tui
1349 3534 1500 3608 quasi
1521 3531 1733 3586 locustae
1763 3528 2101 3591 locustarum,

537 3662 657 3718 qua:
702 3637 976 3696 considunt
1023 3633 1079 3687 in
1112 3628 1316 3700 sepibus
1363 3627 1423 3680 in
1466 3623 1551 3678 die
1588 3621 1803 3692 frigoris
1832 3615 2102 3691 (Na/tum,

538 3711 635 3805 ιιι)
681 3729 812 3787 :vel
858 3726 1001 3783 sicut
1043 3719 1396 3790 Septuaginta
1441 3729 1455 3768 :
1512 3712 1768 3768 Emicavit
1805 3711 1937 3764 sicut
1975 3716 2106 3761 atte-

540 3798 658 3879 laus
694 3818 1002 3875 commixtus
1031 3813 1154 3876 tibi,
1190 3812 1323 3864 sicut
1369 3806 1571 3860 locusta
1620 3818 1736 3874 qua:
1788 3798 2105 3854 transcendit

541 3910 824 3967 maceriam
858 3909 911 3959 in
946 3904 1029 3957 die
1073 3900 1305 3970 frigoris.
1343 3896 1423 3950 Ex
1447 3894 1641 3962 quibus
1667 3890 1846 3946 cernis
1889 3889 2015 3957 quia
2053 3894 2109 3941 et

543 4000 588 4054 si
619 3993 996 4066 peccatoribus
1049 3986 1522 4045 commisceamur,
1572 3987 1626 4033 et
1670 3979 1716 4032 si
1768 3978 1823 4030 in
1852 3976 1938 4030 die
1986 3974 2106 4046 gelu

542 4063 656 4143 sive
690 4082 914 4156 pruinae,
946 4079 1002 4134 id
1023 4084 1126 4141 est,
1148 4072 1488 4130 abundantiae
1512 4067 1719 4139 peccati
1747 4081 1762 4119 :
1792 4063 1923 4119 Cum
1948 4066 2104 4130 enim,

542 4154 749 4248 inquit,
808 4168 1145 4226 abundaverit
1193 4173 1480 4236 peccatum,
1534 4158 1826 4229 refrigescet
1878 4154 2106 4207 charitas

538 4247 860 4331 multorum,
912 4260 1275 4318 transiliamus
1308 4253 1623 4318 maceriam,
1665 4250 1937 4319 spinosam
1962 4247 2108 4301 vide-

542 4361 669 4417 licet
716 4364 1059 4429 peccatorum
1105 4345 1591 4406 coacervationem,
1629 4356 1736 4394 non
1772 4337 1976 4394 similes
2028 4336 2106 4390 ef-

541 4450 669 4507 fecti
706 4408 818 4510 eris,
867 4443 960 4498 sed
1018 4438 1364 4507 subjicientes
1401 4448 1495 4487 eos
1530 4431 1703 4495 nobis,
1742 4438 1800 4483 ut
1839 4428 1969 4481 ﬁant
2011 4426 2106 4480 do-
2132 4408 2182 4467 D

541 4541 730 4594 ctrina:
755 4533 1086 4595 obedientes,
1117 4536 1302 4597 aperte
1347 4524 1618 4577 salvamus
1652 4528 1706 4574 et
1757 4518 2101 4572 salvabimur.

544 4630 698 4685 Unde
721 4627 797 4680 ait
827 4623 1023 4678 Paulus
1050 4635 1065 4673 :
1096 4617 1292 4671 Factus
1315 4629 1427 4667 sum
1452 4609 1655 4664 Judceis
1687 4609 1818 4661 sicut
1850 4606 2106 4667 Juda'us,‘

543 4721 623 4774 bis
637 4718 723 4789 qui
748 4715 841 4770 sub
861 4713 967 4782 lege
991 4718 1134 4773 sunt,
1150 4705 1300 4777 quasi
1316 4703 1409 4757 sub
1426 4700 1533 4769 lege
1555 4713 1736 4762 essem,
1755 4712 1873 4748 cum
1893 4696 1999 4764 ipse
2014 4694 2107 4747 sub

544 4808 653 4878 lege
681 4821 779 4859 non
802 4817 994 4862 essem;
1018 4800 1097 4852 his
1127 4798 1214 4866 qui
1245 4795 1355 4847 sine
1382 4791 1488 4860 lege
1515 4796 1657 4849 sunt,
1688 4785 1838 4856 quasi
1868 4785 1977 4838 sine
2001 4783 2109 4854 lege

544 4873 726 4957 essent,
744 4907 859 4945 cum
879 4890 985 4958 ipse
999 4887 1111 4939 sine
1143 4883 1250 4951 lege
1265 4881 1361 4934 Dei
1391 4895 1492 4932 non
1512 4892 1696 4940 essent,
1722 4874 1810 4928 sed
1828 4873 1917 4928 sub
1933 4874 2130 4948 legees-

543 5001 647 5040 sem
674 4975 1153 5036 Christiwntnibus
1177 4971 1349 5025 omnia
1377 4968 1544 5037 {actus
1574 4982 1711 5031 sum,
1746 4974 1800 5017 ut
1825 4981 1999 5018 omnes
2029 4963 2111 5018 lu-

546 5074 847 5143 crifacerem
874 5067 925 5139 (1
956 5066 1077 5120 Cor.
1120 5062 1217 5135 ιλ).
1253 5060 1357 5115 Sed
1386 5070 1563 5113 tamen
1600 5058 1653 5111 in
1680 5071 1883 5111 morem
1921 5054 2111 5111 bruchi

546 5166 804 5236 impetum
826 5160 1003 5213 facere
1027 5166 1076 5211 el
1103 5155 1317 5210 evolare
1345 5164 1566 5205 necesse
1590 5148 1870 5213 habemus,
1886 5154 1946 5200 ut
1973 5147 2113 5202 sicut

544 5258 750 5316 locusta
772 5253 884 5307 sive
919 5259 1126 5304 attacus
1148 5260 1267 5300 esse
1294 5243 1384 5312 qui
1418 5256 1515 5310 pro
1540 5237 1847 5307 hujusmodi
1874 5244 2111 5291 attacum

546 5349 750 5410 dicunt,
785 5340 1002 5397 exsilire
1027 5336 1294 5407 possimus
1320 5340 1376 5386 et
1402 5330 1637 5385 emicare
1671 5347 1683 5380 :
1719 5328 1796 5382 sic
1825 5327 1971 5381 enim
1991 5335 2114 5395 apte

547 5437 850 5499 conveniet,
880 5431 1022 5502 quod
1053 5430 1105 5482 in
1157 5426 1347 5481 eodem
1378 5424 1642 5495 prephcta
1692 5421 1937 5491 sequitur
1975 5436 1988 5471 :
2019 5416 2113 5472 Sol

550 5540 694 5583 ortus
724 5538 771 5580 et
799 5522 1023 5578 elevatus
1051 5528 1149 5583 est,
1176 5528 1221 5571 et
1269 5533 1373 5570 non
1409 5524 1484 5569 est
1513 5515 1747 5568 inventus
1783 5512 1927 5565 locus
1956 5510 2069 5580 ejus
2092 5521 2111 5559 :

550 5617 801 5687 quoniam
828 5609 1190 5684 ortojustitia:
1219 5608 1331 5665 sole
1359 5608 1449 5677 qui
1487 5604 1755 5661 illuminat
1783 5600 2110 5666 abscondita,

2203 3200 2332 3255 gere
2378 3183 2647 3253 prmcepit,
2696 3188 2753 3236 et
2792 3179 2935 3234 nullo
2974 3179 3134 3233 modo
3187 3176 3505 3247 participari
3558 3176 3793 3241 talibus,

2204 3292 2306 3331 nec
2325 3276 2637 3345 contingere
2666 3288 2764 3338 ea;
2794 3287 2903 3326 non
2934 3271 3109 3326 solum
3138 3281 3319 3325 autem
3347 3277 3654 3340 tangentes,
3690 3271 3796 3325 sed

2202 3372 2259 3420 et
2283 3372 2559 3436 portantes
2584 3370 2677 3418 aut
2700 3361 3029 3430 accipientes
3073 3358 3347 3429 quidpiam
3385 3373 3453 3414 ex
3483 3359 3564 3414 eis
3591 3360 3798 3428 pollui.

2204 3473 2347 3512 mur.
2378 3455 2564 3510 Portat
2590 3461 2769 3507 autem
2787 3460 3029 3522 peccata,
3060 3450 3149 3518 qui
3175 3449 3306 3504 dicit
3326 3448 3525 3503 malum
3552 3448 3795 3513 bonum,

2204 3556 2261 3603 et
2304 3559 2547 3600 amarum
2580 3542 2758 3607 dulce,
2798 3551 2852 3596 et
2889 3540 3138 3595 tenebras
3166 3539 3341 3594 lucem
3384 3541 3572 3609 :quod
3616 3540 3786 3597 Isaiae

2205 3637 2482 3706 prophetas
2532 3630 2941 3704 reprehenditur
2983 3646 3149 3697 voce,
3190 3632 3315 3701 quia
3349 3646 3445 3701 per
3494 3630 3599 3686 hoc
3625 3647 3801 3688 exero

2208 3744 2341 3784 cens
2367 3726 2532 3782 alium
2579 3725 2648 3780 ad
2673 3721 3033 3793 iniquitatem,
3059 3730 3113 3776 et
3140 3721 3376 3776 invitans
3400 3721 3470 3777 ad
3492 3722 3734 3790 malum,
3765 3742 3800 3780 a

2207 3835 2314 3889 quo
2371 3816 2659 3889 prohibere
2706 3815 2998 3877 debuerat,
3044 3826 3209 3881 super
3254 3812 3607 3883 semetipsum
3654 3831 3804 3885 quo-

2207 3907 2492 3995 dammodo
2517 3905 2939 3977 suscipitjugum
2969 3902 3104 3974 (lsa.
3133 3902 3209 3972 v).
3249 3901 3367 3957 Non
3394 3910 3579 3957 autem
3623 3920 3803 3974 Opor-

2208 3992 2289 4053 tet
2341 3996 2646 4066 quempiam
2700 4002 2978 4064 peccatum
3032 3992 3257 4047 alterius
3318 3992 3374 4046 in
3429 3995 3800 4063 semetipsum

2209 4085 2524 4143 transferre.
2566 4084 2647 4140 Ob
2676 4085 2780 4139 hoc
2809 4083 2951 4139 enim
2978 4091 3033 4137 et
3059 4081 3227 4137 David
3251 4081 3328 4135 ait
3359 4098 3372 4134 :
3404 4078 3473 4134 Et
3498 4081 3564 4134 ab
3594 4082 3802 4139 alienis

2206 4193 2361 4249 parce
2410 4192 2557 4229 servo
2590 4184 2680 4228 tuo
2731 4171 2914 4244 (Psal.
2960 4170 3135 4243 xvm).
3186 4169 3246 4225 Si
3292 4171 3436 4225 enim
3481 4170 3803 4230 alienorum

2206 4269 2501 4340 participes
2550 4266 2850 4322 efﬁciamur
2880 4273 3261 4334 peccatorum,
3315 4263 3577 4317 immundi
3613 4279 3802 4334 usque

2208 4362 2275 4416 ad
2300 4375 2582 4430 vesperam
2595 4374 2997 4430 permanemus.
3011 4358 3064 4413 id
3080 4364 3182 4422 est,
3201 4370 3373 4424 usque
3401 4355 3527 4410 dum
3557 4371 3805 4426 agamus

2208 4451 2606 4522 ptenitentiam,
2635 4449 2777 4503 hanc
2799 4449 2944 4502 enim
2982 4461 3265 4516 vesperam
3317 4444 3487 4499 David
3537 4446 3667 4499 ait:
3712 4448 3801 4500 Aa

2209 4557 2470 4611 vesperam
2521 4538 2877 4593 demorabitur
2901 4538 3077 4607 ﬂetus,
3124 4545 3174 4590 et
3221 4535 3291 4589 ad
3338 4535 3658 4589 matutinum
3705 4538 3809 4593 Ite-

2211 4631 2350 4684 titia.
2400 4629 2690 4700 Pr0pterea
2725 4629 2891 4682 lavari
2935 4641 3146 4704 quoque
3193 4625 3519 4680 vestimenta
3571 4625 3809 4695 legisla-

2213 4726 2298 4773 tor
2335 4719 2621 4789 praecepit,
2672 4726 2857 4787 aperte
2901 4717 3278 4770 demonstrans
3326 4716 3469 4784 quod
3522 4716 3811 4774 immundi

2212 4808 2382 4863 simus
2441 4823 2612 4879 usque
2661 4808 2788 4863 dum
2835 4806 3077 4861 actiones
3123 4813 3337 4860 nostras
3398 4805 3660 4876 lacrymis
3719 4809 3813 4864 di-

2212 4898 2443 4954 luamus.

2839 4964 3064 5021 CAPUT
3098 4964 3160 5020 II.

2452 5054 2529 5109 De
2566 5055 2909 5109 immunditiis
2949 5056 3238 5110 morticina:
3278 5054 3549 5109 animalis.

2286 5149 2499 5223 (Imm)
2549 5149 2701 5215 Quod
2764 5150 2998 5204 ambulat
3051 5167 3209 5219 super
3251 5165 3437 5203 manus
3481 5164 3547 5201 ea:
3590 5153 3812 5205 cunctis

2215 5241 2570 5297 animantibus
2595 5258 2711 5312 qua:
2737 5243 2979 5297 incedunt
3013 5241 3375 5311 quadrupedia
3394 5281 3409 5305 ,
3454 5241 3814 5295 immundum

2214 5333 2346 5397 erit;
2374 5333 2463 5402 qui
2489 5333 2711 5401 tetigerit
2737 5332 3013 5386 morticina
3050 5347 3231 5385 eorum
3267 5329 3497 5400 pollutus
3526 5345 3703 5399 usque
3734 5334 3816 5386 ad

2216 5438 2513 5492 vesperam;
2553 5430 2600 5476 et
2646 5423 2733 5491 qui
2763 5420 3044 5490 portaverit
3095 5418 3455 5489 hujuscemodi
3502 5416 3816 5486 cadavera,

2217 5508 2408 5565 lavabit
2459 5511 2759 5565 vestimenta
2787 5525 2904 5574 sua,
2940 5517 2989 5561 et
3018 5506 3319 5560 immundus
3362 5507 3459 5571 erit
3503 5522 3678 5576 usque
3732 5512 3819 5562 ad

2218 5618 2479 5673 vesperum
2506 5619 2523 5656 :
2552 5601 2677 5672 quia
2703 5601 2876 5654 omnia
2897 5599 3008 5654 lucc
3024 5598 3302 5673 immunda
3329 5604 3447 5649 sunt
3477 5595 3647 5650 vobis.
3689 5594 3817 5670 (Ex
