3954 6176
332 164 423 218 561

1250 162 1752 221 EXPOSlTlONES
1792 162 1860 217 IN
1898 163 2294 219 LEV'ITICUM.
2322 196 2402 221 .—
2441 165 2566 219 LIB.
2612 167 2698 223 Ill.

3482 170 3589 231 36?.

330 275 631 349 _'Iesycltio.)
669 274 883 330 Nullum
935 275 1021 329 lex
1062 284 1346 345 peccatum
1401 278 1645 346 pneterit
1700 277 1899 340 tacite,
1930 290 1980 350 Α
2007 291 2111 344 que
2134 277 2337 346 repleat
2379 296 2392 332 :
2432 289 2655 349 propter
2682 283 2825 351 quod
2851 286 3211 355 compositum
3246 305 3442 347 nomen
3500 314 3583 345 zu».

323 368 414 429 sed
439 386 777 441 quascunque
799 371 1039 425 actiones
1060 385 1157 440 per
1175 369 1548 439 evangelicum
1588 368 1905 424 Testamen-

324 470 433 516 tum
462 461 754 531 prohibitos
776 471 922 526 sunt,
949 460 1083 515 texit
1107 461 1207 515 has
1252 461 1405 530 prius
1438 461 1818 532 aanigmatibus
1844 468 1907 514 ut

334 555 600 624 ttriusque
625 553 921 609 sanctionis
944 554 1353 608 consonantiam
1384 554 1617 620 discens,
1644 552 1903 608 conﬁtea-

322 649 393 703 ris
414 643 584 703 Deum
604 648 697 717 qui
727 648 781 702 in
797 647 878 702 eis
905 646 1116 701 locutus
1130 656 1236 711 est,
1263 647 1565 716 timensque
1583 647 1804 701 recedas
1833 646 1901 699 ab

317 738 568 792 omnibus
610 751 732 806 quae
766 737 1181 805 prohibuerunt.
1233 736 1290 791 In
1319 745 1553 806 quatuor
1579 752 1709 808 ergo
1755 739 1902 793 ince-

316 827 395 882 dit
418 828 511 897 qui
540 827 609 880 ad
634 827 1007 898 evangelicam
1027 831 1492 886 conversationem
1524 832 1749 903 migrat;
1784 848 1900 886 am-

314 919 464 973 bulat
484 927 665 973 autem
702 919 755 973 in
796 920 1069 985 manibus,
1092 921 1186 990 qui
1210 930 1451 991 quaestus
1477 938 1596 978 eam
1629 940 1791 977 causa
1816 924 1898 977 ln-

311 1011 499 1080 criqne
527 1011 700 1079 turpis
750 1009 1089 1080 adipiscitur,
1120 1027 1313 1066 manus
1356 1013 1466 1067 cito
1501 1014 1804 1082 imponens,
1838 1023 1896 1067 ut

309 1113 373 1151 ex
400 1113 464 1152 ea
489 1098 766 1167 quidpiam
793 1098 972 1167 capiat
993 1099 1285 1164 commodi,
1322 1101 1409 1154 hic
1444 1103 1696 1155 omnibus
1747 1114 1895 1156 recte

305 1198 737 1246 cannumeratur
763 1198 926 1260 atque
954 1200 1305 1261 comparatur
1333 1192 1545 1248 bestiis.
1583 1192 1711 1249 Sive
1747 1196 1893 1253 enim

305 1284 613 1339 adulterum
649 1284 817 1347 dicas,
843 1284 956 1338 sive
981 1299 1224 1349 avarum,
1249 1286 1364 1341 sive
1394 1287 1743 1352 homicidam,
1778 1289 1893 1343 sive

304 1374 711 1437 detractorem,
763 1373 876 1427 sive
922 1373 1335 1443 blaSphemum,
1394 1375 1449 1430 in
1501 1376 1588 1430 bis
1638 1378 1892 1431 omnibus

302 1474 409 1530 est,
445 1474 655 1535 utpote
681 1466 923 1520 omnium
959 1469 1195 1536 peccatis
1225 1471 1638 1526 communieans
1685 1487 1782 1541 per
1810 1473 1890 1525 in-

297 1550 505 1626 justam
546 1573 739 1612 manus
770 1559 1193 1628 impositionem.
1242 1562 1410 1631 llujus
1438 1564 1727 1618 morticina
1762 1572 1889 1617 sunt

2005 368 2149 438 cepit
2172 383 2239 423 ex
2268 378 2501 439 utroque
2541 372 2784 437 animali,
2813 389 2880 428 ex
2924 390 3031 445 quo
3066 378 3180 433 haec
3230 380 3396 437 habet
3431 384 3580 438 vitia.

2003 457 2295 515 Cameleon
2349 461 2404 515 in
2442 462 2583 517 malo
2632 465 2955 531 miserescit,
3001 475 3057 522 et
3108 484 3221 539 pra:
3268 473 3583 531 inﬁrmitate

2002 559 2344 605 mansuetum
2395 567 2517 608 esse
2570 568 2630 609 se
2674 554 2845 626 lingit,
2880 571 3002 612 cum
3052 558 3124 613 sit
3168 561 3584 621 immansuetum

2002 642 2223 697 anitnal.
2271 643 2481 709 Stellio,
2525 647 2578 701 id
2608 659 2711 712 est,
2764 650 3111 719 ascalobotis,
3159 654 3323 711 nimis
3366 659 3579 727 quidem

2000 734 2256 803 parvulus
2302 736 2386 791 vel
2420 738 2783 805 miserrimus,
2814 757 3115 797 venenosus
3138 751 3317 800 tamen
3348 757 3450 802 est.
3482 749 3581 804 La-

1999 834 2146 879 certa
2171 826 2223 880 in
2251 828 2515 897 sepulcris
2544 829 2770 885 habitat.
2805 832 2970 903 Talpa
3004 848 3207 889 Caecum
3237 845 3321 891 est
3356 839 3601 907 animal,

1996 918 2138 985 quod
2170 918 2235 971 de
2276 928 2418 973 terra
2458 931 2776 991 generatur;
2808 925 2990 979 dicunt
3014 927 3156 981 enim
3187 942 3309 981 eam
3336 928 3403 984 de
3438 940 3583 984 leua

1997 1005 2156 1057 simul
2183 1015 2236 1059 et
2265 1008 2441 1076 pluvia
2473 1011 2935 1083 creari-corrupto
2961 1014 3094 1079 luto,
3129 1032 3252 1069 cum
3286 1017 3433 1087 prius
3462 1017 3579 1087 plu-

1998 1092 2138 1145 viam
2161 1097 2406 1166 suscipit.
2437 1097 2560 1151 Πεηο
2586 1114 2716 1170 ergo
2748 1101 3022 1157 immunda
3064 1115 3207 1171 sunt,
3242 1108 3306 1162 de
3327 1110 3578 1165 omnibus

1994 1199 2114 1251 quae
2156 1196 2352 1256 repunt
2391 1204 2554 1258 super
2606 1199 2838 1258 terram;
2872 1210 2977 1248 non
3013 1198 3136 1265 quia
3175 1198 3277 1251 alia
3308 1215 3412 1253 non
3453 1210 3580 1255 sunt

1995 1271 2292 1342 immunda,
2318 1277 2410 1331 sed
2442 1280 2566 1349 quia
2597 1280 2710 1336 hmc
2738 1283 2971 1338 maxime
3003 1295 3148 1351 sunt,
3184 1298 3405 1358 propter
3433 1292 3575 1360 quod

1992 1363 2340 1431 pollutionem
2386 1370 2642 1440 majorem
2672 1374 2889 1439 ha‘ent,
2935 1377 3048 1430 sive
3080 1379 3359 1434 malitiam.
3392 1380 3577 1437 Omnis

1990 1455 2080 1524 qui
2108 1457 2335 1527 tetigerit
2381 1464 2659 1518 morticina
2710 1483 2917 1531 eorum,
2957 1470 3257 1525 immundus
3286 1475 3385 1527 erit
3417 1492 3576 1545 usque

1990 1542 2060 1594 ad
2091 1561 2374 1613 vesperam.
2410 1550 2550 1606 Bene
2580 1570 2708 1625 ergo
2734 1558 2926 1624 probat
2973 1559 3325 1615 intentionem
3357 1561 3571 1633 legisla-

304 1653 355 1706 hi
417 1653 615 1721 quibus
654 1668 845 1706 manus
892 1652 1166 1722 imposuit.
1213 1654 1269 1708 In
1320 1656 1451 1725 ipsis
1487 1657 1631 1712 enim
1685 1657 1889 1727 palum.
1919 1647 1963 1704 Β
1994 1636 2127 1689 toris
2156 1637 2270 1706 ipsa
2306 1640 2505 1695 littera.
2540 1644 2595 1698 Si
2626 1647 2769 1701 enim
2816 1648 3093 1704 immunda
3140 1661 3333 1706 natura
3366 1665 3572 1716 essent,

302 1743 511 1810 peccati
540 1752 790 1796 mortem.
823 1742 924 1808 Qui
948 1759 1079 1813 ergo
1108 1746 1277 1816 tangit
1320 1762 1384 1800 ea
1416 1756 1471 1801 et
1500 1748 1593 1816 qui
1622 1748 1886 1803 levaverit

300 1852 365 1888 es
396 1837 500 1900 eis,
526 1846 671 1889 recte
697 1836 988 1907 polluitur;
1014 1840 1105 1907 qui
1135 1841 1351 1909 quidem
1392 1843 1556 1911 tangit
1585 1857 1670 1905 ca,
1702 1843 1753 1897 id
1776 1852 1882 1907 est,

297 1928 391 1994 qui
414 1937 771 1981 conversatur
800 1928 962 1992 dicit,
990 1929 1114 1997 quia
1143 1930 1450 1986 nullatenus
1487 1942 1881 2003 competentem

296 2018 618 2087 dignitatem
664 2021 1036 2090 arripuerunt,
1090 2037 1253 2090 quam
1313 2035 1697 2093 cauponantes,
1751 2026 1880 2080 olim

296 2111 610 2164 omnimodo
632 2126 730 2179 per
751 2112 891 2166 hanc
918 2110 1199 2179 iustiﬁcati
1230 2124 1374 2179 sunt,
1406 2118 1497 2170 sed
1534 2127 1651 2185 post
1686 2119 1798 2173 haec
1829 2120 1879 2172 in

294 2200 538 2269 antiquis
583 2200 959 2270 iniquitatibus
1005 2214 1344 2274 permanent.
1400 2205 1505 2261 Sed
1538 2218 1592 2261 et
1625 2211 1715 2277 qui
1753 2226 1880 2278 por-

293 2295 499 2348 taverit
526 2309 592 2348 ex
624 2295 721 2358 eis,
754 2294 918 2348 veluti
960 2304 1187 2366 portans
1234 2296 1430 2351 falsum
1486 2301 1878 2367 testimonium,

291 2384 651 2451 perbilkndo,
675 2391 724 2437 et
750 2385 979 2438 dicendo
1004 2385 1225 2456 dignum
1247 2388 1339 2456 qui
1368 2388 1621 2459 indignus
1654 2400 1757 2453 est,
1781 2392 1878 2445 im-

290 2480 531 2527 mundus
578 2474 685 2528 erit
735 2475 998 2543 usquead
1045 2491 1360 2546 vesperam,
1408 2488 1571 2547 quam
1629 2481 1878 2549 superius

288 2562 531 2619 diximus
577 2564 954 2635 paenitentiam
1011 2584 1024 2617 :
1078 2565 1265 2621 lavans
1323 2576 1504 2622 autem
1555 2571 1875 2624 vestimenta

290 2655 661 2709 mundabitur.

361 2741 481 2796 Hoc
509 2760 713 2814 quoque
741 2744 877 2797 inter
918 2744 1119 2816 polluta
1152 2749 1476 2818 reputabitur
1520 2750 1585 2803 de
1625 2751 1708 2805 In's
1756 2768 1876 2823 quia

287 2834 630 2885 mouenturin
656 2843 831 2887 terra:
860 2833 1085 2890 Mustela
1110 2846 1157 2891 et
1180 2855 1315 2903 mus,
1338 2850 1386 2892 et
1416 2841 1734 2907 crocodilus,
1765 2844 1877 2899 sin-

283 2924 414 2993 gula
431 2924 593 2994 juxta
618 2942 783 2995 genus
806 2943 992 2993 suum;
1028 2928 1217 2999 migale
1238 2941 1284 2983 et
1306 2931 1591 2996 came/eoa,
1628 2943 1677 2989 et
1702 2935 1873 2991 stellio

1990 1737 2050 1775 ea
2083 1740 2201 1793 qua:
2232 1745 2371 1784 nunc
2394 1733 2534 1786 dicta
2567 1745 2692 1789 sunt
2720 1738 3000 1803 animalia,
3025 1744 3309 1811 Oportebat
3339 1744 3573 1799 immun-

1989 1815 2114 1870 dum
2145 1835 2284 1885 esse,
2315 1832 2368 1876 et
2400 1826 2490 1893 qui
2540 1844 2602 1881 ea
2632 1830 2867 1884 viventia
2916 1840 3176 1903 tangeret.
3211 1833 3363 1889 Nune
3389 1846 3567 1892 autem

1952 1913 1959 1919 '
1987 1911 2079 1977 qui
2117 1913 2353 1981 tetigerit
2382 1918 2664 1973 morticina
2696 1936 2880 1976 eorum
2900 1964 2912 1985 ,
2944 1924 3057 1992 ipse
3084 1928 3231 1980 solus
3260 1927 3567 1985 immundus

1987 2011 2088 2070 est.
2117 2003 2396 2058 Morticha
2424 2023 2609 2063 eortim
2644 2020 2768 2065 sunt
2791 2016 3059 2081 praedictze
3084 2018 3329 2073 actiones
3348 2060 3362 2083 ,
3388 2020 3440 2074 id
3460 2030 3566 2084 est,

1987 2094 2161 2157 dolus,
2191 2096 2419 2161 furtum,
2449 2101 2735 2169 (inplicitas
2782 2106 2894 2157 sive
2943 2107 3135 2171 iro:.ia,
3170 2118 3225 2162 et
3274 2110 3419 2165 circa
3462 2112 3565 2166 alia

1984 2192 2291 2258 occupatio,
2331 2208 2429 2246 nec
2474 2210 2578 2248 non
2610 2196 2753 2252 circa
2789 2206 2999 2252 terrena
3030 2199 3327 2266 festinatio,
3356 2218 3426 2265 ex
3457 2220 3563 2275 qua

1986 2282 2183 2332 mentis
2213 2293 2489 2335 caecantur
2514 2283 2675 2338 oculi.
2702 2286 2840 2352 Quia
2867 2302 2995 2359 ergo
3024 2289 3076 2343 in
3100 2291 3185 2344 his
3210 2292 3406 2348 anima:
3436 2310 3566 2349 con-

1985 2371 2144 2439 tingit
2173 2389 2339 2439 mors,
2380 2378 2659 2431 morticina
2689 2389 2835 2434 recte
2865 2383 3243 2451 nominantur;
3284 2394 3337 2440 et
3372 2388 3462 2455 qui
3499 2403 3563 2442 ea

1985 2462 2177 2532 tangit,
2209 2464 2260 2518 id
2288 2474 2392 2531 est,
2426 2467 2517 2537 qui
2566 2469 2619 2521 in
2670 2470 2750 2525 eis
2796 2471 3075 2540 polluitur,
3106 2476 3243 2528 sicut
3277 2484 3332 2529 et
3366 2474 3564 2531 Paulus

1982 2552 2060 2605 ait
2108 2571 2120 2607 :
2164 2553 2372 2609 Bonum
2423 2569 2499 2612 est
2528 2560 2727 2615 homini
2776 2561 3047 2618 mulierem
3087 2583 3188 2619 non
3237 2577 3448 2639 tangere
3494 2570 3557 2640 (Ι

1981 2638 2223 2698 Corinth.
2258 2648 2404 2716 vn),
2439 2648 2628 2717 procul
2679 2650 2843 2705 dubio
2894 2651 3204 2709 innnunins
3256 2638 3360 2710 est.
3417 2638 3561 2713 Nihil

1978 2732 2123 2789 enim
2147 2735 2228 2791 sic
2254 2736 2531 2793 hominem
2558 2739 2768 2808 polluit,
2801 2750 2860 2795 ut
2892 2755 3173 2821 peccatum
3190 2787 3205 2810 ,
3236 2764 3408 2820 usque
3434 2751 3560 2803 dum

1978 2838 2205 2896 vespera
2252 2829 2504 2885 veniente
2527 2870 2542 2895 ,
2596 2832 2664 2886 de
2692 2848 2798 2903 qua
2833 2834 3003 2889 David
3041 2837 3255 2893 diccbat
3299 2856 3313 2895 :
3352 2842 3436 2895 Ad
3483 2860 3566 2896 re-

1975 2930 2185 2986 sperum
2210 2916 2572 2972 demorabitur
2595 2921 2750 2990 ﬂetus
2789 2919 2979 2992 (Psal.
3027 2929 3210 2999 χχιι).
3255 2930 3344 2985 Ait
3379 2942 3559 2989 autem

282 3031 343 3067 ac
370 3013 593 3077 manu,
622 3025 672 3068 ει
711 3014 877 3085 παρα,
911 3017 1085 3072 omnia
1116 3019 1228 3073 [me
1267 3021 1542 3093 immunda
1594 3034 1750 3089 mm;
1779 3026 1871 3096 qu;
1901 3000 1945 3064 C
1977 3005 2045 3059 de
2089 3006 2446 3075 paenitentia,
2497 3009 2822 3080 intelligibili
2868 3014 3255 3108 purificatione.
3287 3031 3345 3078 ut
3391 3024 3562 3080 dilua—

280 3106 511 3176 tetigerit
556 3107 835 3160 morticina
877 3124 1077 3172 eorum,
1109 3110 1409 3166 immundus
1459 3112 1557 3167 erit
1606 3129 1770 3186 usque
1803 3117 1873 3169 ad

282 3212 569 3265 vesperam.
604 3195 720 3266 (Ex
748 3198 983 3269 eodem.)
1010 3199 1121 3255 Nec
1148 3216 1292 3256 nunc
1319 3202 1411 3257 Dei
1446 3215 1756 3261 creaturam
1791 3207 1871 3262 le-

281 3288 511 3359 gislator
563 3304 823 3344 accusans
869 3290 1145 3345 immunda
1199 3294 1389 3349 haberi
1446 3297 1562 3352 haec
1614 3299 1872 3371 praecepit

281 3378 574 3443 animalia;
613 3394 734 3433 nam
764 3380 1037 3449 quomodo
1076 3397 1141 3434 ea
1195 3381 1301 3436 alio
1326 3383 1523 3440 divinae
1573 3384 1870 3456 Scripturze

279 3471 405 3522 loco
438 3469 678 3538 reperies
708 3485 828 3525 esse
877 3470 1113 3525 laudata.
1152 3471 1636 3547 Salomonquippe
1668 3478 1723 3532 in
1743 3478 1872 3534 Pro-

280 3561 489 3615 verbiis
524 3560 701 3615 dicit:
753 3561 996 3627 Quatuor
1020 3574 1142 3618 sunt
1185 3566 1401 3621 minima
1457 3578 1612 3624 terra:
1658 3581 1708 3626 et
1757 3573 1868 3627 lucc

280 3661 404 3705 sunt
423 3652 745 3721 sapientiora
777 3654 1100 3725 sapientibus
1128 3655 1327 3729 (Prov.
1363 3662 1517 3730 xxx).
1564 3663 1711 3718 Inter
1745 3680 1867 3734 quae

281 3743 543 3813 leporem,
573 3745 705 3804 sive,
735 3748 1029 3802 secundum
1060 3747 1435 3821 Septuaginta,
1467 3754 1783 3819 erinacium,
1812 3765 1869 3810 et

281 3835 586 3890 stellionem
613 3837 944 3905 computavit
969 3856 981 3891 :
1015 3854 1244 3907 quorum
1278 3856 1442 3895 tinum
1472 3843 1723 3913 superius
1742 3859 1863 3900 cum

281 3924 491 3979 camelo
515 3934 571 3979 et
598 3925 780 3994 lepore
809 3935 868 3980 ut
897 3929 1235 3983 immundum
1284 3932 1369 3986 lex
1400 3934 1707 3998 accusavit;
1739 3935 1866 3991 stel-

280 4012 444 4068 lionis
476 4023 657 4069 autem
697 4031 842 4071 nunc
891 4019 1222 4074 mentionem
1268 4021 1416 4076 fecit.
1450 4022 1565 4076 Non
1597 4039 1726 4093 ergo
1769 4042 1865 4080 na—

280 4112 403 4157 tura
430 4116 620 4157 eorum
642 4104 920 4160 immunda
948 4120 1054 4172 est,
1087 4110 1180 4164 sed
1209 4127 1308 4167 nec
1334 4114 1512 4168 omnis
1537 4115 1710 4180 actio;
1737 4131 1861 4170 nam

277 4192 551 4261 quomodo
577 4202 826 4263 poterant
874 4197 973 4250 ista
1007 4196 1250 4255 laudari?
1279 4202 1386 4257 Sed
1440 4205 1686 4274 quazdam
1717 4207 1862 4262 circa

277 4284 392 4353 ipsa
423 4293 551 4339 sunt
586 4286 825 4341 actiones
846 4295 986 4357 aptae
1024 4289 1483 4349 irrationabilibus
1513 4295 1858 4359 animalibus,

1977 3109 2117 3150 mus.

2044 3185 2116 3241 Et
2134 3204 2292 3258 super
2312 3189 2451 3260 quod
2473 3191 2716 3245 ceciderit
2752 3193 3037 3266 quidquam
3058 3196 3122 3253 de
3150 3201 3442 3257 morticinis
3473 3220 3566 3258 eo-

1973 3294 2091 3331 rum
2118 3277 2401 3347 polluetur,
2430 3289 2537 3334 tam
2562 3298 2648 3335 vas
2674 3283 2902 3353 ligneum
2922 3296 2972 3340 et
2999 3289 3372 3355 vestimentum,
3397 3310 3556 3364 quam

1968 3368 2119 3439 pellis
2151 3378 2199 3423 et
2230 3369 2430 3437 cilicia,
2476 3374 2601 3427 etin
2639 3391 2949 3447 quocunque
2981 3379 3042 3447 ﬁt
3090 3396 3218 3451 opus
3239 3422 3255 3448 ,
3291 3384 3558 3455 tingeutur

1969 3476 2130 3531 aqua,
2146 3469 2194 3515 et
2222 3460 2425 3532 polluta
2456 3476 2605 3518 erunt
2635 3482 2796 3537 usque
2817 3468 2886 3521 ad
2910 3486 3006 3539 ves;
3026 3487 3192 3539 eram,
3220 3484 3267 3528 et
3283 3476 3357 3530 sic
3376 3486 3558 3547 postea

1969 3549 2383 3606 ntundabuntur.
2424 3550 2529 3607 Vas
2559 3566 2732 3609 autent
2758 3557 2938 3624 ﬁctile,
2980 3560 3035 3613 in
3071 3578 3173 3631 quo
3197 3567 3386 3618 horum
3411 3569 3560 3638 quid-

1966 3656 2124 3710 quam
2157 3642 2296 3695 intro
2322 3643 2565 3697 ceciderit
2586 3646 2867 3715 polluetur,
2907 3660 2954 3703 et
2981 3652 3176 3706 idcirco
3206 3655 3552 3726 frangendum

1967 3736 2062 3781 est.
2080 3728 2188 3799 (Ex
2201 3730 2424 3800 eodem.)
2438 3732 2753 3788 Admirabili
2769 3736 3029 3794 divisione
3044 3742 3204 3795 etiam
3227 3760 3372 3799 nunc
3386 3747 3556 3802 utitur

1968 3816 2281 3887 legislator:
2319 3822 2447 3890 quia
2478 3824 2621 3877 enim
2655 3823 2945 3895 aliquando
2974 3843 3041 3883 ex
3071 3832 3418 3902 negligentia,
3456 3835 3556 3890 ali-

1966 3911 2183 3977 quando
2207 3928 2495 3991 peccamus
2523 3930 2589 3969 ex
2617 3930 2782 3985 Opere
2809 3916 3183 3992 malorumque
3206 3923 3405 3990 studio,
3450 3928 3554 3983 sie-

1966 4008 2025 4051 nt
2054 4000 2127 4054 illi
2157 4002 2222 4055 de
2259 4003 2454 4073 quibus
2484 4005 2734 4061 Salomon
2754 4009 2808 4062 in
2837 4008 3142 4067 Proverbiis
3171 4016 3384 4071 dicebat
3411 4033 3426 4072 :
3452 4016 3550 4072 Cu‘

1967 4105 2039 4142 vce
2056 4091 2081 4143 ἱ)
2105 4090 2269 4161 Cujus
2283 4095 2421 4163 patri
2450 4113 2523 4149 va'
2538 4097 2563 4149 ?
2578 4095 2676 4150 Cui
2693 4099 2826 4152 irai?
2840 4101 2937 4153 Cui
2959 4102 3125 4158 rictu?
3147 4105 3244 4159 Cui
3256 4108 3369 4161 sine
3386 4125 3545 4163 causa

1965 4179 2178 4234 vulnera
2193 4184 2218 4235 .9
2239 4182 2336 4237 Cui
2356 4186 2578 4256 su/j'usio
2600 4192 2874 4243 oculorum
2889 4192 2914 4244 ?
2932 4191 3122 4247 Nonne
3142 4196 3223 4249 his
3238 4200 3325 4266 qui
3339 4199 3545 4254 student

1968 4269 2118 4336 vino,
2166 4282 2215 4326 et
2255 4286 2439 4328 vacant
2493 4276 2747 4332 calicibus
2791 4282 3064 4349 epotandis
3111 4282 3308 4354 (Prov.
3352 4294 3549 4357 util}?

276 4345 334 4428 έι
373 4391 496 4442 ψη
542 4375 745 4429 "unum
777 4345 1042 4443 judi'cium
1096 4379 1353 4450 exigam,
1384 4397 1505 4451 qua,
1553 4400 1654 4449 nec
1706 4345 1862 4441 “om;
1890 4345 1939 4403 D
1967 4359 2133 4451 Recte
2182 4361 2281 4415 hos
2310 4363 2451 4419 inter
2484 4380 2580 4420 eos
2607 4367 2699 4435 qui
2743 4375 2975 4438 tangunt
3011 4374 3298 4429 morticina
3345 4378 3545 4447 posui“

278 4475 418 4535 aptze
440 4474 588 4529 sunt,
620 4481 717 4521 nec
735 4468 967 4536 pr0pria:
988 4478 1189 4523 nostra:
1209 4481 1357 4534 sunt,
1379 4481 1544 4541 atque
1572 4486 1859 4543 pmpterea

276 4556 497 4623 quando
520 4572 551 4609 a
569 4557 728 4610 nobis
747 4557 1153 4627 continguntur,
1177 4560 1485 4616 immundos
1516 4578 1612 4616 nos
1634 4562 1857 4642 faciunt.

275 4653 375 4708 νει·
404 4663 604 4707 terram
645 4662 773 4703 vero
816 4663 1007 4719 repere
1042 4665 1148 4704 non
1199 4660 1285 4706 est
1328 4652 1625 4717 hominum,
1665 4657 1861 4725 quibus

278 4750 598 4792 concessum
628 4748 713 4792 est
756 4746 814 4792 ut
862 4742 997 4795 recti
1053 4742 1305 4798 incedant
1341 4743 1646 4814 coelumque
1686 4750 1858 4818 respi-

277 4828 466 4881 ciant:
499 4828 627 4898 quia
652 4843 816 4898 super
852 4837 1053 4885 terram
1084 4847 1270 4903 repere
1307 4844 1391 4888 est
1430 4837 1646 4892 sordida
1692 4828 1856 4908 opera

281 4925 603 4987 terrenaque
623 4933 830 4987 gerere,
854 4934 975 4988 qum
998 4935 1096 4990 per
1126 4921 1485 4979 differentiam
1516 4926 1854 4994 animalium,

280 5022 398 5076 qua:
441 5025 587 5064 nunc
634 5010 985 5066 denumerata
1029 5023 1156 5067 sunt
1206 5014 1481 5086 legislator
1509 5019 1851 5090 signiﬁcavit.

282 5096 505 5153 Mustela
532 5100 677 5153 enim
725 5102 924 5155 aximal
965 5112 1050 5157 est
1077 5103 1319 5160 dolosam
1342 5116 1399 5161 et
1424 5109 1579 5163 valde
1610 5110 1735 5165 furti
1764 5129 1854 5167 va-

280 5203 427 5243 cans.
460 5189 577 5244 Mus
616 5199 837 5261 propter
869 5194 1073 5247 ventris
1105 5194 1390 5265 io-gluviem
1422 5199 1585 5253 multa
1614 5202 1856 5270 quotidie

279 5284 518 5351 pericula
558 5285 807 5348 sustinet.
825 5286 1139 5341 Crocodilus
1166 5289 1285 5342 duri
1316 5291 1447 5345 corii
1476 5302 1531 5347 et
1553 5294 1856 5350 malitiosos

279 5387 383 5441 est,
422 5378 641 5447 lutoque
680 5379 941 5446 pascitur.
982 5379 1172 5450 Migale
1216 5382 1416 5438 animal
1455 5392 1539 5438 est
1579 5387 1845 5454 composi-

284 5481 417 5529 tum,
454 5483 561 5521 non
592 5476 780 5520 natura
806 5469 897 5521 sed
926 5470 1046 5523 vita:
1068 5471 1373 5525 conditione
1412 5473 1477 5526 ad
1504 5474 1852 5530 deridendum

280 5566 483 5623 aptum,
527 5556 576 5610 id
609 5566 712 5621 est,
745 5565 804 5610 nt
843 5557 995 5612 dolos
1027 5560 1205 5625 faciat,
1236 5577 1297 5614 ea
1343 5561 1535 5629 rapiat,
1576 5571 1849 5618 ventrem-

598 5652 868 5709 i‘A'rnoL.
916 5649 1129 5709 CVill.

1963 4449 2056 4519 qui
2086 4451 2389 4505 venientem
2437 4454 2631 4510 animm
2684 4458 3063 4528 negligentiam
3091 4475 3148 4519 et
3174 4467 3244 4521 ob
3270 4477 3542 4537 stuporem

1964 4542 2342 4614 delectumque
2380 4546 2640 4603 virtutum
2682 4551 3043 4624 delinquunt:
3091 4561 3545 4629 quemadmodum

1965 4635 2138 4693 David
2165 4653 2394 4711 surgens
2416 4643 2644 4698 meridie
2671 4645 2738 4700 de
2760 4654 2932 4702 stratu
2957 4663 3075 4715 suo,
3103 4661 3160 4706 et
3179 4653 3463 4710 ambulans
3490 4656 3544 4711 in

1962 4727 2258 4794 solariu,et
2286 4730 2431 4789 Uria:
2453 4748 2678 4790 uxorem
2707 4736 2976 4793 lavantem
3000 4755 3058 4796 se
3076 4742 3287 4809 videns,
3305 4755 3496 4817 captus
3514 4767 3543 4802 ει

1963 4820 2192 4877 muliere
2214 4831 2319 4889 est,
2360 4840 2482 4895 qua:
2513 4826 2674 4881 nimis
2695 4838 2815 4882 erat
2848 4829 3243 4900 pulcherrima;
3270 4838 3363 4906 qui
3388 4840 3543 4894 adol--

1964 4912 2163 4967 terium
2186 4912 2345 4967 simul
2391 4915 2850 4986 homicidiumque
2871 4921 3143 4978 commisit
3162 4922 3250 4995 (II
3273 4924 3404 4999 Reg.
3439 4930 3539 4996 xz).

1962 5001 2022 5056 In
2048 5004 2149 5059 hos
2189 5005 2383 5059 cadere
2423 5008 2710 5063 morticina
2740 5010 3025 5077 dicuntur;
3057 5028 3233 5085 neque
3259 5017 3402 5073 enim
3437 5018 3539 5089 ipsi

1963 5096 2032 5151 ad
2061 5108 2340 5167 peccatum
2373 5096 2781 5165 festinaverunt,
2811 5101 2905 5156 sed
2927 5101 3234 5161 inciderunt
3260 5106 3314 5161 in
3354 5107 3458 5171 eis,
3483 5120 3540 5164 et

1962 5189 2359 5258 quodammodo
2378 5204 2542 5259 super
2569 5205 2629 5244 se
2655 5190 2857 5247 cadens
2884 5202 3162 5262 peccatum
3196 5198 3495 5268 suscipiunt
3522 5219 3537 5262 ;

1958 5281 2085 5351 quia
2109 5290 2290 5336 autem
2320 5283 2541 5336 omnino
2582 5293 2938 5353 susceperunt
2966 5294 3022 5340 et
3061 5302 3169 5342 non
3198 5289 3535 5353 restiterunt,

1956 5384 2241 5443 propterea
2289 5384 2451 5429 recte.
2487 5375 2749 5430 immundi
2799 5385 2945 5431 sunt.
3002 5377 3128 5432 Tam
3179 5394 3267 5431 vas
3305 5376 3532 5447 ligneum

1956 5475 2005 5516 et
2052 5467 2431 5531 vestimentum,
2476 5483 2634 5538 quam
2669 5465 2818 5537 pellis
2845 5478 2893 5521 et
2933 5467 3138 5530 cilicia;
3191 5467 3242 5521 id
3283 5475 3385 5529 est,
3419 5471 3532 5523 sive

1961 5560 2123 5614 vitam
2161 5561 2332 5615 levem
2364 5563 2650 5630 quamdam
2689 5570 2744 5614 et
2792 5562 3120 5614 mediocrem
3159 5558 3376 5612 habeat.
3427 5557 3533 5612 Ta-
