3954 6176
438 156 550 215 565

1081 149 1141 202 u.
1184 147 1436 202 nsum
1474 124 1690 202 usum
1728 143 2047 200 Ancnuzr.
2090 143 2394 201 uocum.
2439 139 2721 197 OPERUM
2759 139 2937 194 usus
2975 138 3015 192 ι.

3587 137 3689 189 ’566

445 269 515 321 lia
561 267 702 320 enim
738 271 863 317 sunt
897 276 1024 316 vasa
1075 260 1289 331 lignea,
1341 269 1434 316 aut
1481 261 1804 331 tangendmn
1857 258 2004 329 [Al.,
2038 262 2082 319 Α
2112 276 2277 328 rapax
2304 301 2318 325 ,
2371 278 2489 313 cum
2548 240 2853 328 nuptsmodi
2893 272 2983 308 nec
3042 253 3211 307 cibum
3268 266 3471 304 sumere
3518 249 3690 314 ειμιΞά

398 414 407 425 ν
448 357 514 412 ad
561 351 871 426 tegendum]
902 349 1253 405 sufﬁcientem
1306 351 1443 405 sicut
1482 360 1568 404 est
1610 350 2013 411 vestimentum,

422 448 565 503 sive
592 446 907 515 patientem,
964 456 1124 511 quam
1181 440 1338 510 pellis
1392 439 1684 510 significat,
1729 438 1844 493 sive
1875 453 2015 501 eam,

451 548 567 599 quae
596 542 681 586 est
701 529 1053 600 patientium;
1096 530 1233 582 hanc
1262 528 1410 581 enim
1432 525 1663 580 cilicium
1697 527 1809 580 sive
1831 540 2020 579 saccus

450 619 733 692 significat.
761 616 996 674 Omnino
1035 624 1215 670 autem
1237 630 1333 669 vas
1357 623 1441 668 est
1466 614 1519 667 in
1546 628 1652 682 quo
1686 628 1820 681 opus
1852 611 2021 681 possit

452 710 539 780 agi
579 707 828 771 virtutis;
877 705 956 760 sic
1003 704 1147 759 enim
1201 702 1557 773 iutelligis,iu
1606 715 1938 771 quocunque.
1961 698 2019 753 fit

408 832 415 835 Α
450 814 607 868 opus,
625 797 825 867 polluta
857 802 1013 848 erunt
1036 808 1204 862 usque
1234 792 1299 846 ad
1323 806 1625 862 vesperam,
1649 790 1702 844 id
1725 799 1826 854 est,
1852 802 2022 857 usque

453 899 661 957 tempus
685 884 1031 956 pcenitentite.

523 979 780 1048 Tingetnr
810 984 987 1029 autem
1017 990 1156 1044 aqua
1190 973 1390 1027 lavacri
1430 971 1512 1027 vel
1565 972 1928 1041 lacrymarnm
1967 978 2023 1022 et

454 1067 841 1125 mandabitur:
886 1063 989 1117 Vas
1029 1074 1202 1117 autem
1237 1061 1418 1132 ﬁctile,
1449 1062 1540 1130 qui
1592 1071 1735 1114 totus
1778 1069 2023 1113 terrenus

452 1168 554 1220 est,
590 1156 639 1209 id
686 1164 788 1219 est,
822 1153 934 1206 luto
968 1151 1148 1207 saeculi
1185 1165 1530 1220 conspersus.
1567 1148 1624 1201 ln
1662 1149 1802 1201 bnnc
1850 1147 1893 1200 si
1942 1145 2023 1199 in-

451 1252 641 1306 ciderit
675 1247 1040 1311 morticinum,
1072 1254 1352 1313 peccatum
1379 1242 1519 1311 quod
1550 1241 1617 1295 ad
1657 1247 1885 1293 mortem
1917 1244 2019 1301 est,

455 1343 787 1409 interiusque
838 1353 959 1392 eum
1003 1346 1266 1406 penetret,
1301 1335 1712 1401 dominetnrque
1743 1332 1791 1385 ei
1836 1349 1848 1383 :
1884 1331 2024 1385 sicut

428 1430 621 1487 ‘David
650 1429 863 1491 dicebat
888 1445 902 1481 :
935 1427 1002 1481 Et
1050 1428 1217 1481 induit
1247 1444 1301 1482 se
1331 1425 1746 1479 maledictionem
1782 1424 1914 1477 sicut
1940 1438 2025 1475 ve-

455 1524 777 1585 stimentum,
823 1529 869 1572 et
905 1518 1115 1571 intravit
1159 1518 1293 1570 sicut
1339 1532 1477 1586 aqua
1518 1514 1573 1567 in
1616 1514 1862 1567 interiora
1909 1511 2022 1580 ejus

2121 348 2256 400 enim
2280 349 2407 401 mihi
2433 349 2497 401 de
2534 348 2615 400 his
2645 347 2732 416 qui
2761 345 2891 411 [oris
2919 354 3041 397 sunt
3078 342 3325 411 judicare
3362 340 3412 410 (1
3449 339 3690 393 Corinth.

2119 438 2206 507 v).
2256 437 2524 491 lntantum
2564 435 2741 489 nullus
2790 434 2840 487 ei
2884 448 3063 487 sermo
3103 441 3187 486 est
3231 432 3299 486 de
3338 431 3554 485 actione
3583 430 3694 486 sive

2121 526 2530 581 conversatione
2581 540 2771 579 eorum
2809 524 2902 593 qui
2929 522 3061 577 foris
3097 530 3241 576 sunt.

2723 669 2949 726 CAPUT
3004 668 3090 723 Ill.

2125 783 2319 837 Fontes
2352 793 2400 837 et
2450 784 2685 838 cisternze
2719 801 2751 835 a
2798 782 3086 835 morticinis
3137 779 3347 833 munda!
3389 788 3543 843 sunt,
3585 796 3688 833 non

2737 869 2859 906 rasa
2886 851 3090 919 ﬁctilia.

2194 964 2368 1035 limo.)
2412 960 2747 1032 fitquidquid
2795 961 2858 1012 de
2896 959 3186 1012 morticinis
3217 958 3515 1011 istiusmodi
3567 960 3700 1012 ceci-

2123 1053 2251 1106 derit
2275 1069 2430 1122 super
2448 1050 2599 1112 illud,
2617 1049 2940 1103 immundum
2957 1049 3054 1101 erit
3072 1064 3089 1112 ;
3107 1049 3211 1101 sive
3225 1047 3437 1111 clibani,
3457 1049 3562 1101 sive
3582 1049 3701 1117 chy-

2125 1143 2362 1213 tropodes
2390 1142 2723 1195 destruentur
2749 1154 2766 1190 :
2802 1150 2851 1192 ‘et
2876 1139 3133 1192 immundi
3158 1147 3330 1191 erunt.
3360 1135 3557 1192 Fontes
3581 1155 3700 1190 vero

2124 1242 2171 1285 et
2194 1233 2430 1285 cisterme
2453 1240 2501 1282 et
2522 1229 2688 1283 omnis
2709 1244 2964 1298 aquarum
2995 1228 3327 1297 congregatio
3352 1229 3550 1280 munda
3578 1229 3697 1281 eri‘.

2128 1323 2231 1388 Qui
2243 1323 2517 1375 morticina
2532 1337 2709 1373 eorum
2721 1321 2964 1389 tetigerit,
2977 1319 3257 1389 polluetur.
3273 1318 3380 1390 (Ea:
3395 1318 3703 1389 Hesychia.)

2128 1413 2184 1467 Si
2212 1421 2391 1466 autem
2422 1411 2616 1466 clibani
2648 1418 2703 1463 et
2735 1409 3095 1479 clnytrnpodes
3118 1417 3408 1473 uocentur,
3431 1409 3707 1478 quomodo

2129 1521 2235 1559 non
2263 1505 2434 1574 magis
2461 1516 2724 1571 aquarum
2757 1501 3104 1555 collectioues
3130 1500 3185 1554 in
3217 1500 3414 1569 quibus
3439 1500 3713 1569 contingit

456 1611 631 1686 (Psal.
659 1609 834 1678 cvm),
864 1608 953 1678 qui
989 1623 1092 1662 non
1119 1606 1291 1662 solum
1334 1605 1539 1676 ingredi
1571 1602 2023 1664 maledictionem,
2054 1594 2103 1652 Β
2130 1595 2382 1649 animalia
2408 1596 2525 1648 hinc
2548 1591 2839 1646 incidentia
2863 1590 3334 1662 cnmputreseere?
3366 1590 3473 1645 Sed
3500 1598 3663 1659 putas
3686 1604 3706 1642 :

457 1701 554 1757 sed
584 1708 639 1755 et
689 1694 956 1771 dominari
1000 1695 1055 1747 in
1104 1709 1168 1747 eo
1211 1694 1264 1746 in
1309 1708 1416 1761 quo
1461 1692 1703 1760 ingressa
1747 1701 1829 1743 est
1875 1688 2026 1751 dicit,

458 1790 767 1848 necessario
794 1787 923 1843 illud
966 1784 1173 1840 conteri
1219 1783 1489 1854 prmcepit.
1518 1780 1703 1850 Neque
1733 1781 1880 1835 enim
1914 1777 2030 1847 «jus

460 1878 797 1936 immunditia
825 1876 965 1931 sicut
1008 1874 1235 1928 aliorum
1286 1872 1440 1927 facile
1468 1872 1686 1943 purgari
1727 1879 1923 1941 potest,
1958 1869 2033 1923 la—

459 1976 588 2027 bore
614 1971 810 2041 quippe
843 1967 1013 2022 multo
1060 1974 1116 2019 et
1156 1965 1501 2028 contritione,
1551 1972 1605 2017 et
1636 1962 2033 2034 quodammodo

460 2063 837 2120 reformatione
884 2058 1130 2114 contrita:
1171 2064 1226 2112 ct
1266 2056 1561 2111 bumiliata:
1616 2055 1815 2109 mentis
1874 2060 2029 2123 eget,

458 2159 598 2213 sicut
643 2155 717 2209 ait
753 2153 942 2217 David,
996 2151 1040 2205 si
1073 2149 1325 2205 mundari
1354 2148 1488 2203 vult.
1541 2147 1694 2203 Unde
1741 2154 1797 2200 et
1840 2147 2032 2200 beatus

461 2250 656 2305 Paulus
692 2262 814 2302 eum
862 2245 952 2314 qui
1001 2258 1122 2297 cum
1175 2255 1343 2295 uxore
1378 2240 1558 2294 Patris
1608 2237 1906 2304 fornicatus
1951 2244 2035 2291 est

460 2342 514 2395 in
555 2348 760 2394 tantum
788 2335 1063 2398 contrivit,
1096 2342 1154 2386 ut
1189 2331 1403 2387 Satanae
1431 2347 1547 2385 eum
1586 2329 1817 2383 traderet
1856 2328 1911 2380 in
1958 2328 2035 2379 in-

434 2430 613 2483 :teritu
642 2429 1105 2497 carnis,quatcnus
1131 2424 1183 2478 in
1218 2422 1309 2476 tali
1339 2422 1664 2477 contritione
1691 2418 1914 2474 salvaret
1936 2419 2036 2489 spi-

431 2519 619 2571 tritum
649 2515 699 2588 (f
727 2512 965 2568 Corinth.
995 2511 1070 2577 v).

535 2605 717 2658 Omnis
747 2603 890 2657 cibus
939 2617 1088 2670 quem
1135 2598 1403 2652 comeditis
1438 2598 1485 2651 si
1531 2596 1652 2667 [usa
1694 2595 1853 2665 fuerit
1883 2612 2037 2666 super

461 2711 577 2748 eum
594 2711 752 2763 aqua,
769 2689 1065 2746 immundus
1080 2690 1178 2742 erit
1191 2704 1209 2752 ;
1229 2697 1276 2741 et
1299 2704 1448 2740 omne
1470 2685 1669 2758 liquens
1690 2686 1827 2757 quod
1850 2684 2040 2738 bibitur

462 2785 527 2836 de
558 2782 794 2835 universo
825 2794 939 2832 rase
966 2777 1288 2830 immundum
1312 2776 1429 2828 erit.
1461 2774 1577 2845 (Ex
1599 2775 1822 2845 eodem.)
1845 2773 2035 2828 Cibum

462 2880 661 2925 esseet
687 2878 870 2939 potum
905 2868 955 2920 in
991 2865 1135 2921 omni
1176 2881 1334 2929 vase,
1365 2865 1534 2919 bonas
1569 2865 1809 2920 actiones
1839 2863 2035 2919 intellic

2130 1687 2269 1754 Quid
2309 1685 2507 1739 clibani
2538 1683 2621 1737 vel
2656 1682 3017 1752 chytropodes
3044 1680 3385 1751 significent?
3418 1679 3710 1750 Magistros

2128 1779 2381 1834 videlicet
2422 1778 2474 1831 in
2509 1776 2705 1846 quibus
2726 1775 2831 1829 cibi
2871 1788 3040 1828 sacra:
3067 1773 3331 1827 doctrinae
3371 1780 3707 1840 coquuntur,

2129 1870 2461 1941 operationis
2507 1866 2744 1937 Spiritus
2772 1865 2896 1935 igne
2931 1863 3230 1932 supposito.
3261 1861 3377 1918 Non
3407 1870 3489 1915 est
3518 1871 3703 1914 auter,

2131 1963 2328 2016 mirum
2358 1959 2602 2014 clibanus
2625 1972 2718 2011 eos
2740 1971 2840 2025 per
2860 1954 3229 2023 metaphoram
3258 1962 3311 2008 et
3340 1952 3672 2022 cbytropoda

2131 2051 2410 2122 appellari,
2431 2049 2554 2116 quia
2584 2048 2636 2101 in
2662 2046 2846 2101 multis
2869 2043 3073 2099 scimus
3097 2043 3333 2099 divinam
3364 2042 3683 2112 Scriptura:
3708 2086 3717 2094 .

2134 2143 2329 2197 talibus
2369 2156 2520 2196 usam
2570 2138 2899 2193 nominibus.
2927 2135 3061 2189 Nam
3090 2133 3259 2188 David
3288 2132 3468 2197 Moab,
3506 2133 3559 2187 id
3597 2142 3718 2189 esu

2133 2230 2594 2303 gentem,lebetem
2629 2226 2933 2298 appellavit.
2952 2224 3043 2278 Ait
3064 2224 3206 2279 enim
3235 2242 3248 2277 :
3279 2222 3435 2277 Moab
3463 2222 3572 2277 olla
3600 2225 3717 2291 spei

2135 2341 2263 2379 meae
2291 2322 2462 2396 (Psal.
2479 2322 2845 2392 us),prnpter
2861 2316 3197 2386 baptismatis
3222 2308 3391 2385 aqﬁas
3418 2315 3612 2383 queein
3636 2315 3725 2371 eis

2138 2414 2413 2468 caleﬁunt.
2450 2411 2555 2464 Sed
2590 2418 2645 2464 et
2692 2406 2942 2462 Ezechiel
2977 2406 3204 2460 lebetem
3255 2402 3559 2458 Jerusalem
3614 2418 3721 2471 ap-

2138 2505 2321 2577 pellat,
2355 2504 2448 2559 sed
2486 2503 2702 2572 plenum
2730 2500 3008 2564 carnibus,
3050 2498 3185 2563 sive,
3225 2506 3288 2553 ut
3334 2495 3725 2568 Septuaginta,|

2138 2612 2351 2661 veneno,
2381 2595 2528 2648 viros
2557 2592 2609 2646 in
2640 2607 2704 2647 ea
2726 2590 2865 2646 male
2889 2589 3169 2655 docentes,
3189 2596 3245 2643 et
3269 2588 3513 2644 viventes
3544 2589 3722 2659 signi-

2140 2687 2328 2743 ﬁcaus.

2210 2777 2518 2835 Secundum
2538 2777 2675 2830 banc
2691 2790 2821 2846 ergo
2845 2773 3109 2827 rationem
3131 2771 3326 2826 clibani
3346 2771 3722 2842 etchytmpo-

2140 2872 2235 2927 des
2261 2870 2457 2941 quibus
2479 2876 2783 2938 coquantur
2820 2866 2926 2921 cibi
2947 2864 3199 2920 videlicet
3238 2863 3424 2934 populi
3450 2863 3726 2918 doctrinae

431 2979 435 2983 ’
465 2962 673 3032 gimns;
700 2966 992 3028 propterea
1016 2956 1160 3009 enim
1187 2955 1343 3019 dixit,
1379 2954 1535 3008 Cibus
1559 2970 1710 3025 quem
1739 2953 2034 3018 comedetis,

2145 2960 2246 3017 dici
2273 2939 2517 3030 possunt.
2535 2959 2629 3013 His
2642 2973 2770 3027 ergo
2784 2958 2828 3012 si
2856 2956 3108 3011 inciderit
3133 2955 3503 3019 morticinum,
3528 2956 3586 3009 id
3616 2966 3725 3019 est,

465 3060 512 3104 et
537 3048 735 3120 liquens
760 3046 897 3117 quod
937 3044 1150 3107 bibitur,
1184 3045 1309 3113 quia
1359 3044 1622 3098 malarum
1668 3045 1941 3099 actionum
1988 3052 2044 3096 et

468 3143 621 3197 cibus
641 3149 696 3194 et
722 3149 876 3208 putus
919 3137 1261 3207 prohibetur,
1305 3138 1356 3191 id
1380 3147 1484 3202 est,
1521 3152 1708 3190 earnm
1745 3136 2045 3191 communi-

468 3232 632 3287 catio.
671 3230 729 3284 Si
755 3244 882 3298 ergo
908 3229 961 3282 in
992 3226 1171 3295 aliqua
1218 3228 1482 3281 bonarum
1522 3228 1797 3281 actionum
1841 3242 1960 3296 quae
1989 3228 2042 3281 in

450 3321 615 3376 omni
670 3334 796 3373 vase
849 3324 1004 3381 sunt,
1070 3316 1121 3370 id
1175 3324 1292 3378 est,
1351 3317 1404 3370 in
1444 3316 1589 3371 omni
1644 3317 1879 3381 homine,
1933 3316 2046 3372 sive

471 3412 740 3483 principe,
784 3408 896 3462 sive
940 3406 1169 3476 plebeio,
1216 3406 1330 3461 sive
1382 3408 1656 3476 sapiente,
1707 3388 1821 3461 sive
1873 3408 2043 3477 impe-

452 3499 601 3562 rito,
641 3511 810 3553 unum
860 3493 1135 3565 quodlibet
1173 3509 1357 3550 eorum
1388 3511 1508 3564 quae
1543 3497 1687 3552 dicta
1735 3504 1859 3550 sunt
1914 3497 2049 3552 inci-

465 3588 611 3645 derit
667 3586 1110 3651 morticinorum,
1167 3586 1478 3641 necessario
1545 3587 1857 3643 immnufus
1921 3590 2043 3644 erit.

466 3679 608 3734 Nam
656 3685 709 3732 et
762 3677 807 3731 si
852 3692 959 3731 non
985 3674 1242 3751 ab’iuitio
1282 3676 1423 3731 mala
1471 3678 1700 3747 quadam
1749 3679 2047 3734 intentione

452 3769 742 3823 actionem
768 3767 982 3821 bonam
1012 3767 1261 3837 cmperit,
1293 3767 1434 3821 sicut
1469 3767 1525 3821 hi
1555 3766 1757 3823 faciunt
1796 3770 1885 3838 qui
1916 3786 2044 3839 pro-

477 3867 594 3927 pter
651 3857 1068 3926 negotiationem
1123 3855 1206 3910 vel
1248 3856 1453 3909 lucrum
1502 3857 1755 3925 pietatem
1817 3859 2043 3930 tingunt,

476 3953 659 4015 postea
709 3951 888 3998 autem
925 3943 1174 3997 inciderit
1224 3943 1424 3998 actioni
1462 3943 1578 4012 ejus
1630 3948 1914 4016 superbia,
1953 3948 2049 4003 do-

475 4038 560 4091 lus
591 4043 682 4090 aut
708 4034 1029 4105 hypocrisis,
1064 4032 1149 4087 vel
1184 4032 1360 4087 simile
1411 4034 1682 4103 quidpiam
1732 4037 1875 4106 quod
1905 4053 2051 4093 mor-

468 4127 699 4182 ticinnm
750 4133 959 4193 utpote
1011 4132 1238 4178 mortem
1273 4125 1669 4193 quodammodo
1703 4127 2047 4198 participanti

477 4216 712 4272 inferens
761 4214 979 4277 dicitur,
1015 4214 1120 4268 erit
1161 4222 1216 4267 et
1242 4214 1329 4269 hic
1360 4214 1686 4270 immundus.
1730 4216 1931 4271 Bonam
1978 4220 2049 4273 si—

476 4306 695 4374 quidem
732 4304 999 4359 actionem
1036 4303 1172 4357 mala
1217 4304 1627 4375 subiugrcdiens
1665 4306 1891 4361 intentio
1926 4308 2043 4377 pol-

471 4395 548 4451 lui
559 4402 598 4451 t.

551 4486 685 4552 Quia
714 4491 893 4539 autem
924 4483 1128 4538 addidit
1155 4485 1255 4554 legi
1286 4500 1405 4554 quae
1429 4494 1512 4540 est
1548 4486 1614 4540 de
1651 4487 1801 4551 cibo,
1834 4486 1894 4541 Si
1927 4487 2048 4557 fusa

2142 3052 2186 3105 si
2229 3050 2472 3119 peecanti
2522 3048 2675 3120 [ΑΙ.,
2718 3046 2959 3119 peccati]
3000 3044 3378 3102 mortificantis
3429 3045 3581 3100 actio
3628 3062 3724 3102 su-

2141 3141 2466 3212 pervenerit,
2498 3140 2757 3194 immundi
2787 3139 2922 3192 fluut
2961 3145 3017 3192 et
3063 3136 3434 3200 destruantur,
3468 3136 3600 3206 quia
3632 3138 3727 3206 qui

2142 3233 2337 3287 docent
2362 3246 2467 3286 non
2488 3230 2653 3285 furari
2682 3229 3019 3301 furantur,et
3033 3228 3127 3297 qui
3146 3227 3565 3297 praedicantem:
3589 3242 3730 3283 nitn-

2143 3322 2294 3377 cbari
2339 3322 2698 3376 mmchantnr.
2732 3318 2987 3375 Doctrina
3024 3326 3206 3372 autem
3258 3315 3527 3385 siquidem
3581 3316 3731 3371 bona

2142 3422 2248 3479 est,
2288 3428 2395 3469 non
2426 3421 2514 3467 est
2556 3410 2853 3475 immunda,
2882 3423 2983 3464 nec
3025 3408 3206 3463 divina
3231 3416 3453 3478 propter
3479 3408 3591 3463 boc
3628 3408 3732 3461 ab-

2143 3503 2458 3557 ominantur
2483 3500 2726 3570 eloquia,
2758 3498 2903 3570 quod
2935 3513 3004 3553 ex
3029 3498 3110 3552 eis
3154 3498 3369 3567 quidam
3399 3497 3595 3553 forsan
3628 3499 3735 3553 im—

2145 3594 2330 3649 mundi
2350 3592 2731 3663 praedicatores
2750 3588 2927 3644 etl‘eeti
2948 3597 3104 3653 sunt;
3130 3597 3184 3643 et
3202 3595 3492 3658 pmpterea
3519 3588 3732 3654 fontes,

2143 3683 2395 3739 videlicet
2411 3681 2693 3751 opulentas
2712 3679 3004 3743 doctrinas,
3029 3686 3086 3731 et
3110 3677 3373 3731 cisternas
3402 3675 3519 3730 sive
3544 3675 3733 3740 lacus,

2147 3775 2358 3845 linguas
2384 3771 2667 3841 loquentes
2693 3768 2985 3823 mediocria
3006 3774 3060 3822 et
3087 3765 3385 3821 doctrinam
3415 3774 3734 3820 mutuatam

2146 3867 2430 3928 habentes,
2471 3863 2565 3918 sed
2590 3871 2645 3918 et
2676 3860 3024 3917 eollectiones
3049 3873 3311 3929 aquarum
3329 3898 3345 3925 ,
3372 3872 3469 3913 eos
3493 3862 3593 3927 qui
3633 3877 3740 3914 uu-

2146 3957 2310 4025 dique
2351 3953 2655 4034 bujusmodi
2680 3952 2969 4008 verborum
3002 3949 3329 4004 afﬂuentiam
3368 3960 3738 4019 congregant,

2149 4063 2268 4102 esse
2297 4047 2517 4102 munda.

2218 4138 2362 4192 Bene
2399 4145 2578 4190 autem
2606 4134 2691 4189 lex
2734 4132 3011 4197 subdidit,
3060 4130 3163 4197 Qui
3209 4131 3489 4186 morticina
3539 4148 3740 4186 eorum

2153 4228 2372 4298 tetigerit
2408 4225 2690 4296 polluetur,
2717 4224 2808 4279 ubi
2854 4222 3202 4291 Septuaginta
3239 4222 3427 4287 edunt,
3455 4221 3566 4287 Qui
3610 4240 3738 4277 vero

2148 4319 2369 4389 tetigerit
2398 4332 2599 4370 omnem
2646 4312 3028 4369 immunditiam
3077 4313 3271 4366 animo:
3322 4312 3741 4365 morticmorum

2144 4410 2375 4476 ipsorum
2422 4403 2723 4458 immundus
2760 4402 2880 4455 erit.
2919 4401 2986 4455 Et
3011 4401 3248 4454 animam
3279 4400 3641 4465 addiderunt,
3676 4418 3746 4456 ne

2146 4498 2286 4549 torte
2320 4505 2544 4565 putares
2582 4494 2649 4546 de
2679 4491 2994 4560 repentibus
3038 4490 3383 4545 sensibilibus
3408 4500 3503 4544 aut
3530 4492 3745 4546 bestiis

480 4576 636 4642 fuerit
682 4590 837 4644 super
864 4589 981 4635 eum
1015 4590 1174 4645 aqua,
1203 4575 1440 4629 ostendit
1472 4589 1564 4628 eas
1595 4590 1714 4644 quae
1764 4585 1887 4629 sunt
1926 4585 2036 4644 post

2145 4586 2250 4641 dici
2276 4604 2288 4639 :
2312 4601 2436 4640 nam
2463 4597 2649 4638 eorum
2675 4582 2768 4650 qui
2809 4581 2978 4650 tangit
3018 4579 3330 4644 morticina,
3365 4594 3475 4633 non
3526 4582 3746 4636 anitum

481 4666 741 4735 baptisma
777 4663 1037 4727 actiones,
1072 4679 1192 4732 quae
1230 4664 1366 4727 sint;
1397 4671 1455 4717 et
1498 4661 1676 4718 sermo
1702 4664 1752 4717 ei
1791 4664 1858 4717 de
1902 4664 2045 4719 ﬁdeli

476 4767 536 4811 et
582 4756 856 4826 baptizato
882 4764 992 4817 est;
1030 4756 1098 4809 de
1140 4752 1340 4808 infideli
1372 4762 1552 4809 autem
1594 4755 1810 4808 actione
1841 4755 2042 4810 nullam

485 4846 807 4902 mentionem
847 4844 995 4898 facit.
1030 4843 1182 4909 Quod
1230 4843 1418 4912 probat
1473 4843 1664 4897 beatus
1707 4843 1923 4908 Paulus,
1970 4847 2045 4899 di-

482 4950 650 4991 cens:
696 4933 894 5004 Scripsi
928 4933 1066 4986 vobis
1115 4933 1170 4986 in
1224 4930 1459 5001 Epistola
1506 4948 1525 4985 :
1560 4932 1682 4986 Non
1727 4934 2049 4988 commisceri

482 5025 801 5094 fornicariis.
863 5023 985 5077 Non
1038 5026 1216 5091 utique
1260 5021 1561 5090 fornicariis
1610 5023 1770 5092 Imjus
1828 5025 2041 5091 mundi,

482 5124 571 5171 aut
631 5113 805 5167 avaris
832 5152 847 5176 ,
903 5122 992 5165 aut
1058 5112 1366 5177 rapacibus,
1435 5121 1526 5165 aut
1592 5111 1748 5167 idolis
1809 5115 2044 5167 servien-

480 5203 618 5256 tibus
669 5218 687 5255 :
733 5200 967 5271 alioquin
1019 5201 1314 5254 debueratis
1369 5201 1434 5254 de
1468 5203 1565 5255 hoc
1616 5203 1809 5256 mundo
1861 5205 2046 5258 exisse.

488 5294 642 5348 Nunc
683 5300 858 5345 autem
901 5291 1087 5361 scripsi
1133 5290 1399 5346 vobis:Si
1444 5294 1491 5346 is
1537 5293 1624 5362 qui
1678 5292 1844 5361 frater
1885 5293 2051 5346 nomi-

486 5394 676 5446 natur,
720 5393 794 5436 est
836 5382 1144 5452 fornicator,
1185 5391 1276 5436 aut
1323 5382 1656 5449 immundus,
1699 5394 1790 5437 aut
1840 5401 2050 5447 avarus,

486 5486 571 5528 aut
595 5474 746 5527 idolis
774 5474 1022 5533 seruiens,
1055 5481 1145 5524 aut
1175 5470 1476 5537 maledicus,
1521 5482 1612 5527 aut
1667 5473 1922 5538 ebriosus,
1964 5486 2053 5527 aut

2147 4675 2240 4729 sed
2271 4672 2515 4742 corporis
2540 4668 2935 4724 immunditiam
2965 4668 3153 4736 tangit.

2221 4762 2361 4830 Ergo
2415 4761 2482 4815 de
2533 4758 2845 4814 doctoribus
2882 4755 3285 4826 intelligendum
3330 4764 3431 4820 est,
3483 4758 3589 4824 qui
3640 4758 3750 4812 im—

2152 4851 2336 4907 mundi
2364 4849 2491 4904 facti
2514 4856 2638 4902 sunt
2667 4844 2940 4902 immunda
2978 4846 3208 4914 quadam
3234 4854 3292 4901 et
3317 4846 3457 4900 mala
3487 4850 3749 4903 actione.

2152 4939 2356 4994 Horum
2403 4937 2546 4991 enim
2599 4936 2863 4991 doctrinis
2921 4935 3135 5005 quando
3184 4934 3387 4990 fuerint
3425 4940 3751 4993 secundum

2153 5029 2323 5099 legem
2354 5027 2449 5082 Dei
2481 5026 2783 5090 intendere,
2815 5025 3068 5095 operibus
3112 5034 3294 5080 autem
3339 5040 3531 5080 eorum
3589 5029 3756 5084 nullo

2155 5116 2315 5171 modo
2355 5114 2778 5178 communicare,
2816 5129 2917 5169 nec
2971 5124 3205 5169 tractare
3251 5129 3336 5178 ea,
3366 5115 3454 5168 vel
3503 5118 3743 5174 omnim

2155 5205 2466 5276 contingere
2520 5205 2793 5270 debemus,
2831 5206 3239 5261 reminiscentes
3288 5206 3592 5261 verborum
3642 5209 3733 5266 Do

2157 5296 2308 5360 mini,
2341 5311 2459 5365 qua:
2498 5296 2565 5350 ad
2611 5295 3073 5350 confirmationem
3122 5297 3469 5365 pneseutinan
3500 5300 3657 5356 dixit
3685 5318 3721 5357 ι

2158 5385 2411 5455 populmu
2466 5385 2582 5439 sive
2624 5382 2913 5453 discipulos
2947 5402 2959 5436 :
2994 5384 3162 5453 Super
3208 5385 3513 5440 cathedram
3568 5389 3746 5461 Mog:

2162 5477 2402 5530 sederunt
2432 5476 2615 5529 scriba:
2650 5485 2696 5527 et
2743 5471 3030 5539 l’haristri;
3078 5476 3249 5527 omm‘a
3283 5492 3627 5547 qun-cunque
3669 5484 3745 5536 de
