3956 6176
283 140 370 194 535

1175 134 1672 192 EXPOSITIONES
1708 135 1775 190 IN
1814 132 2211 189 LEVlTlCUM.
2256 162 2323 173 —-
2362 132 2487 186 LIB.
2527 133 2613 188 lll.

3396 136 3501 193 3C6

280 260 385 305 runt
411 249 554 302 vobis
580 248 757 318 facite,
776 255 824 300 et
847 246 1138 300 custodite:
1165 246 1447 300 secundant
1471 256 1646 300 autem
1676 262 1832 314 opera
1865 251 1905 305 Α
1936 243 2109 315 legem
2136 252 2351 298 moveat
2397 244 2719 299 auditorem.
2759 244 3120 312 Quamobrem
3167 260 3223 306 et
3269 267 3300 305 a
3350 255 3505 310 nobis

279 354 441 392 earnm
481 335 641 389 nolite
669 335 838 402 facere
868 334 1083 405 (Matth.
1116 350 1246 390 xxx-tt
1268 336 1307 402 ).

336 428 395 481 Si
422 427 669 480 ceciderit
697 442 851 495 super
877 436 1150 479 sementem
1182 443 1282 478 non
1325 425 1511 494 polluit
1558 441 1676 478 eam
1708 437 1724 474 :
1756 424 1838 477 sin

274 530 439 572 autent
467 518 724 588 quispiam
752 534 888 586 aqua
918 510 1193 568 sementem
1235 514 1543 583 perfuderit,
1575 522 1625 567 et
1661 521 1837 582 postea

274 625 299 659 α
320 608 614 660 morticinis
643 614 783 659 tacta
803 606 979 675 fuerit,
1010 604 1153 657 illico
1173 604 1455 673 polluetur.
1485 603 1592 674 (Ea:
1611 602 1837 671 eodem.)

277 701 409 754 Nihil
450 701 811 754 indiseussum
843 698 1097 766 relinquit.
1133 696 1425 767 legislator,
1448 696 1542 750 sed
1570 697 1749 749 omnia
1783 695 1839 748 in

275 790 619 857 sabsequenti
654 788 896 852 discutit,
932 785 1317 856 perfectionem
1364 786 1497 855 legis
1539 785 1839 855 spiritalem

275 881 501 950 probare
539 878 874 937 desiderans,
920 878 1024 930 etsi
1057 875 1372 945 imperfecta
1411 877 1491 930 eis
1523 876 1803 932 videbatur
1824 919 1837 942 ,

273 967 485 1036 quando
512 967 685 1020 solam
710 968 1057 1020 intuebantur
1085 965 1343 1019 litteram.

343 1057 716 1112 Dill‘erentiam
771 1057 934 1125 igitur
978 1057 1065 1111 hic
1114 1057 1441 1122 inﬁdelium,
1472 1059 1563 1127 qui
1612 1058 1841 1112 necdum

277 1144 531 1215 baptizati
562 1153 690 1198 sunt
716 1143 957 1211 exponit,
978 1153 1033 1198 et
1053 1158 1238 1199 semen
1286 1156 1544 1214 utrosque
1590 1144 1842 1215 appellat,

274 1241 469 1302 utpote
484 1231 579 1301 qui
610 1243 960 1300 susceperunt
982 1233 1128 1302 regni
1157 1234 1703 1301 praedicationem,de
1728 1235 1846 1303 qui-

278 1325 371 1376 bus
396 1322 662 1376 Dominus
689 1321 999 1391 parabolam
1020 1323 1242 1376 seminis
1265 1339 1571 1393 proponens
1594 1323 1807 1378 dicebat
1832 1341 1842 1374 :

283 1414 477 1467 Bonum
506 1430 705 1475 semen,
727 1413 826 1482 ﬁlii
856 1424 974 1467 sunt
1006 1420 1151 1483 regni
1193 1415 1405 1484 (Matth.
1436 1414 1590 1486 xm);
1631 1414 1724 1469 sed
1765 1430 1848 1468 sc-

284 1514 535 1568 mentem,
549 1519 673 1572 qute
695 1503 921 1558 necdum
938 1503 1202 1558 seminata
1222 1513 1324 1568 est,
1341 1505 1482 1559 unde
1497 1504 1848 1575 Septuaginta

1939 335 2340 404 recapitulanda
2370 343 2517 399 sunt,
2541 335 2666 405 qnia
2692 345 2747 390 et
2775 338 3031 406 quiddam
3070 357 3264 396 novum
3301 345 3504 401 addidit

1938 425 2189 511 praesenti
2229 424 2495 478 sanctioni
2513 463 2528 488 ,
2552 428 2911 480 necessariam
2938 428 3016 482 eis
3041 430 3301 499 adjiciens
3335 437 3505 490 actio-

1940 530 2063 569 nem
2084 514 2469 569 meditationis.
2496 513 2629 578 Quae
2652 526 2853 583 reptant
2874 531 3004 587 ergo
3035 535 3191 588 super
3216 529 3431 589 terram,
3450 525 3507 581 hi

1940 614 2066 660 sunt
2096 604 2187 674 qui
2212 614 2423 659 terrena
2452 605 2685 673 sapiunt,
2711 614 2764 659 et
2791 606 2879 675 qui
2906 607 3181 663 lutulentis
3217 622 3509 679 pascuntur

1941 694 2258 748 actionibus.
2277 694 2450 762 Super
2468 703 2655 762 pectus
2681 695 2792 748 sive
2817 711 2977 765 super
3003 706 3244 752 ventrem
3266 701 3513 759 similiter

1942 782 2687 853 gradiuntur,gastrimargiaa
2708 798 2925 852 operam
2956 787 3163 842 dantes.
3197 789 3255 843 ln
3283 800 3512 861 quatuor

1943 874 2262 943 gradiuntur
2289 889 2452 943 super
2481 883 2700 938 terram,
2741 876 2829 944 qui
2872 877 3306 945 praedicationem
3352 895 3515 937 evan-

1944 962 2234 1031 gelicorum
2264 962 2546 1025 librorum,
2579 979 2677 1032 pro
2708 979 2771 1018 eo
2793 967 2935 1033 quod
2964 966 3110 1021 salus
3135 985 3187 1021 ιη
3214 970 3293 1023 eis
3324 986 3514 1041 pecca-

1948 1062 2122 1106 torum
2149 1053 2492 1122 pratdicatur,
2518 1054 2812 1108 abutuntur
2850 1055 2900 1108 in
2947 1055 3278 1112 luxuriosam
3326 1061 3511 1126 vitam,

1947 1157 2054 1194 non
2084 1141 2444 1212 intelligentes
2469 1144 2592 1212 quia
2643 1152 2957 1217 peccatores
3003 1161 3109 1200 non
3157 1158 3217 1201 ut
3263 1160 3517 1205 maneant

1949 1240 2274 1300 peccatores,
2306 1234 2400 1286 sed
2441 1240 2500 1286 ut
2523 1242 2741 1287 cessent
2762 1250 2792 1287 a
2822 1236 3059 1303 peccatis
3097 1247 3353 1306 provocat
3381 1255 3520 1309 pra:-

1948 1320 2178 1385 (Eicatio;
2204 1322 2298 1375 sed
2334 1322 2413 1375 eis
2434 1322 2525 1390 qui
2556 1322 2607 1375 in
2630 1332 2863 1392 quatuor
2884 1325 3182 1390 ambulant,
3219 1328 3448 1396 addidit,
3467 1341 3519 1386 et

1948 1408 2138 1463 multos
2152 1411 2306 1464 habet
2326 1412 2501 1481 pedes,
2516 1414 2804 1467 ostendens
2825 1415 2966 1482 quod
2994 1414 3049 1469 Ιίι
3066 1423 3120 1469 et
3143 1416 3186 1471 si
3212 1432 3317 1471 non
3342 1418 3517 1475 solum

1949 1514 2014 1552 cx
2038 1500 2360 1569 evangelicis
2389 1500 2560 1564 libris,
2579 1502 2670 1554 sed
2694 1516 2759 1555 ex
2784 1502 2905 1556 aliis
2927 1501 3241 1572 Scripturis,
3270 1514 3432 1577 atque
3451 1524 3521 1564 ex

281 1590 606 1644 ediderunt:
642 1607 813 1644 semen
856 1592 1103 1655 salivam,
1147 1592 1286 1661 quod
1335 1593 1638 1657 seminabit,
1664 1594 1715 1647 id
1741 1602 1846 1659 est,
1880 1603 1923 1659 lg
1953 1595 2100 1646 varia
2149 1593 2287 1646 sicut
2334 1593 2467 1662 ipsis
2513 1595 2722 1648 videtur
2767 1595 3010 1651 doctrina
3056 1597 3159 1653 hoc
3196 1601 3522 1659 conﬁrmare

281 1682 412 1749 quod
431 1683 667 1735 necdum
692 1682 1012 1736 seminatum
1030 1689 1133 1746 est,
1150 1682 1519 1738 seminandum
1543 1690 1847 1747 autemest;

280 1784 366 1825 eos
380 1771 472 1839 qui
491 1770 724 1824 necdum
748 1770 1001 1839 baptizati
1019 1779 1164 1836 sunt,
1178 1770 1483 1840 baptizandi
1510 1781 1687 1827 autem
1705 1782 1847 1837 sunt,

283 1868 419 1914 recte
450 1859 795 1929 ~appellavit.
853 1860 1026 1930 Super
1064 1861 1165 1915 bos
1210 1861 1252 1915 si
1297 1861 1423 1929 quid
1472 1861 1851 1930 praedictorum

283 1953 698 2008 morticinorum
720 1951 901 2016 cadat,
928 1952 1056 2020 quia
1083 1954 1312 2007 necdum
1341 1953 1606 2008 cautelam
1653 1965 1856 2025 myste-

280 2048 480 2104 riorum
520 2053 870 2113 acceperunt,
896 2060 994 2099 nec
1035 2046 1300 2117 integram
1352 2047 1447 2101 Dei
1494 2047 1853 2118 cognitionem

280 2137 743 2206 conquisiverunt,
768 2151 888 2204 quae
919 2135 1039 2191 illos
1061 2138 1234 2206 possit
1252 2138 1517 2193 removeri
1540 2154 1571 2192 a
1599 2153 1853 2208 superve-

278 2226 555 2280 nientibus
585 2240 654 2279 ex
683 2224 1005 2295 negligentia
1029 2226 1285 2293 peccatis,
1300 2228 1483 2280 mundi
1512 2242 1634 2282 esse
1670 2228 1829 2282 dicun

280 2323 383 2380 tur,
416 2324 646 2384 propter
672 2314 983 2384 praedictam
1010 2329 1229 2369 causam
1274 2316 1429 2370 venia
1468 2317 1612 2387 digni
1647 2334 1659 2369 :
1692 2333 1856 2388 super

274 2420 414 2475 quos
448 2418 583 2457 vero
608 2403 724 2457 fusa
752 2401 915 2457 fuerit
942 2418 1101 2473 aqua,
1135 2404 1383 2460 videlicet
1414 2405 1774 2475 baptismatis,
1801 2409 1853 2463 hi

284 2493 593 2549 necessario
621 2494 882 2548 immundi
907 2493 1061 2559 ﬁunt,
1092 2495 1136 2549 si
1172 2511 1336 2550 unum
1365 2512 1432 2551 ex
1454 2498 1539 2552 his
1563 2513 1683 2568 quae
1706 2515 1853 2554 mor-

289 2584 453 2637 ticina
482 2593 609 2639 sunt
629 2599 793 2654 super
835 2600 930 2640 eos
978 2584 1244 2640 inciderit.
1291 2585 1615 2656 Oportuerat
1659 2589 1857 2659 quippe

298 2673 433 2726 tanti
458 2674 867 2742 participatione
895 2673 1043 2737 doni,
1070 2674 1137 2727 ad
1160 2689 1346 2730 eorum
1375 2676 1649 2744 pertinere
1676 2687 1858 2732 custo-

295 2765 455 2818 diam.
488 2764 671 2819 Terret
704 2765 871 2836 igitur
893 2764 986 2818 Dei
1015 2763 1248 2835 Spiritus
1276 2780 1370 2821 eos
1393 2767 1486 2835 qui
1508 2766 1635 2820 olim
1664 2782 1856 2836 perce-

293 2863 481 2924 perunt
526 2855 824 2922 baptisma,
860 2862 917 2907 ut
946 2869 1051 2907 non
1088 2869 1154 2909 ex
1201 2854 1525 2925 negligentia
1575 2863 1860 2925 peccantes

295 2948 547 3003 immundi
579 2948 731 3002 ﬁant.

356 3039 411 3093 Si
432 3048 701 3092 mortuum
717 3039 874 3109 fuerit
899 3039 1097 3093 animal
1114 3040 1253 3110 quod
1274 3040 1390 3093 licet
1408 3040 1546 3094 vobis
1568 3041 1860 3107 comedere,

290 3133 372 3201 qui
399 3132 629 3185 cadaver
657 3132 771 3201 ejus
816 3132 1056 3200 tetigerit,
1100 3131 1397 3186 immundus
1448 3133 1546 3185 erit
1589 3149 1753 3203 usque
1794 3132 1863 3185 ad

297 3242 550 3295 resperam
563 3241 584 3290 ;
617 3234 665 3277 et
691 3224 782 3293 qui
811 3222 1090 3276 comederit
1106 3237 1170 3275 ea:
1191 3238 1250 3275 eo
1274 3222 1542 3293 quidpiam
1566 3232 1720 3292 atque
1741 3239 1864 3293 por-

297 3315 492 3377 taverit,
515 3313 711 3366 Iuvabit
737 3312 1033 3366 vestimenta
1054 3328 1172 3376 sua,
1192 3320 1240 3365 et
1264 3312 1563 3366 immundus
1585 3314 1683 3366 erit
1703 3330 1864 3384 usque

298 3404 359 3455 ad
387 3417 668 3472 vesperam.
691 3400 798 3472 (Ex
818 3400 1041 3472 eodem.)
1069 3400 1529 3467 Quemadmodum
1553 3410 1865 3471 peccatores

298 3499 671 3560 permanentes
695 3491 749 3543 in
779 3490 1017 3559 peccatis
1043 3489 1387 3544 abominandi
1431 3498 1573 3554 sunt,
1598 3490 1672 3544 ita
1704 3490 1867 3561 justis

301 3583 433 3636 omni
462 3581 644 3637 studio
662 3580 1088 3634 concurrendum
1116 3588 1219 3642 est,
1236 3580 1527 3635 scientibus
1549 3580 1706 3635 nobis
1723 3580 1867 3650 quod

302 3687 361 3725 ex
380 3672 456 3726 eis
479 3669 907 3725 sanctiﬁcamur.
952 3668 1010 3724 Si
1053 3677 1229 3723 autem
1264 3669 1464 3724 mortui
1494 3668 1693 3723 fuerint
1717 3668 1866 3737 gravi

302 3763 498 3832 peccati
534 3769 733 3826 morte,
765 3775 873 3814 non
910 3760 1168 3815 debemus
1192 3769 1409 3830 tangere
1433 3759 1647 3814 illorum
1676 3759 1865 3824 vitam,

303 3872 396 3911 nec
435 3870 629 3911 eorum
663 3854 1090 3909 conversationis
1139 3867 1257 3907 esse
1298 3851 1609 3921 participes,
1634 3850 1867 3906 scientes

304 3946 435 4013 quod
462 3946 510 3999 si
528 3944 654 4013 quis
667 3942 927 4013 tetigerit,
952 3942 1258 3997 immundus
1282 3942 1385 3996 erit
1404 3956 1682 4012 usquequo
1702 3941 1867 3996 etiam

306 4034 411 4121 ipse
438 4034 724 4104 poeniteat.
754 4031 860 4086 Sed
894 4039 949 4086 et
988 4032 1079 4102 qui
1127 4031 1419 4085 comederit
1461 4031 1527 4086 de
1567 4030 1868 4085 morticinis

306 4141 507 4188 eorum,
540 4125 593 4179 id
623 4132 726 4187 est,
757 4124 849 4193 qui
893 4137 987 4177 eos
1036 4121 1335 4176 defenderit
1373 4121 1525 4189 quasi
1577 4122 1868 4176 advocatus

304 4226 644 4287 peccatorum
673 4215 912 4283 ipsorum
932 4211 1018 4266 vel
1039 4211 1351 4275 auxiliator,
1372 4219 1427 4265 et
1451 4219 1730 4281 propterea
1753 4210 1869 4264 illo-

305 4321 418 4361 rum
448 4307 502 4360 in
530 4321 592 4361 se
618 4312 839 4375 peccata
881 4303 1208 4372 suscipiens,
1236 4317 1453 4357 necesse
1501 4302 1664 4356 habet
1688 4301 1870 4355 lavare

306 4397 624 4451 vestimenta
648 4410 765 4459 sua,
788 4392 1037 4447 videlicet
1064 4393 1321 4456 actiones,
1337 4392 1462 4462 quia
1489 4399 1544 4445 et
1569 4393 1682 4460 ipse
1701 4408 1871 4460 usque

309 4488 370 4541 ad
397 4500 703 4557 vesperam,
726 4485 779 4539 id
804 4492 906 4549 est,
928 4498 1097 4552 usque
1118 4483 1244 4552 dum
1273 4482 1551 4551 pmniteat.
1568 4482 1874 4536 immundus

309 4581 425 4633 erit.

905 4661 1130 4719 CAPUT
1184 4661 1270 4715 1V.

700 4755 774 4809 De
830 4754 1142 4808 animalibus
1198 4752 1483 4822 reptilibus.

378 4850 553 4920 (13th.)
587 4848 755 4902 Omne
790 4845 927 4917 quod
953 4854 1115 4915 reptat
1137 4860 1292 4913 super
1312 4853 1506 4897 terram
1527 4842 1873 4899 abominabile

319 4944 429 5006 erit,
454 4956 548 4995 nec
571 4947 869 4992 assumetur
892 4937 945 4989 in
980 4934 1169 4988 cibum.
1203 4932 1471 4998 Quidquid
1503 4949 1660 5002 super
1696 4943 1872 5002 pectus

313 5030 605 5100 quadrupes
642 5026 902 5096 graditur,
926 5033 973 5077 et
1001 5023 1190 5079 multos
1214 5022 1361 5075 habet
1394 5022 1565 5092 pedes,
1593 5024 1696 5077 sive
1720 5039 1874 5092 super

320 5122 526 5175 humum
546 5118 792 5181 trahitur,
809 5132 913 5171 non
940 5111 1369 5181 comedetis,quia
1396 5110 1741 5165 abominabile
1762 5120 1871 5165 est:

326 5210 471 5264 nolite
498 5208 859 5263 contaminare
886 5205 1089 5271 animas
1122 5211 1336 5266 vestras,
1362 5217 1454 5254 nec
1474 5201 1702 5270 tangatis
1727 5201 1873 5270 quid-

322 5317 470 5367 quam
506 5315 707 5359 eorum,
746 5312 810 5350 ne
839 5292 1090 5347 immundi
1121 5291 1255 5344 sitis.
1289 5288 1397 5360 (Ea:
1423 5287 1728 5359 Hesychia.)
1755 5287 1873 5345 Jam

326 5399 376 5440 et
404 5389 514 5443 hac
531 5388 781 5458 superius
808 5383 1080 5454 logislator
1106 5379 1370 5450 exposuit,
1384 5395 1528 5434 nunc
1554 5388 1731 5433 autem
1757 5380 1877 5435 ideo

334 5480 530 5548 repetit,
552 5490 611 5533 ut
656 5476 926 5546 frequenti
965 5473 1310 5529 meditatione
1363 5470 1427 5524 ad
1473 5469 1876 5524 custodiendam

1953 1682 2198 1750 cupiunt,
2214 1691 2373 1736 erunt
2390 1692 2444 1736 et
2462 1683 2540 1737 sic
2555 1683 2837 1739 immundi.
2856 1685 2943 1750 Et,
2959 1693 3017 1740 ut
3035 1687 3275 1742 breviter
3288 1689 3521 1758 dicatur,

1956 1773 2119 1826 Omne
2162 1773 2302 1842 quod
2347 1784 2512 1843 reptat
2556 1790 2713 1844 super
2750 1784 2965 1841 terram,
2988 1778 3040 1831 id
3064 1787 3162 1842 est,
3189 1780 3282 1849 qui
3307 1791 3522 1837 terrena

1954 1864 2188 1933 sapiunt,
2218 1863 2489 1918 declinare
2527 1880 2626 1919 nos
2652 1876 2866 1935 oportet
2901 1876 2955 1921 et
2996 1868 3260 1940 refugere,
3293 1872 3526 1928 scientes

1955 1954 2080 2021 quia
2106 1968 2292 2007 eorum
2331 1953 2747 2009 communicatio
2784 1956 2994 2025 polluit,
3036 1967 3091 2012 et
3132 1960 3382 2014 similiter
3426 1962 3527 2016 im-

1955 2045 2192 2100 mundus
2219 2053 2303 2100 est
2329 2059 2516 2116 agens,
2546 2047 2832 2118 agentique
2865 2064 3211 2105 concurrens.

2027 2133 2139 2204 Ego
2168 2134 2307 2187 enim
2333 2150 2448 2187 sum
2472 2133 2730 2189 Dominus
2758 2135 2900 2192 Deus
2930 2149 3092 2193 vester
3123 2154 3145 2192 :
3171 2142 3342 2195 sancti
3366 2152 3525 2198 estote

1955 2224 2204 2294 quoniam
2225 2232 2273 2277 et
2294 2239 2385 2292 ego
2410 2230 2624 2276 sanctus
2641 2240 2756 2277 sum
2770 2241 2791 2289 ;
2836 2243 2899 2279 ne
2922 2226 3169 2297 polluatis
3207 2230 3411 2283 animas
3444 2247 3528 2285 ve-

1957 2323 2095 2368 stras
2121 2315 2176 2368 in
2204 2315 2346 2369 omni
2370 2314 2550 2384 reptile
2576 2315 2715 2384 quod
2736 2325 2969 2369 movetur
2986 2332 3141 2386 super
3166 2326 3378 2373 terram.
3410 2320 3525 2391 Ego

1957 2404 2233 2468 Dominus,
2262 2406 2353 2477 qui
2383 2407 2544 2460 eduxi
2584 2423 2669 2462 vos
2719 2406 2784 2459 de
2827 2415 2965 2459 terra
2995 2405 3232 2476 1Egypti,
3265 2418 3321 2461 ut
3362 2426 3528 2465 essent

1957 2496 2098 2550 vobis
2127 2495 2268 2550 Deus
2298 2510 2315 2547 :
2342 2500 2512 2552 sancti
2535 2498 2699 2560 eritis,
2730 2497 2854 2568 quia
2882 2512 2975 2566 ego
2994 2512 3019 2550 s
3041 2507 3206 2551 .nctus
3233 2514 3369 2552 sum.
3418 2499 3528 2571 (Ea:

1958 2586 2195 2658 eodem.)
2214 2586 2449 2644 Omnino
2473 2589 2723 2659 prohibet
2750 2601 2870 2642 esse
2899 2602 2997 2641 nos
3025 2588 3201 2643 socios
3220 2603 3409 2644 eorum
3434 2591 3527 2661 qui

1960 2684 2174 2731 terrena
2204 2676 2440 2746 sapiunt,
2476 2691 2578 2731 nec
2604 2676 2649 2731 si
2684 2682 2932 2746 potentes
2977 2675 3195 2743 quidam
3247 2676 3379 2743 sint,
3429 2693 3531 2733 nec

1961 2766 2003 2819 si
2025 2765 2291 2834 justitiam
2322 2773 2414 2820 aut
2443 2766 2761 2836 sapientiam
2789 2763 3010 2833 ﬁngant,
3042 2764 3145 2817 nisi
3179 2762 3315 2819 l‘orle
3343 2780 3528 2821 sacer-

1961 2856 2106 2909 dotio
2142 2855 2225 2909 vel
2255 2855 2429 2925 aliqua
2466 2854 2704 2925 qualibet
2729 2853 3051 2907 amiciantur
3075 2853 3349 2922 dignitate.
3380 2854 3530 2911 Unde

1885 2933 1930 2994 C
1965 2944 2203 2997 breviter
2232 2944 2471 2997 omnium
2498 2942 2825 3012 repentium,
2857 2955 2976 3009 qua:
3004 2954 3166 3009 super
3194 2950 3395 2997 terram
3418 2959 3534 2999 mo—

1966 3043 2181 3100 ventur,
2213 3035 2541 3088 mentionem
2572 3032 2716 3095 fecit,
2751 3046 2855 3085 non
2882 3029 3198 3099 simpliciter
3240 3032 3343 3088 hoc
3389 3033 3528 3103 quod

1965 3132 2048 3179 est
2072 3139 2262 3195 repere
2285 3122 2685 3193 respuens,sed
2712 3136 2876 3191 super
2911 3129 3110 3174 terram
3153 3137 3360 3192 repere.
3398 3122 3535 3177 Nam

1967 3215 2243 3270 humiliari
2269 3214 2486 3285 quidem
2506 3213 2708 3267 bonum
2736 3219 2850 3276 est;
2883 3218 2941 3264 ut
2963 3219 3142 3265 autem
3169 3212 3235 3265 ad
3263 3220 3533 3268 terrenam

1969 3308 2268 3364 declinetur
2291 3306 2631 3375 sapientiam,
2657 3318 2763 3357 non
2791 3311 2873 3358 est
2897 3303 3127 3368 bonum;
3156 3318 3258 3357 nec
3283 3304 3430 3358 utilis
3453 3316 3541 3360 est

1969 3399 2251 3453 animabus
2275 3397 2399 3453 talis
2425 3397 2722 3461 humilitas,
2752 3412 2782 3449 a
2811 3410 2915 3465 qua
2941 3393 3172 3449 liberare
3196 3395 3401 3461 volens,
3426 3395 3540 3466 Ego

1966 3504 2102 3552 sum,
2136 3488 2342 3558 inquit,
2368 3487 2622 3541 Dominus
2657 3485 2799 3539 Deus
2833 3494 2997 3538 uester
3024 3499 3042 3536 :
3074 3484 3125 3539 id
3156 3493 3255 3546 est,
3282 3485 3347 3538 ad
3389 3484 3542 3552 cujus

1968 3578 2260 3647 imaginem
2290 3577 2418 3631 facti
2438 3577 2590 3637 estis,
2608 3582 2668 3629 ut
2695 3573 2936 3628 cmlestia
2967 3574 3210 3643 sapiatis.
3237 3573 3389 3629 Unde
3415 3575 3491 3629 ait
3522 3593 3535 3628 :

1970 3671 2054 3725 Ne
2074 3667 2321 3739 polluatis
2361 3667 2567 3719 animas
2611 3671 2827 3725 vestras,
2871 3661 3112 3715 Primum
3154 3662 3368 3731 quidem
3412 3663 3538 3732 quia

1968 3762 2226 3816 donatum
2254 3766 2341 3812 est
2367 3756 2560 3811 anima:
2588 3768 2707 3809 esse
2734 3755 2803 3808 ad
2828 3753 3117 3822 imaginem
3144 3752 3261 3816 Dei,
3291 3762 3350 3808 et
3368 3755 3542 3808 maxi-

1968 3865 2111 3906 mam
2138 3850 2195 3903 in
2224 3863 2289 3903 ea
2329 3861 2449 3902 esse
2475 3842 2953 3900 sanctiﬁcationem
2986 3841 3120 3907 vult,
3157 3848 3215 3895 ut
3247 3853 3372 3911 pote
3422 3857 3541 3912 quae

1966 3939 2325 4011 principatum
2346 3950 2509 4006 super
2527 3947 2686 3989 omne
2711 3930 2911 3988 animal
2937 3938 3097 3986 tenet.

2041 4030 2243 4085 Deinde
2269 4027 2507 4083 ostendit
2534 4024 2877 4094 pollutionem
2907 4039 3069 4092 quam
3090 4024 3214 4078 odio
3246 4023 3407 4077 habet
3436 4036 3540 4075 non

1969 4136 2089 4177 esse
2123 4121 2190 4175 de
2215 4119 2443 4173 mortuis
2468 4115 2787 4185 corporibus
2813 4121 2905 4166 aut
2932 4113 3087 4176 cibis,
3113 4113 3400 4166 immundis
3424 4127 3544 4165 cor-

1970 4210 2218 4283 poribus,
2249 4208 2387 4262 sicut
2437 4206 2655 4274 qnidvm
2700 4209 2892 4271 putant
2942 4200 3121 4264 factis,
3146 4200 3240 4254 sed
3266 4213 3384 4252 eam
3422 4213 3542 4267 qua:

1974 4297 2258 4353 animabus
2288 4311 2355 4349 ex
2377 4292 2677 4347 actionibus
2707 4290 2861 4344 malis
2891 4288 3088 4343 evenit.
3132 4286 3328 4340 Dicens
3360 4295 3542 4340 autem

1975 4405 2083 4443 non
2128 4394 2380 4457 oportere
2427 4384 2480 4437 in
2523 4381 2733 4435 cunctis
2764 4377 3044 4448 reptilibus
3094 4391 3214 4446 quae
3257 4385 3544 4432 moventur

1977 4493 2142 4548 super
2176 4487 2374 4529 terram
2405 4473 2614 4526 animas
2657 4476 2871 4523 nostras
2912 4466 3100 4536 pollui,
3130 4465 3350 4520 omnino
3396 4481 3543 4521 eom-

1972 4578 2221 4642 pctenter
2241 4565 2446 4621 addidit
2470 4582 2482 4616 :
2510 4562 2622 4633 Ego
2641 4561 2914 4624 Dominus,
2927 4559 3017 4629 qui
3032 4558 3191 4611 eduxi
3211 4573 3299 4610 vos
3313 4557 3378 4611 de
3399 4567 3540 4612 terra

1978 4656 2212 4726 ngypti,
2246 4663 2300 4707 ut
2327 4669 2489 4707 essem
2533 4649 2671 4704 vobis
2717 4650 2773 4701 in
2830 4647 2995 4701 Deum
3021 4686 3035 4711 ,
3083 4660 3182 4717 per
3225 4643 3539 4715 Egyptum,

1980 4746 2196 4819 Egypti
2225 4746 2605 4799 demonstrans
2643 4739 2781 4794 mala
2810 4745 2865 4793 et
2890 4738 3068 4792 omnia
3094 4751 3256 4807 opera
3286 4737 3541 4793 tenebra-

1977 4854 2096 4891 rum
2142 4855 2156 4890 :
2209 4833 2469 4904 Ai‘gyptus
2512 4831 2654 4885 enim
2694 4827 3075 4882 contenebratio
3135 4828 3538 4897 interpretatur,

1975 4926 2171 4997 quibus
2197 4925 2244 4979 si
2269 4923 2392 4992 quis
2421 4935 2548 4975 vere
2572 4933 2761 4973 carere
2783 4916 3030 4982 voluerit,
3057 4924 3111 4970 et
3133 4931 3256 4970 eum
3293 4916 3385 4985 qui
3416 4930 3543 4970 vere

1974 5025 2058 5071 est
2078 5017 2220 5069 Deus
2249 5014 2447 5068 habere
2474 5024 2627 5064 suum
2652 5008 2838 5071 Deum,
2863 5022 2968 5062 non
2993 5007 3165 5062 soluat
3186 5006 3539 5062 idololatriam

1977 5122 2169 5162 cavere
2196 5103 2480 5169 debet,sed
2506 5103 2550 5157 si
2572 5117 2702 5156 vere
2730 5101 2778 5156 ei
2808 5101 3085 5157 adhaerere
3108 5101 3398 5165 desiderat,
3412 5100 3536 5170 quia

1979 5197 2066 5250 ille
2088 5204 2309 5250 sanctus
2341 5199 2444 5255 est,
2475 5193 2587 5259 ipse
2618 5202 2830 5258 quoque
2857 5188 3265 5242 sanctimoniam
3305 5188 3537 5248 studeat,

1934 5332 1947 5343 ς
1978 5289 2094 5343 sine
2117 5302 2220 5356 qua
2248 5299 2403 5340 nemo
2431 5282 2631 5337 videbit
2660 5280 2850 5335 Deum.

2048 5378 2162 5432 Ista
2182 5386 2255 5430 est
2281 5374 2363 5428 lea:
2386 5372 2733 5427 animantium
2752 5378 2799 5424 et
2820 5368 3085 5423 volucrum
3103 5377 3150 5420 et
3167 5365 3330 5419 omnis
3350 5365 3541 5420 anima:

1982 5467 2214 5529 viventis,
2238 5480 2352 5534 (μίαν
2380 5473 2609 5518 movetur
2641 5462 2694 5513 in
2719 5475 2857 5526 aqua
2900 5466 2949 5512 et
2991 5465 3157 5525 reptat
3198 5454 3249 5507 in
3294 5461 3455 5519 terra,
3482 5468 3538 5510 ut
