3956 6176
433 245 488 262 «ρ
499 243 528 268 ..ν
533 240 558 268 ⁸⁷

462 347 785 420 a'iﬁ‘erentias
813 339 1055 396 nocet-itis
1079 335 1260 390 mundi
1279 343 1324 388 et
1350 331 1628 393 immundi,
1645 339 1690 384 et
1713 327 1890 384 sciatis
1911 322 2035 394 quid
2064 325 2112 383 Α

375 449 378 452 ’
459 415 724 494 comedere
743 441 834 484 aut
853 429 978 500 quid
999 441 1235 496 respuere
1248 423 1498 476 debeatis.
1519 421 1625 491 (Ea:
1643 417 1868 486 eodem.)
1894 415 2032 483 Ergo

463 542 570 582 non
595 523 699 578 cibi
727 535 826 575 nos
861 517 1088 574 mundos
1112 514 1362 576 reddunt,
1393 525 1490 564 nec
1515 509 1778 578 polluont,
1807 505 1900 558 sed
1939 518 2037 556 nos

462 632 580 680 eos,
603 611 867 683 siquidem
894 624 992 662 nos
1031 606 1364 658 viviticamus
1409 617 1472 655 ea
1511 615 1628 668 quae
1665 595 2035 652 comeduntur.

471 707 538 760 Et
564 681 1013 773 quemadmodum
1042 693 1207 748 omnis
1236 691 1380 746 cibus
1416 689 1579 742 bonus
1629 696 1676 739 et
1729 683 1858 738 nihil
1913 681 2040 750 reji-

471 769 713 846 cienitum
733 795 828 850 est,
850 783 987 854 quod
1017 797 1133 835 cum
1164 779 1455 849 gratiarum
1485 774 1690 837 actione
1723 769 2041 840 percipitur;

472 881 837 949 sanctiﬁcatur
858 876 996 930 enim
1043 889 1134 942 per
1160 870 1370 924 verbum
1396 867 1526 931 Dei,
1556 866 1696 920 sicut
1723 865 1795 916 ait
1829 861 2044 922 Paulus,

475 984 521 1026 et
545 971 830 1025 orationem
853 965 903 1036 (Ι
932 962 1156 1018 Timotlt.
1188 959 1288 1030 tv),
1315 959 1392 1012 sic
1420 973 1482 1010 ea
1526 971 1646 1024 qua:
1673 951 2048 1012 comeduntur,

478 1079 542 1118 ea
591 1058 837 1116 videlicet
879 1069 998 1124 quae
1045 1051 1290 1106 nutriunt
1338 1048 1596 1107 animam,
1637 1043 1690 1096 id
1735 1049 1838 1104 est,
1884 1040 2053 1094 bonas

479 1154 752 1214 actiones,
775 1163 874 1204 nos
901 1144 1258 1205 viviﬁcamus,
1291 1140 1336 1195 si
1375 1140 1513 1194 bene
1553 1137 1633 1190 eis
1674 1142 1924 1196 utamur;
1969 1131 2052 1184 sin

477 1251 660 1300 autem
693 1239 846 1302 male,
875 1253 978 1292 non
1009 1219 1478 1293 viviﬁcamus,sed
1503 1224 1895 1282 mortiﬁcamus
1922 1239 1932 1273 :
1964 1221 2052 1288 qui

484 1335 628 1391 enim
650 1347 716 1388 ex
747 1329 1030 1398 iniquitate
1054 1324 1184 1378 facit
1204 1321 1617 1389 eleemosynam,
1635 1313 1923 1369 mortiﬁcat
1945 1310 2061 1377 eius

490 1427 745 1480 virtutem
774 1421 889 1474 sive
917 1415 1242 1487 potentiam;
1275 1421 1332 1466 et
1379 1409 1471 1478 qui
1519 1423 1549 1460 a
1595 1406 1732 1461 cibis
1770 1403 2058 1463 abstinent,

489 1533 587 1587 per
613 1514 849 1582 linguam
874 1523 1003 1562 vero
1033 1504 1291 1558 fratribus
1316 1499 1626 1561 detrahunt,
1648 1495 1715 1550 de
1739 1493 1934 1564 quibus
1962 1491 2064 1544 Da—

493 1606 581 1658 vid
627 1603 755 1658 dicit
787 1619 799 1652 :
841 1597 944 1661 Qui
987 1597 1234 1650 devorant
1271 1591 1468 1662 plebem
1518 1603 1685 1642 meam
1725 1585 1856 1638 sicut
1895 1597 2064 1635 escam

491 1695 642 1764 panis
665 1690 834 1762 (Psal.
865 1686 1006 1758 xm),
1037 1684 1364 1740 mortilicant
1384 1681 1438 1735 lii
1471 1677 1871 1733 abstinentiam.

1111 1793 1339 1851 CAPUT
1383 1794 1443 1846 ν.

495 1875 574 1930 De
601 1873 907 1928 mulieribus
941 1868 1173 1942 quandiu
1212 1875 1326 1936 post
1363 1873 1572 1933 partum
1617 1857 1901 1912 immunda:
1941 1855 2065 1908 sint.

572 1965 720 2036 (CAP.
753 1956 874 2033 xu.)
899 1961 1126 2015 Locutus
1141 1969 1214 2012 est
1243 1956 1494 2010 Dominus
1519 1953 1587 2006 ad
1617 1951 1831 2019 Moysen
1858 1948 2068 2000 dicens:

505 2056 732 2126 Loquere
759 2053 884 2122 filiis
917 2049 1083 2104 Israel
1109 2059 1155 2102 et
1182 2049 1322 2102 dices
1352 2045 1420 2100 ad
1444 2062 1528 2098 eos
1564 2057 1581 2093 :
1615 2041 1808 2096 Mulier
1827 2041 1872 2092 si
1899 2055 2072 2092 susce-

501 2159 588 2220 pto
612 2147 804 2204 semine
825 2143 1078 2215 pepererit
1109 2139 1422 2201 masculum,
1449 2134 1720 2190 immunda
1761 2133 1858 2185 erit
1882 2138 2073 2200 septem

503 2238 708 2302 diebus,
750 2236 907 2304 juxta
958 2233 1067 2288 dies
1126 2229 1472 2300 separationis
1535 2234 1846 2286 menstruw,
1894 2230 1942 2274 et
1991 2219 2076 2272 die

502 2339 682 2384 actaeo
719 2324 1121 2379 circumcidctur
1157 2317 1485 2389 infantulus;
1545 2318 1658 2386 ipsa
1703 2331 1821 2368 vero
1865 2313 2076 2382 triginta

506 2418 674 2473 tribus
697 2414 878 2469 diebus
910 2411 1134 2466 manebit
1162 2411 1215 2462 in
1241 2409 1495 2477 sanguine
1522 2403 1907 2476 purificationi:
1945 2416 2076 2464 sum,

509 2521 660 2558 ontne
678 2510 916 2558 sanctum
940 2516 1044 2554 non
1068 2505 1262 2566 tanget,
1287 2506 1334 2550 et
1361 2511 1452 2548 nec
1495 2493 1816 2563 ingredietur
1843 2498 2084 2543 sanctua-

513 2597 671 2659 riunt,
700 2595 862 2646 donec
883 2589 1198 2660 impleantur
1219 2587 1328 2641 dies
1358 2585 1682 2656 purgationis
1705 2583 1817 2652 ejus
1841 2596 1858 2632 :
1881 2581 1962 2634 sin
1987 2595 2084 2632 au-

515 2695 613 2738 tem
640 2682 888 2751 feminam
917 2678 1190 2748 pepererit,
1217 2675 1485 2730 immunda
1522 2675 1618 2730 erit
1649 2673 1854 2726 duabus
1894 2669 2085 2724 Itebd0°

516 2774 772 2836 madibus,
794 2771 954 2841 juxta
985 2769 1141 2822 ritum
1169 2769 1342 2837 fluxus
1365 2765 1637 2829 menstrui,
1660 2773 1706 2816 ct
1738 2770 2009 2830 sexaginta
2037 2765 2086 2812 et

513 2879 605 2918 sex
655 2861 836 2916 diebus
886 2858 1112 2912 manebit
1154 2858 1209 2910 in
1261 2854 1514 2923 sanguine
1548 2849 1927 2922 puriﬁcatiouis
1954 2863 2084 2902 sure.

517 2953 625 3023 (Ex
648 2950 952 3022 Hesychia.)
981 2949 1084 3002 Per
1113 2946 1347 3000 litteram
1373 2945 1556 3015 igitur,
1579 2957 1760 2998 semen
1787 2939 2088 3007 suscipiens

517 3053 601 3100 est
623 3043 838 3108 mulier,
853 3056 972 3111 quae
989 3039 1090 3092 viri
1111 3037 1432 3106 concepitex
1455 3035 1678 3089 semine.
1704 3032 1852 3088 llattc
1882 3039 2084 3098 septem

521 3131 709 3188 diebus
741 3145 862 3202 esse
888 3127 1218 3181 immundam
1249 3124 1399 3177 dicit.
1446 3123 1511 3176 Et
1560 3123 1660 3175 hoc
1706 3117 2089 3191 quamobrem?

522 3219 784 3277 Videlicet
821 3218 946 3286 quia
985 3223 1130 3268 sator
1177 3212 1483 3266 immundus
1521 3219 1624 3272 est,
1653 3217 1710 3262 ut
1749 3216 1871 3276 pote
1921 3207 2090 3259 [neres

523 3313 716 3376 Adam,
731 3311 824 3379 qui
846 3323 940 3378 per
960 3304 1444 3374 transgressionem
1461 3301 1770 3354 immundus
1795 3299 1968 3352 iactus
1987 3307 2060 3351 est
2076 3335 2090 3357 ,

523 3411 686 3470 atque
723 3401 795 3454 ita
825 3399 950 3451 Even
976 3395 1194 3458 mixtus,
1217 3407 1378 3447 onme
1412 3406 1581 3460 genus
1628 3390 1922 3443 humanum
1971 3386 1997 3438 l'.
2021 3385 2093 3438 cit

526 3490 878 3547 immundum.
926 3485 1125 3555 Aperte
1165 3491 1342 3538 autem
1381 3482 1482 3536 hoc
1517 3481 1572 3534 in
1614 3494 1768 3532 sacra
1816 3476 2093 3544 Scriptura

528 3582 739 3652 legitur,
771 3579 912 3649 quod
937 3586 1221 3648 postquam
1251 3575 1383 3629 exiit
1421 3573 1485 3627 de
1513 3571 1783 3641 paradiso,
1817 3568 2094 3622 mulierem

526 3685 679 3726 suam
699 3669 868 3724 Adam
897 3666 1166 3734 cognovit,
1196 3673 1358 3733 atque
1387 3663 1462 3717 ita
1492 3661 1678 3716 deduci
1703 3659 1868 3728 etrpit
1898 3659 2094 3712 imma-

529 3777 656 3816 num
681 3774 868 3830 genus.
907 3757 1125 3826 Septem
1154 3764 1333 3810 autem
1373 3754 1488 3808 dies
1519 3753 1637 3806 ideo
1659 3751 1935 3804 mulierem
1976 3763 2096 3801 esse

529 3849 781 3922 prmeepit
810 3846 1162 3918 immpntlam,
1184 3845 1308 3914 quia
1343 3843 1538 3906 Adam,
1567 3857 1662 3910 per
1712 3839 1863 3905 cujus
1913 3853 2096 3900 semen

529 3936 764 4005 suscepit
808 3933 1202 3988 immunditiam
1253 3946 1377 3985 cum
1423 3945 1638 3997 genere,
1683 3929 1845 3980 vitam
1885 3939 2096 3994 quoque

535 4035 772 4082 nostram
801 4023 1024 4094 polluit;
1076 4022 1159 4075 vel
1183 4029 1386 4088 septem
1417 4020 1624 4074 dierum
1653 4031 1906 4072 nutuerus
1937 4015 2098 4082 signi-

535 4119 677 4180 ticat,
702 4130 797 4184 per
821 4127 982 4182 quem
1014 4121 1254 4180 tempora
1285 4109 1651 4172 revolvuntur,
1693 4116 1912 4175 propter
1957 4107 2098 4174 quod

531 4208 696 4260 etiam
722 4205 838 4275 ejus
867 4203 1106 4271 requies,
1135 4201 1365 4270 septima
1393 4201 1508 4256 dies
1551 4212 1654 4262 est,
1683 4199 1734 4251 id
1775 4206 1878 4258 est,
1908 4196 2100 4250 ian-lli-

535 4296 695 4366 gibile
717 4303 966 4364 speratur
995 4292 1298 4350 sabbatum.
1325 4291 1606 4358 Quomodo
1647 4297 1826 4342 autent
1861 4297 2097 4341 nostram

535 4389 723 4457 polluit
751 4387 951 4444 vitam?
982 4385 1243 4442 lnduccns
1275 4385 1324 4438 ei
1360 4383 1792 4438 maledictioncm
1843 4390 1898 4432 et
1938 4389 2100 4434 trans-

538 4482 720 4536 ferens
737 4480 804 4533 ad
833 4467 1122 4533 iniseriam
1156 4493 1276 4532 cam
1317 4492 1480 4546 quam
1516 4477 1690 4532 sortiti
1719 4477 1994 4528 tuleramus
2040 4476 2106 4526 ab

539 4571 692 4624 initio
718 4568 1125 4624 beatitudinem.
1148 4569 1301 4632 Quod
1332 4568 1678 4620 manifestum
1700 4577 1864 4618 estex
1888 4565 2106 4632 liisqum

538 4659 680 4714 Deus
703 4659 771 4712 ad
811 4659 979 4712 Adam
1025 4659 1202 4712 dicit:
1249 4656 1529 4709 Maledicta
1577 4665 1718 4708 terra
1772 4655 1824 4707 in
1871 4652 2107 4722 operibus

535 4751 661 4817 tuis,
687 4752 863 4821 spinas
895 4761 941 4805 et
978 4751 1197 4806 tribulos
1223 4750 1530 4819 germinabit
1558 4749 1652 4801 tibi
1675 4747 1825 4816 (Gen.
1854 4747 1954 4814 tu).
1979 4746 2110 4799 Pro-

539 4847 723 4911 pterea
744 4848 797 4895 et
825 4856 967 4893 nunc
987 4839 1280 4904 legislator,
1305 4838 1591 4892 secundant
1624 4837 1734 4891 dies
1763 4839 2106 4906 separationis

541 4941 838 4992 menstruis,
857 4931 960 4996 vel,
985 4934 1123 4985 sicut
1153 4929 1525 5000 Septuaginta,
1553 4929 1834 4983 secundum
1859 4928 1966 4981 dies
1987 4945 2110 4997 pur-

542 5021 767 5092 gationis
785 5035 1080 5084 menstruis,
1098 5021 1368 5073 imminuta
1395 5021 1512 5072 erit.
1531 5019 1668 5082 Quid
1689 5026 1868 5072 autem
1891 5019 1994 5072 hoc
2019 5019 2110 5079 sit,

545 5109 634 5168 alii
661 5111 986 5179 interpretes
1011 5111 1219 5179 planius
1250 5110 1532 5164 ediderunt
1565 5125 1577 5160 :
1611 5107 1966 5176 Symmachus
1989 5107 2108 5175 qui-

545 5200 668 5256 dem
690 5201 873 5254 dicens
906 5218 919 5252 :
953 5201 1251 5254 Secundum
1281 5199 1390 5250 dies
1429 5197 1768 5264 separationis
1791 5197 2110 5265 afflictionis;

547 5292 760 5362 Aquila,
787 5291 1128 5360 separationis
1150 5289 1404 5352 miserim;
1443 5288 1800 5352 Tocodotion,
1828 5290 2114 5356 separatio-

551 5383 628 5436 nis
659 5380 856 5436 doloris
877 5379 1008 5450 ejus.

624 5473 832 5528 Miseria
856 5480 1036 5525 autem
1060 5477 1116 5523 et
1141 5467 1357 5521 amictio
1381 5467 1600 5522 etdnlor
1625 5475 1749 5521 tunc
1780 5483 1902 5521 esse
1931 5469 2114 5535 cmpit,

557 5577 834 5632 postquam
877 5571 1152 5633 separatus
1181 5575 1209 5612 a
1237 5559 1486 5630 paradiso
1525 5558 1716 5625 Adam,
1742 5569 1978 5611 nostram
2006 5574 2119 5612 sor-

460 240 558 297 ;:".7
1099 225 1158 276 Β.
1204 183 1462 276 RAllAi‘il
1502 216 1722 272 M'Al'Rl
1759 209 2078 268 ARClillil‘.
2125 204 2434 262 MGGENT.
2478 198 2759 257 OPERITM
2802 197 2979 250 PARS
3019 195 3057 248 l.

2141 319 2270 372 titus
2298 327 2379 371 est
2413 317 2600 378 vitam,
2631 312 2721 382 qui
2751 312 2803 365 in
2833 311 3031 364 sudore
3069 308 3250 360 vultus
3290 302 3571 358 comedere
3615 316 3708 368 pa-

2135 423 2256 462 nem
2303 405 2643 461 comlcnmazi
2696 414 2903 456 sumus.
2952 397 3086 450 llnic
3117 394 3298 448 sensui
3335 391 3630 461 planiorem
3661 397 3714 444 et

2136 499 2188 551 iu
2214 495 2540 551 lubitabilcm
2585 492 2792 546 addidit
2829 488 3236 558 probationem,
3273 498 3394 537 cum
3439 482 3568 534 dicit
3604 499 3616 533 :
3651 480 3714 532 Et

2137 594 2221 647 die
2250 603 2428 646 octavo
2461 586 2862 644 circumcidetur
2888 580 3202 648 infantulus.
3256 577 3381 630 Dies
3403 574 3547 628 enim
3576 581 3722 626 octa-

2141 699 2240 738 vus
2271 682 2522 752 quoniam
2553 677 2794 747 septima:
2825 673 2954 737 diei,
2985 671 3076 740 qui
3109 670 3284 738 imago
3323 676 3405 720 est.
3439 663 3720 734 pr:cse:.tis

2142 773 2574 837 vit:e,soccedit,
2620 771 2845 839 ﬁguram
2895 764 3035 835 gerit
3078 760 3240 815 futuri
3289 757 3494 818 smculi,
3524 757 3576 809 in
3617 769 3724 822 quo

2145 881 2363 923 carnem
2394 861 2642 934 pra‘putii
2666 856 3124 918 circnmcidimus,
3155 850 3332 906 omnia
3364 863 3526 916 opera
3550 845 3728 898 carnis

2148 959 2496 1026 dcpoucutes.
2529 953 2679 1005 Tunc
2709 949 2906 1018 quippe
2942 961 3047 998 non
3081 943 3252 997 solum
3287 956 3404 992 non
3437 933 3728 1006 peccatur“,

2151 1047 2242 1103 sed
2279 1062 2376 1100 nec
2408 1042 2722 1104 comesturi,
2756 1047 2847 1093 aut
2872 1035 3113 1097 bibituri,
3141 1042 3232 1085 aut
3266 1029 3484 1098 nupturi
3506 1040 3731 1081 smnus:

2153 1141 2346 1196 erimus
2378 1147 2551 1189 autem
2583 1131 2768 1203 procul
2811 1130 2992 1189 dubio,
3035 1127 3176 1180 sicut
3219 1123 3292 1176 ait
3332 1121 3589 1175 Dominus
3617 1159 3632 1182 ,
3670 1132 3734 1168 ex

2156 1225 2614 1296 corruptibilibus,
2631 1215 3083 1287 incorruptibiles,
3098 1215 3228 1266 sicut
3251 1210 3445 1279 angeii,
3471 1217 3522 1261 et
3554 1207 3734 1260 tuuudi

2159 1319 2332 1375 modis
2360 1315 2610 1370 omnibus
2652 1326 2718 1364 ex
2772 1305 3060 1363 immundis
3103 1302 3388 1357 edicimur.
3433 1297 3739 1350 Semiualu.‘

3604 183 3700 243 3C3

2163 1412 2345 1481 igitur,
2372 1408 2446 1460 ait
2469 1403 2688 1466 Paulus,
2721 1401 2775 1453 in
2805 1396 3138 1466 corruptione
3157 1433 3170 1456 ,
3195 1399 3366 1460 surget
3412 1389 3466 1441 in
3495 1389 3729 1439 incorru-

2163 1503 2425 1572 ptionem;
2454 1495 2740 1550 seminatur
2769 1504 2955 1558 corpus
2977 1482 3224 1546 animale,
3241 1490 3413 1550 surget
3433 1493 3624 1547 corpus
3647 1476 3741 1544 spi-

2169 1591 2319 1644 ritale
2357 1588 2405 1659 (1
2431 1585 2554 1641 Car.
2588 1584 2699 1652 xv).

2100 1670 2154 1732 Β·
2238 1702 2382 1769 Ergo
2405 1699 2494 1752 hic
2516 1703 2598 1750 est
2621 1692 2810 1746 modus
2836 1696 3054 1760 propter
3081 1699 3240 1755 quem
3271 1681 3530 1737 infantem
3552 1686 3709 1731 octav

2169 1795 2255 1850 die
2273 1793 2425 1861 jubet
2440 1785 2748 1843 circumcidi
2769 1800 2782 1844 ;
2813 1779 3248 1836 incircumcisum
3275 1785 3452 1827 autem
3477 1770 3664 1840 perire
3685 1771 3734 1820 dt

2168 1884 2365 1956 populo
2386 1897 2482 1936 suo
2512 1876 2764 1938 ostendit,
2815 1873 2942 1942 quia
2991 1877 3114 1924 ante
3157 1863 3628 1922 circumcisio..em
3659 1859 3721 1911 alv

2170 1973 2513 2030 ominabilem
2530 1970 2692 2024 bal-ct
2713 1979 2930 2020 carnem
2951 1970 3005 2016 et
3020 1958 3608 2024 immundam,propter
3626 1965 3722 2002 cac-

2171 2082 2258 2120 sas
2279 2063 2526 2118 videlicet
2545 2072 2679 2127 quas
2700 2054 2947 2125 superius
2975 2051 3233 2105 diximus:
3254 2045 3543 2098 mundatur
3569 2049 3712 2093 autc:

2172 2173 2270 2228 per
2313 2151 2800 2211 circumcisioncm,
2829 2160 2947 2214 quae
2992 2142 3278 2212 imaginem
3325 2136 3462 2207 gerit
3503 2129 3751 2188 rcsur’re.

2176 2247 2370 2303 ctionis
2397 2253 2750 2299 mortuorum.

2245 2357 2380 2412 lllud
2427 2363 2606 2408 autem
2656 2350 2815 2404 nimis
2859 2345 3207 2418 quzcrenduxn
3259 2349 3362 2403 est,
3385 2335 3755 2408 quamobrem

2178 2463 2404 2520 puerum
2444 2443 2758 2500 circumcidi
2811 2438 3272 2516 lex‘prtrcipiens,
3317 2432 3488 2501 ipsius
3533 2430 3758 2500 quidem

2181 2537 2576 2596 immunditiam
2620 2543 2780 2596 tacet,
2811 2539 3043 2586 matrem
3068 2537 3244 2580 autem
3275 2521 3611 2578 immundam
3639 2534 3756 2572 esse.

2184 2630 2332 2691 dicit,
2357 2643 2529 2696 usque
2557 2625 2622 2679 ad
2649 2625 2790 2678 diem
2815 2623 2868 2676 in
2908 2636 3014 2690 quo
3063 2617 3239 2672 infans
3283 2611 3700 2669 circumciditur
3741 2626 3753 2658 :

2185 2728 2371 2772 octava
2386 2717 2581 2786 quippe
2603 2713 2855 2783 prmcepit
2875 2712 2959 2764 dic
2981 2704 3322 2768 circumcidi;
3348 2711 3550 2771 septem
3575 2708 3761 2752 autem

2187 2809 2376 2863 diebus
2405 2809 2480 2860 ait
2516 2815 2740 2859 matrem
2769 2820 2888 2858 esse
2919 2800 3269 2855 immundam.
3305 2797 3412 2848 Aut
3443 2792 3616 2856 forte,
3645 2805 3762 2860 quza

2189 2896 2563 2953 inobcdientiac
2589 2910 2752 2948 causit
2777 2893 2882 2946 Eva
2906 2891 3123 2945 seducta
3147 2885 3375 2950 exstitit,
3401 2880 3767 2951 transgressio

2113 3007 2158 3068 ρ
2191 2997 2370 3043 autem
2412 3003 2521 3040 suae
2575 2983 2948 3038 inoLe-lientiie
3000 2977 3392 3034 imnumditiam
3439 2972 3601 3027 nobis
3655 2984 3765 3023 sorv

2191 3079 2419 3146 demque
2440 3075 2738 3138 contraxit;
2773 3075 2892 3127 ilco
2916 3072 3036 3134 hoc,
3054 3070 3195 3138 quod
3220 3077 3302 3122 est
3329 3064 3578 3134 amplius,
3603 3061 3770 3132 legis-

2191 3171 2328 3224 lator
2354 3171 2407 3222 in
2444 3169 2666 3221 muliere
2691 3165 2974 3219 convertit.
3027 3161 3134 3216 Sed
3179 3169 3233 3216 et
3276 3156 3638 3228 qumreutlum
3690 3157 3772 3206 est

2193 3276 2290 3314 cur
2314 3257 2472 3325 hujus
2495 3257 2568 3310 rei
2615 3256 2786 3326 gratia
2831 3255 2882 3307 ia
2923 3253 3182 3321 sanguine
3229 3244 3631 3320 puriticatioois
3667 3258 3773 3298 sure

2194 3364 2416 3402 manere
2443 3347 2722 3400 mulierem
2774 3345 3045 3416 prtecepit,
3073 3359 3176 3396 non
3226 3339 3486 3410 sanguine
3526 3335 3772 3395 sordido,

2195 3439 2287 3493 scd
2320 3440 2370 3491 in
2403 3439 2664 3507 sanguine
2707 3436 2936 3496 mundo,
2970 3434 3021 3487 id
3055 3442 3169 3494 est,
3201 3426 3592 3500 purilicationis
3627 3425 3772 3494 ejus,

2195 3531 2337 3584 sicut
2377 3531 2428 3583 in
2467 3529 2550 3584 his
2579 3523 2698 3598 qua:
2735 3535 3033 3596 sequuntur
3073 3521 3376 3578 ostenditur
3406 3539 3418 3576 :
3455 3517 3584 3572 licet:
3629 3532 3776 3571 omne

2195 3631 2434 3672 sanctum
2461 3636 2562 3671 non
2587 3628 2778 3688 tanget,
2809 3627 2854 3670 et
2887 3618 2938 3668 in
2967 3613 3266 3668 sanctuario
3295 3627 3396 3664 non
3423 3607 3771 3678 ingredietur,

2198 3727 2357 3779 usque
2380 3708 2504 3760 (lunt
2535 3707 2848 3777 impleantur
2868 3707 2975 3759 dies
2993 3704 3371 3775 puriﬁcatiouis
3401 3699 3534 3770 ejus.
3559 3698 3625 3750 Si
3651 3710 3777 3764 ergo

2199 3801 2251 3852 in
2295 3797 2555 3869 sanguine
2595 3798 2792 3850 mundo
2830 3797 3044 3864 tria-iuta
3093 3806 3201 3848 tres
3230 3793 3364 3857 dies,
3399 3789 3492 3844 se}
3529 3797 3587 3842 ct
3622 3802 3780 3842 omne

2198 3880 2446 3946 sanctum
2471 3906 2575 3944 non
2604 3890 2865 3957 tangit,ct
2888 3889 2938 3940 in
2963 3887 3268 3942 sanctuario
3291 3882 3394 3938 non
3411 3881 3779 3952 ingredietur,

2199 3983 2338 4036 unde.
2375 3983 2678 4052 lllljllSlllOtil
2707 3997 2945 4044 causam,
2974 3979 3076 4034 nisi
3106 3995 3172 4033 ex
3216 3973 3422 4031 dierum
3468 3981 3784 4044 perscruta-

2203 4074 2347 4127 tione
2378 4073 2739 4142 reperiemus?
2787 4072 3028 4142 Triginta
3059 4071 3253 4140 quippe
3279 4079 3334 4122 ct
3363 4057 3472 4121 tres
3507 4065 3631 4120 dies
3665 4063 3784 4117 ideo

2203 4165 2442 4227 tradidit,
2467 4173 2525 4216 ut
2551 4161 2746 4229 adjecti
2773 4173 2999 4231 septem,
3031 4160 3206 4215 cuncti
3243 4156 3596 4228 quadraginta
3631 4155 3781 4208 (iant.

2203 4255 2310 4326 (Ea:
2340 4253 2674 4322 Augustino.)
2713 4249 2846 4318 Quid
2878 4249 3126 4319 estquod
3163 4250 3238 4302 ait
3269 4249 3334 4302 de
3380 4245 3612 4301 muliere.
3667 4255 3785 4312 qua:

2135 4337 2181 4396 ἱ)
2209 4345 2430 4416 peperit,
2446 4359 2606 4398 orune
2634 4351 2876 4396 sanctum
2899 4357 3004 4396 non
3029 4349 3229 4412 tanget,
3252 4351 3307 4394 et
3327 4340 3380 4393 in
3408 4337 3787 4393 sanctuarium

2211 4453 2314 4490 non
2346 4433 2605 4488 introibit.
2645 4431 2794 4497 Quod
2827 4431 3192 4484 sanctuarium
3227 4430 3340 4483 vult
3369 4427 3633 4497 intelligi,
3664 4442 3784 4481 CUI"

2211 4525 2416 4594 legatur
2438 4521 2496 4577 in
2535 4519 2935 4576 tabernaculum
2975 4537 3082 4575 non
3121 4521 3222 4575 nisi
3257 4519 3561 4574 sacerdotes
3613 4517 3790 4572 solere

2215 4616 2440 4684 ingredi,
2474 4624 2526 4667 et
2564 4626 2731 4680 usque
2753 4611 2820 4666 ad
2848 4610 3023 4665 velum
3055 4611 3278 4664 interius
3323 4608 3612 4673 secundos,
3647 4610 3790 4662 ultra

2213 4702 2389 4754 velum
2420 4709 2597 4754 autem
2630 4699 2826 4768 ipsum,
2861 4696 2950 4750 ubi
2981 4705 3098 4750 erat
3128 4711 3275 4760 arca,
3304 4710 3408 4749 non
3458 4693 3562 4749 nisi
3621 4709 3791 4748 unum

2217 4807 2486 4844 stnnmum
2511 4786 2880 4842 sacerdotem?
2901 4785 2980 4839 An
3011 4795 3065 4840 et
3089 4795 3213 4840 ante
3240 4783 3674 4850 tabernaculum,
3696 4785 3790 4838 ubi

2216 4889 2330 4934 erat
2358 4880 2525 4933 altare
2571 4875 3379 4942 sacriﬁciorum,sanctuarium
3427 4873 3532 4928 dici
3577 4872 3794 4944 potuit!

2219 4971 2347 5023 t‘iam
2403 4984 2542 5037 smpc
2593 4967 2890 5038 appellatur
2941 4957 3089 5023 locus
3137 4977 3385 5030 sanctus,
3415 4966 3578 5020 etiam
3613 4968 3795 5038 ipsum

2219 5059 2440 5120 atrium,
2464 5073 2584 5110 cum
2618 5057 2816 5110 dicitur
2845 5075 2856 5109 :
2889 5055 2955 5109 In
2987 5055 3099 5110 loco
3126 5065 3306 5108 sancto
3335 5055 3482 5109 edent
3527 5071 3611 5107 ea.
3663 5053 3795 5109 Illuc

2219 5145 2467 5202 fortassis
2483 5147 2725 5202 solebant
2749 5148 2950 5201 intrare
2977 5147 3229 5200 mulieres
3251 5146 3464 5215 quando
3491 5141 3803 5200 odereliau‘.

2218 5239 2353 5291 dona
2383 5255 2498 5302 sua,
2530 5255 2649 5308 quae
2673 5239 3071 5307 imponerentur
3099 5235 3275 5289 aIJari.

2289 5369 2398 5432 (Ex
2422 5369 2724 5439 Hesychia.)
2751 5369 2905 5424 Aliud
2927 5384 3055 5438 ergo
3077 5385 3174 5439 per
3201 5369 3302 5422 hoc
3324 5367 3594 5438 legislator
3629 5365 3807 5436 signi-

2222 5462 2362 5515 licat.
2387 5461 2520 5525 Quia
2549 5461 2743 5528 ergoin
2773 5461 2960 5513 diebus
2985 5461 3338 5530 quadraginta
3366 5456 3640 5512 masculus
3666 5456 3800 5512 dici-

2223 5566 2308 5610 tur
2335 5553 2509 5608 infans
2546 5552 2798 5614 formari,
2829 5553 2933 5605 duo
2966 5552 3078 5606 lucc
3101 5567 3198 5620 per
3224 5567 3285 5604 ea
3328 5565 3446 5620 qua:
3484 5550 3629 5602 dicta
3677 5559 3809 5602 sunt
