3956 6176
257 424 355 477 δέῗῐι

1167 427 1669 486 EXPOSlTlONES
1709 429 1778 485 IN
1821 429 2216 489 LE‘JiTlCUM.
2261 467 2329 475 —
2365 439 2492 491 LIB.
2531 442 2616 494 ιιι.

3411 457 3516 514 370

255 540 569 608 probatitnr,
599 538 652 593 id
681 548 784 604 est,
807 541 930 610 quia
960 541 1076 611 ipsa
1103 543 1646 629 quident'substantia
1668 559 1830 616 gene-
1859 546 1908 604 Α
1937 545 2004 601 de
2033 550 2237 606 sanctis
2282 554 2604 622 prohibere;
2648 573 2779 629 ergo
2815 561 3158 620 manifestata
3201 578 3284 623 est
3327 587 3512 641 causa,

255 633 322 685 ris
349 631 571 686 humani
595 633 795 688 munda
825 645 930 701 est,
959 635 1100 712 sicut
1127 651 1157 690 a
1187 635 1296 690 Deo
1318 645 1524 692 creata.

313 720 508 780 Omnia
537 727 685 796 enim
716 742 835 796 qua:
865 726 991 782 fecit
1019 727 1181 794 Deus,
1208 728 1347 782 bona
1373 727 1546 792 valde,
1575 735 1625 782 et
1659 729 1831 784 multo

251 814 412 884 magis
445 814 646 881 homo;
680 825 904 887 propter
922 817 1067 888 quod
1109 817 1206 884 ait,
1234 817 1289 872 in
1322 818 1584 887 sanguine
1607 818 1828 882 mundo,

247 904 354 959 sive
376 905 782 974 puriﬁcationis
813 909 1094 963 mulierem
1125 909 1332 964 sedere.
1363 909 1497 976 Quia
1525 917 1706 964 autem
1735 923 1831 980 per

247 995 642 1052 successionem
672 997 801 1052 Adae
834 999 1279 1068 transgredientis
1311 999 1471 1053 lassus
1500 1007 1616 1063 est,
1641 1011 1830 1053 neces—

247 1083 488 1152 sarioque
513 1101 703 1141 semen
727 1088 986 1156 suscepit,
1017 1098 1071 1142 et
1097 1089 1362 1158 concepit,
1397 1103 1557 1144 omne
1581 1098 1828 1142 sanctum

247 1191 340 1228 non
367 1177 564 1246 tangit,
593 1187 648 1232 et
677 1179 734 1232 in
761 1180 1071 1235 sanctuario
1111 1196 1217 1234 non
1258 1179 1626 1250 ingredietur,
1652 1195 1825 1249 usque

246 1265 358 1328 t'um
403 1267 788 1336 compleantur
840 1269 958 1324 dies
1008 1270 1404 1338 puriﬁcationis
1453 1270 1592 1340 ejus,
1638 1270 1824 1334 idest,

244 1368 402 1422 usque
429 1355 562 1410 dum
591 1357 966 1430 compleantur
987 1361 1102 1423 dies
1123 1361 1504 1432 quadraginta,
1547 1362 1598 1415 in
1631 1361 1827 1432 quibus

242 1457 364 1509 puer
389 1442 668 1498 formatur
699 1464 710 1498 :
741 1446 856 1516 ipsa
883 1449 1080 1518 quippe
1102 1449 1278 1520 imago
1305 1450 1422 1534 Dei,
1442 1451 1720 1505 mundatio
1744 1459 1828 1504 est

243 1542 440 1587 natura:
471 1543 700 1604 aestive,
733 1543 980 1605 quamvis
1003 1538 1166 1614 fuerit
1189 1542 1488 1595 sordidata.
1538 1541 1679 1611 Ergo
1721 1557 1820 1595 nc-

240 1601 504 1692 quaquam
535 1626 750 1696 ingredi
779 1628 830 1680 in
856 1632 1242 1695 sanetaarium,
1270 1648 1366 1687 nec
1392 1647 1554 1685 omne
1577 1633 1826 1686 'sanctum

239 1723 450 1785 tingere
495 1719 762 1787 prmcepti
814 1720 1112 1788 fueramus,
1145 1723 1248 1778 nisi
1291 1724 1470 1794 imago
1513 1723 1608 1778 Dei
1657 1723 1825 1778 semel

238 1813 408 1858 nostro
432 1805 638 1862 donata
671 1810 888 1877 generi,
918 1821 1227 1868 sanctorum
1277 1817 1431 1871 nobis
1475 1817 1822 1886 prmstitisset

1935 651 2035 707 pro
2059 655 2167 710 qua
2215 641 2332 699 inec
2371 644 2662 725 legislator'
2701 649 2754 704 in
2805 651 2912 708 illis
2955 655 3516 736 disposuit:Cumque

1932 729 2124 798 expleti
2153 731 2348 801 fuerint
2379 735 2491 790 dies
2517 741 2848 808 purgationis
2880 743 3013 812 ejus,
3042 762 3136 816 pro
3156 747 3268 817 ﬁlio
3290 752 3394 807 sive
3417 729 3514 824 pro

1929 819 2065 886 ﬁlia,
2097 821 2294 890 deferet
2325 841 2518 894 agnum
2562 829 2870 886 anniculam
2915 835 2970 889 in
3018 836 3382 898 holocaustum
3399 819 3430 908 ,⁷
3462 857 3515 902 tt

1929 908 2130 980 pullum
2159 912 2432 982 columbte,
2456 919 2502 972 si
2507 935 2561 973 re
2584 929 2841 978 turturem
2859 943 2954 996 pro
2974 940 3205 999 peccato,
3231 935 3302 988 ad
3319 937 3514 994 ostium

1930 999 2258 1056 tabernaculi
2282 1007 2582 1075 testimonii,
2615 1019 2664 1064 et
2693 1015 2862 1068 tradet
2901 1021 3184 1088 sacerdoti,
3216 1027 3310 1096 qui
3328 1029 3513 1098 oﬂ'eret

1929 1089 2022 1143 illa
2049 1106 2226 1145 coram
2253 1092 2502 1161 Domino,
2528 1107 2577 1152 et
2608 1102 2812 1170 rogabit
2831 1121 2926 1174 pro
2953 1123 3034 1171 ea,
3062 1120 3108 1164 et
3135 1114 3210 1167 sic
3227 1089 3511 1175 inundabi-

1927 1189 2016 1233 tur
2059 1199 2090 1234 a
2133 1186 2391 1254 pro/lucio
2435 1195 2707 1270 sanguinis
2741 1197 2824 1250 sui
2855 1213 2875 1248 .·
2922 1201 3021 1254 ista
3044 1213 3120 1258 est
3149 1205 3234 1260 lea:
3255 1213 3510 1280 parientis

1929 1272 2218 1327 masculum
2243 1287 2335 1330 aut
2360 1277 2631 1347 feminam.
2675 1284 2828 1350 Quod
2850 1291 2897 1344 si
2921 1308 3023 1348 non
3044 1295 3294 1354 invenerit
3318 1319 3511 1360 manu:

1926 1361 2060 1430 ejus,
2091 1380 2183 1417 nec
2204 1369 2393 1435 poterit
2419 1371 2607 1439 offerre
2627 1392 2842 1446 agnum,
2879 1393 3048 1438 sumet
3079 1379 3212 1442 duos
3253 1400 3510 1461 turtures,

1927 1467 2016 1508 aut
2039 1457 2171 1513 duos
2204 1462 2376 1530 pullos
2425 1465 2695 1534 columbm,
2744 1490 2906 1530 unum
2940 1478 2995 1533 in
3033 1481 3390 1543 holocaustum
3413 1531 3428 1554 ,
3460 1503 3510 1545 et

1927 1545 2149 1602 alterum
2172 1568 2267 1620 pro
2293 1565 2524 1622 peccato,
2555 1559 2829 1634 ambitque
2845 1583 2938 1635 pro
2963 1588 3024 1623 ea
3055 1575 3317 1643 sacerdos,
3345 1589 3394 1634 et
3428 1581 3506 1635 sic

1925 1641 2286 1698 mandabitur.
2331 1645 2438 1716 (Ex
2460 1647 2767 1726 Hesychia.)
2810 1654 3001 1716 Totam
3035 1665 3124 1721 hic
3152 1667 3502 1728 intentionem

1926 1747 2078 1786 suam
2102 1733 2376 1805 legislator
2405 1745 2636 1812 aperuit,
2661 1749 2788 1816 quia
2815 1752 3159 1820 pollutionem
3190 1776 3293 1816 non
3323 1775 3504 1822 motus

1926 1824 2203 1878 naturales
2227 1825 2454 1896 faciunt,
2492 1835 2586 1888 sed
2613 1849 2916 1907 peccatum,
2942 1845 3006 1899 de
3029 1861 3134 1915 quo
3161 1850 3328 1908 David
3359 1854 3503 1912 dicc-

2347 1883 2350 1884 ν
2419 1883 2454 1896 ,,
2492 1883 2586 1888 η--
2615 1883 2916 1907 ,νηψψνη
2943 1883 3005 1899 ..υ
3029 1883 3134 1915 ,ιηυ
3161 1883 3328 1908 ww.
3359 1883 3499 1912 ωιτ-

237 1895 552 1963 ingressam,
583 1907 806 1967 propter
835 1917 996 1970 quam
1043 1905 1358 1961 salvandatn
1379 1947 1394 1972 ,
1439 1907 1554 1976 ipse
1602 1923 1818 1978 quoque
1849 1883 1898 1944 Β
1927 1911 2052 1966 bat:
2090 1913 2222 1970 Ecce
2247 1919 2470 1976 enim‘in
2500 1924 2863 1996 iniquitatibus
2895 1947 3172 2008 cmzczptus
3205 1958 3344 2008 sum,
3373 1954 3422 1998 et
3446 1944 3499 2000 in

239 1984 539 2008 2........_-.---
571 1999 645 2008 -_.
682 1989 748 2008 πμ
777 1992 830 2008 ρ·
1164 1997 1175 2008 .
1311 1999 1322 2008 .
1539 2001 1554 2008 -

239 1984 542 2040 incarnatus
564 1999 650 2041 est
681 1989 960 2058 Dominus,
985 2010 1137 2049 suam
1163 1997 1452 2068 imaginem
1477 2001 1690 2056 salvare
1720 2018 1818 2057 vo-

235 2073 366 2138 lens;
393 2077 490 2130 sed
518 2078 575 2131 in
609 2081 967 2152 quadraginta
1009 2086 1198 2142 diebus
1225 2090 1291 2142 ad
1321 2091 1516 2146 coelum
1539 2108 1660 2148 eam
1693 2111 1813 2151 sus-

235 2165 370 2230 tulit,
413 2171 722 2224 secundum
767 2176 910 2240 quod
955 2191 1071 2229 eam
1119 2179 1391 2235 hominem
1434 2184 1708 2252 plasmans
1758 2187 1810 2241 in

234 2253 377 2308 \ulva
416 2257 626 2322 donat;
667 2269 722 2314 ct
753 2270 878 2316 tunc
906 2264 974 2318 ad
1003 2280 1186 2321 verum
1218 2271 1587 2328 sanetuarium
1617 2285 1809 2331 natura

231 2352 406 2398 nostra
439 2346 769 2416 ingreditur.

295 2429 486 2502 Aperte
508 2446 692 2491 autem
721 2439 838 2496 hrec
864 2443 1162 2511 probantur
1181 2463 1279 2517 per
1292 2464 1356 2504 ea
1381 2466 1500 2520 quae
1520 2454 1585 2508 de
1612 2471 1810 2525 genere

228 2517 452 2577 femineo
480 2527 824 2583 sanciuntur.
847 2532 984 2598 Quia
1018 2539 1164 2590 enim
1201 2543 1528 2612 octogesima
1575 2544 1662 2600 die
1691 2544 1804 2602 for-

226 2613 362 2665 mari
386 2613 440 2666 in
462 2624 618 2670 utero
639 2617 854 2675 femina:
873 2623 1148 2692 dicuntur,
1167 2633 1499 2688 tantumdem
1523 2651 1804 2692 numerum

225 2699 296 2752 ad
348 2701 709 2772 inipletionem
755 2710 967 2768 dierum
1005 2717 1398 2784 puriﬁcationis
1446 2739 1636 2780 earum
1683 2743 1803 2796 quae

221 2807 404 2850 semen
436 2801 733 2870 suscipiunt
760 2809 1046 2878 praecepit,
1075 2811 1152 2865 ait
1177 2813 1322 2868 enim
1359 2817 1437 2870 sic
1479 2836 1492 2872 :
1537 2817 1599 2872 Si
1645 2821 1801 2890 [emi-

222 2899 336 2937 nam
371 2893 652 2958 pepererit,
678 2893 951 2951 immunda
976 2901 1072 2954 erit
1116 2901 1322 2959 duabus
1368 2905 1798 2978 hebdomadibus,

221 2973 364 3036 ima
389 2981 552 3034 ritum
576 2985 756 3051 ﬂuxus
792 2993 1066 3045 menstrui.
1100 2993 1166 3048 Et
1193 3010 1319 3050 cum
1353 3009 1628 3067 oporteret
1667 3017 1798 3071 qna-

219 3067 508 3124 tuordecim
543 3073 746 3138 dicere,
775 3092 880 3130 non
911 3079 990 3134 sic
1027 3081 1177 3148 dicit,
1203 3085 1297 3138 sed
1344 3086 1552 3143 duabus
1597 3090 1799 3145 hebdo-

217 3157 474 3224 madibus,
491 3159 654 3229 juxta
686 3166 853 3234 ritum
871 3169 1048 3227 ﬂuxus
1075 3177 1366 3243 menstrui;
1406 3189 1626 3250 propter
1651 3184 1794 3252 quod

214 3247 274 3300 ad
296 3248 446 3306 illum
490 3268 596 3309 nos
635 3259 958 3316 transmittit
995 3279 1232 3328 sensum,
1261 3268 1316 3322 id
1353 3247 1468 3334 est,
1496 3279 1557 3324 ut
1609 3272 1664 3326 in
1707 3289 1794 3328 se-

215 3341 350 3402 ptem
381 3341 606 3408 quidem
649 3344 840 3403 diebus
887 3364 1007 3406 esse
1053 3353 1341 3410 humanam
1399 3359 1588 3426 vitam,
1619 3361 1794 3419 ﬂuxus

219 3435 388 3482 autem
417 3443 739 3491 menstruus
769 3437 1115 3497 amictionem
1142 3445 1259 3515 ejus
1278 3455 1332 3502 et
1357 3449 1598 3506 dolorem
1619 3461 1675 3506 et
1695 3454 1796 3508 mi-

214 3524 400 3579 seriam
431 3527 822 3600 intelligamus.

275 3615 418 3671 Dixit
438 3629 625 3674 autem
653 3624 858 3679 duabus
880 3627 1310 3688 hebdomadibus.
1343 3635 1532 3702 Recte,
1549 3640 1674 3710 quia
1697 3641 1795 3695 du-

211 3703 288 3770 plo
314 3720 483 3776 genus
521 3711 793 3768 muliebre
829 3717 1143 3775 mulctatum
1185 3731 1288 3784 est.
1329 3724 1506 3782 Habet
1549 3703 1694 3784 enim
1739 3740 1794 3786 et

210 3808 324 3848 cum
375 3797 553 3860 Adam
611 3802 1041 3864 maledictionem
1077 3828 1090 3864 :
1124 3813 1176 3866 in
1227 3815 1424 3872 sudore
1480 3820 1656 3876 vultus
1707 3824 1790 3878 sui

213 3885 532 3943 manducans
555 3905 753 3958 panem
777 3910 966 3960 suum;
1002 3899 1166 3957 habet
1183 3903 1347 3959 etiam
1369 3907 1539 3977 ipsam
1565 3919 1789 3979 terram,

209 3975 378 4044 spinas
401 3987 458 4032 et
485 3980 720 4039 tribulos
744 3989 1158 4057 germinantem,
1187 4010 1308 4064 qute
1353 3975 1478 4054 cum
1527 4018 1592 4058 ex
1642 4013 1787 4064 terra

208 4074 316 4119 crta
341 4067 412 4121 sit
438 4069 494 4123 in
525 4078 676 4126 terra
703 4077 1025 4146 revertitur;
1053 4081 1212 4140 habet
1236 4087 1398 4142 etiam
1421 4105 1638 4160 pmnam
1663 4112 1786 4166 spe-

206 4155 382 4212 cialem
415 4177 428 4212 :
469 4159 540 4215 In
577 4164 795 4220 tristitia
840 4172 1014 4238 paries
1056 4174 1220 4242 ﬁlios,
1244 4189 1291 4232 et
1320 4182 1390 4234 ad
1433 4185 1596 4239 rirunt
1637 4199 1786 4246 tuum

205 4252 459 4304 conversio
505 4263 624 4318 tua,
663 4265 713 4308 et
735 4257 844 4328 ipse
879 4263 956 4314 tui
977 4263 1353 4324 dominabitur.
1383 4273 1446 4327 Et
1469 4287 1780 4347 propterea,

207 4334 431 4413 (inaltus,
464 4342 661 4412 inquit,
708 4346 1118 4409 hebdomadibus
1163 4357 1434 4416 immunda
1469 4334 1594 4431 .eritl,
1612 4334 1776 4438 juxtd

205 4429 350 4484 ritum
378 4433 562 4501 ﬂuxus
590 4441 846 4494 menstrui
873 4455 893 4493 .'
913 4447 1185 4516 sexaginta
1209 4461 1383 4506 autem
1409 4464 1456 4508 et
1479 4475 1570 4512 sea;
1596 4461 1780 4516 diebus

201 4521 251 4571 tn
299 4528 560 4592 sanguine
603 4530 835 4594 mundo,
865 4533 914 4586 id
953 4545 1066 4600 est,
1110 4541 1520 4612 puriﬁcationis,
1561 4552 1774 4620 sedebit,

199 4619 372 4663 sancta
419 4628 526 4665 non
575 4625 817 4686 tangens,
861 4637 1025 4693 usque
1077 4627 1201 4682 dum
1257 4633 1618 4702 compleantur
1663 4619 1775 4697 dies

201 4700 512 4768 octuoginta.
557 4704 803 4770 Quatuor
831 4712 975 4767 enim
1000 4723 1056 4770 et
1085 4717 1271 4772 decem
1303 4700 1466 4792 super
1491 4731 1768 4799 sexaginta

199 4801 284 4841 sex
305 4791 512 4853 addita.
535 4799 845 4866 oetuaginta
885 4802 1107 4869 faciunt,
1144 4808 1197 4862 in
1237 4811 1433 4880 quibus
1461 4791 1660 4873 femina
1717 4823 1770 4876 in

197 4887 340 4935 utero
368 4881 659 4941 formatur.
695 4889 836 4960 Ergo
860 4894 978 4948 sine
1004 4895 1182 4968 aliqua
1219 4901 1557 4962 dubitatione
1602 4908 1761 4979 legis-

195 4967 327 5022 lator
357 4978 612 5044 ostendit,
644 4980 770 5049 quia
803 4967 1138 5042 immundum
1179 4989 1322 5046 facto
1343 4995 1636 5055 maledicto
1655 4967 1764 5056 ino-

194 5067 362 5113 stram
389 5079 564 5133 genus
593 5084 936 5142 nequaquam
966 5075 1194 5133 intraret
1216 5081 1271 5135 in
1295 5085 1516 5152 sanctis,
1541 5090 1642 5146 nisi
1668 5107 1767 5161 per

191 5145 471 5218 imaginem
499 5155 618 5221 Dei,
648 5174 809 5227 quam
846 5164 1013 5218 semel
1043 5167 1294 5224 sortitum
1320 5181 1424 5238 est,
1447 5183 1502 5229 et
1521 5145 1766 5250 propter-

189 5255 246 5292 ca
279 5246 640 5316 suscipientes
671 5266 857 5308 semen
899 5257 1155 5316 mulieres
1199 5263 1388 5318 diebus
1428 5266 1763 5330 formationis

189 5330 563 5392 pariendorum
591 5341 940 5410 parvulorum
966 5347 1032 5402 de
1043 5351 1247 5405 sanctis
1258 5362 1528 5413 vetantur.
1546 5361 1696 5428 Quod
1714 5367 1758 5420 si

189 5417 352 5474 dicis:
380 5422 742 5489 Quamobrem
775 5447 879 5488 non
911 5438 1084 5506 magis
1106 5439 1159 5493 in
1183 5450 1339 5499 utero
1365 5417 1626 5506 habentwes
1647 5455 1759 5509 die-

187 5508 284 5561 izus
311 5509 652 5574 formationis
676 5521 743 5576 de
766 5525 972 5580 sanctis
997 5537 1200 5585 matres
1215 5536 1605 5602 prohibentur?
1625 5544 1760 5600 Fru-

185 5605 294 5648 stra
311 5600 411 5656 hoc
433 5603 756 5678 interrogas.
781 5611 992 5668 lncertu
1003 5634 1048 5670 m
1067 5627 1151 5673 est
1169 5623 1311 5677 enim
1326 5626 1375 5679 ci
1399 5642 1517 5696 qua:
1535 5635 1755 5700 gravida

185 5697 362 5745 utrum
413 5711 618 5753 marem
649 5716 742 5754 seu
784 5702 1038 5762 feminam
1072 5713 1309 5778 paritura
1358 5727 1469 5784 est,
1516 5731 1569 5777 et
1616 5728 1756 5782 unde

185 5783 524 5843 manifestum
557 5807 678 5847 esse
709 5804 920 5864 poterat
948 5811 1078 5868 quot
1106 5801 1294 5863 diebus
1320 5815 1604 5878 oportebat
1633 5835 1750 5872 eam

1920 2000 2122 2056 de'ictis
2157 2010 2354 2075 peperit
2397 2029 2477 2064 me
2522 2027 2690 2069 mater
2735 2035 2849 2074 mea
2893 2024 3062 2093 (Psal.
3093 2027 3179 2099 ι,);
3231 2049 3340 2088 non
3387 2051 3498 2092 sua:

1918 2095 2105 2148 matris
2131 2108 2414 2165 peccatum
2446 2105 2663 2175 aliquod
2696 2125 2982 2180 accusans,
3013 2121 3106 2174 sed
3140 2133 3369 2180 matrem
3400 2144 3496 2182 na-

1913 2194 2090 2241 turam
2117 2191 2373 2258 appellat,
2406 2195 2804 2256 immunditiam
2837 2211 3043 2276 peccati
3073 2210 3246 2269 Adam
3287 2225 3342 2271 et
3371 2219 3496 2276 Eva:

1913 2277 1964 2330 in
1996 2293 2156 2332 omne
2187 2298 2354 2351 genus
2395 2293 2636 2343 nostrum
2676 2292 3018 2354 descendisse
3054 2301 3408 2374 signiﬁcans:
3439 2319 3494 2366 et

1909 2379 2194 2439 propterea
2226 2375 2444 2443 quando
2475 2381 2726 2450 completi
2757 2385 2960 2444 fuerint
2999 2391 3116 2448 dies
3153 2398 3490 2466 puriﬁcatio-

1909 2456 1993 2512 nis
2033 2463 2328 2518 secundant
2360 2469 2676 2535 praedictum
2728 2478 2969 2546 modum,
3017 2486 3346 2544 sacriﬁcium
3388 2509 3492 2564 pro

1904 2558 2132 2617 peccato
2171 2550 2326 2620 jubet
2355 2557 2556 2614 offerri.
2615 2562 2716 2630 Qui
2767 2575 2822 2622 et
2859 2585 3056 2640 agnum
3093 2550 3406 2638 anniculuni
3435 2584 3487 2640 in

1907 2641 2279 2724 holocaustum
2311 2655 2438 2722 tunc
2465 2651 2734 2712 immolari
2759 2665 3035 2733 prmcepit,
3059 2670 3338 2729 evidenter
3359 2675 3488 2733 illud
3521 2685 3526 2690 “

1903 2715 2142 2788 ostendit
2185 2747 2240 2791 et
2287 2718 2554 2810 approbat
2599 2715 2966 2811 consideranti
3011 2761 3138 2828 quia
3178 2762 3272 2820 Dei
3310 2767 3489 2840 imago
3507 2799 3527 2818 .-

1903 2821 2295 2890 perfectionem
2326 2831 2511 2898 generi
2550 2845 2736 2893 nostro
2767 2842 2988 2912 tribuit,
3028 2821 3155 2905 itam
3196 2821 3484 2915 formati;—

1901 2927 2025 2966 nem
2049 2915 2264 2983 quidem
2293 2919 2408 2974 dies
2433 2927 2756 2993 ostendunt,
2791 2937 3158 2996 mundationis
3189 2946 3482 3012 perfectio-

1900 3016 2023 3054 nem
2051 3012 2232 3058 autem
2263 3009 2590 3066 sacriﬁcium
2620 3015 2944 3078 holocausti.
3005 3025 3114 3084 Sed
3145 3009 3233 3088 hic
3263 3047 3487 3108 prcpter
3525 3067 3530 3072 δ
3593 3059 3600 3068 ·

1898 3091 2002 3148 hoc
2027 3094 2244 3152 interim
2270 3097 2596 3170 legislatoris
2625 3112 2946 3181 sapientiam
2974 3091 3324 3196 obstupescit,
3353 3091 3477 3202 quia

1897 3187 2116 3242 evenire
2139 3198 2352 3258 poterat
2381 3205 2440 3250 ut
2474 3199 2751 3259 studentes
2781 3205 2955 3278 legem
2979 3187 3224 3271 dicerent
3267 3237 3280 3272 :
3309 3187 3478 3289 'Qitali

1899 3275 2280 3346 deprecatione
2319 3287 2540 3352 pariens
2582 3275 2855 3352 infantem
2889 3316 3027 3370 opus
3061 3275 3474 3382 habebatfqme

1897 3365 2014 3436 ipsa
2041 3384 2148 3424 non
2179 3377 2456 3442 peccavit;
2485 3396 2590 3436 non
2615 3385 2758 3440 enim
2787 3403 2852 3442 ex
2885 3389 3260 3465 fornicatione,
3291 3405 3384 3458 sed
3409 3404 3476 3460 de
3498 3433 3518 3441 *-

1896 3460 2102 3528 nuptiis
2135 3469 2450 3533 generavit?
2493 3471 2843 3546 Interpretari
2891 3489 3274 3546 necessitatem
3316 3494 3474 3564 hujus

1895 3549 2295 3620 deprecationis
2338 3560 2524 3615 volens
2551 3604 2566 3628 ,
2614 3567 2860 3624 addidit:
2891 3573 2961 3627 Et
2991 3580 3262 3636 mundabit
3305 3549 3472 3642 emito

1892 3644 2148 3711 pro/Invia
2174 3651 2444 3716 sanguinis
2483 3655 2598 3720 sui;
2624 3659 2944 3726 profluvium
2979 3673 3256 3740 sanguinis
3286 3675 3473 3734 inobe-

1893 3733 2149 3789 dientiam
2183 3738 2407 3807 dicens;
2454 3745 2597 3800 unde
2632 3748 2969 3810 immunditia
2999 3768 3051 3812 et
3080 3775 3238 3829 ptena
3271 3765 3386 3834 ejus
3413 3769 3470 3826 in

1893 3833 2061 3881 totum
2089 3843 2257 3899 genus
2287 3833 2579 3893 humanum
2627 3839 2807 3912 ﬁnxit,
2837 3863 2996 3917 quam
3027 3861 3082 3906 et
3108 3870 3207 3910 nos
3231 3855 3470 3928 depona-

1890 3923 2312 3984 ntus,sacriﬁcia
2345 3943 2441 3996 pro
2469 3930 2643 3996 nobis,
2664 3950 2784 4005 quze
2815 3939 2956 3996 dicta
2973 3953 3119 4009 sunt,
3137 3946 3426 4008 offerentes
3445 3969 3466 4012 :

1889 4005 2036 4063 Duos
2065 4019 2294 4068 turtures
2324 4026 2412 4069 aut
2434 4017 2566 4074 duos
2585 4022 2758 4092 pullos
2783 4027 3336 4110 columbarum,Legis
3351 4057 3465 4098 me-

1888 4097 2203 4156 ditationem
2231 4143 2246 4168 ,
2275 4111 2890 4186 contemplationemque
2919 4161 2934 4183 ,
2961 4131 3014 4176 et
3041 4127 3324 4184 scientiam
3349 4132 3464 4190 sive

1885 4279 2136 4335 animalia
2165 4284 2590 4344 demonstratum
2629 4304 2747 4360 est;
2779 4301 2904 4366 quia
2932 4311 3110 4359 autent
3137 4309 3463 4380 negligentia

1882 4367 2016 4437 legis
2048 4371 2440 4431 immunditiam
2473 4381 2779 4440 hominibus
2813 4387 3146 4460 introduxit,
3179 4367 3460 4460 meditatio

1881 4467 1936 4512 et
1969 4461 2213 4527 scientia,
2235 4479 2333 4534 per
2357 4482 2517 4536 quam
2549 4473 2836 4532 manifeste
2863 4484 3129 4539 correctio
3158 4493 3408 4556 provenit
3439 4534 3457 4562 ,

1883 4549 2144 4605 mundare
2174 4551 2514 4626 liberarequc
2544 4576 2642 4616 nos
2665 4564 2731 4618 ab
2764 4565 2911 4622 illata
2941 4549 3338 4646 pridem-poena
3361 4549 3459 4652 po:

1880 4641 2007 4694 terit
2031 4642 2084 4696 in
2115 4641 2332 4700 Christo
2357 4647 2484 4704 Jesu
2514 4651 2740 4710 Domino
2773 4641 2976 4717 nostro.
3011 4665 3155 4738 Ergo
3180 4641 3455 4733 Dominus

1875 4740 2073 4788 nostra:
2109 4749 2208 4803 per
2239 4739 2420 4794 omnia
2465 4758 2676 4800 memor
2714 4749 2906 4807 salutis
2937 4771 3043 4810 non
3075 4759 3246 4816 solum
3289 4765 3454 4825 homo

1873 4825 1989 4881 ﬁeri
2033 4843 2156 4883 cum
2187 4829 2328 4886 Deus
2362 4843 2528 4901 esset,
2563 4840 2656 4893 sed
2702 4842 2867 4898 etiam
2915 4863 3036 4902 cum
3078 4851 3230 4909 dives
3258 4867 3400 4915 esset
3431 4902 3448 4928 ,

1868 4931 2073 4985 pauper
2104 4917 2221 4974 ﬁeri
2251 4921 2504 4992 dignatus
2544 4935 2628 4980 est
2651 4945 2749 4997 pro
2777 4932 2930 4988 nobis
2951 4976 2966 5001 ,
2991 4945 3051 4992 ut
3076 4955 3174 4996 nos
3199 4959 3296 4998 sua
3323 4917 3453 5016 pan:-

1869 5014 2078 5073 pertate
2100 5008 2258 5062 simul
2285 5020 2338 5065 et
2361 5013 2718 5085 humanitate,
2735 5021 3044 5081 divitiarum
3071 5039 3124 5084 et
3145 5008 3449 5094 divinitatis

1869 5112 1981 5152 sua:
2009 5099 2235 5156 donaret
2269 5118 2386 5158 esse
2410 5107 2719 5178 participes.
2751 5112 2858 5168 Sed
2887 5115 3018 5173 libet
3050 5123 3324 5195 paulisper
3363 5128 3447 5182 in-

1867 5197 2006 5250 tueri
2036 5213 2131 5251 cur
2173 5200 2254 5254 lue
2285 5203 2518 5258 maxime
2557 5206 2804 5265 volucres
2853 5212 2906 5266 in
2957 5215 3187 5273 hostiam
3228 5220 3440 5277 Domini

1859 5283 2178 5353 juberentur
2203 5290 2384 5346 olTerri
2409 5309 2423 5357 ;
2450 5310 2570 5348 nam
2591 5304 2647 5350 et
2666 5297 2938 5357 Abraham
2958 5308 3265 5374 patriarcha
3288 5319 3438 5366 tanto

1864 5385 1992 5431 ante
2038 5377 2208 5447 legem
2259 5390 2532 5450 tempore,
2567 5385 2666 5440 has
2719 5389 2770 5443 in
2819 5391 3190 5452 holocaustum
3225 5396 3440 5455 Domini

1865 5463 2058 5534 legitur
2082 5465 2360 5532 obtulisse,
2385 5482 2437 5523 et
2468 5471 2522 5524 in
2567 5473 2839 5546 plerisque
2879 5479 3012 5550 legis
3053 5483 3388 5540 caaremoniis
3416 5525 3434 5552 ,

1860 5557 1951 5625 qui
1983 5559 2323 5615 mandandus
2357 5571 2534 5627 esset,
2591 5582 2688 5635 per
2727 5569 2824 5622 bas
2843 5570 3136 5638 jubebatur
3160 5574 3434 5634 mundari.

1859 5644 2113 5698 Columba
2143 5662 2272 5715 ergo
2303 5649 2700 5718 simplicitatem
2723 5693 2738 5718 ,
2785 5661 2962 5709 turtur
2990 5657 3191 5714 indicat
3210 5662 3434 5720 castita-

1859 5743 2007 5786 tem:
2047 5735 2170 5803 quia
2221 5745 2276 5789 ct
2318 5737 2562 5792 columba
2634 5741 3025 5810 simplicitatis,
3072 5757 3126 5801 et
3164 5752 3431 5810 castitatis

1859 5832 2034 5877 turtur
2069 5833 2279 5878 amator
2317 5838 2424 5888 est,
2469 5827 2541 5880 ita
2580 5837 2635 5882 ut
2679 5831 2722 5884 si
2767 5829 3050 5900 coajugcm
3090 5853 3217 5895 casu
3249 5846 3426 5913 pcrdi-
