3956 6176
490 482 588 537 δτι

1128 479 1187 532 Β.
1230 476 1480 531 ΗΑΒᾹΝΙ
1522 476 1737 531 MAURI
1776 474 2069 529 ARCHIEP

2171 472 2448 529 IOGL‘NT.
2492 471 2777 527 OPERL'M
2816 470 2995 525 PARS
3034 470 3075 523 1.

3627 473 3729 527 572

489 594 667 655 derit,
709 606 814 645 non
843 590 1008 644 alium
1038 588 1175 643 ultra
1213 603 1456 658 qurerere
1498 597 1670 643 curet.
1725 586 1878 642 Unde
1910 596 1962 641 et
2005 588 2057 640 in
2089 588 2136 647 Α
2167 594 2342 638 turtur
2378 584 2646 652 solivagus
2673 625 2687 647 ,
2717 582 2968 637 columba
2998 591 3177 637 autem
3211 582 3473 652 gregatim
3515 595 3731 652 gemere

488 682 738 738 laudibus
769 679 1023 735 Ecclesiae
1054 680 1291 749 loquitur
1317 681 1575 734 Dominus
1604 698 1616 733 :
1664 678 1908 733 Pulchra:
1937 688 2058 734 sunt

487 788 634 842 gente
662 783 767 825 tua:
789 770 922 824 sicut
963 770 1213 834 turturis;
1243 777 1296 824 et
1322 768 1514 823 iterum
1543 788 1555 822 :
1589 769 1724 822 Ecce
1754 779 1809 821 tu
1840 768 2058 839 pulchra

493 876 566 924 es,
594 860 764 914 amica
798 876 914 913 mea
939 900 956 925 ,
1005 875 1122 913 ecce
1149 868 1204 911 tu
1238 858 1458 928 pulchra
1483 876 1534 911 es
1555 899 1571 923 ,
1602 859 1739 911 oculi
1764 858 1841 910 tui
1868 858 2061 910 colum-

491 950 673 1004 barum
706 947 879 1018 (Cant.
909 948 948 1019 ι)
974 966 988 1012 ;
1014 964 1179 1019 genas
1198 949 1395 1018 quippe
1418 957 1474 1001 ut
1508 948 1731 1001 turturis
1758 946 1919 1000 habet
1943 948 2058 999 ani‘

491 1055 581 1095 ma
597 1056 715 1111 quae.
730 1043 796 1095 ab
812 1041 958 1095 omni
982 1041 1328 1110 impudicitia:
1350 1048 1498 1109 peste
1519 1047 1724 1093 castam
1750 1054 1807 1092 se
1829 1038 2064 1092 custodit

491 1140 548 1186 et
573 1131 895 1195 immunem;
926 1131 1112 1185 oculos
1140 1131 1300 1185 habet
1331 1129 1724 1191 columbarum,
1755 1144 1894 1197 quae,
1932 1126 2060 1180 nulli

489 1234 686 1276 nocere
715 1221 1027 1277 desiderans
1052 1261 1065 1285 ,
1107 1221 1269 1275 etiam
1315 1220 1559 1273 inimicos
1606 1218 1836 1287 simplici
1878 1232 2064 1271 amore

489 1319 797 1365 contuetur.
850 1309 956 1364 Sed
983 1319 1035 1364 et
1061 1318 1286 1378 utraque
1322 1308 1438 1361 avis
1472 1316 1769 1362 memorata
1790 1348 1804 1369 ,
1829 1306 1953 1375 quia
1975 1321 2066 1376 ge-

489 1402 681 1457 mitum
714 1418 811 1471 pro
841 1409 1000 1455 cantu
1023 1400 1185 1454 edere
1216 1398 1372 1463 solet,
1403 1407 1716 1452 sanctorum
1750 1396 1803 1449 in
1838 1397 1941 1450 hoc
1964 1410 2064 1449 sa:-

491 1492 613 1548 culo
644 1492 919 1546 tristitiam
950 1491 1216 1562 designat,
1232 1490 1296 1544 de
1318 1504 1424 1559 qua
1455 1487 1714 1542 Dominus
1736 1494 2067 1541 memoratur

492 1582 720 1637 dicens:
759 1582 921 1635 Amen
962 1598 1115 1634 amen
1162 1581 1278 1650 dico
1323 1579 1499 1642 vobis,
1539 1578 1663 1648 quia
1700 1575 1973 1647 plorabitis
2017 1585 2066 1629 et

491 1673 682 1745 ﬂebitis
711 1689 817 1740 vos,
850 1672 1077 1726 mundus
1105 1680 1278 1724 autem
1303 1668 1585 1739 gaudebit;
1609 1684 1695 1721 vos
1727 1676 1900 1720 autem
1943 1682 2067 1719 con-

493 1763 859 1828 tristabimini,
898 1763 989 1817 sed
1024 1762 1240 1815 tristitia
1276 1769 1445 1814 vestra
1471 1766 1695 1812 vertetur
1718 1757 1771 1811 in
1815 1756 2067 1826 gaudium

493 1850 677 1925 (Joan.
714 1856 859 1923 xw);
888 1862 942 1905 et
965 1867 1150 1905 rursus
1187 1868 1200 1903 :
1230 1849 1381 1903 Beati
1407 1847 1662 1918 lugentes,
1690 1844 1937 1916 quoniam
1967 1844 2068 1913 ipsi

2161 675 2437 729 consuevit
2455 692 2468 739 ;
2486 682 2540 728 et
2563 674 2633 729 ob
2655 674 2705 728 id
2729 674 2832 727 ista
2854 682 3091 727 secretas
3113 673 3418 727 orationum
3443 671 3734 745 lacrymas,

2162 767 2251 821 illa
2293 766 2534 836 publicos
2561 765 2812 820 Ecclesia:
2857 772 3154 819 conventus
3185 764 3439 817 insinuat.
3471 764 3615 819 Bene
3638 780 3735 818 au-

2163 862 2267 908 tem
2310 870 2444 923 puer
2487 854 2643 908 Jesus
2684 855 2856 923 primo
2900 853 3307 908 circumciditur
3331 893 3346 915 ,
3374 868 3439 907 ac
3466 852 3545 907 sic
3570 853 3740 908 inter-

2160 942 2351 1011 positis
2379 942 2569 996 diehus
2599 942 3024 1011 Hierosolymam
3054 956 3176 995 cum
3226 942 3405 995 hostia
3456 940 3691 995 defertur
3723 981 3739 1003 ,

2162 1032 2285 1101 quia
2327 1038 2381 1085 et
2425 1032 2538 1100 ipse
2564 1031 2677 1101 jam
2714 1029 2931 1098 juvenis
2963 1031 3113 1100 prius
3152 1045 3367 1084 omnem
3409 1031 3592 1084 carnis
3619 1045 3736 1085 coro

2164 1124 2465 1193 ruptionem
2519 1124 2801 1177 moriendo
2852 1138 2917 1177 ac
2980 1122 3312 1193 resurgendo
3362 1123 3621 1190 calcavit;
3679 1140 3743 1179 ac

2163 1213 2356 1267 deinde
2392 1214 2724 1282 interpositis
2772 1214 2960 1268 diebus
2986 1229 3110 1268 cum
3144 1214 3258 1283 ipsa
3291 1229 3455 1268 carne
3504 1214 3617 1284 jam
3649 1215 3760 1269 itu-

2165 1301 2416 1366 mortali,
2469 1317 2628 1371 quam
2679 1318 2778 1372 pro
2819 1313 2999 1356 nostra
3045 1302 3217 1357 salute
3255 1302 3490 1357 hostiam
3528 1303 3640 1358 Deo
3670 1303 3746 1357 fe-

2166 1400 2337 1457 cerat,
2354 1392 2420 1446 ad
2443 1393 2635 1463 gaudia
2666 1408 2913 1463 superna!
2935 1394 3171 1448 civitatis
3197 1394 3461 1449 ascendit.
3487 1394 3553 1449 Et
3579 1411 3747 1449 unus-

2165 1484 2392 1553 quisque
2440 1493 2685 1539 nostrum
2729 1485 2879 1554 prius
2927 1501 3065 1555 aqua
3120 1485 3373 1555 baptismi
3427 1502 3456 1540 a
3507 1490 3749 1559 peccatis

2166 1574 2416 1629 omnibus
2442 1615 2455 1639 ,
2492 1575 2649 1644 quasi
2694 1590 2821 1629 vera
2870 1576 3281 1630 circumcisione
3330 1586 3637 1645 purgatur,
3688 1594 3751 1634 ac

2166 1666 2247 1719 sic
2273 1666 2587 1736 proficiente
2616 1668 2788 1737 gratia
2818 1683 2967 1722 nova:
2998 1669 3161 1733 lueis,
3195 1670 3263 1723 ad
3297 1670 3467 1725 altare
3496 1682 3748 1727 sanctum

2168 1755 2391 1811 salutari
2426 1757 2602 1811 hostia
2648 1757 2857 1812 Domini
2891 1760 3135 1829 corporis
3160 1768 3215 1813 et
3254 1762 3531 1831 sanguinis
3557 1777 3751 1819 consc-

2168 1846 2403 1901 crandus
2428 1846 2744 1919 ingreditur,
2768 1862 2892 1902 nam
2922 1856 2976 1903 et
3007 1851 3119 1918 ipsa
3149 1851 3493 1921 singulariter
3518 1853 3750 1922 simplex

492 1944 904 1999 consolabuntur
930 1942 1147 2014 (Matth.
1182 1940 1256 2013 v).
1289 1940 1478 1994 Merito
1503 1953 1632 2009 ergo
1665 1944 1841 1991 turtur
1878 1944 1934 1989 et
1978 1950 2067 1988 σοι
2095 1952 2141 2009 Β
2168 1948 2224 1995 et
2251 1950 2400 1995 casta
2433 1940 2601 1994 nostri
2629 1939 2925 1995 Salvatoris
2950 1941 3275 2005 humanitas,
3306 1957 3428 2012 qum
3459 1942 3643 1998 oblata
3673 1953 3752 2000 est

492 2032 673 2089 lumha
713 2035 940 2090 Domino
970 2033 1270 2089 offeruntur
1295 2032 1347 2085 in
1376 2030 1632 2095 hostiam,
1661 2028 1786 2097 quia
1813 2026 2065 2081 nimirum

494 2125 720 2195 simplex
755 2134 811 2181 et
860 2126 1051 2196 pudica
1090 2124 1325 2179 ﬁdelium
1369 2121 1705 2176 conversatio
1743 2126 1954 2189 gratum
1986 2123 2069 2169 est

494 2214 571 2269 illi
615 2216 938 2271 sacriﬁcium
972 2213 1234 2283 justitite;
1266 2213 1390 2283 quia
1419 2212 1510 2281 qui
1538 2209 1747 2264 laborat
1785 2209 1838 2262 in
1867 2208 2068 2275 gemitu

494 2319 613 2370 suo,
655 2306 746 2375 qui
790 2305 1045 2375 lacrymis
1087 2303 1199 2359 suis
1232 2310 1461 2357 stratum
1497 2314 1655 2355 suum
1695 2297 1933 2368 singulas
1972 2311 2068 2364 per

496 2402 683 2447 noctes
713 2393 899 2457 abluit,
936 2393 1367 2462 acceptissimam
1398 2405 1618 2461 prorsus
1652 2389 1761 2442 Deo
1788 2388 2063 2441 victimam

496 2492 722 2535 mactat.
772 2482 906 2537 Cum
949 2497 1079 2536 vero
1122 2490 1350 2549 utraque
1389 2480 1503 2533 avis
1549 2479 1622 2532 ita
1681 2486 1901 2547 pr0pter
1939 2492 2069 2530 con-

500 2572 837 2625 suetudinem
875 2570 1119 2640 gemendi
1146 2578 1442 2639 praesentes
1470 2577 1780 2622 sanctorum
1812 2565 1985 2620 luctus
2014 2573 2069 2620 et

499 2658 764 2713 desideria
792 2675 1020 2732 superna
1049 2652 1312 2729 designet,
1330 2659 1429 2711 hoc
1453 2666 1628 2710 tamen
1653 2654 1905 2710 diﬁ'erunt
1927 2658 2068 2724 quod

516 2835 675 2846 .—-—-—

2169 2032 2317 2086 Patri
2347 2047 2443 2102 pro
2488 2032 2644 2088 nobis
2672 2074 2686 2097 ,
2720 2048 2826 2086 non
2866 2033 3159 2102 incongrue.
3197 2049 3294 2102 per
3322 2034 3752 2091 immolationem

2170 2122 2452 2187 columbae,
2489 2123 2601 2177 sive
2640 2122 2890 2187 turturis,
2939 2132 3118 2193 potest
3160 2123 3457 2195 ﬁguraliter
3489 2128 3749 2196 exprimi.

2170 2211 2276 2266 Sed
2302 2220 2357 2266 et
2383 2212 2560 2266 omnis
2589 2212 2642 2265 in
2666 2210 2772 2266 ﬁne
2794 2212 2977 2267 mundi
3006 2212 3245 2267 Ecclesia
3272 2215 3446 2283 primo
3476 2219 3753 2272 communi

2171 2301 2571 2355 resurrectione
2606 2308 2857 2356 cunctam
2911 2310 3143 2357 terrena:
3195 2304 3369 2358 labem
3400 2305 3755 2361 mortalitatis

2170 2395 2224 2442 et
2256 2389 2616 2457 corruptionis
2660 2398 2845 2453 exuet,
2875 2404 2939 2444 ac
2966 2391 3219 2460 deinceps
3261 2392 3312 2446 in
3365 2408 3592 2463 regnum
3648 2408 3756 2449 cm-

2170 2477 2323 2532 lestis
2355 2478 2689 2534 Hierusalem
2726 2480 2990 2535 bonorum
3016 2482 3248 2538 victimis
3269 2498 3492 2552 operum
3523 2482 3755 2539 Domino

2174 2573 2546 2626 commendata
2576 2572 2919 2627 transfertur.

1674 2946 1969 3023 LIBER
2043 2944 2544 3038 QUARTUS.

1000 3189 1226 3246 CAPUT
1266 3186 1555 3243 PRIMUM.

507 3283 583 3338 De
603 3281 816 3335 diversis
846 3278 1105 3333 coloribus
1148 3277 1339 3331 obortis
1381 3276 1436 3329 in
1474 3291 1632 3330 carne
1659 3274 1883 3328 hominis
1920 3283 1969 3327 et
2004 3273 2069 3327 de

1116 3345 1271 3416 plaga
1297 3345 1472 3416 leprw.

577 3462 790 3536 (strr.
821 3460 964 3531 xm.)
994 3459 1220 3513 Locutus
1263 3469 1337 3512 est
1378 3457 1633 3511 Dominus
1668 3456 1737 3509 ad
1769 3455 1985 3525 Moysen
2023 3465 2071 3509 et

508 3558 685 3611 Aaron
733 3554 910 3608 dicens
940 3568 958 3605 :
991 3551 1161 3606 Homo
1192 3551 1246 3604 in
1276 3550 1428 3620 cujus
1481 3564 1638 3602 carne
1677 3557 1724 3600 et
1777 3558 1892 3601 cute
1926 3555 2071 3600 ortus

505 3647 662 3719 fuerit
700 3646 933 3701 diversus
976 3642 1120 3697 color
1159 3642 1263 3695 sive
1301 3638 1536 3710 pustula,
1584 3647 1674 3691 aut
1704 3637 1854 3708 quasi
1895 3636 2072 3689 lucens

503 3737 766 3807 quippiam
790 3776 804 3799 ,
856 3734 911 3788 id
956 3742 1031 3787 est
1051 3774 1065 3798 ,
1091 3731 1245 3802 plaga
1273 3731 1451 3801 lepra',
1480 3729 1771 3782 adducetur
1794 3726 1862 3780 ad
1893 3726 2071 3780 Aaron

504 3826 823 3880 sacerdotem
847 3823 924 3877 vel
953 3824 1021 3876 ad
1051 3839 1211 3876 unum
1239 3820 1514 3891 quemlibet
1538 3819 1769 3887 filiorum
1799 3818 1932 3887 ejus.
1970 3816 2073 3882 Qui

504 3932 624 3969 eum
652 3915 838 3969 viderit
860 3914 1056 3982 lepram
1085 3912 1138 3965 in
1164 3921 1301 3975 cute,
1324 3921 1371 3963 et
1399 3910 1532 3979 pilos
1559 3912 1614 3963 in
1638 3908 1815 3963 album
1846 3918 2072 3962 mutatos

505 4002 750 4066 colorem,
787 4002 1053 4072 ipsamque
1088 4000 1309 4070 speciem
1346 3997 1503 4069 lepra:
1526 3998 1855 4051 humiliorem
1889 4008 2005 4051 cute
2025 4009 2073 4052 et

507 4109 666 4147 carne
690 4092 910 4163 reliqua,
940 4091 1095 4162 plaga
1125 4089 1282 4160 lepra:
1303 4100 1397 4144 est.
1426 4089 1504 4143 Ad
1526 4090 1799 4143 arbitrium
1839 4090 1953 4159 ejus
1992 4107 2074 4144 se-

505 4183 795 4255 parabitur.
837 4181 939 4236 Sin
964 4192 1137 4235 autent
1172 4181 1351 4235 lucens
1396 4181 1553 4251 fuerit
1592 4181 1790 4235 candor
1818 4182 1873 4235 in
1913 4194 2028 4235 cute
2054 4222 2067 4245 ,

508 4286 601 4325 nec
633 4271 881 4325 humilior
908 4287 1071 4326 carne
1113 4270 1311 4342 reliqua
1335 4312 1350 4336 ,
1381 4281 1428 4325 et
1478 4270 1572 4340 pili
1609 4270 1801 4325 coloris
1824 4271 2030 4343 pristini
2057 4312 2072 4337 ,

506 4362 730 4416 recludet
781 4379 897 4417 eum
945 4362 1187 4417 sacerdos
1220 4372 1412 4431 septem
1446 4363 1623 4417 diebus
1650 4372 1698 4417 et
1729 4362 2072 4417 considerabit

506 4453 589 4505 die
623 4456 838 4522 septimo
861 4468 881 4505 :
903 4463 953 4507 et
971 4455 1227 4524 siquidem
1253 4455 1397 4524 lepra
1428 4454 1563 4507 ultra
1598 4472 1701 4508 non
1724 4455 1952 4518 creverit,
1983 4472 2074 4508 nec

2093 3190 2137 3249 C
2168 3185 2419 3256 quidquid
2478 3188 2573 3241 sub
2634 3199 2848 3259 aspectu
2896 3190 3164 3246 oculorum
3204 3195 3365 3259 cadit,
3395 3199 3756 3255 considerabit

2170 3291 2288 3328 eum
2311 3277 2555 3331 sacerdos
2573 3288 2621 3331 et
2644 3280 2808 3332 teneri
2831 3278 2975 3349 lepra
3000 3281 3342 3336 mundissima
3354 3284 3633 3354 judicabit
3656 3330 3671 3354 ,
3697 3308 3753 3344 eo

2170 3364 2310 3434 quod
2348 3366 2515 3420 omnis
2553 3367 2609 3421 in
2646 3368 2925 3422 candorem
2958 3387 3106 3424 versa
3135 3372 3225 3438 sit,
3268 3382 3316 3426 et
3359 3374 3557 3430 idcirco
3601 3379 3755 3434 homo

2175 3456 2401 3510 mundus
2432 3459 2551 3510 erit.
2606 3457 2831 3523 Quando
2869 3477 2986 3515 vero
3032 3479 3154 3516 caro
3199 3465 3368 3519 vivens
3407 3468 3461 3519 in
3495 3484 3556 3521 eo
3597 3488 3755 3541 appa-

2174 3548 2358 3611 ruerit,
2386 3556 2509 3601 tunc
2536 3548 2823 3603 sacerdotis
2840 3549 3044 3619 judicio
3073 3552 3336 3621 polluetur
3358 3596 3373 3620 ,
3415 3566 3463 3611 et
3492 3559 3639 3614 inter
3661 3562 3756 3614 im-

2173 3639 2395 3697 mundos
2423 3641 2776 3711 reputabitur;
2807 3659 2929 3696 caro
2958 3645 3094 3698 enim
3129 3646 3240 3701 viva
3266 3648 3313 3700 si
3337 3647 3483 3718 lepra
3504 3667 3754 3723 asperga-

2174 3738 2276 3790 tur,
2308 3727 2580 3782 immunda
2627 3740 2723 3783 est.
2780 3730 2931 3795 Quod
2985 3732 3032 3786 si
3090 3749 3297 3787 rursum
3335 3752 3483 3790 versa
3508 3738 3677 3806 fuerit
3700 3740 3754 3794 in

2174 3819 2420 3881 alborem,
2453 3830 2502 3873 et
2553 3830 2718 3875 totum
2763 3823 3022 3877 hominem
3067 3827 3345 3895 operuerit,
3397 3830 3753 3884 considerabit

2173 3925 2291 3962 eum
2319 3910 2584 3976 sacerdos,
2632 3920 2679 3964 et
2713 3911 3039 3966 immundum
3068 3929 3178 3968 esse
3203 3913 3462 3970 decernet.
3494 3916 3611 3989 (Ea:
3642 3918 3750 3973 Hc-

2174 4000 2399 4069 sychio.)
2430 3999 2677 4055 Ostendit
2706 4016 2885 4056 sermo
2911 4016 2978 4057 ex
3009 4012 3164 4072 parte
3191 4005 3406 4074 quidem
3450 4006 3748 4077 leprosum,

2172 4090 2413 4145 Judaeum
2442 4092 2719 4162 populum,
2751 4101 2812 4147 ut
2845 4102 2971 4164 pote
3012 4096 3067 4150 in
3110 4105 3264 4166 parte
3292 4105 3747 4168 transgressorem

2174 4182 2330 4251 legis,
2381 4191 2603 4252 propter
2635 4186 2778 4253 quod
2836 4201 2961 4240 eum
3017 4188 3277 4242 sacerdos
3311 4196 3371 4244 ut
3410 4189 3751 4247 immundum

2174 4272 2421 4340 expellit;
2458 4281 2569 4327 toto
2595 4283 2774 4328 autem
2825 4290 3052 4345 corpore
3096 4277 3367 4347 leprosum
3397 4319 3413 4343 ,
3447 4280 3707 4351 gentilem
3733 4320 3747 4344 ,

2175 4362 2264 4432 qui
2322 4370 2486 4418 totam
2523 4365 2915 4433 transgreditur
2961 4365 3163 4437 legem,
3195 4377 3569 4424 verumtamen
3598 4385 3753 4425 mun-

2176 4452 2302 4505 dum
2330 4467 2455 4506 eum
2491 4454 2744 4508 sacerdos
2772 4453 2979 4522 iudicat
3007 4496 3021 4519 ,
3072 4465 3131 4510 ut
3175 4458 3265 4526 qui
3319 4457 3571 4514 videlicet
3621 4460 3751 4528 legis

507 4541 771 4593 transierit
799 4542 855 4593 in
884 4551 1000 4594 cute
1036 4542 1235 4621 priores
1278 4544 1525 4596 terminos
1551 4582 1566 4606 ,
1614 4559 1793 4596 rursus
1846 4543 2071 4596 includet
2099 4530 2299 4610 Djugo
2330 4541 2603 4611 subjectus
2640 4557 2747 4596 non
2790 4542 2912 4597 fuit.
2957 4544 3179 4614 Oportet
3209 4555 3409 4609 autem,
3453 4554 3513 4600 ut
3567 4555 3748 4602 tamen

510 4643 627 4679 eum
678 4639 869 4697 septem
912 4630 1091 4683 diebus
1133 4630 1274 4693 aliis,
1317 4640 1365 4683 et
1394 4631 1479 4683 die
1506 4632 1718 4699 septimo
1757 4632 2075 4700 contempla-

509 4715 650 4767 bitur
671 4730 689 4766 :
710 4718 754 4769 si
777 4718 1044 4770 obscurior
1070 4718 1227 4786 fuerit
1257 4717 1399 4786 lepra
1420 4728 1467 4769 et
1494 4736 1596 4771 non
1621 4720 1833 4772 creverit
1861 4719 1911 4771 in
1936 4730 2072 4783 cute,

509 4806 775 4860 mundabit
820 4825 957 4870 eum,
1007 4811 1129 4879 quia
1200 4808 1394 4860 scabies
1443 4818 1516 4860 est
1541 4821 1557 4857 :
1593 4807 1883 4878 locabitque
1921 4808 2073 4861 homo

508 4904 807 4957 vestimenta
833 4920 950 4967 sua,
981 4914 1026 4957 et
1060 4904 1283 4957 mundus
1311 4904 1427 4956 erit.
1474 4902 1625 4966 Quod
1671 4903 1716 4955 si
1741 4913 2012 4973 postquam
2042 4923 2073 4956 a

507 4991 774 5045 sacerdote
802 4993 942 5046 visus
971 5002 1068 5057 est,
1102 4992 1333 5045 redditus
1369 4992 1639 5045 munditia:
1664 5032 1678 5057 ,
1713 4991 1900 5045 iterum
1932 4991 2073 5061 lepra

507 5082 741 5148 creverit,
794 5082 1085 5136 adducetur
1112 5083 1179 5136 ad
1208 5098 1350 5148 eum,
1380 5091 1426 5136 et
1466 5083 1808 5136 immunditite
1834 5084 2074 5136 condent-

509 5170 736 5225 nubitur.
768 5171 937 5241 Plaga
964 5172 1121 5241 lepra:
1147 5175 1191 5227 si
1221 5172 1375 5243 fuerit
1409 5174 1466 5226 in
1511 5173 1747 5236 homine,
1785 5173 2076 5227 adducetur

509 5263 579 5317 ad
610 5263 953 5328 sacerdotem,
995 5274 1045 5317 et
1088 5263 1272 5318 videbit
1321 5281 1459 5317 eum.
1501 5261 1728 5333 Cumque
1755 5263 1897 5317 color
1925 5264 2073 5317 albus

507 5355 564 5407 in
590 5362 703 5407 cute
730 5353 887 5422 fuerit
912 5392 925 5415 ,
958 5363 1007 5405 et
1037 5351 1345 5422 capillorum
1380 5352 1594 5405 mutarit
1632 5363 1933 5422 aspectum,
1961 5353 2073 5419 ipsa

504 5446 708 5513 quoque
732 5459 854 5497 caro
880 5442 990 5495 viva
1017 5443 1344 5511 apparuerit,
1381 5442 1525 5511 lepra
1562 5442 1902 5496 vetustissima
1925 5442 2074 5511 judi-

506 5532 713 5604 cabitur
741 5542 893 5603 atque
937 5533 1121 5585 inolita
1164 5533 1291 5585 cuti.
1334 5529 1718 5586 Coutaminabit
1759 5534 1931 5602 itaque
1958 5550 2073 5585 eum

502 5619 748 5673 sacerdos
783 5631 830 5673 et
860 5635 962 5674 non
994 5618 1248 5683 recludet,
1288 5621 1413 5689 quia
1448 5620 1714 5690 perspicue
1742 5620 2074 5673 immunditia

503 5715 601 5759 est.
636 5708 732 5761 Sin
764 5721 935 5764 autem
962 5711 1238 5782 eﬂloruerit
1267 5710 1563 5765 discurrens
1586 5710 1730 5780 lepra
1759 5712 1814 5763 in
1844 5721 1960 5764 cute
1986 5751 2001 5774 ,
2026 5720 2072 5765 et

516 5796 772 5855 operuerit
809 5813 1007 5852 onmem
1052 5810 1220 5853 cutem
1272 5816 1305 5852 (ι
1355 5800 1520 5867 capite
1568 5817 1727 5870 usque
1763 5799 1831 5852 ad
1873 5800 2024 5868 pedes
2055 5841 2068 5865 ,

2178 4630 2414 4685 arbitror
2436 4672 2449 4695 ,
2482 4632 2633 4701 prius
2661 4632 2855 4686 littera:
2897 4633 3184 4690 decurrere
3218 4636 3640 4705 expositionem,
3672 4638 3750 4691 sic

2175 4719 2318 4773 enim
2352 4721 2643 4790 spiritalem
2677 4721 3003 4778 intellectum
3044 4725 3188 4779 ultro
3217 4726 3571 4794 semetipsum
3606 4727 3755 4799 inge-

2177 4817 2384 4863 rentem
2419 4810 2767 4878 reperiemus,
2799 4811 3082 4866 deﬁciente
3107 4813 3253 4867 circa
3273 4829 3467 4869 causas
3490 4823 3551 4869 et
3580 4830 3753 4885 usque

2176 4897 2242 4951 ad
2280 4897 2438 4950 ﬁnem
2470 4913 2684 4952 sensum
2711 4915 2865 4953 suum
2892 4916 3114 4955 exerere
3150 4918 3256 4957 non
3281 4903 3495 4958 valente
3519 4904 3708 4960 littera
3735 4944 3751 4969 ,

2176 4986 2316 5041 sicut
2351 4987 2403 5039 in
2452 4989 2700 5055 prtesenti
2756 4991 3150 5057 cognoscimus.
3206 4992 3311 5047 Sed
3348 4993 3590 5061 primum
3631 4995 3752 5065 quis

2175 5083 2257 5128 est
2285 5075 2376 5143 qui
2408 5075 2575 5144 legem
2607 5074 2779 5142 ferat,
2819 5088 2875 5132 et
2903 5081 2971 5134 ad
3018 5095 3177 5148 quem
3218 5081 3458 5150 proferat
3500 5085 3756 5140 attenda-

2177 5178 2340 5215 mus:
2387 5161 2615 5218 Locutus
2661 5176 2735 5219 est
2782 5166 3039 5222 Dominus
3082 5170 3151 5223 ad
3195 5172 3411 5239 Moysen
3451 5181 3499 5224 et
3546 5172 3751 5226 Aaron.

2176 5254 2398 5318 Quando
2439 5254 2673 5324 loquitur
2712 5258 2887 5323 Deus,
2919 5260 3113 5329 duplex
3156 5272 3241 5316 est
3287 5262 3461 5317 ﬁdelis
3482 5266 3712 5318 auditus
3737 5305 3752 5325 ,

2175 5355 2314 5398 szcut
2344 5345 2510 5400 David
2548 5349 2803 5417 propheta
2855 5350 2930 5403 ait
2964 5369 2975 5403 :
3009 5351 3182 5405 Semel
3221 5352 3423 5407 locutus
3472 5365 3553 5407 est
3589 5355 3752 5416 Deus,

2174 5435 2278 5487 duo
2307 5437 2417 5489 hwc
2456 5439 2632 5491 audivi
2676 5438 2845 5509 (Psal.
2894 5441 3004 5511 ut)
3031 5481 3044 5504 ,
3102 5442 3335 5496 litteram
3390 5443 3654 5498 videlicet
3703 5455 3757 5497 et

2176 5526 2441 5593 spiritum.
2473 5528 2612 5598 Ergo
2642 5516 2885 5598 spiritus,
2933 5540 2986 5584 ut
3038 5531 3356 5596 sublimiori,
3401 5532 3620 5602 Moysi;
3670 5535 3760 5586 li;-

2176 5628 2290 5673 tera
2317 5626 2519 5683 autem,
2552 5628 2610 5674 ut
2634 5621 2893 5690 subjecto,
2924 5622 3104 5677 Aaron
3139 5623 3413 5693 loquitur:
3442 5624 3580 5691 quia
3607 5627 3758 5677 enim

2175 5710 2417 5765 sublimis
2465 5720 2581 5765 erat
2612 5712 2847 5783 Moyses,
2889 5727 2944 5769 et
2988 5725 3268 5785 propterea
3296 5716 3484 5785 dignus
3525 5716 3763 5783 spiritu.

2176 5800 2418 5857 subditus
2445 5811 2621 5858 autem
2642 5805 2816 5859 Aaron
2844 5814 2898 5861 et
2926 5817 3082 5875 aptus
3110 5808 3310 5864 auditui
3330 5806 3512 5877 populi
3539 5819 3767 5878 egent-4
