3956 6176
208 445 307 501 διδ

1126 432 1626 491 EXPOSITIONES
1662 430 1729 483 IN
1770 426 2167 516 LEVlTlCUbl.
2207 455 2280 467 --
2314 425 2444 479 LIB.
2484 423 2572 478 IV.

3352 425 3417 478 ξ’ιῖ
3430 425 3456 476 ί

208 554 406 613 littera,
438 549 561 618 ipso
589 548 700 602 Deo
722 547 932 601 dicente
957 546 1024 600 de
1042 546 1220 600 Aaron
1251 543 1316 599 ad
1348 545 1591 615 Moysen,
1615 542 1784 606 disce,
1815 545 1865 603 Α
1891 546 2127 601 ventem,
2163 537 2214 591 id
2240 547 2346 601 est,
2377 538 2477 592 sub
2497 535 2745 606 passione
2767 536 2927 603 leprre
2953 552 3055 589 non
3080 538 3458 597 constitutam;

200 641 321 710 Ipse
362 638 613 707 loquetur
664 637 734 688 ad
768 634 1012 704 populum
1057 643 1102 688 et
1132 636 1240 703 ipse
1285 634 1382 687 erit
1419 648 1475 686 os
1515 645 1702 697 tuum;
1729 642 1787 685 tu

205 742 382 786 autem
409 731 458 783 ei
478 729 586 782 eris
615 730 671 781 in
692 727 773 779 Itis
788 743 906 796 qua:
928 730 996 779 ad
1016 726 1178 781 Deum
1200 727 1454 797 pertinent
1472 724 1667 796 (Exod.
1686 723 1783 794 ιν).

203 819 347 888 Ergo
371 817 518 886 quod
538 823 660 870 erat
682 816 813 884 legis
844 816 1132 879 excelsius,
1164 816 1266 870 hoc
1296 815 1363 869 ad
1404 814 1618 884 Moysen
1643 814 1788 868 dice-

203 909 362 962 batur
386 948 403 971 ,
435 908 555 977 ipse
582 907 780 976 quippe
811 907 1044 959 habebat
1070 921 1135 961 ea
1172 920 1293 976 qua:
1320 908 1387 960 ad
1415 906 1582 960 Deum
1620 907 1788 975 perti-

204 1007 345 1062 uent,
377 1001 434 1055 id
459 1007 568 1063 est,
596 1013 663 1053 ea
691 1015 811 1068 qua:
841 1008 966 1052 sunt
991 999 1215 1067 spiritus
1242 1015 1256 1063 ;
1295 999 1437 1066 quod
1460 1007 1640 1052 autem
1667 1006 1788 1052 erat

205 1090 514 1158 subjectum
562 1097 623 1144 et
674 1088 946 1147 humilius,
986 1089 1090 1141 hoc
1118 1088 1185 1141 ad
1220 1087 1400 1141 Aaron
1424 1125 1439 1150 ,
1472 1087 1586 1156 ipse
1641 1088 1784 1142 enim

202 1188 317 1235 erat
348 1179 524 1250 Moysi
553 1193 617 1232 os
657 1179 725 1232 ad
755 1177 1008 1247 populum
1036 1216 1051 1243 ,
1089 1177 1260 1246 legem
1296 1179 1591 1233 secundum
1642 1177 1788 1232 litte-

207 1288 316 1327 ram
360 1270 767 1340 accipientem,
796 1283 959 1338 quam
986 1276 1043 1323 et
1088 1268 1317 1338 primam
1365 1283 1466 1323 nos
1516 1282 1787 1339 exponere

204 1362 579 1431 promisimus.
608 1360 795 1429 Leprze
822 1374 951 1430 ergo
977 1359 1185 1427 species
1215 1370 1311 1413 aut
1338 1359 1499 1413 nimis
1535 1369 1628 1413 aut
1671 1375 1785 1413 mo-

206 1454 388 1506 derate
410 1452 652 1505 obscura
676 1460 761 1505 est
783 1488 798 1513 ,
828 1460 882 1504 et
910 1452 1070 1504 moto
1094 1450 1326 1519 quodam
1351 1449 1670 1504 obumbrata
1689 1489 1704 1514 ,
1733 1460 1787 1504 et

205 1544 418 1598 interim
459 1542 679 1598 occulta
721 1542 820 1596 sub
866 1542 1036 1611 pelle,
1081 1542 1308 1596 necdum
1338 1541 1588 1596 videlicet
1630 1541 1786 1595 effer-

204 1639 456 1687 vescente
492 1631 776 1701 passione;
809 1632 1157 1699 quamobrem
1186 1638 1242 1684 et
1268 1631 1432 1685 nimia
1469 1632 1672 1702 indiget
1692 1633 1787 1687 de-

206 1721 550 1776 liberatione.
580 1719 699 1773 Alia
732 1729 915 1774 autem
946 1720 1153 1788 species
1191 1720 1306 1790 ejus
1334 1728 1435 1785 est,
1473 1737 1593 1791 qua:
1624 1722 1786 1776 nimis

208 1810 344 1865 clara
378 1819 468 1865 est
496 1820 557 1865 et
584 1809 739 1863 valde
764 1810 1042 1879 perspicua
1074 1849 1090 1873 ,
1124 1810 1196 1864 ita
1226 1819 1285 1863 ut
1307 1812 1531 1880 simplex
1559 1812 1630 1866 sit
1668 1810 1786 1879 ejus

1892 626 2044 696 cujus
2064 636 2245 681 autem
2279 627 2357 680 rei
2390 640 2553 681 causa
2574 625 2597 678 ?
2622 641 2747 695 quia
2777 629 2944 695 lepra,
2965 624 3157 693 inquit,
3182 626 3471 686 inveterata

1890 718 2387 773 est.Admirandum
2407 725 2587 772 autem
2611 718 2833 780 esthoc,
2886 716 3213 786 nimiamque
3251 719 3464 790 imperi-

1893 810 2021 863 tiam
2048 808 2132 862 vel
2149 808 2318 879 magis
2334 807 2807 877 reprehensionem
2822 805 2979 877 legali
2996 806 3240 876 ingerens
3254 806 3461 862 litteraa.

1893 901 2048 955 Unde
2076 900 2163 953 eni
2191 919 2220 951 ιι
2253 900 2440 953 debuit
2472 898 2726 953 sanabilis
2748 898 3003 953 arbitrari
3038 898 3240 969 passio,
3268 898 3320 953 id
3341 907 3460 962 est,
3492 937 3497 941 -

1889 1003 1956 1042 ex
2006 988 2126 1040 vivo
2169 1002 2396 1056 corpore
2443 988 2668 1057 vivaque
2719 1003 2916 1054 carne,
2966 987 3074 1042 illic
3120 988 3263 1043 illam
3296 989 3465 1059 magis

1889 1080 2158 1148 desperat,
2190 1079 2500 1148 lcpramque
2530 1078 2886 1133 inveteratam
2916 1078 3049 1133 dicit
3089 1093 3226 1143 esse,
3281 1078 3334 1133 id
3363 1086 3473 1142 est,

1891 1186 1995 1224 non
2030 1170 2351 1233 sanabilem,
2382 1169 2476 1223 sed
2510 1169 2818 1222 diuturnam
2846 1208 2861 1234 ,
2900 1178 2956 1223 et
2994 1169 3148 1239 quasi
3198 1169 3465 1238 passionis

1889 1263 2261 1315 senescentem
2300 1258 2437 1313 loco.
2489 1256 2566 1313 De
2614 1258 2717 1312 hac
2752 1272 2810 1312 re
2858 1274 3047 1313 rursus
3082 1259 3186 1313 hoc
3212 1259 3355 1328 quod
3383 1274 3465 1312 se-

1848 1364 1860 1375 ·
1889 1351 2075 1419 quitur
2092 1350 2336 1404 invenies
2357 1349 2638 1403 obscurius
2656 1366 2669 1401 :
2685 1348 2809 1418 quia
2832 1363 2953 1403 eum
2977 1348 3067 1417 qui
3096 1356 3206 1401 toto
3222 1348 3465 1418 leprosus

1888 1447 1971 1492 est
2017 1453 2244 1507 corpore
2273 1477 2288 1501 ,
2339 1446 2395 1492 et
2423 1452 2453 1490 a
2480 1437 2707 1507 pedibus
2733 1452 2905 1505 usque
2944 1435 3011 1489 ad
3041 1444 3201 1505 caput
3243 1445 3464 1505 opertus

1889 1527 2097 1592 morbo,
2126 1527 2324 1580 munda
2350 1526 2520 1581 teneri
2545 1525 2711 1596 lepra,
2741 1525 2845 1580 hoc
2872 1524 2937 1579 de
2963 1538 3029 1578 eo
3066 1522 3347 1592 judicante
3373 1539 3453 1578 sa.

1887 1615 2126 1679 cerdote,
2150 1616 2292 1681 vult;
2318 1616 2399 1670 sin
2422 1623 2602 1669 autem
2631 1616 2685 1668 in
2707 1629 2772 1669 eo
2794 1615 2970 1670 visum
2991 1613 3153 1669 fuerit
3177 1615 3483 1683 aliquando»

1828 1710 1831 1713 ⁴
1887 1721 2084 1775 corpus
2108 1706 2320 1772 vivens,
2350 1714 2568 1760 revocat
2620 1706 2875 1760 sacerdos
2920 1704 3184 1773 judicium
3224 1719 3380 1759 suum
3413 1715 3467 1759 et

1885 1796 2078 1866 polluit
2122 1811 2245 1849 eum
2275 1813 2287 1847 :
2318 1794 2361 1849 si
2400 1802 2702 1849 remutatus
2749 1793 2914 1849 fuerit
2946 1796 2998 1848 in
3031 1794 3207 1849 album
3227 1835 3243 1860 ,
3273 1802 3327 1849 et
3356 1803 3488 1848 tota.

205 1911 252 1957 et
275 1911 469 1973 apem
502 1872 999 1972 umquam-ms
1046 1902 1274 1971 primum
1327 1872 1559 1971 spe-ciem
1597 1872 1739 1957 ιχξ(
1765 1944 1779 1967 ,
1815 1889 1861 1949 Β
1892 1884 2043 1954 pellis
2069 1885 2136 1940 ad
2161 1884 2467 1953 passione
2494 1884 2656 1954 lepra:
2696 1884 2959 1939 translata
3014 1872 3196 1949 fuerit,
3239 1884 3479 1937 mundat.

206 1995 499 2048 secundum
543 2007 682 2063 quos
724 2007 862 2061 pene
913 2000 1057 2046 totus
1110 1993 1196 2048 hic
1251 2008 1443 2048 sensus
1491 1996 1784 2051 secundum

208 2088 433 2142 litteram
481 2087 773 2156 exponitur
798 2127 813 2152 ,
845 2087 1139 2140 cicatricem
1188 2087 1585 2157 signiﬁcationis
1638 2097 1788 2143 recte

208 2176 618 2247 appellaverunt
638 2216 652 2238 ,
686 2176 737 2229 id
764 2184 877 2239 est,
906 2175 1217 2230 cicatricem
1244 2176 1550 2244 passionem
1579 2177 1787 2248 signiﬁ-

210 2276 439 2322 cantem.
474 2266 536 2319 ln
565 2267 701 2321 duas
726 2275 905 2319 autem
943 2272 1128 2335 partes
1154 2264 1315 2329 hanc,
1343 2265 1395 2319 id
1423 2273 1521 2327 est,
1548 2265 1599 2319 in
1623 2266 1789 2320 nimis

210 2358 561 2415 dubitabilem
589 2366 649 2411 et
676 2358 730 2411 in
764 2356 942 2411 minus
968 2356 1336 2419 dubitandam,
1365 2356 1683 2421 diviserunt,
1717 2373 1784 2411 ex

208 2449 391 2517 quibus
436 2461 606 2499 unam
659 2444 855 2515 telaugi
880 2486 894 2507 ,
946 2444 1107 2499 aliam
1149 2453 1327 2498 autem
1378 2444 1786 2514 appellaverunt

211 2553 459 2607 ergasma
486 2549 506 2587 :
534 2535 730 2604 telaugi
758 2536 975 2604 quidem
994 2574 1009 2599 ,
1034 2550 1154 2604 qua:
1178 2534 1305 2589 licet
1323 2535 1389 2589 de
1411 2534 1568 2606 longe
1596 2536 1782 2590 videa-

212 2636 325 2690 tur;
352 2641 611 2697 angasma
639 2634 817 2679 autem
857 2633 951 2678 aut
996 2624 1159 2679 nimis
1194 2624 1483 2679 obscurum
1519 2633 1618 2687 est,
1656 2640 1782 2694 par-

215 2732 442 2787 vamque
491 2717 646 2770 habet
691 2715 964 2785 passionis
1010 2716 1467 2778 insinuationem,
1524 2721 1579 2768 et
1641 2716 1785 2770 hanc

209 2805 579 2868 dubitabilem,
614 2812 674 2858 ut
701 2804 936 2874 proximi
962 2804 1355 2874 disceptatione
1383 2811 1560 2873 egeat,
1586 2814 1779 2873 quate-

216 2910 309 2949 nus
335 2902 393 2949 et
422 2894 610 2948 lucore
640 2892 909 2961 passionis
938 2892 994 2946 hi
1030 2893 1121 2963 qui
1144 2891 1407 2960 iudicant,
1434 2892 1576 2946 sicut
1602 2893 1658 2946 hi
1690 2894 1780 2961 qui

217 2983 416 3053 lapides
443 2984 740 3054 inspiciunt
763 2984 1049 3052 pretiosos,
1071 2992 1286 3054 egeant.
1314 2983 1372 3037 ln
1402 2983 1507 3038 hac
1531 2981 1785 3052 frequen-

214 3084 287 3129 ter
304 3075 460 3143 jubet
495 3074 833 3129 sacerdotem
863 3076 1210 3130 considerare
1237 3116 1252 3140 ,
1301 3083 1357 3131 et
1401 3090 1508 3130 non
1559 3078 1783 3132 credere

216 3164 630 3219 obvenientihus
662 3164 777 3219 sive
805 3165 1215 3219 occurrentibus
1241 3165 1431 3233 prima:
1451 3166 1783 3235 probationis

215 3255 533 3324 aspectibus.
562 3252 671 3308 Sed
704 3261 759 3308 et
786 3254 833 3308 si
861 3254 1220 3309 consideratio
1242 3231 1521 3310 icicatricis
1551 3256 1782 3312 necdum
1809 3231 1853 3292 Ο

216 3352 463 3412 appareat
486 3342 750 3397 humilior
772 3343 928 3412 pelle,
961 3357 1136 3413 neque
1163 3344 1217 3397 in
1242 3343 1360 3399 loco
1380 3345 1519 3413 pilus
1542 3361 1785 3401 commu-

219 3439 348 3486 tatus
370 3447 403 3484 a
430 3433 690 3501 passione
723 3432 876 3487 albus
905 3432 1080 3488 factus
1110 3431 1302 3499 fuerit,
1354 3443 1557 3503 septem
1603 3446 1782 3491 tamen

223 3520 329 3574 dies
352 3522 780 3590 separabiturad
800 3521 958 3576 aliam
971 3522 1454 3578 considerationem
1479 3540 1493 3589 ;
1522 3532 1576 3579 et
1596 3540 1785 3581 rursus

221 3609 342 3663 alios
389 3618 601 3679 septem
631 3610 777 3677 dies;
820 3610 1046 3665 forsitan
1087 3612 1231 3666 enim
1270 3610 1655 3669 effervescente
1687 3630 1786 3684 per

222 3705 419 3767 tempus
478 3699 766 3767 passione,
832 3701 1169 3755 manifestior
1227 3703 1448 3757 morbus
1507 3701 1782 3770 efﬁcitur;

221 3802 562 3858 permanente
590 3801 772 3846 autem
798 3795 1026 3849 obscura
1065 3794 1318 3849 cicatrice
1341 3835 1356 3858 ,
1384 3803 1439 3850 et
1471 3795 1615 3849 nulla
1644 3795 1784 3851 facta

221 3879 269 3931 in
304 3880 439 3949 pelle
482 3881 879 3951 permutatione
910 3922 925 3947 ,
980 3882 1428 3953 signiﬁcationem
1475 3885 1642 3945 dixit,
1679 3901 1785 3940 non

221 3978 389 4023 autem
412 3969 622 4039 lepram
652 3969 1010 4026 manifestam.
1042 3972 1175 4027 Cum
1206 3988 1311 4041 qua
1338 3974 1786 4042 signiﬁcationem

222 4073 315 4112 non
347 4059 588 4116 subdidit
618 4060 926 4115 custodiens
948 4076 1089 4125 eam,
1120 4062 1206 4115 his
1233 4063 1324 4131 qui
1349 4063 1645 4118 secundum
1675 4064 1787 4134 spi-

221 4148 372 4202 ritum
401 4149 680 4219 accipiunt
723 4149 913 4221 legem,
942 4159 998 4205 et
1033 4152 1126 4220 qui
1169 4152 1313 4220 quod
1355 4153 1530 4208 minus
1569 4162 1655 4209 est
1700 4155 1788 4210 vel

222 4240 384 4308 magis
410 4240 545 4294 latet
581 4240 823 4297 revelare
859 4250 1021 4311 atque
1051 4242 1254 4298 addere
1288 4253 1514 4313 possunt
1540 4252 1785 4301 contem-

220 4328 426 4397 plativis
499 4331 1032 4399 interpretationibus
1098 4333 1353 4402 spiritus,
1409 4344 1786 4391 verumtamen

224 4434 319 4472 non
348 4420 550 4474 malum
579 4435 700 4475 esse
725 4420 889 4476 nimis
914 4422 1363 4493 signiﬁcationem
1408 4425 1789 4481 manifestave—

227 4522 360 4564 runt.
394 4510 530 4564 Nam
566 4512 839 4580 quomodo
873 4514 1227 4569 mundaturus
1256 4522 1374 4569 erat
1408 4516 1664 4573 sacerdos
1689 4558 1704 4582 ,
1735 4518 1787 4572 id

1888 1992 2011 2032 eum
2041 1977 2293 2032 sacerdos
2319 2016 2333 2041 ,
2364 1975 2451 2031 cui
2474 1975 2724 2045 judicare
2750 1984 3079 2046 praeceptum
3108 1984 3212 2030 est.
3254 1973 3313 2029 Si
3362 1991 3462 2028 au-

1888 2076 1994 2123 tem
2020 2074 2076 2122 et
2112 2067 2229 2122 haec
2267 2075 2416 2120 recte
2452 2066 2609 2121 dicta:
2665 2066 2774 2121 sint
2801 2107 2815 2131 ,
2860 2066 3106 2136 quamvis
3151 2067 3252 2121 hoc
3305 2079 3475 2119 nemo

1886 2165 2064 2231 dicat,
2108 2178 2273 2234 quam
2302 2171 2483 2218 tamen
2526 2161 2953 2218 satisfactionem
3003 2163 3070 2218 ad
3111 2162 3272 2217 aliam
3322 2163 3464 2216 hanc

1886 2256 2360 2327 reprehensionem
2386 2255 2718 2326 reperiemus
2741 2297 2754 2319 ,
2788 2256 2912 2324 quia
2942 2255 3189 2326 leprosos
3229 2270 3461 2309 nonvo-

1886 2345 2131 2399 Iuntariae
2154 2344 2444 2413 passionis,
2461 2344 2556 2399 sed
2581 2359 2744 2414 quam
2774 2344 2972 2399 invitus
2995 2344 3246 2409 sustinet,
3272 2356 3462 2414 poenas

1884 2436 2062 2500 solvit,
2106 2444 2162 2491 et
2195 2435 2284 2505 qui
2313 2436 2568 2492 debeata
2596 2435 2713 2507 lege
2748 2436 2946 2491 mereri
2984 2435 3411 2491 misericordiam
3446 2475 3460 2498 ,
3497 2481 3503 2485 _

1883 2531 2105 2600 punitur
2132 2546 2147 2594 ;
2181 2544 2413 2600 cumque
2447 2530 2641 2599 dignus
2669 2537 2813 2585 esset
2862 2529 3064 2584 auxilio
3086 2570 3100 2594 ,
3130 2537 3352 2599 propter
3380 2527 3462 2581 in-

1884 2620 2195 2676 ﬁrmitatem
2226 2621 2330 2676 hoc
2376 2627 2563 2684 caret,
2618 2618 3012 2690 subjicitnrque
3061 2634 3214 2673 noxa:
3237 2659 3251 2684 ,
3284 2617 3376 2688 qui
3414 2617 3461 2671 si

1883 2711 2146 2782 potuisset
2190 2709 2443 2766 resistere
2470 2749 2486 2775 ,
2538 2724 2815 2778 nunquam
2841 2710 2888 2764 ei
2916 2709 3284 2780 pratvaluisset
3310 2706 3483 2762 inﬁr-r

1884 2800 2078 2865 mitas;
2132 2800 2333 2869 quique
2386 2799 2732 2869 reprehendit
2770 2809 3020 2852 naturam
3049 2839 3064 2860 ,
3121 2798 3282 2867 cujus,
3318 2805 3464 2853 esset

1883 2891 2181 2944 arbitratus
2216 2889 2509 2945 accedente
2547 2889 2795 2943 molestia
2827 2907 2840 2941 :
2885 2896 2941 2967 et
2984 2903 3090 2943 non
3144 2889 3460 2944 intentionis

1882 2989 1977 3035 aut
2003 2980 2297 3035 voluntatis
2320 2996 2432 3036 sua:
2460 2998 2473 3033 :
2502 2980 2633 3050 quid
2656 2980 2799 3035 enim
2835 2987 3018 3049 ageret
3046 2988 3105 3033 ut
3130 2980 3182 3034 in
3215 2980 3318 3035 hoc
3353 2996 3461 3036 non

1883 3069 2146 3124 incideret
2187 3070 2420 3125 morbo?
2468 3069 2575 3125 Sed
2627 3069 2704 3124 ait
2738 3069 3047 3139 quispiam:
3084 3068 3298 3124 Peccati
3344 3070 3461 3124 vin-

1883 3161 2083 3217 dictam
2105 3161 2188 3216 vel
2216 3176 2434 3231 pmnam
2455 3175 2576 3217 esse
2607 3162 2747 3217 hanc
2775 3162 3082 3232 passionem
3107 3202 3122 3226 ,
3148 3169 3204 3216 et
3230 3163 3460 3231 primam

1885 3252 2102 3322 quidem
2150 3251 2399 3317 Mariam,
2450 3252 2640 3307 deinde
2687 3251 2876 3307 Oziam
2916 3252 3188 3323 proponit,
3230 3266 3458 3323 quorum

1885 3342 1974 3396 illa
2002 3342 2218 3412 quidem
2267 3343 2421 3397 fratri
2471 3343 2706 3399 detraxit
2750 3360 2764 3396 :
2806 3341 2895 3398 ille
2928 3351 3131 3407 autem,
3160 3342 3288 3397 dum
3317 3350 3475 3418 esset.

1884 3448 2011 3496 rex,
2040 3433 2323 3487 incensum
2350 3431 2551 3487 inferre
2596 3432 2943 3502 praesumpsit
2973 3433 3028 3487 in
3063 3433 3279 3497 sanctis,
3332 3433 3461 3489 solis

1884 3522 2080 3591 quippe
2107 3523 2210 3577 hoc
2235 3522 2603 3577 sacerdotibus
2630 3523 2841 3578 licebat.
2873 3523 3049 3592 Atque
3081 3524 3201 3578 ideo
3228 3539 3335 3594 non
3358 3524 3462 3579 dif-
3497 3562 3513 3567 -

1885 3610 2093 3666 ferente
2138 3611 2250 3666 Deo
2305 3628 2520 3681 poenam
2575 3629 2787 3679 eorum,
2832 3614 3030 3683 leprosi
3071 3613 3246 3670 eﬂ‘ecti
3314 3623 3457 3671 sunt.

1885 3703 2024 3772 Ergo
2053 3703 2338 3770 oportebat
2365 3711 2424 3756 ut
2463 3703 2566 3758 hoc
2603 3711 2789 3773 aperte
2836 3703 2921 3757 lex
2952 3705 3160 3759 diceret
3205 3705 3273 3759 ad
3298 3720 3460 3759 excu-

1887 3794 2112 3849 sandum
2148 3794 2511 3864 legislatorem
2547 3803 2738 3850 contra
2766 3810 2860 3850 eos
2890 3796 2980 3865 qui
3006 3812 3129 3851 eum
3159 3804 3351 3865 putant
3381 3796 3459 3849 in-

1878 3883 2024 3954 juste
2053 3885 2118 3939 de
2145 3884 2371 3954 leprosis
2391 3885 2620 3941 sancire.
2643 3885 2710 3940 Et
2738 3902 2845 3942 non
2874 3886 3175 3942 solumboc
3191 3870 3269 3942 'de
3281 3886 3470 3956 lepro-.

1887 3975 1984 4039 sis,
2014 3974 2109 4030 sed
2139 3986 2191 4030 et
2220 3975 2287 4031 de
2333 3976 2417 4032 his
2439 3978 2530 4047 qui
2568 3977 2884 4034 vulneratos
2922 3978 3123 4034 habent
3149 3978 3335 4035 oculos
3363 3993 3461 4033 seu
3545 3993 3555 4001 ’

1888 4066 2123 4130 auditus,
2154 4074 2248 4120 aut
2277 4067 2517 4137 reliquos
2538 4085 2753 4135 sensus,
2783 4069 3013 4140 aliisque
3040 4069 3271 4125 inﬁrmis
3294 4077 3349 4124 et
3368 4083 3464 4138 pa-

1889 4158 2115 4213 raliticis
2143 4159 2545 4214 existimabitur
2589 4179 2601 4214 :
2633 4163 2776 4231 quod
2806 4162 3154 4218 manifestum
3184 4170 3270 4217 est
3293 4175 3361 4215 ex
3395 4175 3461 4216 eo
3496 4187 3507 4195 ε

1888 4250 2030 4320 quod
2073 4250 2318 4318 discipuli
2350 4266 2549 4305 caecum
2591 4267 2621 4305 a
2654 4253 2936 4309 nativitate
2967 4255 3239 4317 videntes,
3278 4252 3460 4307 Domi-

1889 4357 2018 4395 num
2048 4342 2445 4411 interrogantes
2467 4357 2612 4406 eum,
2645 4343 2896 4398 dicebant
2921 4362 2935 4398 :
2969 4343 3160 4409 Rabbi,
3190 4344 3306 4414 quis
3335 4360 3457 4413 pec-

1890 4429 2049 4490 cavit,
2104 4429 2208 4492 hic,
2239 4438 2331 4481 aut
2387 4441 2627 4499 parentes
2665 4431 2802 4501 ejus,
2848 4442 2906 4486 ut
2946 4449 3115 4487 cwcus
3163 4442 3461 4487 macerctur

1895 4516 2076 4589 (Joan.
2109 4519 2222 4585 ix)?
2262 4518 2338 4572 Tu
2370 4529 2547 4574 autem
2592 4521 2723 4577 mihi
2752 4537 2861 4578 non
2894 4521 3094 4577 relidas
3139 4521 3340 4577 Christi
3380 4536 3471 4579 re-
3496 4562 3509 4565 -

222 4611 316 4665 est,
346 4604 639 4656 baLentem
667 4604 921 4657 mundum
951 4604 1365 4660 denuntiaturus
1389 4646 1404 4670 ,
1450 4607 1544 4675 qui
1588 4623 1789 4678 nequa-
1815 4581 1869 4641 Ῑ)
1894 4581 2243 4678 sponsionem
2266 4609 2457 4663 scienti
2493 4610 2733 4679 quidem,
2761 4612 2856 4666 sed
2895 4612 3166 4681 quomodo
3190 4611 3345 4667 multi
3369 4612 3465 4667 ha-

224 4707 373 4758 quam
404 4690 570 4759 hujus
596 4700 782 4761 egeret
809 4695 855 4746 si
890 4709 954 4748 ex
992 4702 1106 4749 toto
1134 4694 1327 4751 fuisset
1365 4696 1502 4751 liber
1524 4738 1539 4763 ,
1572 4710 1792 4770 propter

221 4784 357 4851 quod
401 4799 527 4836 eam
564 4783 854 4837 obscuram
908 4785 1227 4855 appellavit;
1268 4803 1370 4843 nec
1419 4804 1608 4847 rursus
1651 4792 1794 4846 inter

223 4875 412 4929 munda
437 4882 562 4944 post
582 4874 869 4943 judicium,
893 4877 937 4930 si
968 4876 1121 4932 malae
1143 4875 1336 4933 fuisset
1355 4879 1635 4948 cujusdam
1663 4898 1791 4950 pas-

223 4966 383 5022 uenis
412 4968 559 5021 facta
591 4967 949 5036 signiﬁcatio?
977 4968 1033 5023 Si
1084 4976 1263 5023 autem
1288 4970 1452 5025 etiam
1479 4971 1559 5025 sic
1588 4973 1793 5028 habens

226 5055 462 5113 incidens
488 5058 817 5128 signiﬁcatio
835 5061 889 5112 in
915 5058 1179 5127 pellicula,
1210 5059 1262 5114 id
1289 5067 1391 5121 est,
1420 5060 1466 5115 si
1489 5060 1656 5116 effusa
1682 5062 1796 5118 fue-

228 5148 311 5213 rit,
330 5158 387 5203 et
411 5149 700 5219 plusquam
722 5150 895 5218 prius,
922 5149 1080 5204 latior
1102 5151 1155 5204 in
1181 5151 1425 5220 pellicula
1448 5156 1791 5222 processerit,

225 5243 276 5287 et
304 5252 410 5289 non
439 5237 761 5291 immutatus
787 5235 951 5291 fuerit
976 5238 1136 5306 pilus,
1172 5239 1275 5294 hoc
1295 5240 1436 5294 enim
1461 5243 1549 5297 hic
1572 5258 1677 5297 non
1709 5260 1795 5296 rc-

226 5326 541 5392 prebendit,
587 5328 778 5398 polluit
813 5344 939 5383 eum
981 5330 1252 5395 sacerdos,
1286 5332 1491 5400 lepram
1518 5349 1639 5388 esse
1668 5351 1793 5404 pas-

227 5413 428 5469 sionem
470 5415 756 5484 judicans,
784 5418 953 5487 ipsius
986 5420 1200 5487 quidem
1234 5423 1540 5490 cognitione
1582 5425 1795 5479 dubita-

226 5502 337 5566 Lili,
365 5516 423 5559 ut
453 5517 580 5576 pote
605 5509 837 5564 obscura
858 5511 1125 5567 existente
1154 5512 1441 5579 cicatrice;
1468 5515 1586 5570 alba
1614 5527 1795 5571 autem

226 5596 494 5649 existente
527 5604 585 5650 et
610 5597 841 5651 similem
871 5599 1169 5654 mittentem
1206 5600 1372 5670 pilum
1399 5602 1560 5671 pelli,
1609 5605 1799 5672 polluit

227 5678 369 5737 hunc
400 5684 659 5742 sacerdos
683 5696 740 5741 et
770 5687 1102 5742 immundum
1131 5688 1250 5755 ejici
1290 5691 1551 5761 praecipit,
1583 5694 1794 5748 etiamsi

226 5764 390 5826 fuerit
437 5790 564 5844 pars
592 5775 861 5831 cicatricis
890 5791 1020 5830 sana
1045 5817 1069 5840 ,ι
1106 5786 1160 5830 et
1197 5793 1416 5834 carnem
1456 5780 1660 5837 habens
1711 5782 1792 5836 vi-

1892 4699 2053 4752 bcant
2079 4697 2147 4752 de
2173 4699 2512 4767 passionibus
2549 4716 2669 4770 qua:
2698 4701 2857 4757 nobis
2880 4701 3133 4757 eveniunt
3162 4705 3457 4773 quaerenti;

1894 4790 1986 4843 sed
2044 4798 2099 4842 et
2157 4790 2271 4859 ipse
2332 4789 2590 4847 Dominus
2639 4810 2652 4823 ο
2715 4792 3062 4850 Dimittuntur
3110 4794 3203 4849 tibi
3253 4804 3464 4865 peccata

1896 4879 2112 4947 (Matth.
2158 4880 2289 4950 xix),
2323 4881 2508 4937 volens
2535 4883 2745 4954 erigere
2773 4886 3112 4954 paraliticum
3141 4888 3297 4942 dixit.
3347 4887 3465 4944 Sic-

1898 4976 1961 5023 nt
2003 4984 2131 5039 ergo
2156 4972 2267 5026 Deo
2299 4971 2527 5028 odibiles
2555 4975 2720 5029 etiam
2761 4977 2861 5032 hos
2886 4977 2953 5031 de
2996 4972 3342 5033 tabernaculo
3369 4994 3464 5032 ex-

1901 5058 2025 5127 pelli
2058 5062 2364 5129 oportebat,
2398 5071 2454 5116 et
2503 5061 2763 5131 injustitia
2792 5064 2926 5121 levis
2946 5075 3253 5137 putaretur,
3280 5068 3329 5122 si
3372 5068 3469 5122 alii

1903 5149 2060 5203 simul
2109 5150 2421 5216 injustitiam
2451 5162 2783 5222 paterentur.
2823 5155 2880 5210 Si
2922 5166 3100 5212 autem
3150 5157 3286 5211 dicis
3338 5156 3493 5225 quia.

1901 5238 2208 5292 omnimodo
2253 5240 2305 5293 in
2355 5242 2441 5295 his
2487 5245 2827 5311 passionibus
2881 5256 3101 5315 peccata
3152 5249 3495 5319 puniuntur,_

1903 5342 2027 5380 nam
2058 5337 2113 5381 et
2141 5343 2264 5383 eum
2291 5332 2380 5398 qui
2418 5332 2616 5389 ﬂuxum
2645 5339 2865 5393 seminis
2893 5342 3117 5408 patitur,
3162 5358 3191 5395 a
3228 5341 3469 5394 taberna-

1905 5418 2026 5471 culo
2052 5420 2319 5488 prohibet,
2345 5432 2398 5476 et
2417 5440 2535 5478 eam
2561 5442 2680 5494 qua:
2706 5426 2912 5485 fluxum
2927 5432 3131 5501 patitur
3149 5432 3426 5500 sanguinis
3454 5452 3466 5485 :

1907 5522 2032 5563 vera
2054 5512 2271 5578 quidem
2298 5512 2452 5578 dicis,
2487 5517 2580 5570 sed
2619 5533 2723 5571 non
2751 5519 2852 5575 hoc
2894 5530 3005 5576 tam
3034 5510 3332 5578 satisfactio
3364 5535 3487 5588 estL

1906 5613 2065 5668 quam
2099 5616 2287 5654 rursus
2316 5602 2421 5656 alia
2451 5606 2732 5674 scriptoris
2759 5611 3056 5669 accusatio.
3101 5610 3193 5678 qui
3239 5617 3473 5669 necessi-

1908 5695 2046 5742 tates
2076 5698 2281 5777 naturte
2321 5694 2679 5759 condemnat,
2727 5712 2861 5764 quas
2889 5696 3172 5755 defensare
3211 5702 3473 5761 debuerat

1908 5790 1997 5837 aut
2041 5799 2147 5839 non
2185 5783 2444 5841 factorem
2477 5788 2529 5842 in
2562 5788 2894 5845 naturalibus
2923 5795 3358 5854 accusationibus
3388 5799 3491 5854 iii-—
