3954 6176
457 381 561 435 575

1089 381 1148 433 Β.
1191 380 1441 434 ΒᾹΒΑΝΙ
1468 378 1699 434 ‘MAUBI
1738 376 2031 432 AHClllEP

2134 376 2412 433 IOGUNT.
2450 378 2737 434 OPERUM
2774 379 2953 434 PARS
2990 380 3029 434 ί.

3550 383 3640 438 376

445 494 701 564 juriaret.
752 493 1111 559 Quaiuobrem
1162 493 1463 547 necessaria
1492 492 1650 548 nobis
1676 501 1757 547 est
1783 501 2024 546 contem-
2053 499 2099 555 Α
2128 501 2281 547 uerat
2297 502 2352 547 et
2370 502 2595 548 ornatur
2611 509 2676 548 ex
2702 495 2781 548 eis
2808 510 2872 548 ac
2899 494 3118 562 tegitur,
3134 500 3403 562 propterea
3425 502 3468 546 et
3491 493 3642 563 capilli

459 585 624 655 platio
656 583 811 653 legis,
841 588 895 637 et
940 583 1084 637 ut‘lis
1132 584 1390 651 spiritalis
1430 583 1830 652 interpretatio,
1872 598 2022 637 men-

459 676 632 744 tisque
660 672 874 728 oculum
923 678 1132 741 oportet
1178 673 1336 727 oeulo
1373 672 1551 727 carnis
1592 682 1926 742 praeponere,
1963 679 2024 726 ut

460 766 561 818 hoc
586 763 800 833 quidem
820 763 885 816 ad
916 762 1315 831 intelligentiam
1338 777 1523 816 eorum
1540 775 1659 831 quae
1681 761 2021 827 sanciantur,

460 851 552 908 illo
576 865 706 906 vero
730 860 945 905 utamur
971 853 1039 906 ad
1066 853 1367 920 legendum.
1400 852 1627 906 Locutus
1664 862 1739 906 est
1771 851 2023 907 Dominus

460 943 529 997 ad
559 942 773 1014 Moysen
802 954 848 997 et
876 943 1053 998 Aaron
1078 945 1252 998 dicens
1280 961 1299 998 :
1345 943 1514 998 Homo
1541 945 1593 997 in
1623 944 1772 1013 cujus
1799 960 1956 998 carne
1974 954 2023 998 et

464 1045 578 1088 rate
599 1042 741 1088 ortus
767 1035 925 1103 fuerit
951 1034 1181 1089 diversus
1204 1035 1368 1100 color,
1391 1034 1491 1089 sire
1510 1035 1741 1104 pustula,
1761 1044 1851 1087 aut
1872 1035 2024 1104 quasi

460 1126 635 1178 lucens
673 1124 977 1194 quippiam,
1022 1124 1079 1177 id
1100 1134 1198 1188 est,
1238 1123 1393 1194 plaga
1422 1123 1596 1194 lcprw,
1640 1122 1929 1177 adducetur
1956 1123 2024 1177 ad

464 1219 639 1270 Aaron
656 1217 1007 1281 sacerdotem,
1043 1217 1123 1271 vel
1165 1217 1235 1270 ad
1278 1228 1438 1270 unum
1482 1215 1754 1286 quemlibet
1796 1215 2025 1283 filiorum

460 1310 574 1377 ejus
601 1322 618 1359 ε
655 1310 744 1380 qui
774 1325 890 1389 cum
921 1310 1101 1363 viderit
1135 1309 1331 1379 lepram
1360 1310 1412 1363 in
1443 1320 1578 1373 cute,
1610 1318 1657 1362 et
1683 1308 1818 1378 pilos
1851 1309 1905 1362 in
1949 1307 2029 1361 al-

462 1401 581 1452 bum
616 1409 843 1453 mutatos
869 1398 1113 1462 colorem,
1143 1401 1407 1470 ipsamque
1426 1400 1641 1469 speciem
1675 1399 1833 1468 lepra:
1859 1398 2032 1452 humi-

454 1492 639 1545 liorem
665 1492 720 1544 in
758 1500 890 1553 cute,
914 1500 960 1544 et
987 1507 1143 1544 carne
1176 1490 1396 1560 reliqua,
1416 1489 1569 1559 p'aga
1596 1488 1751 1560 lepra'
1774 1498 1867 1549 est,
1890 1498 1937 1541 et
1961 1488 2029 1542 ad

460 1580 732 1633 arbitrium
762 1581 876 1650 ejus
901 1580 1246 1651 separabitur.
1278 1579 1385 1650 (Ea:
1416 1577 1717 1648 Hesychia.)
1756 1576 2030 1646 Simplici-

464 1682 544 1726 ter
564 1687 657 1727 seu
687 1668 1305 1743 generaliter'hbminem
1337 1672 1517 1725 divina
1540 1671 1818 1740 Scriptura
1850 1671 2030 1741 appel-

463 1761 536 1814 lat
561 1776 703 1827 eum,
735 1762 824 1829 qui
857 1762 952 1816 Dei
986 1755 1271 1831 imaginem
1302 1770 1355 1816 et
1384 1770 1582 1816 nostrae
1627 1771 1907 1816 conservet
1934 1777 2029 1816 na-

2123 583 2310 651 capitis
2333 583 2499 636 nostri
2520 583 2777 636 numerati
2798 580 3011 653 (Matth.
3039 580 3092 652 κ)
3118 581 3384 645 dicuntur,
3404 581 3645 650 cogitatio

2124 685 2223 726 nes
2240 672 2489 726 videlicet
2508 672 2726 726 mentis.
2749 671 2924 741 Caput
2947 671 3091 726 enim
3115 671 3228 741 ipsa
3253 671 3373 740 quia
3390 671 3650 741 principale

2122 767 2207 814 est
2234 760 2428 815 animae
2454 761 2668 815 dicitttr.
2704 760 2816 815 Cur
2843 768 3025 816 autem
3064 762 3329 817 numerati
3356 763 3507 816 sunt?
3544 778 3649 832 pro-

2125 849 2212 903 cul
2241 850 2404 905 dubio
2433 850 2674 905 dicturus
2703 858 2787 905 est
2825 851 2949 919 quia
2975 865 3072 920 per
3095 864 3188 905 eas
3211 850 3391 920 utique
3407 849 3559 918 judex
3579 850 3652 920 ju-
3683 845 3686 848 ’

2125 940 2400 996 dieaturus
2419 950 2505 997 est
2530 942 2821 1005 hominem,
2856 941 2909 996 id
2934 949 3035 1007 est,
3063 940 3435 996 accusantibus
3471 941 3546 995 eis
3579 941 3652 996 vel

2124 1031 2526 1100 excusantibus,
2548 1033 2686 1087 sicut
2706 1032 2782 1085 ait
2805 1031 3020 1096 Paulus,
3045 1032 3098 1086 in
3123 1040 3367 1099 tempore
3379 1044 3481 1100 quo
3494 1038 3652 1085 nostra

2120 1120 2504 1190 iudicabuntur
2529 1120 2738 1175 occulta
2770 1118 2949 1191 (Rom.
2978 1120 3061 1191 ιι).
3105 1118 3394 1188 Propterea
3436 1117 3657 1188 intelligi-

2127 1225 2248 1265 mus
2272 1210 2326 1263 in
2353 1209 2593 1263 Nazaraai
2617 1209 2795 1279 capite
2816 1207 3017 1264 ferrum
3039 1224 3146 1264 non
3175 1209 3397 1280 ingredi,
3426 1208 3541 1262 dum
3559 1207 3658 1261 aliis

2128 1302 2245 1356 sine
2273 1300 2431 1370 Culpa
2461 1300 2747 1363 inferatur,
2773 1301 2901 1370 quia
2925 1301 3121 1371 quibus
3144 1312 3270 1356 sunt
3309 1301 3551 1370 superflui
3584 1314 3661 1355 cz.-

2127 1391 2261 1460 pilli,
2309 1406 2416 1445 non
2445 1391 2619 1446 solum
2651 1391 2788 1446 nihil
2814 1401 2973 1447 nocet
3017 1393 3112 1447 sed
3137 1402 3192 1447 et
3219 1392 3424 1447 lucrum
3447 1402 3525 1448 est
3564 1401 3656 1447 ton-

2130 1481 2276 1547 deri;
2308 1482 2503 1550 quibus
2531 1492 2714 1537 autem
2751 1497 2857 1537 non
2886 1490 3013 1538 sunt
3035 1482 3314 1553 superflui,
3337 1483 3576 1537 damnum
3593 1490 3664 1536 est

2129 1579 2348 1640 propter
2389 1571 2651 1626 naturalis
2701 1572 2910 1627 decoris
2956 1573 3335 1643 spoliationem
3378 1571 3662 1642 capillorum

2118 1646 2394 1730 depositio
2421 1679 2434 1715 :
2466 1661 2547 1716 sic
2574 1663 2987 1732 quibuscunque
3022 1662 3308 1732 superﬂua:
3337 1663 3661 1733 cogitationes

2134 1750 2451 1821 importunae
2480 1761 2626 1818 sunt,
2649 1752 2788 1808 bene
2815 1754 2882 1809 ab
2902 1754 2981 1810 eis
3006 1755 3425 1810 commutatione
3450 1753 3670 1810 consilio-

463 1861 596 1906 turte
624 1852 954 1924 dignitatem.
984 1829 1210 1923 Propter
1234 1854 1375 1923 quod
1402 1854 1525 1907 audi
1555 1854 1849 1923 sapientem
1876 1874 1887 1907 :
1917 1854 2031 1908 Μα-
2057 1829 2104 1887 Β
2133 1854 2253 1894 Tum
2297 1841 2380 1894 "el
2426 1842 2826 1897 οδνεηίθηῑίυω
2860 1843 3083 1898 Omnino
3105 1844 3509 1913 PhanmSiamm
3542 1857 3669 1898 more

459 1958 616 2010 gnum
640 1938 718 1996 cst
745 1942 919 2008 homo,
943 1944 1225 2013 pretiosum
1252 1943 1332 1997 cir
1374 1943 1688 2006 misericors,
1719 1943 1770 1996 in
1798 1941 2028 1998 Prover-

463 2034 565 2089 biis
588 2033 875 2098 dicentem,
906 2035 1175 2089 hominem
1221 2051 1347 2089 vero
1394 2034 1623 2103 aliquem
1665 2042 2027 2104 peccator-em,

462 2127 615 2194 quasi
651 2127 790 2182 male
816 2127 1105 2182 formatum
1138 2129 1403 2183 nomisma
1431 2129 1719 2195 describit,
1752 2129 1905 2199 pellis
1941 2146 2033 2184 au-

467 2228 572 2271 tem
606 2232 699 2272 seu
743 2218 883 2273 cutis
929 2218 1168 2284 nomine,
1206 2228 1350 2273 nunc
1395 2218 1819 2289 uniuscujusque
1866 2235 2024 2283 caro,

466 2321 608 2360 nunc
642 2314 819 2361 autem
850 2304 967 2376 ejus
1002 2308 1314 2377 designatur
1347 2309 1610 2379 cognatio,
1644 2321 1863 2378 propter
1889 2310 2029 2378 quod

466 2396 519 2447 in
552 2395 688 2449 libro
720 2396 820 2451 Job
856 2412 920 2451 ex
949 2413 1176 2466 persona
1209 2400 1402 2453 diaboli
1434 2400 1781 2469 despicientis
1814 2415 1874 2453 ea
1912 2418 2031 2470 quae

465 2485 578 2538 viro
610 2485 685 2538 illi
724 2485 1016 2541 fortissimo
1042 2497 1355 2547 evenerunt,
1391 2498 1515 2543 tunc
1547 2502 1689 2559 quan
1710 2489 1762 2542 lo
1785 2504 1907 2542 cum
1927 2489 2029 2543 alia

465 2573 759 2627 substantia
791 2573 929 2628 ﬁlios
954 2573 1196 2644 ﬁliasque
1223 2574 1359 2644 ejus,
1388 2578 1601 2630 domum
1631 2593 1792 2647 super
1818 2592 1912 2632 eos
1939 2591 2032 2632 se-

464 2658 690 2726 pulturae
715 2661 831 2717 vice
860 2677 1169 2734 congereus,
1197 2665 1536 2734 disperdidit,
1565 2667 1800 2721 dicitur:
1839 2665 2044 2721 Pellem-

462 2765 555 2818 pro
577 2748 726 2819 pelle,
756 2761 805 2804 et
824 2761 1010 2805 cuncta
1037 2769 1152 2823 qum
1189 2754 1340 2808 habet
1365 2756 1518 2809 homo
1540 2756 1693 2810 dabit
1721 2772 1814 2826 pro
1854 2758 2045 2812 animo

466 2853 561 2890 sua
592 2836 713 2908 (Job
759 2838 845 2907 tt).
876 2839 928 2893 id
961 2847 1063 2905 est,
1100 2840 1288 2910 pellem
1330 2842 1909 2914 quidem-cognationis
1936 2860 2049 2913 per-

463 2925 602 2982 llios
628 2930 881 2996 perdidit,
912 2930 1004 2986 sed
1046 2939 1220 2985 tamen
1249 2932 1442 2987 sufﬁcit
1470 2934 1518 2987 ei
1550 2935 1690 3004 quoi
1725 2936 1881 3004 pellis
1913 2954 2034 2990 car-

465 3016 548 3070 nis
584 3017 634 3071 ei
677 3017 822 3072 salva
870 3027 974 3084 est,
1024 3021 1352 3091 minimeque
1402 3024 1765 3091 corrumpitur
1811 3034 2035 3093 propter

463 3103 603 3174 quod
631 3106 885 3170 subdidit,
921 3108 1157 3178 alioquin
1186 3110 1339 3165 mitte
1375 3126 1590 3165 manum
1624 3120 1768 3165 tuam
1796 3121 1850 3165 et
1873 3122 2032 3181 tange

2131 1937 2370 1985 tonsurae
2394 1937 2601 1985 carent.
2628 1930 2687 1985 ln
2724 1930 2982 1987 Natarum
3004 1941 3186 1987 autem
3218 1948 3328 1988 non
3365 1942 3512 1998 sunt,
3550 1942 3673 1987 totus

2129 2019 2273 2075 enim
2301 2028 2519 2076 sanctus
2546 2030 2649 2085 est,
2665 2032 2885 2092 propter
2909 2024 3050 2093 quod
3085 2023 3293 2081 ferrum
3321 2026 3376 2080 in
3394 2026 3558 2094 capite
3575 2024 3673 2093 ejus

2136 2126 2242 2166 non
2289 2111 2551 2176 ascendit,
2582 2127 2704 2167 cum
2750 2114 2893 2169 bono
2916 2121 3104 2170 utatur
3130 2115 3364 2171 consilio
3405 2124 3461 2171 et
3479 2115 3676 2184 capillos

2130 2199 2514 2269 cogitationum
2541 2202 2876 2258 necessarios
2901 2212 2957 2258 et
2999 2219 3106 2259 non
3136 2202 3446 2275 superﬂuos
3472 2204 3673 2266 habeat,

2130 2303 2198 2343 ex
2223 2289 2417 2358 quibus
2446 2305 2551 2343 non
2582 2289 2768 2345 incidit
2793 2306 2916 2346 cum
2945 2307 3053 2347 non
3082 2300 3287 2348 tractet
3321 2291 3577 2347 deteriora
3602 2306 3679 2345 ne-

2131 2393 2237 2447 que
2281 2387 2593 2435 commutet.
2633 2379 2691 2434 Si
2730 2397 2861 2451 ergo
2887 2382 3056 2452 pilum
3099 2382 3155 2436 in
3205 2383 3333 2438 albo
3363 2383 3450 2438 hic
3489 2383 3552 2437 de
3586 2394 3678 2451 quo

2132 2483 2276 2523 nunc
2302 2477 2385 2524 est
2405 2484 2584 2524 sermo
2610 2473 3039 2536 commutaverit,
3062 2471 3450 2543 cogitationem
3474 2485 3672 2526 conver-

2132 2566 2252 2612 tens
2270 2557 2321 2611 in
2344 2557 2709 2628 impudentem
2729 2560 3092 2615 conditionem
3118 2560 3560 2630 manifestamque
3578 2573 3681 2629 pec-

2134 2647 2261 2710 cati,
2296 2650 2523 2717 ipsaquc
2565 2649 2776 2717 species
2801 2648 2964 2717 lepra:
2984 2649 3237 2704 humilior
3266 2649 3435 2705 fuerit
3458 2661 3610 2704 carne
3632 2657 3679 2701 et

2135 2749 2257 2794 cute
2292 2738 2518 2808 reliqua,
2564 2740 2702 2794 hanc
2752 2740 2901 2795 enim
2946 2740 3281 2805 considerat,
3337 2749 3393 2794 et
3442 2740 3485 2794 si
3511 2737 3684 2793 viderit

2136 2829 2450 2899 apparuisse
2478 2829 2700 2883 nimiam
2729 2828 3098 2884 inﬁrmitatem
3127 2839 3298 2900 atque
3320 2830 3573 2887 defecisse
3600 2844 3684 2883 na—

2138 2922 2367 2977 turalem
2400 2928 2656 2977 virtutem
2674 2962 2689 2988 ,
2718 2924 2862 2993 quod
2896 2931 2980 2978 est
3023 2924 3233 2992 species
3262 2924 3431 2995 lepra:
3459 2924 3689 2980 humilior

2136 3022 2260 3068 cute
2286 3022 2379 3067 aut
2406 3028 2569 3069 carne
2608 3014 2830 3082 reliqua,
2858 3022 3075 3083 separat
3116 3022 3172 3069 et
3202 3014 3538 3070 immundum
3576 3027 3681 3068 eum

2138 3113 2283 3160 recte
2318 3106 2571 3160 sacerdos
2591 3106 2800 3175 iudicat
2823 3116 3004 3177 utpote
3029 3107 3381 3179 languentem
3402 3109 3606 3179 quidem
3628 3123 3684 3159 ex

466 3212 527 3249 os
570 3192 683 3264 ejus
728 3205 782 3250 et
809 3212 1046 3261 carnem,
1095 3206 1150 3250 ct
1177 3208 1304 3253 tunc
1336 3200 1541 3253 ridebis
1567 3202 1707 3269 quoi
1754 3201 1806 3254 in
1841 3172 2029 3257 faciem
2060 3172 2103 3232 Ο
2137 3194 2435 3250 intentione
2462 3210 2556 3249 sna
2586 3203 2640 3249 ct
2668 3196 2958 3252 voluntate.

462 3285 745 3359 benedicat
792 3285 904 3340 tibi.
948 3285 1099 3352 Quod
1147 3298 1323 3340 autem
1360 3298 1547 3343 nostra
1595 3290 1760 3343 editio
1809 3292 1969 3345 habet
2017 3308 2032 3347 :

470 3371 635 3426 Homo
660 3373 715 3427 in
755 3375 906 3443 cujus
935 3392 1089 3429 carne
1125 3386 1170 3429 cl
1199 3390 1313 3430 cute
1342 3389 1485 3431 ortus
1511 3379 1668 3447 fuerit
1701 3380 1936 3434 diversus
1956 3399 2037 3436 co.

463 3466 562 3527 lor,
594 3464 697 3517 sive
732 3465 964 3534 pustula,
1004 3476 1094 3519 aut
1128 3469 1281 3538 quasi
1306 3467 1481 3522 lucens
1508 3470 1792 3540 quippiam,
1820 3471 1874 3524 id
1917 3483 1991 3525 est
2017 3514 2032 3538 ,

462 3556 615 3625 plaga
644 3555 820 3626 leprte,
849 3557 1198 3630 Septuaginta
1224 3561 1613 3615 transtulerunt
1640 3581 1654 3615 :
1680 3562 1851 3618 [Ionio
1876 3564 1922 3617 si
1949 3566 2035 3619 cui

463 3647 656 3714 [actum
683 3647 838 3716 fuerit
867 3649 922 3701 in
948 3648 1191 3718 pellicula
1219 3652 1450 3721 corporis
1488 3652 1603 3722 ejus
1631 3654 1849 3708 cicatrix
1873 3655 2036 3725 signi-

460 3737 719 3803 ﬁcationis
760 3756 1047 3810 apparens;
1098 3742 1323 3796 cicatrix
1383 3753 1563 3799 autem
1622 3746 2035 3816 signiﬁcationis

464 3836 743 3893 peccatum
764 3829 1053 3898 signiﬁcat,
1067 3846 1131 3884 ex
1148 3832 1239 3885 his
1255 3848 1375 3901 qum
1402 3844 1661 3903 apparent
1681 3835 2036 3891 manifestans

462 3917 602 3983 quod
627 3917 895 3971 occultum
927 3928 1011 3973 est
1038 3927 1092 3973 et
1119 3920 1293 3974 latens
1321 3922 1513 3975 animm
1560 3924 1769 3978 vitium.
1804 3925 2033 3994 Lepram

467 4006 1000 4077 autemvintelligimus
1020 4006 1153 4077 legis
1175 4013 1679 4080 transgressionem,
1703 4015 1830 4083 quia
1847 4031 2034 4085 quezu-

461 4095 748 4152 admodum
778 4098 1021 4168 leprosus
1069 4101 1195 4153 dum
1225 4108 1369 4156 totus
1414 4103 1485 4157 sit
1530 4118 1715 4170 sanus,
1765 4122 1829 4159 ex
1879 4117 2033 4177 parte

464 4188 641 4257 aliqua
679 4187 923 4259 leprosus
953 4188 1150 4256 factus,
1184 4190 1320 4244 nihil
1366 4192 1591 4262 juvatur
1617 4212 1684 4249 ex
1716 4197 1891 4252 salute
1933 4199 2034 4251 mi-

463 4279 605 4334 nime
640 4278 766 4335 facti
798 4280 996 4350 leprosi
1025 4282 1291 4352 corporis,
1321 4285 1412 4337 sed
1441 4296 1752 4342 removetur
1795 4303 1822 4342 a
1856 4289 2034 4343 taber-

464 4369 652 4424 naculo
681 4378 740 4424 ut
790 4371 1123 4436 immundus,
1151 4374 1229 4428 sic
1257 4382 1311 4429 et
1339 4375 1428 4443 qui
1476 4376 1611 4448 legis
1653 4388 1920 4448 praecepta
1965 4395 2032 4435 ex

466 4460 645 4527 aliqua
694 4461 1084 4531 transgreditur
1122 4472 1295 4531 parte,
1328 4465 1461 4519 nihil
1493 4483 1558 4521 ex
1602 4470 1845 4524 custodia
1884 4488 2031 4526 man-

465 4547 573 4599 dati
597 4545 819 4615 juvatur
842 4548 1064 4604 alterius
1088 4568 1100 4604 :
1133 4550 1236 4614 Qui
1256 4554 1391 4605 enim
1414 4564 1573 4607 totum
1601 4556 1759 4625 legem
1787 4562 2030 4629 custodit,

352 4698 369 4711 ν
461 4648 637 4706 peccat
667 4649 841 4693 autent
877 4641 933 4694 in
959 4657 1085 4706 uno,
1114 4642 1287 4711 factus
1310 4653 1384 4696 est
1408 4646 1640 4698 omnium
1672 4663 1791 4701 reus
1824 4648 2031 4719 (Iacob.

464 4730 548 4801 ll).
601 4729 700 4785 Hic
748 4732 815 4786 ad
863 4731 1045 4787 Aaron
1092 4732 1429 4788 sacerdotem
1463 4735 1782 4803 adducetur,
1830 4749 1923 4794 aut
1965 4743 2033 4797 ad

465 4838 628 4877 unum
658 4823 952 4893 quemlibet
981 4824 1213 4879 ﬁliorum
1235 4825 1372 4895 ejus,
1401 4825 1501 4880 ﬁlii
1531 4835 1709 4884 autem
1736 4832 2034 4890 sacerdotis

461 4921 587 4968 sunt
623 4914 838 4983 cognati
873 4912 1008 4982 ejus,
1042 4916 1337 4969 secundum
1365 4916 1639 4986 spiritum,
1663 4935 1692 4973 a
1721 4935 1827 4989 quo
1855 4929 1908 4976 et
1946 4938 2032 4978 sa-

470 5001 694 5058 cerdOtii
716 5004 915 5059 habent
934 5004 1281 5075 dignitatem;
1313 5016 1440 5061 sunt
1468 5017 1648 5063 autem
1680 5011 1732 5065 hi
1757 5012 1811 5066 in
1838 5015 2036 5083 quibus

461 5092 695 5163 perfecta
710 5101 791 5147 est
807 5094 1069 5164 plenaque
1089 5095 1511 5164 philosophia,ut
1527 5107 1582 5153 et
1601 5100 1905 5157 discernere
1918 5119 2038 5173 pos-

467 5185 574 5239 sint
601 5183 851 5239 sublimia
899 5196 955 5239 et
981 5187 1176 5240 animae
1216 5183 1509 5253 diiudicare
1537 5198 1712 5244 motus
1751 5193 2035 5248 abscondi-

466 5289 573 5333 tos.
609 5279 714 5334 Sed
750 5280 1017 5348 quomodo
1039 5278 1317 5347 judicant?
1344 5281 1531 5335 vident
1557 5282 1761 5351 lepram
1792 5286 1847 5340 in
1879 5296 2029 5350 cnte,

461 5380 515 5425 et
538 5371 703 5440 pilum
733 5368 849 5439 ejus
876 5370 920 5424 si
967 5370 1020 5424 in
1048 5369 1224 5424 album
1253 5378 1491 5426 mutatus
1535 5372 1716 5437 fuerit,
1754 5376 1819 5429 ad
1861 5377 2030 5444 ipsam

462 5463 697 5530 speciem
741 5460 904 5530 lepraa
950 5459 1287 5513 humiliorem
1318 5470 1440 5515 cute
1484 5468 1537 5515 et
1568 5477 1733 5517 carne
1780 5463 1980 5532 reliqua
2017 5483 2028 5518 :

464 5565 564 5621 per
586 5550 725 5622 pilos
754 5560 931 5607 autem
964 5551 1229 5621 signiﬁcat
1255 5551 1607 5618 cogitationes
1633 5554 1828 5622 quibus
1870 5570 2031 5609 orna-

470 5651 558 5696 tur
607 5642 804 5706 anima,
838 5656 1096 5712 mensque
1125 5643 1448 5712 contegitur,
1497 5659 1618 5697 cum
1653 5644 1867 5697 easdem
1919 5646 2031 5712 ipsa

474 5734 645 5803 pariat
673 5735 1023 5802 cogitationes
1054 5734 1152 5789 sibi
1187 5752 1198 5787 :
1232 5750 1354 5787 nam
1390 5743 1442 5788 et
1489 5743 1646 5800 caput
1690 5734 1907 5799 capillos
1941 5752 2031 5806 ge-

2060 4510 2112 4569 D

2206 3281 2265 3337 Si
2279 3292 2450 3337 autem
2463 3283 2638 3337 lucens
2650 3283 2806 3353 fuerit
2822 3286 3047 3340 candori
3053 3296 3084 3340 η
3101 3296 3216 3340 cute
3229 3304 3330 3341 nec
3342 3287 3584 3342 humilior
3594 3302 3693 3340 car-

2135 3390 2199 3427 ne
2213 3374 2432 3444 reliqua,
2447 3383 2493 3428 et
2507 3374 2644 3444 pilus
2657 3374 2845 3430 coloris
2858 3377 3086 3447 pristini,
3102 3377 3331 3433 recludit
3342 3396 3462 3434 eum
3474 3376 3693 3433 sacerdos

2134 3474 2326 3535 septem
2351 3466 2554 3532 diebus,
2569 3476 2616 3520 et
2635 3467 2798 3521 videbi
2816 3476 2887 3521 tet
2904 3468 3251 3522 considerabit
3283 3471 3372 3523 die
3398 3469 3695 3539 septimam

2131 3555 2387 3625 siquidem
2405 3554 2550 3626 lepra
2573 3555 2712 3610 ultra
2735 3573 2837 3612 non
2861 3558 3076 3612 creverit
3105 3575 3198 3612 nec
3221 3561 3498 3615 transierit
3523 3560 3575 3611 in
3594 3565 3697 3609 cute

2134 3652 2335 3721 priores
2361 3651 2627 3715 terminos,
2659 3668 2841 3707 rursus
2880 3651 3108 3706 includet
3135 3669 3254 3706 eum
3297 3664 3496 3724 septem
3533 3650 3697 3705 diebus

2134 3742 2278 3809 aliis,
2295 3752 2341 3798 et
2359 3744 2444 3798 die
2466 3745 2682 3814 septimo
2705 3743 3167 3815 contemplabitur;
3190 3745 3236 3798 si
3265 3746 3540 3800 obscurior
3559 3742 3698 3812 fuerit

2135 3830 2281 3900 lepra
2324 3842 2373 3886 et
2405 3849 2508 3887 non
2558 3835 2770 3888 creverit
2811 3836 2866 3887 in
2911 3842 3049 3898 cute,
3089 3834 3374 3889 muadabit
3404 3851 3523 3889 eum
3547 3874 3561 3896 ,
3595 3831 3703 3903 quia

2134 3922 2333 3975 scabies
2363 3932 2473 3986 est;
2504 3922 2797 3994 levabitque
2840 3923 2995 3977 homo
3025 3924 3333 3978 vestimenta
3363 3941 3465 3978 sua
3497 3932 3545 3977 ct
3568 3936 3703 3975 mu.

2134 4008 2235 4063 dus
2261 4011 2380 4063 erit.
2413 4009 2566 4074 Quod
2590 4012 2637 4063 si
2663 4021 2937 4081 postquam
2965 4027 2998 4064 a
3032 4012 3309 4067 sacerdote
3341 4014 3484 4068 nisus
3510 4021 3581 4066 est
3608 4008 3706 4063 red-

2134 4097 2278 4151 ditus
2302 4098 2594 4162 munditiis,
2626 4099 2814 4153 iterum
2840 4099 2984 4171 lepra
3025 4102 3263 4165 creverit,
3313 4105 3606 4158 adducetur
3645 4098 3706 4154 ad

2135 4204 2273 4253 eum,
2311 4198 2359 4242 et
2390 4189 2734 4244 immunditiis
2770 4191 3214 4246 condemnabitur.
3251 4193 3368 4263 (Ea:
3410 4187 3708 4264 Hesychia.)

2136 4280 2289 4337 Licet
2336 4280 2680 4337 manifestum
2724 4284 2815 4349 sit,
2846 4284 2988 4354 quod
3019 4284 3073 4339 in
3113 4287 3492 4355 suspicionem
3517 4285 3710 4340 venerit

2135 4380 2436 4440 peccatum,
2486 4385 2640 4426 mens
2685 4380 2867 4428 tamen
2914 4389 3035 4443 quas
3066 4375 3323 4444 deliquit,
3374 4392 3500 4447 qum
3536 4371 3712 4446 procul

2136 4461 2301 4516 dubio
2330 4476 2429 4530 per
2454 4470 2730 4530 aspectum
2758 4463 3109 4533 signiﬁcatur,
3136 4468 3448 4522 secundum
3479 4465 3713 4521 traditio-

2144 4566 2266 4605 nem
2285 4549 2658 4622 Septuaginta,
2676 4552 2932 4608 bumilior
2958 4569 3122 4609 carne
3150 4556 3368 4627 reliqua
3402 4572 3515 4614 non
3540 4555 3710 4615 fuerit.

2142 4641 2195 4695 id
2222 4651 2329 4707 est,
2357 4643 2645 4713 semetipsa
2674 4658 2850 4714 neque
2885 4644 2951 4698 ad
2992 4646 3371 4703 habitudinem
3401 4664 3571 4719 quam
3611 4661 3717 4702 sor-

2140 4733 2239 4788 tita
2262 4742 2345 4789 est
2368 4734 2650 4799 inﬁrmior,
2681 4749 2781 4789 nec
2808 4750 2907 4804 per
2929 4736 3185 4791 eveniens
3207 4747 3508 4806 peceatum
3533 4739 3715 4792 inurun—

2143 4827 2338 4882 taverit
2366 4842 2478 4889 cor,
2517 4826 2873 4896 dilectrixque
2901 4835 3247 4896 peccatorum
3278 4828 3462 4885 fuerit
3487 4830 3713 4884 effecta:

2140 4918 2242 4971 hoc
2280 4924 2362 4971 est
2388 4917 2530 4971 enim
2554 4931 2655 4971 nec
2678 4918 2968 4973 candorem
2989 4918 3333 4973 humiliorem
3359 4920 3541 4974 videri
3562 4930 3718 4974 carne

2140 5007 2371 5076 reliqua,
2401 5015 2458 5060 et
2503 5007 2640 5076 pilos
2664 5022 2786 5062 esse
2813 5007 3008 5062 coloris
3037 5007 3274 5077 pristini,
3308 5009 3416 5063 sed
3444 5010 3721 5065 obscurio-

2136 5113 2252 5153 rem
2295 5106 2571 5167 aspectum
2599 5136 2615 5161 ,
2673 5098 2814 5152 sicut
2858 5096 3207 5168 Septuaginta
3248 5098 3459 5164 edunt,
3489 5099 3716 5158 habeat.

2136 5205 2297 5259 quem
2325 5203 2446 5243 esse
2471 5195 2708 5242 mentem
2735 5189 3001 5254 diximus;
3050 5190 3227 5244 adhuc
3255 5190 3476 5261 quippe
3504 5197 3721 5262 propter

2134 5279 2302 5334 semel
2331 5278 2681 5335 commissum
2712 5278 2966 5334 delictum
3007 5280 3240 5334 obscura
3275 5294 3351 5335 ac
3385 5281 3562 5336 diibia
3602 5288 3679 5334 est
3699 5316 3714 5339 ν

2137 5381 2317 5428 tamen
2357 5373 2501 5427 hunc
2545 5372 2811 5427 removeri
2860 5386 2964 5425 non
3008 5372 3305 5442 praecepit,
3352 5373 3458 5429 sed
3498 5381 3564 5429 ut
3603 5384 3716 5442 pec-

2135 5474 2346 5518 cantem
2377 5465 2592 5534 quidem
2626 5473 2832 5535 septam
2855 5465 2971 5519 dies
2997 5476 3052 5519 et
3078 5464 3213 5519 alios
3253 5464 3498 5520 totidem
3546 5477 3722 5519 remo-

2135 5563 2223 5609 vet
2243 5570 2272 5608 a
2299 5555 2643 5610 tabernaculo
2672 5556 2944 5619 sacerdos,
2974 5554 3308 5624 probationis
3340 5554 3517 5610 simul
3544 5567 3721 5610 emen-

2136 5644 2474 5714 dationisque
2502 5646 2693 5717 gratia.
2714 5646 2985 5701 Munditias
3024 5662 3151 5701 vero
3180 5645 3428 5701 restituit
3454 5647 3719 5717 posthac.

2139 5734 2182 5787 si
2212 5734 2501 5803 inspiciens
2549 5736 2632 5791 bis
2676 5737 3044 5791 obscur-iorem
3112 5736 3387 5791 invenerit
3449 5735 3719 5792 maculam
