3954 6176
306 359 411 413 577

1205 357 1706 414 EXPOSlTlONES
1744 359 1811 414 1N
1852 359 2248 416 LEVITICUM.
2288 394 2360 403 —
2396 364 2525 419 LIB.
2567 365 2655 421 IV.

3366 321 3415 362 δ

3453 378 3558 431 378
3578 408 3583 409 ν

303 490 413 531 nec
450 483 783 529 crescentem
826 475 878 528 in
908 484 1037 531 cute
1080 491 1095 529 :
1125 477 1170 530 si
1211 477 1356 531 enim
1390 479 1654 534 crevisset
1694 493 1883 547 pecca-
1906 481 1957 541 Α
1986 478 2099 547 ipse
2131 478 2324 544 Petrus
2360 483 2648 541 manifeste
2666 487 2890 556 probat,
2935 506 3070 559 quas
3114 503 3298 563 aperte
3330 495 3445 564 ipse
3486 496 3555 552 ad

303 580 425 622 tum
466 573 873 633 augmentatum
920 566 1205 622 transisset
1230 567 1284 621 in
1308 582 1472 623 carne
1506 567 1732 637 reliqua,
1763 567 1873 621 dif-

300 658 601 726 fusumque
649 655 801 709 carni
844 655 1181 710 immundum
1228 671 1352 711 eum
1394 658 1486 727 qui
1533 658 1589 712 in
1642 657 1881 714 deterius

298 746 522 817 proﬁcit
547 744 893 808 ostenderet;
919 746 1047 815 quia
1074 755 1256 802 autem
1282 762 1388 802 non
1423 749 1616 811 crevit,
1638 749 1731 803 sed
1758 762 1881 816 per-

296 838 524 903 mansit,
570 836 820 892 similiter
861 845 1115 907 aspectus
1159 838 1274 894 sive
1311 841 1521 908 species
1574 842 1875 896 obscurior.

298 930 443 996 Quid
469 930 615 984 enim
638 929 924 999 iniquitate
952 929 1236 991 obscurius
1255 930 1379 984 est?
1408 931 1485 984 De
1504 946 1609 999 qua
1633 931 1875 1000 caligant

294 1022 443 1077 oculi
486 1031 549 1076 ut
569 1023 971 1092 neque-Deum,
999 1038 1178 1091 neque
1213 1023 1317 1078 hoc
1344 1023 1485 1092 quod
1509 1025 1725 1094 expedit
1746 1039 1873 1094 per-

292 1113 487 1182 spicue
512 1113 792 1168 intendere
818 1114 1231 1183 permittamur;
1271 1113 1353 1167 vel
1389 1114 1435 1167 si
1464 1123 1742 1183 aspectum
1774 1114 1873 1169 ob-

290 1202 599 1257 scuriorem
645 1202 861 1256 dubiam
892 1203 1215 1271 quibusdam
1256 1202 1635 1271 incertamque
1672 1203 1875 1258 dixeris

292 1297 509 1366 peccati
529 1295 914 1364 suspicionem,
932 1294 983 1348 id
999 1302 1105 1358 est,
1122 1304 1299 1348 utrum
1314 1295 1385 1348 sit
1398 1311 1607 1355 annon,
1626 1310 1875 1349 necessa-

294 1389 435 1441 riam
465 1387 632 1466 habet
655 1388 845 1441 ethazc
875 1386 1212 1441 sacerdotem
1243 1395 1429 1456 utpote
1455 1388 1547 1455 qui
1570 1388 1719 1441 novit
1739 1403 1874 1457 quo-

289 1477 461 1531 modo
507 1476 784 1529 munditiae
822 1477 1090 1530 restituat.
1138 1475 1239 1529 llle-
1273 1485 1455 1529 autem
1484 1476 1871 1545 simpliciorem

287 1582 415 1621 eam
444 1568 728 1621 denuntiat
748 1567 1098 1635 brevemque,
1115 1582 1255 1635 aqua
1284 1567 1496 1621 diluens
1525 1567 1866 1632 vestimenta,

288 1658 636 1727 baptismatis
657 1656 910 1711 videlicet
934 1656 1059 1710 sive
1074 1656 1426 1725 pauitantia}.
1463 1656 1565 1710 Est
1585 1658 1726 1711 enim
1750 1656 1868 1711 elli-

285 1763 387 1801 cax
430 1762 570 1816 aqua
601 1747 932 1815 paenitentiae
974 1734 1237 1816 lacryma,
1265 1760 1426 1814 quam
1456 1761 1616 1800 nemo
1644 1753 1865 1815 peccat,

1982 569 2261 636 scientem,
2297 572 2539 643 nihilque
2568 576 2906 644 ignorantem
2951 580 3137 646 refert,
3166 583 3261 637 sed
3288 585 3412 653 quia
3439 587 3553 641 dis-

1978 659 2303 727 positionem
2354 664 2800 732 perscrutabatur
2845 669 3033 734 animi,
3067 671 3278 727 dicebat
3305 674 3503 744 quippe
3532 692 3549 730 :

1981 748 2167 805 Simon
2215 750 2447 818 Joanne,
2496 772 2643 809 amas
2665 773 2748 810 me
2781 757 2809 811 .9
2855 758 3050 814 docere
3080 775 3178 815 nos
3205 762 3370 817 voluit
3411 778 3550 832 quo-

1978 842 2138 896 modo
2165 852 2629 911 perscrutaremur
2656 856 2713 901 et
2738 850 3008 917 quomodo
3043 848 3413 917 iudicaremus
3456 869 3551 923 per

1977 927 2314 998 frequentem
2342 933 2589 990 videlicet
2639 936 3083 1007 inquisitionem:
3117 952 3323 1011 septem
3365 952 3547 998 autem

1976 1019 2090 1072 dies
2110 1035 2216 1075 non
2235 1020 2434 1077 frustra
2463 1026 2667 1093 posuit,
2699 1027 2794 1081 sed
2815 1037 2874 1082 ut
2898 1032 3264 1085 necessarium
3288 1034 3541 1099 praesenti
3606 1066 3609 1071 -

1974 1106 2256 1165 intentioni
2286 1126 2567 1166 numerum
2598 1114 2913 1181 honoravit;
2940 1118 2993 1171 in
3018 1118 3135 1187 ipso
3161 1120 3358 1189 quippe
3384 1137 3546 1177 omne

1972 1197 2243 1253 vinculum
2271 1201 2552 1270 omnisque
2594 1203 2852 1273 obligatio
2882 1221 2950 1260 ex
2993 1207 3110 1278 lege
3140 1211 3406 1264 cessabat.
3441 1211 3542 1265 Se-

1970 1289 2249 1355 ptenarius
2273 1304 2401 1359 ergo
2430 1305 2686 1346 numerus
2710 1293 2875 1347 totius
2898 1294 3099 1351 habere
3120 1297 3404 1364 prtesentis
3420 1298 3545 1352 vitae

1971 1378 2209 1431 creditur
2252 1378 2660 1446 plenitudinem,
2718 1397 2837 1451 quae
2886 1383 2940 1437 in
2990 1400 3048 1441 se
3099 1397 3305 1455 septem
3353 1388 3543 1444 diebus

1970 1475 2103 1521 rota:
2128 1469 2363 1524 volvitur
2395 1472 2573 1535 modo,
2606 1488 2713 1541 quo
2741 1474 3007 1543 completo
3056 1485 3200 1531 recte
3227 1491 3388 1530 omne
3418 1492 3543 1547 pec-

1969 1568 2173 1620 catum,
2224 1574 2491 1628 omneque
2544 1561 2819 1617 vinculum
2874 1552 3055 1618 seaculi
3109 1573 3321 1631 cessat,
3351 1564 3543 1635 ‘atque

1968 1662 2129 1701 omne
2180 1649 2499 1703 servitium:
2553 1653 3184 1721 quamobremseptima
3240 1656 3293 1709 in
3345 1656 3544 1713 divinis

1969 1733 2266 1804 Scripturis
2308 1739 2521 1806 requies
2574 1741 2887 1797 nominatur
2913 1782 2928 1807 ,
2983 1724 3437 1813 quemadmodum
3487 1755 3545 1805 et

284 1837 480 1904 gratiae
508 1836 765 1906 reliquias
800 1836 1118 1905 appellando
1146 1836 1510 1904 baptismatis.
1558 1834 1711 1901 Quod
1734 1850 1864 1904 ergo
1894 1821 1940 1879 Β
1969 1823 2165 1879 Paulus
2195 1826 2260 1881 de
2288 1826 2467 1898 Moyse
2495 1830 2570 1881 ait
2597 1848 2610 1883 :
2643 1830 2789 1884 Dixit
2820 1832 2965 1887 enim
2993 1834 3047 1887 in
3076 1836 3309 1902 quodam
3333 1835 3453 1891 loco
3474 1837 3544 1893 de

286 1929 363 1981 ita
402 1942 463 1981 se
493 1927 656 1981 habet
685 1945 698 1980 :
728 1925 1079 1996 Septuaginta
1115 1925 1385 1995 passionis
1407 1924 1862 1994 signiﬁcationem

283 2025 579 2085 prOpterea
604 2016 911 2078 ediderunt,
941 2014 1068 2083 quia
1095 2028 1217 2084 quae
1241 2021 1369 2069 sunt
1389 2012 1597 2068 occulta
1623 2027 1691 2066 ex
1712 2019 1864 2081 parte

282 2104 529 2172 prodidit
569 2112 626 2158 et
659 2103 827 2158 latere
854 2103 1165 2158 omnimodo
1190 2118 1297 2158 non
1328 2103 1597 2173 permisit,
1643 2101 1739 2156 sed
1777 2101 1861 2155 in.—

279 2193 467 2247 stituit
496 2193 830 2247 sacerdotem
857 2192 1053 2247 medici
1081 2193 1255 2248 vicem
1300 2193 1354 2247 in
1388 2191 1492 2246 hoc
1535 2192 1824 2246 habentem
1847 2232 1861 2256 ,

278 2284 431 2352 quod
458 2282 913 2337 medicamentum
961 2282 1159 2337 debeat
1200 2282 1459 2336 adhibere
1501 2281 1765 2350 siquidem
1806 2288 1864 2336 et

278 2371 554 2432 adhibuit.
584 2375 665 2430 Tu
695 2384 872 2430 autem
899 2390 1229 2445 cognoscens
1250 2376 1379 2444 quia
1407 2374 1861 2444 signiﬁcationem

277 2466 519 2536 appellet
541 2465 646 2520 tale
666 2476 968 2535 peccatum,
992 2479 1098 2519 non
1130 2465 1432 2520 abscondas
1452 2463 1654 2518 malum
1677 2478 1711 2517 a
1731 2477 1862 2518 vero

276 2558 592 2621 sacerdote,
640 2556 768 2611 licet
816 2556 1041 2610 dubium
1097 2563 1405 2624 tectumque
1464 2554 1537 2609 sit
1580 2553 1723 2617 aliis,
1763 2552 1858 2607 sed

276 2648 510 2705 ostende
539 2661 602 2701 ac
628 2646 824 2716 prode;
857 2646 1047 2700 diebus
1081 2645 1224 2699 enim
1268 2643 1591 2713 quibusdam
1618 2651 1672 2697 te
1704 2657 1862 2711 sepa-

278 2753 412 2791 rans
439 2736 695 2790 sacerdos
721 2750 751 2789 a
786 2730 1489 2794 sanctorumtabernaculo,
1517 2745 1708 2785 rursus
1742 2746 1859 2784 sus-

273 2828 468 2898 cipiet,
514 2841 703 2880 rursus
739 2840 846 2895 quo
887 2834 1101 2894 oportet
1143 2823 1304 2877 modo
1342 2823 1662 2877 vestimenta
1706 2822 1865 2891 prius

272 2917 487 2980 carnis,
514 2916 652 2970 sicut
674 2916 750 2969 ait
780 2915 1075 2984 legislator,
1095 2914 1411 2977 diluentcm,
1440 2912 1534 2966 sed
1549 2911 1671 2967 vide
1694 2919 1746 2965 et
1773 2925 1859 2964 ve-

274 3008 427 3061 niam
453 3005 759 3076 percipiens
796 3005 1005 3060 custodi
1032 3019 1099 3058 ne
1120 3003 1350 3072 polluas,
1375 3011 1663 3071 postquam
1688 2999 1856 3055 semel

275 3098 478 3152 laverit
502 3099 739 3153 tunicam
764 3097 974 3158 carnis;
995 3111 1118 3151 nam
1136 3099 1184 3149 si
1212 3095 1377 3149 etiam
1402 3104 1525 3163 post
1551 3094 1667 3149 hinc
1693 3093 1858 3165 signi-

1966 1915 2054 1969 die
2082 1917 2308 1985 septima
2330 1918 2428 1982 sic,
2455 1917 2526 1971 Et
2545 1921 2762 1973 cessavit
2784 1920 2925 1976 Deus
2951 1922 3015 1975 ab
3037 1924 3276 1977 omnibus
3299 1927 3542 1994 operibus

1964 2008 2110 2070 suis;
2137 2016 2193 2062 et
2217 2007 2380 2076 paulo
2420 2017 2547 2078 post
2585 2009 2823 2066 subdidit
2852 2029 2864 2064 :
2899 2011 3002 2077 Qui
3044 2025 3215 2067 autem
3241 2014 3451 2069 intravit
3483 2016 3540 2069 in

1965 2097 2205 2165 requiem
2225 2095 2361 2164 ejus,
2392 2106 2439 2149 et
2468 2096 2576 2166 ipse
2601 2098 2844 2167 requievit
2873 2099 2937 2152 ab
2968 2100 3208 2169 operibus
3242 2101 3375 2165 suis,
3402 2102 3537 2154 sicut

1961 2195 2009 2239 et
2031 2203 2064 2238 a
2090 2188 2200 2243 suis
2224 2186 2363 2241 Deus
2394 2187 2551 2258 (Heb.
2575 2188 2650 2260 iv)
2680 2207 2691 2241 :
2725 2190 2820 2243 sed
2839 2199 2892 2243 et
2919 2190 3274 2247 Ecclesiastes
3309 2190 3422 2249 ait:
3452 2189 3536 2244 Da

1960 2286 2163 2346 partem
2190 2289 2405 2349 septem,
2437 2296 2527 2335 nec
2555 2298 2655 2335 non
2681 2292 2729 2335 et
2755 2281 3086 2353 oeto(Eccle.
3117 2285 3219 2353 XI),
3248 2283 3538 2352 providen-

1962 2367 2092 2423 tiam
2122 2368 2310 2424 haberi
2355 2370 2638 2438 praesentis
2665 2370 2844 2425 saeculi
2893 2371 3213 2440 praecipiens
3258 2379 3313 2426 et
3342 2369 3531 2426 futuri.

1963 2454 2132 2527 Plaga
2153 2457 2309 2527 lepra:
2336 2460 2383 2512 si
2417 2458 2574 2527 fuerit
2599 2460 2653 2513 in
2680 2460 2909 2523 homine,
2935 2459 3228 2512 adducetur
3264 2458 3335 2511 ad
3361 2474 3537 2513 sacer-

1960 2547 2131 2602 dotem
2179 2557 2229 2602 et
2272 2550 2466 2605 uidebit
2507 2566 2660 2614 eum;
2700 2566 2917 2619 euntque
2962 2548 3107 2603 color
3144 2547 3294 2603 albus
3332 2549 3396 2613 in
3421 2558 3539 2603 cute

1959 2638 2136 2708 fuerit,
2164 2649 2214 2693 et
2248 2639 2559 2710 capillorum
2598 2642 2875 2695 mutaverit
2917 2650 3214 2710 aspectum,
3260 2640 3372 2710 ipsa
3401 2655 3536 2710 quo-

1960 2716 2057 2800 que
2100 2747 2224 2784 caro
2250 2732 2361 2786 viva
2390 2731 2676 2801 apparebit,
2709 2730 2853 2801 lepra
2885 2732 3231 2785 vetustissima
3270 2730 3539 2801 judicabi-

1958 2829 2063 2884 tur,
2096 2829 2255 2890 atque
2280 2820 2464 2874 inclita
2491 2821 2641 2873 cuti:
2673 2819 3048 2873 contaminabit
3083 2821 3258 2889 itaque
3282 2835 3401 2873 eum
3441 2834 3532 2872 sa-

1960 2909 2140 2967 cerdos
2184 2920 2234 2964 et
2283 2927 2387 2964 non
2418 2910 2668 2977 recludet,
2712 2912 2836 2982 quia
2882 2912 3153 2982 perspicue
3196 2909 3533 2964 immunditia

1958 3017 2051 3060 est.
2083 3001 2190 3074 (Ea:
2236 3001 2543 3074 Hesychia.)
2589 3004 2665 3058 De
2684 3004 2880 3072 quibus
2906 3003 3051 3056 enim
3096 3002 3344 3071 superius
3374 3000 3535 3071 plane

1957 3104 2121 3164 atque
2179 3093 2505 3149 sufﬁcienter
2554 3094 2839 3162 exposuit,
2904 3094 2970 3148 de
3025 3093 3111 3148 his
3176 3093 3289 3147 haec
3342 3106 3533 3148 rursus

277 3186 469 3240 licatio
495 3184 765 3255 passionis
792 3182 1040 3238 inciderit
1059 3182 1121 3236 in
1143 3159 1417 3250 pellicula,
1445 3180 1529 3234 vel
1557 3159 1853 3235 secundum
1881 3159 1925 3220 C
1957 3159 2170 3240 videtur
2198 3186 2474 3254 legislator
2498 3159 2752 3253 adicere,
2785 3186 2877 3241 sed
2905 3202 3011 3241 non
3044 3185 3119 3241 ita
3158 3193 3279 3241 est:
3325 3199 3451 3239 nam
3475 3193 3533 3240 et

273 3284 525 3330 nostram
574 3275 883 3335 editionem,
936 3273 1172 3327 creverit
1213 3280 1270 3325 et
1321 3286 1511 3325 rursus
1557 3286 1587 3324 a
1639 3270 1852 3325 meliori

273 3375 433 3435 parte
460 3366 526 3420 ad
558 3374 835 3434 peccatum
868 3363 1120 3418 reciderit
1146 3370 1615 3430 commutatusque
1655 3362 1852 3425 fuerit,

271 3455 483 3510 videbit
515 3454 769 3509 sacerdos
797 3461 852 3507 et
879 3453 1018 3507 illico
1047 3461 1353 3521 vergentem
1383 3451 1451 3505 ad
1478 3451 1743 3505 deteriora
1769 3465 1851 3504 re-

272 3545 523 3613 periens,
574 3543 931 3597 immunditias
981 3541 1394 3605 condemnabit,
1452 3542 1854 3608 subsequuntur

272 3632 633 3703 Septuaginta
663 3640 718 3687 et
745 3633 930 3687 dicunt
957 3631 1083 3701 quia
1129 3632 1278 3701 lepra
1321 3640 1407 3686 est
1452 3648 1464 3684 :
1497 3638 1682 3698 aperte
1708 3630 1859 3685 enim.

272 3722 438 3792 huius
463 3725 557 3793 qui
574 3723 696 3778 talis
721 3731 822 3787 est,
845 3723 1022 3777 anima
1046 3723 1113 3776 ad
1133 3720 1386 3791 profanas
1399 3720 1677 3775 declinans
1700 3718 1853 3773 volu-

269 3824 456 3886 ptates
488 3815 702 3885 leprosa
732 3814 809 3868 ﬁt.
843 3813 1133 3883 Pmpterea
1160 3822 1216 3866 et
1256 3811 1476 3875 Paulus,
1508 3810 1601 3879 qui
1647 3810 1700 3864 in
1742 3809 1848 3864 Co-

273 3908 459 3963 rintho
509 3907 805 3962 fornicatus
849 3914 934 3961 est
963 3904 1013 3977 (1
1061 3903 1184 3958 Cor.
1229 3902 1305 3973 v),
1349 3904 1475 3972 quia
1524 3902 1850 3972 signiﬁcatio

271 3999 459 4068 passio
481 3998 606 4063 fuit,
638 3997 924 4052 manifesta
956 3998 1101 4051 enim
1127 4004 1245 4051 erat
1272 4011 1372 4050 nec
1393 3995 1785 4061 occultabatur,
1816 4011 1849 4050 a

272 4096 591 4144 sanctorum
620 4089 848 4143 removit
875 4086 1242 4151 tabernaculo,
1286 4094 1341 4140 et
1386 4086 1522 4140 tradi
1550 4086 1764 4140 Satanae
1790 4086 1845 4140 in

272 4181 551 4234 interitum
576 4180 757 4234 carnis
786 4178 1042 4248 praecepit
1078 4194 1090 4229 :
1126 4177 1366 4246 quicum
1396 4177 1721 4246 inspexisset
1756 4191 1845 4230 se-

271 4270 450 4326 cundo
482 4269 786 4338 passionem
816 4276 871 4322 et
898 4267 1127 4321 vidisset
1146 4266 1273 4334 quia
1315 4282 1421 4320 non
1450 4268 1636 4328 crevit,
1670 4266 1763 4321 sed
1791 4273 1853 4320 et

271 4375 399 4413 eum
427 4358 519 4427 qui
555 4372 749 4427 passus
778 4356 953 4411 fuerat
980 4370 1076 4424 per
1101 4355 1366 4424 lacrymas
1393 4354 1721 4422 paenitentiae
1754 4371 1848 4408 ve-

270 4458 413 4503 Stem
441 4447 627 4502 carnis
656 4446 913 4510 abluisse,
943 4460 974 4499 e
1003 4445 1228 4513 vestigio
1256 4443 1455 4512 suscipi
1479 4443 1661 4511 jussit.
1692 4443 1846 4510 Quod

270 4544 452 4592 au’tem
499 4545 703 4605 septem
733 4536 921 4590 diebus
961 4550 992 4588 a
1016 4535 1364 4589 tabernaculo
1396 4549 1501 4587 non
1532 4533 1700 4589 semel
1749 4535 1849 4588 sed

273 4628 355 4682 his
401 4628 657 4682 sacerdos
685 4633 994 4694 susceptum
1042 4632 1274 4692 separat,
1320 4638 1562 4692 qtuerere
1605 4631 1661 4675 et
1704 4624 1844 4678 scire

270 4715 547 4771 studiosos
565 4723 798 4783 oportet,
828 4714 1064 4768 secundo
1089 4713 1353 4782 siquidem
1377 4713 1478 4766 hoc
1507 4713 1621 4767 ﬁeri
1654 4714 1707 4766 in
1729 4713 1845 4783 lege

272 4814 496 4877 propter
519 4805 623 4860 hoc
651 4813 976 4873 pneceptum
1007 4813 1093 4858 est
1119 4812 1182 4856 ut
1200 4803 1509 4857 ostenderet
1537 4818 1643 4856 non
1678 4803 1843 4871 negli-

273 4905 464 4969 genter
489 4898 585 4952 sed
612 4896 855 4951 studiose
906 4910 1035 4950 eum
1062 4894 1259 4948 debere
1288 4893 1500 4961 inspici,
1548 4901 1604 4946 et
1647 4893 1845 4962 duplici

272 4987 591 5056 probatione
644 4994 937 5048 transacta,
991 4983 1295 5039 districtum
1341 4983 1394 5035 in
1442 4998 1506 5036 eo
1556 4982 1673 5036 ﬁeri
1700 4982 1846 5051 judi-

275 5080 438 5135 cium.
471 5078 812 5134 Manifestum
839 5077 1035 5146 quippe
1060 5085 1180 5130 erat
1208 5076 1476 5131 sacerdoti
1520 5084 1802 5145 peccatum
1828 5116 1843 5140 ,

274 5172 368 5226 sed
410 5186 537 5227 cum
564 5171 801 5225 animum
832 5168 1067 5237 passioni
1088 5168 1514 5222 consentientem
1537 5168 1844 5236 suspicaba-

277 5269 383 5325 tur,
414 5275 525 5315 non
573 5269 753 5314 tamen
784 5257 1069 5312 manifeste
1100 5257 1325 5319 sciebat,
1355 5258 1661 5311 necessario
1689 5256 1840 5310 illum

276 5348 473 5405 iterum
506 5347 826 5417 inspiciebat
862 5365 874 5399 :
908 5354 993 5402 est
1031 5347 1227 5415 quippe
1255 5345 1540 5399 invisibilis
1567 5353 1623 5399 et
1648 5345 1713 5398 ad
1756 5345 1842 5398 in-

278 5438 605 5508 spectionem
633 5436 883 5494 diliicilis.
918 5436 1055 5491 Hinc
1087 5436 1346 5490 Dotninus
1373 5452 1477 5489 non
1504 5435 1667 5497 semel
1698 5434 1844 5488 Petri

278 5529 516 5583 animum
569 5537 690 5599 post
737 5527 1097 5597 negationem,
1149 5526 1244 5580 sed
1292 5524 1527 5579 secundo
1573 5539 1636 5578 ac
1685 5526 1846 5579 tertio

281 5625 725 5691 quernadmodum
774 5638 833 5677 se
880 5622 1103 5675 haberet
1154 5620 1449 5688 interrogat
1489 5617 1668 5687 (Joan.
1703 5620 1846 5685 XXI),

286 5730 386 5766 nun
416 5726 471 5768 ut
516 5716 807 5782 ignorans,
840 5715 939 5767 hoc
982 5713 1123 5767 enim
1170 5712 1220 5765 in
1264 5711 1702 5780 respensiouibus
1733 5713 1845 5767 suis

1955 3279 2003 3332 si
2030 3278 2215 3333 verbis
2253 3287 2338 3333 est
2386 3278 2715 3347 proximum,
2749 3278 2976 3332 multum
3028 3285 3208 3333 tamen
3259 3276 3530 3332 diversam

1955 3377 2119 3439 atque
2145 3368 2481 3424 dili'ereutem
2520 3370 2682 3423 habet
2714 3369 3097 3431 intentionem;
3142 3366 3230 3420 hic
3260 3365 3529 3434 siquidem

1954 3476 2058 3514 non
2093 3461 2158 3515 de
2183 3459 2423 3529 quolibet
2452 3460 2767 3528 simpliciter
2794 3466 3036 3528 peccato,
3071 3457 3163 3511 sed
3211 3456 3277 3510 de
3308 3454 3533 3511 manife-

1953 3559 2035 3604 sta
2066 3550 2497 3619 transgressione
2526 3548 2710 3618 legalis
2737 3549 2870 3602 dicit
2895 3547 3110 3611 litterae,
3139 3556 3361 3617 propter
3382 3546 3529 3616 quod

1952 3641 2161 3709 plagam
2194 3638 2357 3706 lepra}
2381 3638 2685 3705 passionem
2710 3637 2881 3705 ipsam
2909 3635 3216 3705 appellavit.
3239 3634 3353 3688 Non
3379 3635 3531 3705 igno-

1952 3745 2137 3784 ramus
2160 3737 2339 3783 autem
2370 3728 2494 3796 quia
2527 3726 2732 3794 lepram
2762 3726 3060 3780 dixerimus
3089 3724 3221 3793 legis
3245 3738 3368 3778 esse
3391 3739 3533 3793 prat-

1949 3820 2358 3880 varicationem,
2391 3818 2516 3887 quia
2552 3823 2711 3871 nocet
2739 3815 2902 3869 etiam
2946 3829 3068 3869 cum
3108 3814 3395 3883 partitialis
3421 3812 3524 3878 sit,

1950 3909 2093 3963 sicut
2120 3908 2290 3977 lepra,
2324 3907 2447 3961 licet
2473 3922 2695 3977 parvam
2725 3913 2928 3975 partem
2960 3904 3381 3973 comprehendat
3404 3918 3528 3959 cor-

1948 3999 2116 4070 poris.
2148 4000 2319 4067 Quam
2358 4008 2537 4054 autem
2567 3998 2735 4069 legem
2765 3997 3076 4052 existimant
3101 3995 3394 4066 propriam,
3420 4010 3535 4050 non

1950 4106 2070 4145 eam
2100 4105 2221 4159 qua:
2251 4098 2337 4146 est
2360 4091 2427 4145 de
2473 4084 2674 4144 invidia
2706 4100 2761 4144 et
2807 4089 3074 4143 adulterio
3099 4128 3114 4151 ,
3145 4088 3438 4157 rapacitate
3472 4093 3535 4140 et

1950 4182 2198 4245 avaritia,
2243 4190 2298 4234 et
2339 4180 2406 4235 de
2454 4180 2784 4234 honorandis
2810 4179 3146 4247 parentibus,
3175 4184 3300 4233 nam
3330 4176 3526 4231 similis

1949 4270 2031 4324 lex
2059 4278 2178 4324 erat
2197 4277 2251 4324 et
2280 4267 2560 4338 gentibus;
2592 4268 2685 4322 sed
2731 4282 2850 4321 eam
2880 4282 3001 4335 quae
3029 4267 3095 4320 de
3138 4265 3424 4320 sacriﬁciis
3463 4273 3522 4320 et

1948 4359 2417 4431 puriﬁcationibus
2442 4357 2742 4422 sanciebat,
2771 4372 2875 4410 non
2910 4364 3124 4426 tangas,
3175 4370 3283 4409 non
3317 4363 3531 4425 gustes,

1950 4465 2056 4504 non
2087 4456 2391 4503 contractos
2428 4462 2548 4500 eam
2600 4461 2721 4516 qua:
2766 4445 3079 4499 circumcidi
3110 4458 3328 4498 carnem
3366 4441 3526 4511 jube-

1952 4540 2064 4594 bat.
2103 4536 2228 4592 Haac
2258 4536 2401 4591 enim
2447 4542 2604 4589 erant
2651 4534 2767 4604 ejus
2816 4533 3055 4603 propria,
3101 4547 3224 4587 cum
3274 4532 3537 4602 gentibus

1953 4630 2387 4686 communionem
2434 4644 2539 4682 non
2587 4627 2861 4683 habentia.
2913 4626 2971 4681 Si
3012 4641 3142 4697 ergo
3170 4626 3323 4697 plaga
3363 4626 3535 4697 hujus

1952 4724 2114 4794 [sprae
2137 4724 2190 4777 in
2214 4721 2433 4776 homine
2456 4729 2574 4776 orta
2602 4719 2790 4785 fuerit,
2817 4726 2872 4772 et
2893 4718 3080 4774 videns
3097 4733 3219 4773 eum
3242 4720 3522 4783 sacerdos,

1954 4815 2131 4868 album
2153 4813 2385 4868 colorem
2410 4812 2461 4866 in
2486 4821 2607 4867 cute
2634 4811 2987 4881 perSpexerit,
3017 4809 3522 4879 prtevaricationem

1953 4903 2315 4967 manifestam,
2363 4912 2714 4972 apertamque
2751 4901 2968 4964 litteris,
3001 4899 3196 4970 illeque
3243 4899 3529 4954 voluntate

1952 5003 2111 5065 atque
2140 5010 2207 5051 ex
2252 4990 2455 5063 judicio
2482 4993 2675 5064 egerit,
2718 4993 2818 5046 hoc
2847 4991 2990 5046 enim
3035 5005 3155 5046 esse
3200 4989 3525 5059 capillorum

1953 5093 2228 5153 aspectum
2278 5085 2330 5137 in
2364 5083 2544 5138 album
2575 5083 2796 5146 mutari,
2826 5081 2878 5135 id
2906 5091 3010 5146 est,
3060 5089 3245 5149 aperte
3275 5080 3523 5133 animum-

1952 5175 2005 5229 in
2036 5176 2211 5243 aliqua
2256 5174 2696 5243 prtevaricatione
2737 5169 3044 5235 transferri,
3091 5169 3338 5239 superius
3374 5166 3515 5220 dixi-

1953 5281 2101 5328 mus;
2130 5264 2292 5318 habet
2316 5272 2494 5318 autem
2522 5263 2637 5332 ipsa
2656 5261 2863 5332 species
2884 5260 3059 5313 vivam
3083 5273 3325 5319 carnem,
3350 5263 3408 5308 ut
3423 5252 3517 5321 qui

1953 5356 2198 5412 videlicet
2224 5363 2277 5409 et
2304 5356 2351 5409 si
2377 5355 2432 5408 in
2457 5353 2637 5422 aliquo
2659 5351 3068 5421 transgreditur,
3101 5350 3152 5402 in
3182 5347 3302 5401 aliis
3329 5353 3517 5398 tamen

1947 5444 2117 5515 legem
2139 5443 2570 5512 defendit,quam
2597 5439 2797 5495 frustra
2822 5454 3006 5493 sanam
3031 5449 3249 5491 carnem
3276 5431 3522 5502 appella-

1949 5544 2051 5599 ret,
2070 5536 2172 5590 nisi
2187 5544 2243 5589 et
2264 5537 2457 5590 beatus
2477 5532 2674 5586 Paulus
2706 5532 2783 5587 sic
2812 5530 2956 5584 illam
2979 5524 3275 5597 appellasse
3298 5523 3525 5577 viere-

1950 5625 2198 5689 tur;~ait
2246 5624 2389 5678 enim
2431 5642 2444 5677 :
2492 5621 2724 5676 Justitiis
2776 5619 2950 5672 carnis
2988 5630 3148 5685 usque
3193 5612 3262 5666 ad
3312 5621 3523 5682 tempus

1947 5714 2281 5768 correctionis
2310 5713 2559 5782 impositis
2589 5709 2776 5780 (Hebr.
2808 5708 2919 5772 tx);
2948 5709 3093 5774 lt‘pt'a
3146 5704 3524 5763 vetustissium
