3954 6176
416 408 523 463 379

1056 402 1118 456 B.
1160 401 1418 456 RABANI
1459 400 1680 458 MAURI
1718 400 2039 455 ARCIIIEP.
2081 400 2393 457 MOGUNT.
2433 401 2719 458 OPERUM
2762 403 2942 460 PARS
2980 403 3021 458 Ι.

3577 412 3684 466 580

404 518 756 589 judicabitur,
812 514 1150 569 consenescit
1194 512 1338 568 enim
1378 523 1605 584 peccato
1629 523 1685 569 et
1731 528 1837 568 non
1865 528 1989 567 cor-
2020 515 2071 573 Α
2096 523 2147 567 ct
2176 516 2392 583 quidem
2419 516 2745 573 obedierunt
2768 528 3031 587 quantum
3053 523 3121 575 ad
3145 523 3340 578 faciem
3367 532 3685 596 apparentia

415 608 705 677 rumpitur,
750 604 877 673 quia
910 619 1144 673 pugnam
1175 603 1229 657 in
1261 618 1320 658 se
1363 605 1676 658 continuam
1722 614 1776 659 et
1818 605 1991 657 rixam

414 696 601 757 habet,
633 695 759 747 dum
785 693 836 745 in
868 692 1140 760 aliquibus
1168 691 1340 762 legem
1369 693 1617 761 despicit,
1641 694 1696 748 in
1723 693 1995 763 aliquibus

414 782 673 846 defendit,
708 792 926 853 propter
954 783 1096 850 quod
1123 798 1246 835 eum
1279 798 1343 837 co
1368 785 1612 838 staminat
1647 785 1900 839 sacerdos
1942 793 1996 837 et

414 887 521 927 non
546 872 793 936 recludit,
816 872 920 935 vel,
953 873 1092 926 sicut
1120 871 1492 941 Septuaginta,
1522 882 1576 927 et
1602 883 1835 943 separat,
1870 873 1997 942 quia

412 964 695 1032 perspicue
728 963 1064 1016 immunditia
1112 972 1213 1017 est.
1249 962 1533 1030 Quomodo
1561 965 1705 1018 enim
1753 980 1860 1019 non
1897 965 1994 1019 ab-

412 1051 719 1106 ominabilis
748 1059 803 1104 et
838 1052 1145 1105 immundus
1183 1059 1297 1117 est,
1340 1053 1431 1122 qui
1480 1053 1652 1123 legem
1684 1053 1993 1116 inhonorat,

415 1156 577 1210 quam
628 1142 741 1209 ipsc
771 1140 873 1193 sibi
920 1143 1286 1194 necessariam
1334 1157 1456 1196 esse
1501 1158 1568 1197 ex
1612 1150 1771 1212 parte
1815 1155 1998 1197 custo-

417 1216 616 1283 diendo
664 1228 989 1282 conlirmat?
1035 1227 1132 1283 Sin
1172 1240 1343 1282 autem
1388 1232 1666 1300 eﬂloruerit
1699 1232 1997 1286 discurrens

416 1317 559 1387 lepra
582 1318 638 1371 in
668 1326 784 1370 rute
800 1326 847 1370 et
872 1318 1131 1386 operuerit
1154 1335 1356 1371 omnem
1378 1318 1570 1384 cutem,
1592 1337 1624 1372 a
1645 1321 1818 1394 capite
1837 1338 1997 1390 usque

416 1408 485 1461 ad
512 1408 690 1478 pedes,
718 1407 973 1477 quidquid
1005 1408 1100 1460 sub
1128 1419 1342 1478 aspectu
1380 1410 1651 1463 oculorum
1679 1412 1844 1477 cadit,
1868 1421 1999 1465 ‘con-

412 1496 661 1550 siderabit
706 1512 824 1549 eum
873 1496 1141 1561 sacerdos,
1186 1507 1233 1550 et
1270 1498 1434 1551 teneri
1470 1498 1614 1567 lepra
1645 1501 1995 1555 mundissima

412 1586 693 1654 iudicabit,
720 1602 780 1638 eo
807 1586 948 1654 quod
975 1586 1143 1639 omnis
1172 1587 1226 1639 in
1247 1587 1528 1640 candorem
1556 1604 1706 1641 versa
1734 1590 1825 1653 sit,
1850 1599 1898 1642 et
1918 1591 1999 1642 id-

414 1679 552 1731 circo
585 1677 741 1731 homo
770 1677 996 1731 mundus
1026 1676 1144 1729 erit.
1177 1676 1402 1741 Quando
1440 1693 1554 1730 vero
1580 1693 1704 1731 caro
1730 1680 1903 1733 vivens
1941 1681 1996 1734 in

413 1784 473 1821 eo
518 1769 844 1838 apparuerit,
891 1777 1014 1821 tunc
1060 1768 1346 1821 sacerdotis
1376 1769 1584 1837 judicio
1624 1768 1909 1838 polluetur,
1946 1780 1993 1823 et

2096 605 2308 659 litterae.
2341 605 2445 660 Sed
2476 622 2581 661 non
2609 608 2832 662 obedire
2862 609 3020 674 dixit,
3069 625 3175 665 non
3223 614 3446 668 obedire
3489 620 3684 680 menti,

2097 708 2194 746 nec
2225 694 2535 759 intentioni,
2565 697 2660 750 sed
2704 696 2758 749 in
2787 697 2916 751 solis
2942 697 3141 754 litteris
3176 700 3347 769 legem
3378 704 3583 767 dantis,
3616 723 3685 761 ex

2096 782 2440 836 multitudine
2468 798 2588 852 quae
2626 792 2847 852 putatur
2872 787 3231 843 immunditize
3261 792 3562 847 secundum
3609 795 3687 849 le-

2098 889 2217 943 gem
2248 875 2480 929 mundus
2519 874 2778 941 ellicitur;
2809 878 2882 931 ita
2917 886 2974 931 et
3000 879 3151 945 plebs
3177 880 3246 935 de
3292 884 3546 953 gentibus
3569 925 3585 947 ,
3631 886 3686 940 in

2098 964 2441 1018 multitudine
2466 973 2520 1018 et
2547 964 2880 1034 perfectione
2907 967 3097 1038 legalis
3123 970 3320 1026 litterae
3348 976 3687 1041 pranarica-

2100 1055 2261 1107 tionis
2287 1055 2485 1108 munda
2509 1068 2605 1123 per
2631 1056 2801 1123 ipsam
2826 1056 3000 1126 legem
3022 1056 3273 1123 edicitur,
3312 1076 3433 1130 qua:
3461 1078 3570 1117 non
3602 1065 3685 1118 lit-

2099 1153 2272 1198 teram
2300 1144 2393 1198 sed
2422 1144 2718 1212 spiritalem
2751 1145 2988 1200 mandati
3016 1149 3211 1215 quaerit
3239 1150 3680 1220 intelligentiam.

2099 1232 2237 1285 Caro
2279 1242 2328 1285 et
2355 1234 2489 1287 cutis
2517 1234 2573 1285 in
2622 1250 2727 1302 qua
2756 1233 2905 1288 ulcus
2947 1245 3127 1288 natum
3152 1247 3226 1290 est
3256 1247 3304 1291 et
3327 1250 3600 1304 sanatum,
3627 1254 3677 1295 et

2098 1322 2152 1373 in
2198 1320 2310 1373 loco
2338 1320 2527 1374 ulceris
2557 1323 2778 1376 cicatrix
2821 1327 3123 1393 apparuerit
3148 1325 3270 1379 alba
3306 1329 3412 1381 sire
3433 1331 3684 1399 subrufo,

2098 1409 2391 1463 adducetur
2410 1410 2564 1465 homo
2588 1412 2657 1465 ad
2684 1412 3027 1475 sacerdotem,
3047 1416 3138 1484 qui
3161 1432 3279 1470 cum
3300 1418 3484 1471 viderit
3509 1419 3685 1474 locum

2098 1499 2256 1571 lepra:
2305 1501 2637 1556 humiliorem
2684 1520 2844 1558 carne
2898 1505 3114 1575 reliqua,
3147 1517 3195 1560 et
3245 1508 3378 1576 pilos
3427 1488 3602 1565 υἷι-θος
3632 1513 3688 1565 in

2098 1590 2401 1656 candorem,
2440 1593 2813 1646 contaminabit
2839 1609 2957 1646 eum
2981 1610 2999 1647 :
3025 1594 3183 1665 plaga
3209 1596 3349 1649 enim
3378 1596 3537 1666 leprte
3568 1610 3689 1651 orta

2096 1689 2171 1732 est
2196 1680 2249 1733 in
2275 1679 2466 1735 ulcere.
2495 1680 2648 1746 Quod
2677 1683 2723 1736 si
2750 1682 2888 1752 pilus
2925 1682 3115 1738 coloris
3158 1695 3232 1738 est
3261 1687 3493 1756 pristini,
3527 1698 3577 1741 et
3607 1690 3689 1741 ci-

2098 1772 2268 1824 catria:
2307 1770 2646 1836 subobscure,
2692 1782 2738 1826 et
2772 1774 2941 1827 vicina
2986 1791 3110 1828 caro
3142 1792 3246 1830 non
3287 1788 3362 1831 est
3393 1779 3686 1845 humilior,

414 1860 552 1912 inter
592 1859 889 1911 immundos
919 1858 1271 1927 reputabitur;
1294 1876 1415 1912 caro
1444 1862 1581 1913 enim
1612 1861 1745 1925 viva,
1774 1862 1820 1914 si
1850 1861 1994 1931 lepra
2023 1851 2071 1909 Β
2100 1860 2325 1914 recludet
2354 1878 2472 1914 eum
2499 1874 2689 1931 septem
2718 1863 2920 1929 diebus,
2952 1874 3000 1918 et
3046 1867 3302 1937 siquidem
3341 1870 3556 1923 creuerit
3589 1869 3687 1924 ad-

414 1961 745 2021 aspergatur,
777 1951 1047 2003 immunda
1072 1960 1169 2004 est.
1207 1949 1360 2016 Quod
1408 1953 1453 2005 si
1484 1969 1666 2007 rursus
1698 1970 1845 2007 versa
1884 1954 1998 2022 fue-

416 2040 482 2093 rit
509 2040 565 2093 in
592 2039 821 2093 alborem
849 2049 897 2093 et
945 2049 1112 2105 totum
1139 2041 1400 2094 hominem
1433 2044 1695 2113 operuerit
1714 2084 1729 2108 ,
1760 2044 2001 2097 conside-

416 2129 553 2182 rabit
583 2145 701 2182 eum
729 2129 994 2193 sacerdos,
1029 2138 1077 2181 et
1108 2130 1436 2184 immundum
1468 2148 1578 2185 esse
1599 2133 1862 2188 decernet.
1894 2132 2002 2204 (Ea:

418 2219 725 2292 Hesychia.)
776 2220 1005 2289 Lepram
1056 2221 1110 2274 in
1158 2230 1281 2276 cute
1312 2222 1601 2278 didicimus
1647 2223 1835 2294 legalis
1881 2238 2002 2278 esse

420 2311 616 2364 littera:
644 2312 1148 2380 praevaricationem
1173 2328 1186 2363 :
1217 2312 1354 2366 bene
1383 2320 1565 2368 autem
1588 2314 1747 2379 dixit,
1774 2317 1831 2367 in
1861 2324 1999 2379 cute,

420 2400 548 2469 quia
607 2401 853 2463 sabbati,
907 2401 1339 2455 circumcisionis
1383 2402 1469 2455 vel
1524 2402 2003 2471 puriﬁcationum,

422 2507 544 2561 quae
579 2506 676 2559 per
720 2491 891 2561 legem
926 2492 1263 2565 sanciantur,
1314 2494 1674 2564 transgressio
1715 2510 1821 2549 non
1849 2493 2004 2548 aliert

425 2580 619 2634 animae
653 2580 957 2644 laasionem,
978 2590 1194 2635 coercet
1230 2583 1429 2652 quippe
1463 2584 1599 2654 legis
1632 2584 1812 2638 littera
1854 2593 2009 2638 exte-

423 2670 625 2725 riorem
655 2671 949 2724 hominem.
977 2669 1034 2724 Si
1062 2686 1190 2741 ergo
1216 2672 1406 2726 eadem
1433 2672 1582 2744 lepra
1614 2682 1760 2745 tegat
1785 2688 2004 2728 omnem

429 2769 613 2817 cutem
663 2777 693 2814 a
744 2762 920 2831 capite
955 2778 1126 2832 usque
1158 2762 1225 2817 ad
1256 2764 1451 2833 pedes,
1499 2774 1555 2819 et
1600 2766 1861 2837 quidquid
1905 2766 2007 2821 sub

423 2861 645 2923 aspectu
698 2852 979 2908 oculorum
1024 2856 1324 2911 sacerdotis
1375 2859 1536 2922 cadit,
1568 2861 1829 2915 mundum
1878 2876 2005 2917 eum

429 2943 707 3001 decernit:
740 2946 786 3001 si
830 2946 974 3001 enim
1013 2948 1282 3018 quispiam
1314 2964 1345 3003 a
1383 2960 1493 3006 tota
1536 2951 1669 3023 legis
1696 2952 1893 3009 litterae
1921 2971 2008 3012 re-

426 3038 585 3093 cedat
610 3030 876 3105 custodia,
905 3046 959 3094 et
988 3055 1163 3109 neque
1188 3043 1658 3099 circumcisionem
1677 3086 1692 3110 ,
1724 3062 1900 3117 neque
1926 3050 2008 3103 ci-

420 3127 614 3182 borum
645 3125 1025 3195 dili‘ereutiam,
1059 3145 1234 3199 neque
1264 3132 1617 3187 sabbatorum
1663 3138 1968 3192 custodiam
1988 3179 2003 3204 ,

426 3234 528 3274 nec
574 3218 932 3287 pollutionem
987 3229 1081 3275 aut
1125 3222 1521 3277 sacriﬁciorum
1571 3233 1666 3278 aut
1696 3226 2004 3296 aliquorum

421 3307 650 3362 aliorum
686 3308 879 3361 talium
909 3320 1164 3365 exerceat
1198 3325 1381 3380 opera,
1416 3314 1512 3367 sed
1541 3313 1611 3367 ab
1640 3315 1895 3371 omnibus
1924 3316 2002 3373 le-

422 3395 633 3467 galibus
665 3395 955 3453 clementis
985 3399 1222 3466 recedat,
1252 3410 1414 3469 atque
1440 3419 1470 3456 a
1498 3404 1677 3474 'capite
1721 3419 1895 3475 usque
1934 3410 2003 3462 ad

430 3489 612 3557 pedes,
656 3502 686 3541 a
729 3489 904 3557 primo
937 3490 1183 3545 videlicet
1231 3508 1400 3562 usque
1429 3494 1497 3549 ad
1529 3496 1777 3551 ultimum
1811 3498 2005 3554 borum

430 3578 823 3645 mandatorum,
842 3582 911 3635 ad
931 3582 1154 3636 meliora
1170 3586 1472 3640 cucurrerit
1483 3595 1644 3659 atque
1656 3588 2001 3659 perfectiora,

427 3668 725 3740 feceritque
752 3672 853 3726 hoc
884 3672 937 3725 in
964 3684 1258 3742 conspectu
1289 3677 1609 3743 sacerdotis,
1639 3679 1693 3733 id
1712 3691 1818 3745 est,
1843 3680 2004 3736 Chri-

426 3761 519 3826 sti,
550 3772 609 3815 ut
640 3762 754 3831 ipse
782 3762 969 3818 videns
1019 3766 1504 3836 transgressionem
1538 3768 2001 3839 imperfectorum,

425 3853 702 3921 suscipiat,
736 3854 907 3907 teneri
929 3869 1050 3909 eum
1074 3854 1224 3924 lepra
1252 3858 1607 3912 mundissima
1628 3858 1917 3927 judicabit,
1938 3877 2004 3917 eo

425 3941 571 4011 quod
615 3942 793 3995 omnis
842 3943 895 3995 in
928 3945 1217 3999 candorem
1263 3961 1426 4000 versa
1459 3948 1551 4012 sit,
1584 3950 1651 4001 ad
1702 3950 2003 4006 claritatem

428 4029 705 4096 videlicet,
737 4031 828 4085 hic
857 4032 1207 4100 semetipsum
1252 4035 1591 4107 Evangelicaa
1631 4041 2004 4094 conversatio-

426 4121 513 4177 nis
546 4121 842 4188 transtulit,
888 4124 1029 4177 sicut
1057 4124 1287 4194 populus
1331 4141 1397 4181 ex
1428 4129 1699 4197 gentibus,
1748 4132 1815 4184 ad
1867 4146 2003 4200 quos

427 4213 633 4268 dictum
681 4221 783 4278 est,
841 4213 1035 4269 Luceat
1093 4215 1187 4271 lux
1231 4227 1400 4273 vestra
1466 4236 1644 4274 coram
1705 4222 2001 4277 hominibus

425 4305 640 4376 (Matth.
671 4307 724 4377 v)
754 4325 765 4359 :
805 4306 872 4360 Et
902 4323 1112 4363 rursus.
1145 4307 1291 4363 Sicut
1333 4311 1388 4364 in
1414 4309 1500 4365 die
1520 4311 1734 4366 honeste
1772 4313 2004 4367 ambule-

424 4411 539 4448 mus
567 4394 742 4466 (Rom.
773 4402 920 4466 XIII),
951 4407 1171 4467 prapter
1204 4400 1347 4468 quod
1375 4399 1469 4454 ﬁlii
1497 4399 1632 4456 lucis
1657 4417 1763 4456 non
1794 4404 2000 4467 noctis,

426 4504 599 4557 neque
648 4490 991 4543 tenebrarum
1021 4492 1387 4545 nominantur.
1417 4492 1571 4558 Quod
1615 4494 1661 4547 si
1702 4509 1833 4548 caro
1874 4495 1998 4547 viva

410 4579 481 4631 ‘iu
539 4593 602 4632 ea
658 4580 999 4649 apparuerit,
1045 4580 1098 4633 id
1156 4588 1239 4634 est
1284 4580 1566 4636 Judaicum
1633 4583 1947 4636 mandatum
1979 4623 1995 4648 ,

425 4670 549 4738 quia
577 4671 809 4725 viventia
839 4688 945 4726 non
997 4682 1217 4742 propter
1262 4675 1609 4743 accipientes,
1642 4677 1735 4729 sed
1779 4684 2001 4743 propter

426 4758 641 4811 dantem
674 4758 763 4811 illa
802 4769 1062 4829 putantur
1089 4761 1321 4829 eloquia,
1370 4762 1542 4831 magis
1570 4771 1750 4817 autem
1786 4772 1843 4817 et
1868 4779 1997 4832 pro-

424 4857 542 4919 pter
576 4850 922 4919 accipientes,
960 4852 1005 4905 si
1042 4853 1337 4906 secuudum
1384 4852 1531 4905 illum
1575 4854 1792 4908 modum
1836 4870 1997 4924 quem

425 4941 552 4996 data
582 4949 707 4995 sunt
730 4943 1121 5007 custodiantur,
1158 4959 1378 4999 necesse
1416 4950 1498 4997 est
1540 4952 1596 4997 ut
1622 4944 1713 5013 qui
1745 4960 1845 4999 nec
1883 4947 1999 5000 inec

424 5041 714 5104 operatur,
764 5049 937 5103 neque
984 5034 1073 5088 illa
1125 5051 1153 5088 a
1199 5038 1394 5103 quibus
1434 5038 1658 5091 recessit
1697 5037 1993 5107 polluatur;

426 5125 523 5179 sed
571 5126 851 5195 utriusque
906 5127 1275 5195 probationem
1340 5128 1697 5198 proferamus,
1763 5130 1998 5184 viventia

427 5220 670 5291 quidem,
701 5220 827 5289 quia
864 5220 1113 5275 dicantur
1154 5220 1341 5291 legalia
1376 5220 1682 5275 Judarorum
1711 5222 1993 5285 mandata,

425 5312 709 5367 audiamus
758 5311 1089 5381 Stephanum
1122 5315 1187 5368 de
1220 5315 1397 5384 Moyse
1440 5314 1638 5369 Judtcis
1680 5315 1944 5370 dicentem
1979 5332 1992 5367 :

430 5399 531 5456 Hic
557 5412 631 5456 est
655 5403 745 5473 qui
787 5402 884 5472 fuit
913 5403 967 5456 in
1000 5402 1232 5457 Ecclesia
1260 5406 1313 5457 in
1355 5421 1526 5459 eremo
1554 5421 1669 5459 cum
1696 5404 1880 5474 angelo
1906 5405 1997 5475 qui

427 5494 733 5563 loquebatur
776 5495 820 5548 ei
868 5496 922 5548 in
954 5504 1123 5549 monte
1170 5495 1301 5549 Sina
1342 5513 1458 5549 cum
1501 5496 1735 5566 patribus
1783 5497 1993 5559 nostris,

428 5583 517 5650 qui
546 5584 767 5654 suscepit
801 5583 949 5637 verba
977 5584 1195 5637 viventia
1220 5584 1347 5638 dare
1377 5584 1543 5639 nobis.
1576 5584 1713 5639 Ecce
1734 5585 1896 5639 verba
1918 5584 1997 5637 vi-

432 5670 612 5723 ventia
661 5671 945 5740 appellavit
983 5671 1404 5741 justilicationes
1435 5673 1587 5743 legis.
1632 5671 1769 5739 Quid
1814 5681 1993 5726 autem

434 5757 671 5811 subdidit
698 5778 708 5811 :
741 5758 836 5813 Cui
865 5760 1140 5816 noluerunt
1163 5761 1452 5817 obedientes
1474 5778 1583 5816 esse
1606 5771 1780 5834 patres
1804 5762 1990 5826 nostri,

2092 1953 2354 2022 judicabit
2379 1970 2495 2006 eum
2524 1952 2701 2023 leprte.

2711 2064 2939 2121 CAPUT
2975 2068 3038 2122 ll.

2104 2152 2376 2218 Quomodo
2425 2153 2656 2232 leprosus
2711 2157 3052 2212 recludendus
3084 2162 3167 2232 sit
3198 2171 3338 2214 certo
3368 2173 3601 2232 tempore
3625 2177 3681 2220 ut

2508 2226 2757 2294 probetur
2791 2244 2884 2295 per
2907 2229 3252 2283 sacerdotem.

2175 2313 2355 2385 (Imm)
2396 2313 2492 2370 Sin
2520 2325 2693 2369 autem
2741 2319 2940 2371 steterit
2970 2319 3024 2371 in
3074 2319 3188 2373 loco
3229 2339 3346 2387 sua,
3382 2326 3573 2378 ulceris
3615 2336 3695 2380 est

2104 2400 2350 2465 cicatrix,
2380 2410 2428 2454 et
2456 2401 2612 2455 homo
2637 2402 2864 2457 mundus
2887 2404 3006 2458 erit.
3038 2405 3145 2475 (Ea:
3177 2405 3484 2478 Hesychia.)
3517 2409 3691 2465 Beata

2105 2498 2191 2545 est
2219 2490 2475 2545 continua
2510 2490 2645 2561 legis
2679 2494 2960 2548 meditatio
2997 2504 3158 2563 atque
3196 2499 3560 2561 conversatio,
3596 2501 3699 2555 ba-

2105 2580 2340 2649 bereque
2366 2595 2580 2649 semper
2627 2582 2681 2637 in
2711 2584 2962 2639 manibus
2991 2587 3331 2650 thesaurum,
3357 2603 3424 2641 ex
3454 2604 3565 2657 quo
3595 2605 3694 2645 co—

2108 2670 2367 2740 gnitionis
2414 2669 2507 2724 Dei
2553 2671 2853 2739 procedunt
2901 2672 3122 2728 divitiae.
3171 2676 3536 2743 Quamobrem
3594 2694 3701 2736 nos

2107 2773 2324 2828 quoque
2377 2774 2501 2813 cum
2526 2760 2673 2815 omni
2703 2761 2881 2816 studio
2933 2778 2996 2817 ea
3027 2778 3148 2832 quae
3182 2781 3326 2819 nunc
3350 2776 3478 2821 sunt
3505 2768 3561 2822 in
3601 2768 3698 2823 lit-

2110 2856 2224 2903 tera
2253 2848 2478 2905 latentia
2505 2852 2903 2921 perquiramus.
2935 2852 3101 2909 Ulcus
3139 2866 3324 2910 natum
3355 2866 3409 2911 et
3434 2868 3700 2914 sanatum

2107 2958 2205 3013 per
2249 2944 2622 3013 paenitentiam
2671 2952 2917 2999 curatum
2946 2957 3225 3017 peccatum
3256 2959 3359 3014 est,
3388 2952 3520 3020 quid
3540 2953 3700 3008 enim

2110 3036 2189 3089 sic
2213 3036 2460 3091 vulnerat
2513 3036 2749 3092 animam
2781 3046 2838 3091 et
2862 3040 3098 3109 complet
3134 3043 3380 3108 maculis,
3410 3046 3699 3113 quomodo

2108 3128 2433 3195 peccatum?
2463 3129 2604 3182 unde
2655 3135 2711 3183 et
2738 3128 2908 3185 David
2943 3131 3196 3187 dicebat:
3241 3132 3703 3205 Computruerunt

2110 3224 2156 3269 et
2185 3216 2631 3272 deterioraueruut
2660 3218 2928 3275 cicatrices
2979 3238 3110 3277 mea:
3132 3241 3167 3277 α
3193 3224 3331 3293 facie
3370 3227 3702 3297 insipientia:

2107 3321 2236 3358 mete
2262 3302 2434 3376 (Psal.
2467 3306 2698 3379 xxxvii).
2748 3309 2889 3376 Quid
2917 3320 3098 3366 autem
3137 3328 3327 3369 rursus
3377 3325 3535 3370 curat
3565 3320 3699 3373 aui-

2107 3409 2209 3447 ma:
2233 3394 2425 3450 vulnus
2449 3396 2473 3449 ἲ
2496 3412 2606 3467 quo
2631 3408 2846 3468 oportet
2883 3402 3044 3456 modo
3091 3414 3310 3473 peracta
3339 3409 3700 3477 pmnitentia.

2107 3482 2283 3539 Locus
2319 3484 2479 3554 hujus
2508 3487 2748 3545 vulneris
2784 3499 2869 3546 est
2923 3494 3066 3547 actio
3091 3503 3147 3548 et
3197 3497 3505 3563 consilium,
3540 3501 3700 3556 circa

2107 3575 2250 3645 quod
2285 3587 2570 3645 peccatum
2626 3589 2835 3649 gestum
2870 3591 2972 3648 est,
2999 3584 3163 3639 veluti
3197 3585 3368 3641 David
3418 3588 3576 3644 locus
3617 3593 3702 3646 ul-

2105 3667 2248 3723 ceris
2282 3668 2384 3723 l‘uit
2423 3669 2755 3726 desiderium
2808 3674 3088 3743 corporis,
3124 3685 3347 3747 propter
3375 3678 3516 3733 hanc
3540 3683 3700 3735 enim

2106 3769 2161 3815 et
2186 3760 2239 3815 in
2265 3760 2549 3817 Bersabeaa
2591 3761 2939 3831 adulterium,
2966 3774 3023 3820 et
3074 3766 3129 3819 in
3158 3766 3343 3822 Uriam
3403 3769 3699 3826 homicidii

2104 3850 2308 3906 crimen
2334 3852 2553 3906 admisit
2584 3870 2597 3905 :
2634 3854 2728 3908 sed
2752 3856 3103 3923 quamobrem
3131 3872 3253 3911 cum
3282 3857 3508 3913 dixisset
3530 3860 3701 3917 ulcus

2104 3939 2304 4004 album,
2362 3942 2467 3995 hoc
2520 3941 2695 4010 ipsum
2749 3950 2929 3997 tamen
2988 3944 3126 3997 dixit
3169 3945 3348 3999 album
3377 3961 3470 4000 seu
3505 3948 3696 4004 rufum

2103 4027 2263 4082 ﬁeri?
2290 4028 2415 4096 quia
2450 4028 2628 4082 album
2655 4030 2874 4097 quidem
2900 4031 3035 4085 dixit
3066 4032 3212 4101 quod
3259 4033 3322 4087 lit
3362 4049 3427 4087 ex
3458 4035 3699 4094 vulnere

2104 4119 2292 4190 legalis
2351 4123 2820 4191 transgressionis,
2881 4125 3002 4180 alba
3065 4126 3236 4196 legem
3296 4142 3520 4193 vocans,
3580 4147 3695 4186 non

2103 4212 2248 4266 enim
2279 4220 2397 4267 erat
2443 4212 2707 4269 calefacta
2735 4216 2850 4271 sole
2873 4217 3098 4286 iustitia:
3128 4228 3183 4273 et
3207 4230 3490 4289 propterea
3520 4224 3693 4277 rubra

2104 4318 2212 4357 non
2237 4311 2358 4358 erat
2385 4320 2400 4369 ;
2431 4319 2562 4373 ergo
2617 4309 2841 4362 rubrum
2871 4309 3014 4378 quod
3055 4326 3121 4364 ex
3154 4311 3476 4381 Evangelica
3532 4317 3695 4369 venit

2103 4394 2548 4463 praivaricatione
2612 4397 2918 4453 evidentius
2990 4400 3311 4470 appellatur,
3385 4413 3690 4475 utrumque

2107 4494 2283 4541 tamen
2322 4488 2374 4542 in
2398 4486 2673 4543 Christum
2712 4500 2811 4551 est,
2843 4490 2896 4543 in
2927 4506 3035 4561 quo
3060 4494 3130 4548 ab
3158 4493 3399 4548 Ecclesia
3450 4494 3504 4547 in
3532 4496 3689 4549 Cau-

2104 4576 2225 4630 ticis
2262 4577 2597 4632 canticorum
2625 4578 2841 4644 dicitur,
2897 4580 3140 4647 fatruelis
3169 4598 3315 4635 meus
3343 4582 3494 4636 albus
3516 4593 3565 4635 et
3598 4601 3692 4637 ru-

2105 4668 2360 4722 bicundus
2408 4666 2583 4739 (Cant.
2642 4666 2739 4735 v);
2798 4669 2970 4738 ipsius
3003 4671 3148 4724 enim
3205 4679 3289 4726 est
3345 4672 3453 4734 lex,
3512 4672 3691 4740 ipsius

2103 4759 2471 4830 Evangelium.
2504 4758 2611 4814 Sed
2637 4774 2756 4828 qua:
2784 4769 2890 4824 est,
2920 4760 3119 4830 inquis,
3155 4761 3288 4829 legis
3320 4765 3692 4831 transgressio

2104 4850 2169 4904 ad
2219 4851 2392 4919 ipsum
2421 4850 2699 4918 pertinens
2719 4888 2733 4913 ,
2768 4850 2957 4921 utique
2997 4851 3275 4916 Christum
3305 4851 3530 4921 ejusque
3556 4868 3686 4923 lay-

2104 4941 2365 4995 sterium?
2397 4941 2448 4993 id
2477 4948 2581 5003 est,
2611 4940 2897 5012 idolothyti
2915 4940 3116 5007 omnis,
3157 4943 3454 5012 sanguinis,
3485 4953 3541 4998 et
3562 4948 3683 4999 sut-

2101 5030 2262 5086 focati
2316 5046 2461 5093 esus,
2517 5046 2640 5084 nam
2676 5032 2790 5085 lucc
2817 5041 2872 5084 et
2908 5032 2951 5084 si
2990 5031 3183 5102 legalia
3220 5042 3347 5087 sunt
3377 5047 3675 5106 prmcepta,

2100 5120 2396 5175 Ecclesium
2424 5130 2600 5173 tamen
2626 5135 2688 5173 ea
2721 5120 2994 5175 custodire
3024 5122 3250 5190 apostoli
3277 5136 3680 5193 praeceperunt,

2100 5210 2243 5281 quod
2293 5208 2530 5264 ostendit
2575 5209 2808 5264 Iacobus
2857 5210 3092 5264 dicens:
3161 5209 3338 5265 Visum
3367 5224 3441 5266 est
3492 5226 3682 5270 sancto

2101 5302 2322 5372 Spiritui
2345 5311 2391 5354 et
2420 5300 2585 5364 nobis,
2641 5300 2773 5366 nihil
2817 5301 3041 5371 amplius
3070 5304 3493 5372 superimponere
3532 5305 3681 5360 vobis

2099 5394 2289 5458 oneris,
2316 5393 2539 5461 exceptis
2569 5392 2669 5455 his,
2715 5390 2972 5444 abstinere
3016 5391 3081 5444 ab
3125 5392 3439 5459 idolothitis,
3465 5404 3516 5448 et
3541 5411 3680 5450 sats-

2096 5485 2250 5554 guine
2276 5491 2323 5537 et
2348 5483 2626 5551 suﬁ‘ocato,
2653 5490 2701 5535 et
2727 5481 3073 5549 fornicatione
3107 5480 3244 5553 (Act.
3270 5484 3383 5555 xv).
3426 5485 3682 5556 Evange-

2099 5574 2201 5628 lica
2244 5580 2327 5628 est
2377 5580 2579 5636 autem,
2622 5585 2744 5640 qua:
2790 5586 2899 5626 non
2949 5572 3243 5626 secundum
3292 5573 3465 5644 legem
3505 5584 3671 5631 erat:

2101 5666 2404 5737 Quicunque
2428 5665 2616 5721 dixerit
2644 5664 2797 5733 fratri
2826 5679 2921 5718 suo
2949 5662 3120 5719 Fatue
3152 5682 3269 5719 reus
3298 5668 3398 5719 erit
3417 5666 3625 5735 judicio
3656 5688 3675 5729 ;

2099 5768 2152 5814 ct
2173 5760 2260 5826 qui
2286 5756 2469 5812 viderit
2496 5754 2766 5809 mulierem
2793 5754 2861 5807 ad
2901 5756 3370 5825 concupiscendam
3399 5756 3677 5826 caminu-
