3956 6176
246 358 346 412 δςι

1148 360 1649 418 EXPOSITIONES
1688 364 1755 418 IN
1797 366 2188 425 LEVITICUM.
2229 404 2300 412 —
2337 372 2465 427 LIB.
2508 376 2596 430 Ν.

3404 389 3513 443 58;?

245 473 644 565 machatusgcst
681 487 795 524 eam
826 470 878 523 in
896 470 1069 565 corde
1102 488 1195 525 suo
1230 472 1446 543 (Matth.
1480 475 1555 545 v).
1617 474 1675 529 Si
1707 491 1835 545 ergo
1863 480 1910 536 Α
1942 479 2069 533 tiam
2105 481 2301 538 ulceris
2338 493 2391 539 et
2438 486 2676 542 vulneris
2724 497 2818 543 aut
2854 490 3044 561 plagae,
3091 493 3206 562 ipse
3235 511 3332 565 per
3359 498 3532 554 Scriv‘

246 571 446 617 sanato
482 561 631 627 albo,
675 570 728 614 et
767 561 1083 631 ptenitentia
1120 573 1310 617 curato
1344 574 1589 633 peccato,
1623 566 1675 620 in
1718 567 1836 622 loco

245 652 474 715 ulceris,
532 652 587 705 in
637 652 855 722 regione
903 652 1155 706 videlicet
1180 655 1412 722 peccati,
1447 655 1604 711 ulcus
1652 657 1831 711 album

1937 576 2126 636 pturas
2177 569 2411 641 Spiritus
2465 575 2681 631 divinus
2736 580 2994 633 ostendit.
3026 581 3164 647 Quid
3220 597 3349 655 ergo
3374 603 3502 642 vere

1935 655 2090 712 ulcus
2115 668 2200 712 est
2224 661 2479 729 neglectae
2514 665 2695 719 carnis
2720 675 2919 724 nostra:
2944 669 3048 723 nisi
3086 673 3330 740 corporis
3354 675 3509 728 volu-

248 750 339 797 aut
377 743 611 797 rubeam
640 742 910 806 videatur,
936 751 1082 796 secta
1134 746 1379 813 quaedam
1409 746 1650 814 przedicti
1710 762 1837 815 pec-
1932 755 2056 814 ptas
2082 756 2131 801 et
2158 749 2396 805 ebrietas
2445 761 2501 807 et
2530 756 2955 827 gastrimargia?
2990 759 3114 813 Haec
3166 762 3309 815 enim
3349 764 3506 818 luxu-

247 833 352 888 cati
386 831 703 902 Evangelici
745 832 858 884 sive
885 831 1071 900 legalis
1097 833 1239 901 apud
1274 841 1587 903 peccantem
1620 843 1832 903 reperta

249 921 776 986 fuerit,'necessario
802 923 870 976 ad
896 922 1155 991 judicium
1188 925 1291 977 hoc
1335 924 1631 977 sacerdotis
1656 926 1830 990 venit,

249 1013 336 1083 qui
366 1013 414 1067 si
447 1012 651 1065 viderit
676 1011 851 1065 locum
892 1012 1055 1081 leprre
1103 1013 1447 1067 humiliorem
1484 1028 1649 1068 carne
1701 1015 1831 1068 reli-

251 1120 372 1172 qua,
404 1104 459 1156 id
483 1110 595 1168 est,
624 1102 963 1156 humiliorem
993 1102 1190 1156 factam
1219 1119 1246 1156 a
1275 1103 1562 1172 semetipsa
1594 1113 1831 1158 mentem

250 1195 651 1264 manifestisque
706 1194 945 1247 animum
996 1203 1261 1247 mutatum
1298 1193 1365 1247 ad
1408 1194 1690 1257 malitiam,
1730 1195 1832 1248 hoc

251 1291 387 1345 enim
452 1298 545 1342 est
594 1287 734 1357 pilos
792 1286 845 1339 in
903 1285 1191 1340 candorem
1248 1287 1404 1349 verti,
1443 1285 1834 1339 contaminabit

252 1395 369 1434 eum
425 1379 709 1441 sacerdos,
763 1374 928 1430 semel
964 1377 1106 1430 enim
1145 1377 1199 1430 in
1250 1377 1565 1431 habitudine
1617 1377 1824 1446 peccati

253 1470 422 1525 factus
446 1478 560 1533 est,
587 1478 643 1523 et
679 1469 872 1522 animae
898 1469 1035 1522 mala
1083 1468 1325 1538 depastio
1362 1484 1459 1539 per
1494 1468 1645 1523 ulcus
1675 1469 1834 1522 incu-

252 1561 393 1624 buit,
426 1559 578 1613 unde
601 1558 804 1627 lcpram
844 1566 900 1612 et
929 1557 1122 1612 vulnus
1149 1566 1205 1611 et
1231 1557 1510 1613 ﬂorentem
1535 1573 1655 1612 eam
1701 1573 1828 1627 pas-

253 1650 461 1704 sionem
517 1648 797 1719 legislator
844 1647 1151 1717 appellavit.
1184 1646 1335 1713 Quod
1366 1648 1410 1701 si
1442 1648 1581 1717 pilus
1634 1646 1831 1701 coloris

255 1749 334 1795 est
362 1739 585 1810 pristini
613 1746 670 1793 et
694 1738 920 1792 cicatrix
950 1738 1302 1806 subobscura,
1352 1738 1402 1791 id
1431 1746 1532 1802 est,
1567 1737 1833 1806 paeniten-

1935 841 2109 895 riante
2170 858 2395 912 corpore
2444 854 2496 899 et
2535 847 2586 900 in
2645 851 2936 919 semetipso
2991 852 3274 907 exsiliente
3310 870 3510 923 prove-

1936 928 2110 981 niunt.
2150 929 2294 997 lgnis
2322 941 2501 985 autem
2557 935 2731 1003 major
2766 936 2983 999 invidia,
3040 939 3179 1008 ignis
3226 941 3401 997 latens
3451 951 3509 997 et

1934 1032 2260 1074 consumens
2307 1021 2561 1089 paulatim
2619 1025 2907 1079 habentem
2965 1043 3043 1082 se.
3085 1029 3312 1099 Propter
3362 1032 3511 1100 quod

1933 1115 1988 1160 et
2014 1108 2176 1162 lsaias
2203 1110 2340 1163 dixit
2366 1126 2381 1163 :
2420 1110 2576 1165 Zelus
2613 1116 2953 1184 apprehendit
2996 1118 3246 1187 populum
3273 1120 3511 1174 inerudi-

1931 1208 2061 1260 tum,
2093 1210 2139 1253 et
2166 1217 2301 1254 nunc
2328 1203 2461 1269 ignis
2509 1204 2836 1259 adversarios
2872 1209 3125 1261 consumit
3158 1208 3290 1279 (Isa.
3325 1212 3505 1281 xxvi).

1935 1284 2117 1340 Zelum
2146 1290 2519 1375 imperitorum
2576 1294 2712 1347 dixit
2752 1294 3040 1362 invidiam;
3089 1298 3333 1352 zelantnr
3362 1302 3515 1354 enim

1934 1391 2039 1429 non
2067 1387 2126 1430 ut
2175 1378 2455 1433 imitentur
2491 1382 2740 1445 virtutes,
2778 1384 2872 1437 sed
2912 1392 2969 1437 ut
3027 1376 3145 1440 illas
3194 1388 3501 1457 impediant,

1934 1478 2361 1538 opcrantemque
2386 1462 2672 1540 perimant.
2731 1473 2787 1528 Si
2815 1490 2943 1544 ergo
2991 1478 3293 1531 combustio
3348 1479 3507 1533 alicui

1934 1559 2135 1614 homini
2165 1563 2413 1617 videlicet
2446 1566 2713 1633 peccaturi
2764 1580 2827 1620 ex
2862 1568 3059 1621 invidia
3113 1570 3419 1639 contigerit,
3448 1581 3517 1625 et

1934 1663 2155 1708 sanatus
2184 1653 2345 1709 fuerit
2394 1657 2732 1725 poenitentia,
2769 1667 3045 1713 scrutatur
3068 1661 3400 1725 cicatricem,
3437 1678 3505 1716 ne

1935 1740 2074 1795 forte
2117 1751 2238 1811 post
2290 1744 2660 1814 paenitentiam
2712 1746 2765 1799 in
2789 1749 3092 1815 passionem
3125 1750 3347 1811 recidat,
3377 1763 3431 1803 et
3457 1752 3505 1803 si

257 1833 322 1886 lis
351 1832 526 1894 Visus.
570 1838 628 1884 ει
680 1830 758 1884 sic
810 1828 999 1884 diebus
1053 1838 1254 1899 εθριθῖη
1295 1829 1497 1884 recludi
1553 1827 1826 1899 ρνίῐξοϐβίῐς
1866 1819 1907 1875 Β
1938 1848 2209 1887 reversum
2238 1834 2522 1899 invenerit,
2552 1837 2940 1891 contaminabit
2988 1854 3132 1903 eum,
3165 1840 3496 1893 immundmn

259 1941 351 1994 pro
377 1937 442 1976 en
480 1922 629 1991 quod
657 1921 877 1974 omnino
908 1920 958 1973 in
989 1920 1079 1973 tali
1107 1920 1412 1988 suspicione
1434 1919 1665 1982 venerit,
1697 1927 1832 1970 tem-

259 2029 354 2083 pus
390 2012 625 2066 deﬁnire
653 2010 943 2080 suspicioni
978 2010 1182 2074 voluit;
1217 2019 1270 2064 et
1306 2011 1568 2080 siquidem
1599 1996 1834 2064 creverit

258 2113 310 2159 et
360 2104 506 2157 mala
566 2100 818 2171 gloriatio
870 2100 1220 2170 multiplicata
1268 2099 1452 2164 fuerit,
1509 2097 1835 2168 adjudicabit

257 2208 371 2246 eam
402 2191 590 2260 lepraa.
647 2189 787 2243 Dicit
839 2196 1017 2242 autem
1056 2189 1261 2259 lepram
1297 2190 1491 2244 animae
1545 2189 1835 2243 immundi-

260 2282 410 2345 tiam,
441 2296 565 2350 qnae
594 2279 764 2333 crevit
796 2278 908 2332 sive
946 2276 1200 2344 efﬂoruit,
1228 2277 1616 2348 posterioribus
1671 2276 1837 2331 actio-

262 2374 417 2425 nibus
447 2370 803 2439 multiplicata
829 2386 842 2433 ;
877 2370 959 2422 sin
990 2378 1166 2424 autem
1199 2386 1303 2423 non
1331 2379 1414 2425 est
1448 2369 1831 2439 multiplicata,

266 2461 357 2515 sed
384 2461 597 2514 steterit
625 2460 675 2512 in
729 2459 847 2512 loco
887 2474 1003 2524 suo,
1039 2458 1172 2512 nihil
1202 2459 1345 2514 enim
1400 2458 1630 2528 amplius
1655 2458 1709 2511 in
1733 2457 1836 2509 hoc

267 2564 521 2615 peccasse
573 2548 843 2602 invenitur
885 2548 989 2601 nisi
1026 2546 1196 2600 solum
1228 2549 1327 2601 hoc
1356 2555 1637 2615 peccatum
1692 2545 1835 2614 quod

269 2652 460 2691 omnes
506 2645 888 2706 cognoverunt,
917 2637 983 2689 de
1033 2651 1139 2704 quo
1188 2644 1244 2689 et
1296 2636 1403 2705 egit
1437 2636 1834 2705 paenitentiam,

267 2729 522 2781 nondum
554 2728 696 2781 illum
726 2727 982 2781 sacerdos
1010 2726 1235 2794 judicat.
1267 2726 1506 2780 Cicatrix
1539 2727 1684 2780 enim
1713 2727 1831 2780 vul-

262 2816 404 2871 neris
439 2817 564 2885 quia
597 2832 811 2886 passus,
858 2832 963 2869 non
993 2824 1171 2870 autem
1199 2815 1325 2884 quia
1374 2816 1549 2870 adhuc
1597 2818 1837 2885 patiatur

263 2910 514 2964 ostendit.

871 2995 1099 3052 CAPUT
1142 2996 1224 3050 Ill.

411 3090 499 3145 De
526 3087 689 3161 plaga
718 3088 877 3161 lepra:
900 3099 1107 3153 exusta,
1138 3090 1243 3144 sive
1269 3090 1531 3155 cicatrice,
1561 3097 1666 3145 etc.

328 3182 509 3255 (lam)
527 3159 688 3237 iCaro
717 3159 774 3236 et
791 3182 924 3235 cutis
961 3199 1117 3253 quam
1146 3182 1279 3252 ignis
1309 3181 1582 3246 exusserit,
1605 3190 1652 3235 et
1681 3197 1837 3234 sana-
1862 3159 1907 3220 (δ

264 3285 334 3338 ta,
358 3274 539 3327 albam
565 3274 673 3327 sire
701 3273 877 3342 rufam
904 3273 1141 3326 habuerit
1187 3273 1501 3336 cicatricem,
1531 3272 1834 3326 considera-

266 3363 328 3415 bit
360 3380 478 3417 eam
506 3361 777 3425 sacerdos,
810 3370 858 3415 et
883 3377 1000 3414 ecce
1033 3376 1176 3414 versa
1216 3368 1289 3413 est
1314 3360 1370 3413 in
1398 3359 1650 3425 alborem,
1680 3370 1729 3413 et
1760 3358 1837 3411 lo-

267 3469 349 3507 cus
394 3455 517 3522 ejus
572 3451 773 3521 reliqua
803 3461 918 3504 cute
963 3449 1213 3503 humilior
1270 3449 1644 3503 contaminabit
1695 3466 1834 3513 eum,

265 3545 376 3608 quia
409 3543 572 3614 plaga
602 3542 762 3611 lepra?
787 3542 841 3594 in
888 3541 1129 3595 cicatrice
1174 3549 1289 3592 orta
1314 3549 1408 3593 est.
1445 3538 1599 3604 Quod
1629 3538 1676 3592 si
1703 3538 1840 3608 pilo-

267 3652 370 3688 rum
391 3634 544 3689 color
576 3649 681 3685 non
710 3631 867 3701 fuerit
895 3632 1224 3693 immutatus,
1251 3646 1345 3682 nec
1379 3628 1631 3682 humilior
1678 3626 1833 3695 plaga

266 3742 412 3778 carne
439 3723 668 3794 reliqua,
701 3732 748 3776 ct
777 3722 889 3792 ipsa
912 3720 1067 3790 lepra!
1089 3721 1279 3789 species
1308 3719 1467 3788 fuerit
1496 3716 1833 3779 subobscura,

268 3817 481 3871 recludit
513 3832 631 3870 eum
658 3824 852 3884 septem
875 3813 1056 3866 diebus
1088 3821 1137 3865 et
1169 3812 1253 3864 die
1278 3811 1494 3880 septimo
1521 3807 1841 3887 contempla-

268 3910 438 3975 bitur;
471 3909 519 3961 si
542 3907 763 3961 creverit
794 3906 849 3958 in
875 3914 988 3958 cute
1034 3904 1178 3974 lepra
1207 3900 1575 3955 contaminabit
1623 3917 1765 3961 eum,
1794 3902 1840 3954 si

269 4009 433 4052 autent
462 4000 519 4051 in
546 3997 662 4050 loco
694 4012 789 4049 suo
840 3993 1037 4047 candor
1086 3991 1305 4055 steterit,
1331 4006 1434 4043 non
1465 3991 1594 4043 satis
1641 3988 1838 4053 clarus,

271 4089 411 4159 plaga
440 4086 822 4142 combustionis
849 4094 946 4148 est,
977 4092 1024 4137 et
1073 4083 1269 4136 idcirco
1314 4080 1677 4144 mandabitur,
1716 4081 1838 4150 quia

272 4180 483 4232 cicatrix
514 4187 591 4230 est
618 4174 986 4228 combustum.
1020 4170 1128 4243 (Ea:
1151 4169 1454 4242 Ilesychio.)
1509 4168 1837 4236 Quibusdam

267 4271 538 4339 legislator
566 4269 634 4322 de
663 4266 865 4321 eisdem
894 4265 1105 4319 videtur
1128 4264 1297 4332 loqui,
1354 4264 1448 4317 sed
1503 4280 1607 4316 non
1636 4262 1707 4315 ila
1735 4269 1838 4323 est,

276 4375 389 4413 nam
414 4358 718 4413 secundum
758 4356 960 4425 aliquid
988 4355 1175 4409 eadem
1229 4354 1380 4418 dicit,
1420 4354 1716 4408 secundum
1744 4368 1842 4403 au-

276 4456 373 4501 tem
408 4446 614 4515 aliquid
641 4444 840 4509 diﬂ‘ert,
888 4459 1009 4498 cum
1059 4445 1365 4513 passionem
1421 4442 1617 4511 quippe
1645 4457 1841 4510 propo-

1935 1930 2081 1976 recte
2100 1921 2372 1990 judicans.

2007 2009 2168 2064 Terra
2194 2012 2329 2064 enim
2356 2029 2489 2082 sa’pe
2512 2015 2791 2067 venientem
2805 2031 2960 2083 super
2980 2032 3033 2068 se
3059 2016 3233 2069 bibens
3259 2017 3496 2080 imbrem,

1935 2111 1981 2156 et
2012 2103 2279 2173 proferens
2308 2103 2519 2156 herbam
2571 2114 2917 2175 opportunam
2964 2104 3069 2158 illis
3095 2123 3125 2158 a
3152 2106 3338 2175 quibus
3373 2107 3502 2159 coli-

1935 2202 2041 2256 tur,
2100 2192 2501 2245 benedictionem
2556 2194 2770 2263 accipiet
2815 2211 2847 2245 a
2884 2194 3017 2258 Deo,
3075 2196 3343 2263 proferens
3390 2212 3513 2249 vero

1937 2282 2116 2351 spinas
2137 2299 2199 2335 ac
2224 2282 2443 2337 tribulos
2463 2284 2680 2353 reprobo
2702 2293 2777 2338 est
2798 2294 2846 2339 et
2871 2285 3225 2339 maledictioni
3245 2288 3515 2355 proxima,

1936 2372 2090 2441 cujus
2114 2372 2234 2440 ﬁnis
2279 2373 2335 2425 in
2361 2374 2783 2437 combustionem,
2819 2376 2957 2428 sicut
2980 2375 3179 2429 Paulus
3205 2377 3281 2429 ait
3319 2375 3506 2445 (Hebr.

1938 2460 2035 2531 vi).
2080 2461 2137 2516 Si
2181 2470 2361 2515 autem
2395 2476 2498 2515 non
2530 2463 2746 2516 inventa
2781 2463 2944 2519 fuerit
2982 2465 3188 2518 redisse
3219 2465 3285 2518 ad
3314 2465 3512 2533 iniqui-

1938 2560 2101 2606 tatem
2133 2567 2285 2604 suam
2316 2551 2536 2615 invidia,
2595 2566 2696 2606 nec
2726 2566 2793 2606 ex
2851 2553 3168 2621 operatione
3220 2554 3513 2622 posteriori

1938 2640 2189 2695 diﬂ‘usum
2227 2642 2394 2710 priori
2421 2651 2644 2710 peccato
2672 2642 2834 2697 latius
2874 2643 3026 2696 ulcus
3062 2644 3333 2706 habuerit,
3362 2660 3514 2697 mun-

1938 2730 2065 2784 dum
2115 2731 2266 2785 illum
2325 2733 2581 2786 sacerdos
2604 2731 2834 2799 iudicat,
2866 2742 3052 2802 utpote
3103 2735 3194 2802 qui
3226 2733 3392 2788 semel
3416 2750 3514 2803 per

1940 2821 2314 2888 ptenitentiam
2343 2830 2429 2875 est
2483 2822 2810 2875 mundatus:
2850 2822 3109 2876 discernit
3135 2831 3317 2875 autem
3351 2831 3404 2876 et
3430 2823 3517 2890 pi~

1939 2908 2049 2963 lum
2101 2910 2407 2976 intendens,
2440 2910 2485 2964 si
2513 2911 2745 2964 mutavit
2779 2910 2833 2964 in
2863 2910 3065 2975 album,
3097 2921 3151 2966 et
3183 2913 3229 2967 si
3256 2913 3521 2967 humilior

1940 3009 2026 3056 est
2050 3016 2079 3055 a
2106 3011 2228 3056 cute
2264 3002 2435 3067 locus,
2465 3017 2586 3071 quae
2629 3001 2808 3056 omnia
2837 3002 3148 3071 plenissime
3180 3003 3232 3057 in
3262 3003 3511 3072 superio-

1943 3091 2092 3146 ribus
2145 3091 2484 3161 interpretati
2532 3106 2749 3156 sumus;
2808 3091 2928 3146 ideo
2964 3077 3124 3146 enim
3156 3093 3241 3147 his
3269 3093 3512 3147 brevitas

1938 3181 2235 3236 adhibenda
2252 3189 2353 3245 est,
2372 3189 2431 3235 ut
2458 3180 2526 3234 ad
2554 3179 2735 3235 futura
2762 3195 3061 3235 curranms.
3090 3180 3376 3251 Sequitur:
3416 3180 3519 3235 Vir

1936 3273 2040 3326 sive
2075 3272 2265 3325 mulier
2310 3272 2365 3325 in
2399 3271 2552 3341 cujus
2591 3270 2759 3341 capite
2803 3268 2889 3325 vel
2932 3271 3093 3324 barba
3144 3271 3514 3340 germinaverit

1937 3359 2105 3431 lepra,
2120 3360 2308 3414 ridebit
2332 3376 2450 3413 eum
2465 3360 2732 3424 sacerdos,
2749 3369 2797 3413 et
2814 3360 2860 3413 si
2869 3359 3078 3430 quidem
3092 3359 3342 3413 humilior
3354 3359 3520 3423 fuerit

1938 3449 2082 3504 locus
2107 3466 2265 3504 carne
2290 3449 2510 3517 reliqua,
2537 3460 2583 3504 et
2613 3448 2838 3519 capillus
2883 3451 3073 3518 ﬂavus,
3118 3450 3375 3520 solitoque
3394 3448 3519 3502 sub—

1939 3539 2098 3599 tilior,
2131 3541 2507 3593 contaminabit
2543 3556 2655 3604 eos,
2687 3541 2813 3610 quia
2861 3538 3007 3609 lepra
3036 3542 3221 3609 capitis
3249 3557 3310 3593 ac
3338 3540 3511 3593 barba:

1938 3638 2033 3681 est.
2059 3627 2157 3683 Sin
2193 3639 2366 3682 autem
2388 3629 2576 3682 viderit
2604 3638 2652 3681 et
2678 3628 2850 3681 locum
2887 3627 3111 3680 macula'
3152 3628 3405 3698 (aqualem
3436 3629 3511 3681 vi-

1939 3718 2069 3771 cina:
2099 3717 2267 3781 carni,
2296 3726 2346 3771 et
2376 3716 2622 3787 capillum
2659 3717 2888 3786 nigrum,
2920 3715 3149 3769 recludet
3185 3733 3271 3769 eos
3315 3726 3512 3785 septem

1939 3807 2140 3870 diebus,
2168 3817 2214 3861 et
2238 3808 2321 3861 die
2351 3808 2567 3877 septima
2606 3805 2919 3871 intuebitur;
2949 3806 2994 3859 si
3029 3821 3135 3857 non
3156 3806 3369 3858 creverit
3397 3821 3511 3858 ma-

1940 3895 2061 3949 cula
2090 3905 2138 3950 et
2187 3895 2405 3966 capillus
2443 3897 2527 3950 sui
2555 3894 2743 3949 coloris
2767 3903 2865 3960 est,
2904 3905 2954 3948 et
2982 3893 3125 3948 locus
3158 3893 3326 3964 plaga:
3359 3894 3517 3947 carni“

1942 3986 2153 4056 reliqua:
2183 3985 2424 4056 a'qualis,
2457 3985 2672 4040 radetur
2702 3986 2857 4039 homo
2884 3984 3076 4055 absque
3127 3983 3349 4038 macula:
3371 3983 3507 4045 loco,

1940 4085 1985 4127 et
2010 4073 2306 4128 includetur
2344 4084 2536 4145 septem
2565 4075 2746 4129 diebus
2784 4074 2938 4140 aliis;
2967 4075 3014 4127 si
3042 4073 3127 4125 die
3151 4073 3370 4141 septimo
3400 4072 3508 4125 risa

1941 4164 2097 4233 fuerit
2126 4164 2329 4217 stetisse
2372 4163 2529 4232 plaga
2556 4164 2611 4216 in
2636 4163 2750 4216 loco
2792 4180 2910 4225 suo,
2962 4178 3053 4215 nec
3077 4159 3327 4213 humilior
3352 4175 3511 4211 carne

1944 4255 2160 4322 reliqua,
2192 4255 2465 4308 mundabit
2513 4271 2652 4317 eum,
2686 4254 2906 4323 latisque
2943 4251 3254 4306 vestimentis
3282 4249 3509 4303 mundus

1942 4347 2061 4399 erit.
2107 4345 2213 4415 (Ea:
2267 4343 2575 4413 Hesychia.)
2617 4342 2730 4395 Non
2783 4342 2850 4396 de
2892 4339 3219 4410 quibuslibet
3264 4339 3370 4403 hic,
3415 4338 3510 4391 sed

1913 4436 2268 4492 necessariis
2312 4437 2417 4490 hoc
2462 4434 2772 4489 mandatum
2820 4432 2902 4485 lex
2933 4430 3100 4495 dedit,
3144 4443 3246 4483 nec
3270 4429 3413 4483 enim
3446 4428 3515 4482 de

278 4549 361 4592 nat
384 4514 637 4601 alteram,
668 4535 912 4589 eamdem
941 4542 1121 4588 tamen
1157 4533 1424 4604 passionis
1468 4530 1732 4585 subinfert
1763 4531 1842 4585 di-
1868 4514 1920 4573 Ῑ)
1949 4530 2077 4584 solis
2101 4528 2405 4582 actionibus
2435 4527 2504 4590 ei,
2534 4527 2627 4579 sed
2657 4532 2711 4578 et
2739 4525 2805 4579 de
2848 4523 3042 4577 futuris
3070 4519 3265 4576 divinis
3291 4519 3523 4598 dogma.-

276 4627 677 4696 judicationem.
724 4622 984 4692 Superius
1021 4630 1199 4675 autem
1227 4622 1293 4676 de
1321 4621 1500 4688 aliquo
1546 4619 1726 4673 ulcere
1755 4621 1848 4673 oh-

278 4717 521 4772 veniente
561 4715 777 4770 locutus
814 4721 919 4776 est,
957 4713 1098 4781 quod
1149 4726 1211 4765 ex
1253 4712 1570 4781 aegritudine
1604 4711 1848 4780 corporis

278 4816 568 4875 generatur
600 4815 657 4860 et
686 4804 921 4875 prolicit,
952 4804 1065 4857 lnec
1089 4803 1233 4856 enim
1270 4802 1409 4856 solet
1451 4801 1730 4870 Scriptura
1761 4817 1847 4855 sa-

280 4911 364 4951 cra
415 4899 599 4952 ulcera
655 4893 955 4964 appellare;
1009 4907 1130 4963 qua:
1178 4908 1307 4946 vero
1331 4900 1456 4947 sunt
1489 4893 1555 4946 de
1588 4890 1730 4944 ferro
1757 4898 1850 4944 aut

282 4984 563 5055 lapidibus,
601 4992 695 5038 aut
724 4982 828 5036 alia
852 4982 1029 5051 aliqua
1057 4980 1422 5050 percussione,
1466 4980 1652 5048 plagas
1690 4987 1847 5031 vocat

286 5082 334 5129 et
352 5076 606 5137 vulnera,
633 5080 856 5142 propter
884 5071 1026 5140 quod
1055 5071 1121 5126 de
1150 5069 1354 5123 Lazaro
1384 5068 1580 5137 inquit,
1612 5068 1736 5137 quia
1759 5083 1847 5119 ca-

285 5181 368 5220 nes
424 5167 683 5219 venientes
745 5163 1006 5233 lingebunt
1066 5162 1242 5216 ulcera
1314 5161 1428 5230 ejus
1487 5159 1639 5230 (Luc.
1689 5158 1845 5225 XVI):

286 5257 490 5310 mundae
536 5255 739 5324 quippe
791 5252 972 5306 carnis
1032 5251 1174 5304 fame
1238 5249 1532 5316 morboque
1583 5259 1851 5314 corruptae

285 5352 437 5397 rrant
480 5343 568 5396 ilia
600 5343 844 5395 vulnera.
905 5340 980 5393 De
1003 5354 1069 5392 eo
1118 5348 1294 5392 autem
1349 5338 1438 5405 qui
1480 5336 1757 5390 descendit
1783 5335 1851 5388 ab

289 5429 618 5486 Hierusalem
649 5431 704 5483 in
731 5426 1041 5492 Jericho,et
1065 5428 1116 5480 in
1145 5425 1383 5480 latrones
1412 5426 1619 5487 incidit,
1646 5424 1847 5494 plagas,

290 5519 477 5589 inquit,
517 5522 839 5587 imponentes
867 5518 915 5571 ei
963 5524 1279 5570 recesserunt
1336 5514 1493 5586 (Luc.
1526 5517 1580 5584 χ)
1612 5530 1626 5577 ;
1658 5514 1851 5568 deinde

293 5619 410 5679 post
443 5624 634 5679 pauca,
668 5608 853 5678 plagas
892 5607 1023 5661 istas
1059 5606 1197 5660 sicut
1247 5605 1471 5659 vulnera
1508 5603 1728 5672 alligare
1753 5602 1853 5656 Sa-

296 5699 615 5754 maritanum
669 5696 1006 5768 pneseribit:
1042 5697 1380 5750 manifestam
1437 5709 1567 5763 ergo
1598 5694 1849 5747 dill‘eren-

1951 4620 2093 4673 tibus
2127 4617 2449 4686 pertinebat.
2506 4614 2731 4680 Quando
2762 4627 2892 4681 ergo
2943 4625 3125 4664 errare
3172 4609 3425 4678 cuiquam
3459 4609 3512 4660 in

1950 4708 2230 4763 divinitate
2270 4704 2517 4775 contigit,
2566 4703 2831 4757 maculam
2887 4701 3045 4769 lepra:
3091 4699 3145 4752 in
3176 4699 3340 4752 barba
3377 4706 3429 4750 et
3461 4697 3514 4749 in

1948 4799 2124 4867 capite
2151 4796 2331 4849 habet.
2364 4792 2516 4847 Hunc
2556 4792 2812 4846 sacerdos
2835 4789 3103 4859 inspiciat,
3136 4795 3191 4841 et
3240 4788 3283 4841 si
3321 4786 3515 4839 viderit

1951 4886 2291 4939 humiliorem
2348 4882 2525 4936 locum
2579 4896 2741 4934 carne
2788 4879 3015 4947 reliqua,
3066 4886 3123 4956 et.
3173 4876 3510 4930 miseriorem

1952 4973 2420 5043 praesumptionem
2468 4985 2536 5023 ex
2576 4969 2908 5038 blasphemia
2960 4967 3189 5030 factam;
3246 4961 3515 5031 quomodo

1954 5077 2133 5117 autem
2160 5064 2261 5115 hoc
2293 5061 2394 5113 lit?
2424 5060 2477 5113 id
2501 5067 2604 5122 cst,
2633 5059 2678 5113 si
2711 5059 2849 5127 pilus
2881 5056 3068 5119 ﬂavus,
3096 5055 3358 5122 solitoque
3388 5052 3516 5105 sub-

1951 5154 2096 5208 tilior
2141 5151 2322 5214 fuerit,
2361 5150 2414 5202 id
2459 5159 2562 5212 est,
2590 5156 2644 5202 et
2670 5149 2715 5202 si
2757 5163 2861 5201 non
2913 5147 3094 5207 nimis,
3142 5144 3207 5197 ad
3246 5133 3513 5195 modicum

1954 5256 2134 5300 tamen
2174 5244 2410 5296 animum
2442 5241 2509 5295 ad
2538 5238 2922 5309 blasphemiam
2952 5235 3210 5295 intendit;
3243 5233 3342 5283 hoc
3367 5227 3513 5282 enim

1955 5332 2203 5389 subtilem
2226 5345 2344 5384 esse
2370 5329 2537 5401 pilum
2562 5335 2617 5380 et
2645 5341 2818 5393 neque
2842 5323 3082 5376 emcrere
3112 5320 3203 5373 sed
3226 5317 3513 5367 ﬂavescere

1950 5422 2215 5488 Ostendit;
2248 5418 2638 5476 contaminabit
2674 5432 2769 5470 eos
2808 5416 3076 5469 sacerdos.
3131 5406 3346 5472 Quare?
3385 5405 3508 5469 quia

1952 5516 2099 5584 lepra
2144 5513 2338 5583 capitis
2363 5526 2428 5565 ac
2470 5509 2651 5563 barba:
2701 5514 2804 5568 est,
2831 5504 2937 5566 vel,
2971 5503 3109 5554 sicut
3161 5498 3510 5564 Septuagaita

1950 5580 2136 5660 edunt.
2165 5580 2359 5654 vulnus
2386 5606 2502 5659 est;
2523 5596 2831 5648 vulneratus
2854 5589 2995 5643 enim
3029 5604 3058 5639 a
3087 5584 3299 5639 diabolo
3321 5596 3375 5640 et
3399 5584 3513 5639 coi-
3599 5580 3607 5588 ”

1952 5692 2083 5745 lisus
2128 5690 2196 5744 ad
2234 5697 2436 5742 tantam
2486 5683 2727 5753 pervenit
2776 5678 3123 5747 impietatem.
3179 5675 3321 5752 Quia
3362 5676 3512 5731 enim
