3956 6176
439 397 547 452 385
1080 386 1142 440 Β.
1180 383 1436 440 ΒΑΒΑΝΙ
1476 382 1697 439 ΜΑυιιι
1741 376 2001 437 ΑΚΩΙΙΙΕΪ

2125 375 2408 431 lOGUNT.
2452 373 2738 430 Ol’EllUM
2774 371 2954 427 PARS
2994 371 3035 425 1.
3585 377 3687 432 53L

443 522 584 578 srepe
634 505 901 573 contingit
948 501 1278 572 quempiam,
1330 508 1387 554 et
1432 506 1621 554 contra
1673 497 2004 552 voluntatem
2034 493 2080 550 Α
2110 502 2234 542 nem
2262 486 2450 578 legalis
2479 484 2805 578 litterae,‘sic
2852 493 2907 537 et
2941 482 3059 578 ejus
3100 484 3463 578 ignorantiam
3488 488 3687 541 subob-

442 574 599 654 suam
622 595 768 664 loqui
807 594 990 662 impia.
1044 591 1101 644 Si
1131 590 1324 645 viderit
1352 589 1529 644 locum
1577 586 1803 641 maculae
1835 600 2012 654 aequa-
2111 592 2325 632 scurum
2350 576 2587 631 θὶὺονθω
2613 584 2668 631 ει
2694 575 2963 631 Ῑιιοεηιθω
2984 574 3343 645 ίηίεηίῧίωιυε
3366 577 3470 632 diei
3496 594 3509 641 ;
3541 577 3690 645 igno-

443 687 552 742 letn
590 684 782 739 vicinae
817 682 988 746 carui,
1026 689 1083 736 et
1118 680 1374 750 capillum
1398 679 1632 748 nigrum,
1670 686 1729 731 ut
1759 692 1865 732 non
1919 691 2015 730 ex-
2112 668 2344 721 rautiam
2375 674 2552 721 autem
2593 681 2698 719 non
2730 665 2970 720 omnium
3021 679 3142 734 quae
3172 664 3325 728 dicit,
3355 681 3456 719 nec
3501 682 3693 721 eorum

444 780 639 831 uberet
685 774 789 829 hoc
836 772 980 842 quod
1022 785 1091 824 ex
1140 768 1408 825 diabolica
1457 766 1772 835 operatione
1820 765 2016 818 anima:
2112 773 2231 827 qua:
2270 757 2577 812 communia
2629 771 2751 810 cum
2784 756 2899 827 lege
2935 753 3191 819 naturali,
3230 755 3313 810 vel
3365 756 3694 826 evangelicis

444 879 529 927 est
578 868 770 927 vulnus
800 866 1082 930 inﬂictum,
1116 865 1167 920 id
1219 871 1325 929 est,
1375 863 1627 931 impietas
1679 860 2006 931 dogmatum,

2130 847 2395 916 )rmceptis
2423 854 2549 901 sunt
2581 846 2839 915 possidet.
2881 844 3064 914 Neque
3100 846 3244 921 enim
3280 845 3552 915 ignorare,
3576 845 3692 899 Non

446 960 687 1015 recludet
714 973 807 1012 eos
849 966 1055 1026 septem
1078 954 1266 1008 diebus
1295 952 1570 1014 sacerdos,
1597 966 1704 1005 non
1734 964 1831 1018 pro
1857 964 2014 1018 ραξῃζιι
2115 936 2350 997 occidas,
2384 951 2490 989 non
2519 935 2902 1000 ma‘chaheris,
2936 952 3041 1011 non
3068 935 3271 989 furtum
3298 935 3489 1001 facies,
3536 936 3698 991 cuili-

446 1055 680 1112 mﬂum,
737 1024 997 1115 (μηηιίηη
1070 1041 1327 1096 districta,
1398 1038 1736 1108 probationis
1806 1052 2012 1091 causa;
2114 1026 2207 1083 bet
2233 1025 2554 1099 ignoscitur,
2586 1026 2679 1079 sed
2735 1024 3092 1094 quorumdam
3148 1025 3529 1094 partitialium,
3565 1042 3702 1095 par-

447 1146 657 1205 tempus
701 1135 846 1188 enim
870 1134 923 1187 in
953 1131 1205 1187 omnibus
1246 1129 1482 1199 quidem.
1513 1127 1811 1187 districtius
1839 1136 2016 1180 tamen
2119 1133 2413 1187 vorumque
2452 1118 2827 1171 mandatorum
2876 1116 3205 1187 ignorantia.
3259 1116 3425 1171 νοιιιιί
3478 1119 3701 1187 quand"

444 1225 498 1279 in
524 1224 606 1278 his
657 1238 886 1292 quorum
918 1222 1098 1291 lingua
1144 1221 1291 1276 circa
1335 1218 1683 1273 Divinitatem
1724 1224 1902 1271 vacat.
1935 1216 2006 1269 lu-

2139 1215 2335 1278 )portet
2371 1207 2616 1261 mandari
2671 1215 3089 1271 menstruatam,
3120 1207 3335 1275 quando
3381 1205 3563 1262 oll‘erri
3594 1223 3701 1278 pro

447 1313 701 1367 tuendum
734 1323 818 1367 est
842 1313 1039 1369 deinde
1082 1310 1353 1381 quomodo
1405 1320 1526 1378 post
1562 1308 1917 1362 reclusionem
1936 1305 2020 1374 ju-
2118 1298 2362 1367 pariente
2391 1295 2709 1360 masculum.
2742 1295 2959 1364 quando
2984 1295 3147 1350 etiam
3175 1312 3272 1365 pro
3302 1311 3366 1351 ea
3393 1310 3515 1365 quae
3539 1294 3703 1351 femi-

446 1405 592 1459 dicat
625 1423 638 1457 :
674 1403 988 1458 admiranda
1046 1411 1128 1456 est
1168 1401 1437 1457 districtio
1487 1415 1649 1469 quam
1705 1407 1895 1453 contra
1926 1413 2008 1451 eos

2140 1405 2246 1443 tam
2276 1388 2487 1458 peperit
2511 1405 2525 1451 ;
2554 1396 2778 1458 propter
2805 1386 2947 1455 quod
2976 1402 3097 1440 eam
3124 1386 3514 1441 subobscurum
3541 1386 3702 1441 albo-

448 1495 537 1562 qui
564 1494 729 1563 impie
778 1490 832 1547 in
861 1493 1200 1562 dogmatibus
1225 1498 1390 1561 agunt
1438 1498 1636 1544 servat.
1680 1489 1737 1543 Si
1764 1505 1871 1542 non
1901 1504 2010 1543 cre-

2134 1495 2258 1542 rem,
2299 1486 2485 1547 utpote
2519 1492 2715 1545 parvas
2756 1476 3041 1530 cicatrices
3091 1477 3445 1545 partitialium
3496 1492 3696 1547 prame-

449 1585 587 1638 verit
611 1583 841 1647 macula,
873 1582 1118 1636 videlicet
1162 1581 1431 1650 impietas,
1464 1589 1518 1634 et
1562 1578 1786 1649 capillus
1819 1578 1899 1631 sui
1929 1592 2020 1631 co—
2121 1584 2337 1641 plol‘um
2371 1569 2732 1640 ignominiam
2768 1569 3057 1621 ilahenlem
3089 1568 3397 1638 εδΡΡοῙΙίὶνίῐ·
3433 1567 3535 1634 Qui
3570 1583 3707 1637 οτεο

446 1674 578 1729 loris
604 1684 706 1739 est,
735 1675 787 1729 id
816 1685 913 1736 est,
956 1690 1056 1729 nec
1104 1674 1331 1744 capillus
1384 1673 1556 1731 ﬂavus
1586 1673 1640 1726 in
1668 1686 1731 1726 ea
1761 1679 1865 1735 est,
1895 1685 2018 1724 cum
2123 1664 2248 1717 talis
2286 1670 2392 1723 est,
2424 1677 2646 1715 necesse
2695 1676 2798 1714 non
2845 1660 3009 1712 habet
3040 1659 3310 1723 mundari,
3351 1674 3525 1729 neque
3553 1660 3707 1713 enim

446 1780 554 1819 non
580 1766 750 1835 possit
784 1766 1040 1833 cogitatio
1085 1773 1308 1834 propter
1359 1764 1696 1833 negationem
1743 1760 2018 1831 cognosci,
2123 1754 2189 1807 ad
2212 1751 2659 1820 justiﬁcationem
2705 1749 3032 1813 Judtcorum,
3066 1751 3159 1803 sed
3210 1759 3265 1805 ut
3317 1760 3708 1821 aggravaretur

446 1867 628 1913 utrum
680 1869 870 1928 sponte
898 1869 993 1913 aut
1049 1861 1246 1913 invitus
1277 1860 1439 1929 impie
1482 1860 1674 1928 egerit,
1711 1865 1837 1912 tunc
1865 1856 2008 1926 jubet

2148 1859 2310 1897 :orum
2361 1842 2548 1912 jugum
2606 1842 2801 1897 tradita
2855 1850 2998 1895 sunt.
3056 1840 3284 1910 Propter
3306 1842 3448 1911 quod
3476 1849 3531 1895 et
3562 1840 3710 1895 Deus

448 1949 565 2003 radi
614 1950 885 2003 hominem
937 1951 1140 2019 absque
1188 1950 1308 2004 loco
1346 1928 1608 2011 maculae;
1665 1956 1851 2018 aperte
1888 1963 2019 2017 ergo
2121 1930 2557 2000 ΡθτΡιόνιιρωιιι
2586 1929 2838 1983 dicem“
2872 1928 2999 1981 Dedi
3027 1930 3388 2019 είξρτατερίίζ
3416 1946 3520 1982 ηοη
3546 1930 3708 1993 θοηαυ

447 2041 549 2094 alia
588 2041 700 2094 radi
734 2043 990 2110 prtecepit
1034 2017 1195 2095 verba
1223 2049 1279 2096 et
1322 2041 1601 2111 castigari,
1650 2017 1711 2094 si
1741 2039 1925 2094 forsan
1949 2054 2018 2092 ex
2120 2031 2168 2074 ⁸⁸
2190 2020 2402 2090 Ιαάίίία
2425 2021 2479 2073 ίη
2508 2019 2693 2089 quibus
2724 2036 2828 2073 ηοη
2856 2020 3022 2073 vitam
3055 2017 3271 2090 (Εκείιο
3300 2018 3417 2091 “)-

446 2128 526 2182 eis
560 2129 942 2198 comprehendi
991 2130 1163 2198 possit
1218 2137 1399 2182 utrum
1447 2144 1544 2197 per
1589 2127 2016 2196 subreptionem,
2724 2131 2952 2188 CAPUT
2987 2132 3078 2187 1V.

447 2218 586 2271 sicut
627 2218 848 2273 evenire
886 2217 1201 2287 frequenter
1227 2218 1382 2282 solet,
1411 2233 1481 2271 an
1509 2216 1771 2271 malevole
1820 2216 1887 2269 de
1910 2216 2009 2271 Dea

1963 2230 2021 2269 εο
2301 2202 2375 2256 De
2405 2204 2534 2264 viro,
2564 2203 2629 2255 de
2663 2202 2813 2271 cujus
2845 2203 3013 2272 capite
3042 2204 3221 2273 capilli
3265 2204 3525 2273 deﬂuunt.

448 2307 610 2375 impia
638 2308 709 2362 sit
734 2308 963 2362 locutus.
1001 2307 1208 2362 Vulnus
1226 2316 1411 2362 autem
1442 2306 1724 2375 antiquum
1752 2320 1859 2359 non
1881 2320 2010 2375 prat-

2194 2291 2376 2361 (lutn.)
2423 2290 2518 2345 Vir
2539 2292 2603 2345 de
2632 2292 2785 2361 cujus
2817 2293 2986 2361 capite
3026 2292 3203 2362 capilli
3230 2295 3402 2363 [luunt
3432 2293 3614 2347 calvus
3648 2309 3718 2347 ac

450 2397 595 2462 ερρξι
637 2396 776 2459 ταδί,
801 2396 927 2465 quia
952 2395 1171 2449 verbum
1201 2395 1253 2449 in
1285 2411 1394 2465 quo
1423 2394 1775 2462 delinquitur,
1803 2392 2022 2461 quando
2122 2380 2351 2434 mundus
2381 2389 2478 2446 est,
2509 2389 2557 2433 et
2588 2380 2635 2433 si
2665 2397 2695 2433 a
2725 2380 2897 2449 [route
2926 2380 3207 2435 ceciderint
3240 2381 3354 2451 pili,
3383 2381 3713 2436 recalcaster

452 2482 617 2537 semel
642 2485 734 2553 qui
788 2485 1033 2554 peccavit
1069 2485 1369 2554 negaverit,
1419 2483 1707 2552 diiudicari
1754 2484 1869 2553 jam
1908 2498 2019 2537 ηοη
2122 2478 2171 2523 et
2197 2469 2424 2524 mundus
2449 2479 2524 2523 est
2551 2484 2570 2521 :
2601 2471 2648 2523 si
2677 2480 2849 2524 autem
2892 2471 2946 2524 in
2977 2470 3205 2536 calvitio,
3229 2474 3335 2526 sive
3358 2472 3412 2526 in
3435 2472 3715 2528 recalvitio

453 2580 682 2640 oportet.
715 2572 846 2639 Quis
884 2574 1030 2627 enim
1072 2588 1228 2627 reum
1266 2573 1472 2643 judieet
1499 2558 1710 2642 peeeali
1741 2588 1888 2636 eum,
1924 2571 2015 2641 qui

2152 2558 2274 2613 dbus
2305 2559 2385 2613 vel
2420 2560 2571 2629 rufus
2596 2560 2742 2614 color
2770 2561 2928 2630 fuerit
2958 2572 3189 2626 exortus,
3231 2573 3278 2617 et
3310 2564 3408 2617 hoc
3457 2565 3714 2620 sacerdos

452 2662 599 2729 quod
640 2662 921 2717 confessus
974 2672 1059 2717 est
1084 2662 1288 2733 lingua,
1321 2663 1602 2717 voluntate
1649 2678 1708 2718 se
1733 2661 2014 2732 protulisse

2153 2650 2330 2717 iderit,
2358 2650 2651 2722 inquinabit
2680 2667 2798 2705 eum
2836 2651 2981 2705 haud
3024 2653 3178 2707 dubie
3215 2652 3395 2724 [ειη-α’,
3439 2671 3561 2725 qua:
3589 2665 3715 2710 orta

451 2752 644 2819 negat?
679 2750 905 2817 Quando
935 2760 1115 2806 autem
1167 2752 1234 2808 de
1259 2768 1325 2808 eo
1359 2753 1439 2808 sic
1461 2752 1714 2821 judicans
1740 2770 1849 2810 ηοη
1875 2769 2025 2809 com-
2124 2750 2200 2795 est
2227 2741 2280 2796 in
2310 2741 2540 2796 calvitio.
2577 2742 3052 2798 Reminiscendum
3096 2754 3181 2800 est
3208 2747 3332 2817 quia
3357 2747 3586 2815 capillos
3608 2763 3717 2817 pro

449 2841 797 2910 prehenderit
822 2844 1061 2897 crevisse
1097 2844 1386 2909 maculam,
1444 2861 1545 2900 nec
1571 2846 1850 2901 dilatatam
1874 2848 1928 2902 in
1954 2862 2021 2902 eo
2124 2834 2543 2905 cogitationibus
2589 2834 2968 2889 intelleximus.
3000 2835 3107 2906 (Ex
3141 2835 3453 2907 Hesychia.)
3490 2837 3719 2895 Ornare

449 2928 647 2984 viderit
691 2930 1041 3001 impietatem,
1077 2934 1330 3002 quoniam
1366 2933 1749 3005 blasphemaus
1797 2938 2023 2991 omnino
2125 2926 2322 2994 quippe
2350 2938 2533 2995 οθβυῑν
2567 2941 2632 2980 ac
2659 2936 2840 2997 ῑθὸθτθ
2865 2929 3145 2982 consum“
3174 2938 3323 2992 sumo
3373 2930 3522 2985 δίθυι
3554 2933 3719 3001 εοείο

451 3016 640 3088 polluit
683 3019 875 3075 stolam
906 3020 1265 3091 baptismatis,
1316 3033 1463 3079 recte
1499 3039 1623 3079 eum
1645 3026 1901 3094 pmwpit
1926 3041 2024 3096 ρει·
2128 3017 2360 3070 lationes
2384 3025 2644 3081 mentem,
2675 3033 2781 3070 non
2827 3026 3007 3074 autem
3054 3019 3390 3074 inordinatas
3424 3021 3721 3091 cogitatio.

450 3109 821 3180 paenitentiam
860 3110 1042 3164 lavare
1093 3113 1434 3177 vestimenta,
1487 3122 1543 3167 et
1601 3122 1729 3168 tunc
1788 3116 2012 3170 mundus

2167 3121 2225 3160 es
2255 3105 2586 3163 deducamus
2626 3106 2693 3160 ad
2721 3106 2979 3173 medium,
3023 3108 3149 3178 quia
3178 3117 3235 3162 et
3266 3109 3587 3178 capillorum
3629 3111 3723 3166 in-

452 3199 576 3260 erit,
603 3198 728 3267 quia
762 3199 940 3252 omnis
970 3200 1218 3269 impietas
1241 3217 1340 3270 per
1366 3204 1620 3257 mundam
1644 3205 2018 3271 paenitentiam
2047 3199 2092 3261 C
2124 3199 2446 3269 compositio
2496 3198 2797 3254 foeditatem
2843 3215 2941 3269 pro
2975 3210 3172 3256 ornatu
3220 3204 3441 3272 pra-bet,
3485 3204 3725 3275 insuper

454 3288 764 3341 mandatur.
814 3286 1194 3343 Verumtamen
1229 3290 1318 3345 hic
1365 3292 1409 3345 si
1439 3292 1698 3359 praedicto
1734 3294 2025 3348 mundatus
2127 3288 2583 3357 quemadmodum
2642 3290 2960 3359 capillorum
3017 3293 3238 3362 quidam
3296 3293 3573 3358 decidunt,
3614 3295 3722 3349 alii

454 3378 631 3440 modo,
660 3377 822 3447 impia
853 3392 1041 3433 rursus
1068 3379 1279 3435 locutus
1305 3380 1488 3446 fuerit,
1523 3398 1628 3437 non
1659 3383 1911 3453 inspiciet
1932 3401 2023 3438 sa-
2127 3388 2308 3433 autem
2338 3389 2701 3435 renascuntur
2738 3381 2994 3452 nulloque
3026 3391 3267 3454 tempore
3288 3386 3436 3440 nasci
3464 3397 3721 3451 cessant,

455 3469 646 3523 certius
693 3468 759 3523 de
806 3468 915 3539 pilo
961 3468 1118 3536 ﬂavo,
1171 3487 1277 3527 non
1332 3473 1612 3542 qumritur,
1669 3474 1865 3544 inquit,
1917 3491 2025 3545 quo
2129 3472 2208 3526 sic
2241 3480 2294 3526 et
2333 3472 2419 3526 his
2473 3488 2594 3541 quae
2623 3483 2751 3527 sunt
2804 3475 2856 3527 in
2898 3476 3056 3529 nobis
3102 3478 3517 3545 cogitationibus
3561 3480 3723 3533 deci-

454 3559 635 3611 animo
663 3559 824 3628 impia
856 3559 1069 3616 locutus
1095 3561 1184 3626 sit,
1236 3563 1330 3617 sel
1366 3564 1491 3632 quia
1552 3564 1607 3619 in
1637 3581 1700 3619 ea
1728 3567 1793 3619 dc
1820 3567 2020 3635 quibus
2127 3562 2401 3622 dentibus,
2432 3562 2551 3615 alia:
2578 3572 2954 3617 renascuntur.
2996 3564 3138 3634 Ergo
3167 3566 3254 3619 hic
3289 3566 3500 3621 calvum
3526 3568 3725 3636 appel-

453 3649 708 3716 pmnituit
736 3651 945 3716 recidit,
974 3651 1304 3707 immundum
1328 3669 1451 3708 eum
1483 3664 1630 3711 recte
1651 3673 1770 3712 esse
1796 3657 2022 3726 judicat,
2128 3651 2205 3706 lat
2230 3652 2529 3722 simplicem
2582 3654 2876 3717 hominem.
2904 3672 3012 3709 non
3064 3672 3189 3710 eum
3216 3657 3305 3725 qui
3334 3658 3557 3711 omnino
3587 3658 3725 3713 insi-

449 3740 493 3791 si
533 3754 638 3794 non
666 3740 891 3809 capillus
921 3741 1077 3812 niger
1103 3742 1361 3805 fuerit,id
1391 3755 1494 3808 est,
1512 3747 1558 3800 si
1588 3762 1697 3801 non
1726 3747 1915 3816 lugens
1934 3765 2027 3819 ap-
2127 3743 2283 3813 piens
2329 3751 2413 3799 est
2460 3752 2555 3797 aut
2612 3745 2942 3800 irrationalis
2979 3762 2991 3798 :
3048 3747 3172 3816 quis
3218 3748 3364 3801 enim
3410 3756 3497 3802 est
3544 3748 3723 3803 homo

456 3829 700 3897 paruerit
753 3831 1119 3900 impietatem;
1157 3832 1348 3905 lugens
1391 3852 1520 3890 vero
1566 3854 1675 3892 non
1720 3839 1891 3892 solum
1931 3839 2026 3893 ha-
2128 3833 2220 3901 qui
2252 3849 2361 3888 non
2417 3834 2661 3903 capillos,
2717 3833 2843 3889 licet
2895 3850 3120 3904 paucos,
3156 3836 3209 3889 iu
3264 3836 3439 3905 capite
3471 3837 3726 3893 haheat?

459 3919 592 3983 bitu,
620 3917 713 3975 sed
745 3927 801 3974 et
828 3920 1010 3974 animo
1037 3933 1097 3976 et
1136 3924 1574 3994 cogitationibus,
1627 3927 1839 3998 nigrum
1874 3944 2028 3982 nam-
2128 3924 2283 3980 Hunc
2304 3942 2434 3995 ergo
2458 3927 2717 3982 describit
2738 3929 2829 3996 qui
2854 3929 3213 3997 cogitationes
3236 3943 3436 3997 paucas
3458 3944 3559 3998 per
3583 3932 3726 3984 sim-

458 4025 562 4079 que
588 4025 805 4065 manere
845 4010 1140 4081 lugentium
1165 4022 1249 4068 est
1288 4016 1586 4085 proprium.
1636 4016 1898 4082 Quoniam
1926 4034 2025 4070 au-
2127 4014 2421 4084 plicitatem
2469 4016 2629 4085 gerit,
2685 4032 2917 4085 eumque
2945 4018 3204 4071 mundum
3244 4029 3391 4073 recte
3416 4034 3539 4073 esse
3570 4034 3723 4088 prte-

456 4110 563 4154 tem
596 4100 906 4154 interiorem
937 4100 1209 4157 hominem
1238 4111 1452 4173 oportet
1494 4103 1677 4173 lugere
1710 4121 1808 4173 pro
1836 4122 2025 4174 pecca-
2128 4103 2272 4171 cepit
2300 4122 2312 4156 :
2343 4105 2798 4171 quemadmodum
2836 4107 2979 4160 enim
3030 4109 3286 4161 mundum
3319 4109 3557 4163 mstimat
3583 4125 3722 4165 eum

453 4192 521 4245 tis
549 4207 709 4262 quem
740 4195 1092 4264 cogitationes
1130 4198 1447 4267 contingunt
1479 4195 1842 4269 [contegunt],
1875 4209 2023 4255 recte
2128 4193 2221 4260 qui
2248 4207 2313 4245 ex
2347 4200 2463 4246 ιυὲο
2516 4192 2744 4262 Simplex
2772 4201 2877 4253 est.
2930 4195 3009 4250 sic
3036 4204 3091 4250 ει
3124 4195 3274 4250 illum
3315 4197 3406 4265 qui
3454 4211 3523 4251 ex
3552 4207 3727 4267 parte
3800 4224 3804 4227 ν

452 4283 569 4352 ejus
596 4284 965 4353 ptenitentiam
989 4301 1085 4355 per
1105 4286 1269 4356 pilum
1300 4287 1510 4357 nigrum
1542 4286 1900 4357 signiﬁcavit;
1933 4289 2027 4343 sed
2129 4290 2234 4336 est.
2270 4282 2503 4336 Maxime
2544 4292 2723 4337 autem
2774 4285 2916 4339 hunc
2967 4286 3057 4354 qui
3089 4301 3156 4342 ex
3207 4286 3556 4358 simplicitate
3602 4298 3719 4365 est,

456 4374 787 4429 sullicienter
819 4374 884 4429 de
914 4376 997 4429 his
1024 4391 1141 4444 quae
1167 4376 1221 4430 in
1248 4374 1359 4430 Deo
1393 4376 1805 4430 committuntur
1837 4377 2026 4446 impie-
2130 4388 2257 4426 nam
2309 4374 2412 4427 hoc
2449 4373 2851 4444 intelligendum
2909 4385 2994 4430 est
3037 4377 3091 4431 in
3122 4378 3329 4446 capillis
3386 4377 3723 4445 liuentibus,

459 4466 683 4531 tatibus,
713 4475 820 4520 tam
842 4483 907 4521 ex
934 4467 1206 4521 voluntate
1240 4483 1401 4537 quam
1450 4483 1516 4523 ex
1547 4468 1853 4538 ignorantia
1882 4470 2053 4524 locu-.
2132 4465 2236 4518 hoc
2268 4472 2354 4518 est
2399 4466 2817 4528 rarescentibus,
2875 4466 2928 4519 in
2978 4465 3175 4533 fronte,
3235 4483 3395 4538 quem
3423 4478 3479 4522 et
3526 4470 3724 4524 calva-

452 4567 570 4620 tus,
623 4558 691 4612 ad
729 4558 832 4612 alia
877 4559 1098 4613 vulnera
1136 4559 1496 4614 moderatiora
1548 4576 1858 4615 sermonem
1898 4577 2014 4614 ver-

2159 4561 2310 4606 .trmn
2364 4554 2669 4623 appellavit.
2709 4554 2809 4610 llic
2864 4566 3044 4610 autem
3082 4558 3265 4625 priore
3318 4558 3561 4613 deterior
3607 4571 3721 4625 est.

457 4650 545 4701 tit.
2136 4659 2262 4699 nam
2292 4646 2487 4700 melius
2540 4646 2758 4715 quidem
2789 4655 2871 4701 est
2896 4647 3129 4702 virtutes
3163 4647 3527 4712 abscondere;
3551 4650 3598 4706 si
3632 4659 3725 4705 ta-

542 4737 629 4792 νῦν
665 4750 711 4791 et
754 4739 960 4805 mulier,
1014 4741 1068 4794 in
1114 4742 1264 4810 cujus
1313 4751 1429 4794 cute
1462 4741 1662 4793 candor
1706 4742 2026 4809 apparuerit,
2134 4751 2256 4789 men
2289 4737 2482 4805 aliquis
2503 4737 2725 4806 gloriam
2750 4753 2934 4791 earum
2968 4737 3182 4807 prodat,
3206 4737 3502 4792 tolerabilis
3521 4741 3725 4808 passio

459 4828 744 4882 intuebitur
793 4845 877 4883 eos
921 4831 1201 4885 sacerdos:
1230 4831 1276 4883 si
1308 4829 1701 4899 deprehenderit
1750 4828 2031 4883 subobscu-
2133 4836 2218 4882 est
2246 4838 2301 4882 et
2329 4828 2503 4883 vicina
2536 4829 2724 4893 veniae,
2749 4836 2972 4898 propter
3000 4829 3145 4900 quod
3166 4829 3273 4884 erit
3285 4828 3517 4883 mundus
3538 4846 3557 4885 :
3580 4831 3723 4900 quia

463 4936 575 4973 rum
603 4921 831 4974 alborem
876 4921 1046 4976 lucere
1075 4924 1131 4977 in
1157 4933 1289 4983 cute,
1362 4923 1491 4976 sciat
1523 4938 1625 4975 non
1671 4938 1780 4975 esse
1808 4921 2027 4991 Iepram,
2135 4920 2278 4973 enim
2311 4919 2605 4973 secundum
2645 4918 2836 4972 faciem
2886 4919 3065 4972 divina
3099 4918 3378 4988 Scriptura
3410 4920 3571 4988 prodi
3602 4920 3727 4975 vir-

458 5014 548 5067 sed
576 5015 837 5067 maculam
878 5013 1069 5069 coloris
1108 5014 1337 5079 candidi,
1372 5025 1419 5068 et
1467 5014 1723 5068 hominem
1752 5015 2026 5070 mundum.
2137 5020 2279 5066 tutes
2313 5020 2368 5065 et
2402 5025 2586 5065 coram
2648 5010 2978 5074 hominibus,
3017 5025 3114 5078 per
3163 5024 3259 5065 eas
3292 5010 3426 5065 dicit
3471 5013 3719 5069 ornari:

461 5103 570 5171 (Ea:
613 5101 918 5175 Hesychia.)
973 5104 1108 5159 Cum
1153 5106 1388 5160 maxima
1413 5106 1752 5160 districtione
1785 5106 2031 5174 superius
2133 5101 2365 5155 Attende
2422 5098 2647 5153 Paulum
2697 5099 3006 5153 dicentem:
3043 5097 3126 5152 Ea
3146 5116 3263 5169 qua:
3310 5100 3601 5155 secundum
3630 5103 3725 5168 fa-

463 5194 519 5250 in
550 5193 747 5249 divinis
782 5192 1138 5263 dogmatibus,
1193 5202 1247 5250 et
1272 5210 1458 5250 eorum
1497 5195 2030 5265 prmvaricationibus
2133 5194 2261 5246 ciem
2296 5200 2418 5245 sunt
2444 5192 2612 5245 videte
2639 5204 2657 5241 :
2688 5191 2734 5246 si
2767 5192 2882 5261 quis
2920 5192 3123 5244 videtur
3149 5191 3248 5244 sibi
3274 5191 3469 5245 Christi
3491 5208 3548 5246 se
3574 5209 3721 5260 esse,

461 5303 593 5343 usus
620 5285 823 5347 fuisset,
856 5302 999 5340 nunc
1024 5287 1149 5357 quia
1176 5287 1240 5340 de
1269 5285 1372 5341 illis
1396 5286 1538 5355 loqui
1567 5287 1849 5356 supplevit,
1883 5297 2029 5341 recte
2134 5284 2228 5338 hoc
2263 5283 2446 5353 cogitet
2483 5284 2674 5337 iterum
2704 5283 2844 5351 apud
2876 5284 3226 5351 semetipsum,
3271 5282 3394 5349 quia
3438 5284 3575 5337 sicut
3600 5286 3728 5355 ipse

462 5394 575 5431 sum
622 5374 993 5430 austeritatem
1039 5375 1285 5443 deposuit
1329 5375 1699 5429 districtionis.
1735 5374 1799 5428 Et
1833 5374 1898 5429 de
1942 5375 2027 5429 his
2134 5373 2326 5428 Christi
2355 5384 2451 5437 est.
2478 5376 2552 5428 ita
2579 5384 2627 5428 et
2658 5390 2750 5427 nos
2779 5373 2863 5437 (ΙΙ
2890 5372 3013 5426 Cor.
3042 5372 3119 5443 χ).
3145 5372 3258 5431 Hoc
3286 5385 3489 5438 autem,
3515 5377 3561 5429 si
3586 5377 3723 5430 nul-

463 5483 581 5533 qna:
631 5475 756 5521 sunt
809 5465 1102 5520 secundum
1157 5465 1325 5534 legem
1376 5464 1653 5519 Iudaicam
1683 5464 2028 5535 dogmatibus
2136 5465 2244 5518 lum
2277 5471 2556 5533 peccatum
2608 5480 2674 5517 ex
2714 5463 3058 5530 simplicitate
3097 5463 3355 5533 simplicis
3400 5465 3728 5523 committa-

468 5556 728 5622 loquitur,
756 5567 811 5611 et
854 5573 975 5627 qua:
1023 5556 1076 5609 in
1113 5571 1175 5610 ea
1204 5564 1329 5610 sunt
1374 5556 1576 5626 culpas,
1636 5556 2027 5610 subobscuram
2139 5562 2244 5614 tur,
2269 5554 2315 5606 si
2347 5560 2523 5605 autem
2556 5551 2696 5605 facta
2727 5550 2891 5604 fuerit
2928 5552 2979 5604 in
3012 5552 3247 5607 calvaria
3275 5553 3392 5620 ejus
3417 5563 3511 5608 aut
3535 5554 3590 5608 in
3622 5569 3733 5609 rc-

466 5644 705 5699 alburetn
753 5655 807 5700 et
864 5647 1127 5701 lucentem
1191 5662 1309 5701 esse
1363 5647 1518 5701 dixit.
1567 5645 2028 5719 Quemadmodum
2136 5643 2355 5697 calvitio
2382 5642 2590 5696 macula
2615 5641 2731 5694 alba
2754 5648 2845 5694 aut
2878 5641 3016 5706 rufa,
3044 5642 3189 5712 lepra
3217 5643 3553 5709 est.Quare?
3578 5644 3728 5711 quia

468 5738 948 5803 ct-go'cicatricem
1000 5740 1176 5795 albam
1215 5756 1335 5795 esse
1385 5740 1615 5793 diximus
1647 5738 2032 5805 transgressio-
2139 5750 2294 5788 nemo
2325 5735 2507 5788 sicest
2540 5732 2758 5804 simplex
2817 5742 2876 5786 ttt
2924 5735 3135 5791 nesciat
3188 5734 3313 5804 quia
3369 5750 3472 5789 non
3511 5735 3724 5788 debeat
