3954 6176
257 197 356 250 -ὶ3ἶί

1141 188 1645 267 EXPOSITIONES
1685 187 1747 239 IN
1791 182 2188 239 LEVITlCUM.
2231 215 2300 224 ——
2336 184 2465 238 LIB.
2509 186 2594 239 IV.

3406 182 3510 234 381)

261 323 473 365 manuni
520 307 572 360 in
615 304 788 371 ignem
821 305 1054 370 mittere,
1110 319 1285 373 neque
1315 303 1366 356 in
1395 299 1678 372 prmcipitii
1707 297 1826 351 alti.
1853 301 1900 358 Α
1930 295 2155 354 habitat,
2188 304 2294 347 tam
2319 303 2378 348 ut
2406 293 2765 348 confundatur
2790 309 2952 362 quam
2998 303 3058 347 ut
3111 292 3287 348 nullus
3335 293 3512 348 socie-

259 413 313 454 tu
337 401 439 452 ’ine
468 396 819 464 semetipsum
851 397 1000 456 dare,
1029 410 1205 464 neque
1233 394 1381 448 abuti
1412 393 1590 464 gladio
1617 393 1669 444 in
1697 390 1831 444 locis

270 487 510 543 vitalibus
536 502 549 549 ;
584 485 628 540 si
658 495 836 537 autem
864 484 978 538 hinc
1007 485 1130 542 scit.
1163 483 1433 553 quomodo
1470 498 1574 536 non
1603 480 1832 550 amplius

261 581 400 637 norit
424 579 567 649 quod
593 578 840 632 occidere
871 577 1070 630 malum
1101 576 1192 637 sit,
1223 575 1362 640 qttod
1394 574 1680 628 detrahere
1711 589 1832 643 pes-

259 689 474 736 smmm,
537 673 679 742 quod
730 672 1026 742 idolotbyta
1068 671 1354 726 comedere
1396 671 1641 740 impium,
1671 678 1832 736 atque

261 768 536 824 mulierem
589 767 821 820 alienam
875 767 1259 834 concupiscere
1315 764 1387 818 sit
1441 763 1730 832 iniquum?
1772 759 1830 814 Si

257 875 384 930 ergo
439 873 564 911 eum
620 856 875 911 sacerdos
907 856 1177 910 maculam
1220 856 1504 908 habentem
1532 853 1707 906 albam
1740 859 1834 904 aut

259 949 430 1004 rufam
459 949 514 1002 in
549 945 787 1010 calvitio,
821 955 914 1000 aut
969 946 1021 1000 in
1073 945 1347 1001 reralvitio
1398 943 1534 1010 ejus,
1571 943 1620 995 id
1647 950 1748 1004 est,
1779 941 1833 994 in

259 1056 318 1093 ea
352 1054 476 1109 qua:
513 1047 596 1092 est
625 1053 690 1092 ex
723 1046 834 1091 toto
866 1036 951 1090 vel
979 1023 1043 1091 ei
1081 1047 1234 1106 parte
1264 1034 1632 1104 simplicitate,
1659 1047 1829 1084 evan-

261 1132 483 1200 gelicum
514 1125 599 1182 v'el
633 1126 860 1197 legalem
901 1141 1024 1180 eum
1060 1139 1304 1178 normam
1335 1130 1652 1192 peccantem
1704 1134 1835 1189 pra:-

260 1222 560 1275 varicatum
589 1217 756 1272 fuisse
803 1218 1027 1286 reperit,
1062 1216 1464 1276 condemnabit,
1499 1214 1611 1268 sive
1650 1220 1837 1265 conta-

260 1311 488 1366 minabit
531 1324 676 1362 eum.
725 1307 948 1375 Quare?
977 1307 1100 1376 quia
1151 1305 1295 1360 haud
1347 1304 1508 1359 dubie
1543 1302 1692 1371 lepra
1717 1308 1836 1354 orta

259 1413 338 1459 est
365 1403 422 1456 in
451 1401 688 1465 calvitio,
719 1399 823 1465 vel,
855 1401 996 1454 sicut
1025 1398 1396 1469 Septuaginta,
1423 1396 1548 1466 quia
1580 1396 1633 1448 in
1661 1393 1838 1462 capite

259 1493 374 1562 ejus
397 1490 609 1546 macula
640 1490 756 1560 ejus
791 1490 889 1553 ait,
939 1489 991 1542 id
1021 1497 1124 1553 est,
1171 1490 1298 1557 quia
1350 1487 1403 1540 in
1431 1485 1624 1539 validis
1661 1493 1716 1538 et
1747 1499 1840 1538 ne-

258 1581 520 1638 cessariis
545 1579 811 1649 peccavit,
853 1579 905 1633 in
945 1579 1141 1648 quibus
1170 1593 1330 1656 nemo
1357 1591 1591 1646 peccans
1623 1575 1836 1629 veniam

1931 387 2058 441 tatis
2097 385 2216 456 ejus
2273 387 2523 455 contagio
2580 393 2859 439 noceatur.
2924 384 3076 440 Unde
3113 384 3374 438 Dominus
3407 383 3512 439 Pe-

1935 486 2018 530 tro
2076 478 2142 528 de
2181 492 2246 529 co
2307 476 2449 545 quod
2499 483 2841 544 peccaverat,
2885 481 2939 527 et
2988 473 3242 526 Ecclesiae
3279 482 3338 527 nt
3379 487 3510 527 cou-

1931 571 2239 617 verteretur
2261 573 2423 633 atque
2438 561 3418 625 emendareturdetractabatobedire,
3441 563 3509 615 ait

1932 655 2046 719 tibi,
2064 655 2254 724 inquit,
2275 655 2408 708 sicut
2434 655 2669 707 ethnicus
2697 665 2745 706 et
2761 652 3068 722 publicanus
3090 649 3304 721 (Matth.
3331 650 3506 722 lV‘lli).

1934 745 2373 800 Habitabitextra
2389 755 2566 798 castra
2597 761 2609 797 :
2637 744 2771 812 legis
2791 744 2988 812 quippe
3013 741 3267 795 mandata
3286 753 3512 809 evange-

1934 839 2050 892 lieis
2066 839 2228 892 nimis
2241 847 2364 892 sunt
2385 837 2676 890 secundum
2696 835 2943 905 spiritum
2960 832 3330 888 consonantia.
3358 831 3512 886 Unde

1931 927 2166 982 Joannes
2227 942 2487 996 separatis
2539 927 2607 980 ab
2661 925 2976 996 iutelligihili
3040 923 3388 978 tabernaculo
3433 923 3514 976 in-

1935 1016 2265 1088 telligibilem
2305 1017 2572 1086 leprosqu
2602 1016 2656 1070 in
2707 1015 2972 1069 catholica
3007 1014 3246 1083 Epistola
3273 1013 3463 1068 scribit
3494 1027 3506 1063 :

1937 1107 2243 1177 Quicunque
2271 1109 2402 1161 venit
2424 1107 2492 1160 ad
2516 1123 2622 1170 vos,
2653 1116 2698 1158 et
2719 1107 2854 1158 hanc
2875 1105 3167 1158 doctrinam
3207 1121 3310 1157 non
3334 1103 3510 1171 affert,

1935 1215 2038 1255 non
2084 1199 2275 1269 recipia
2301 1198 2344 1251 is
2387 1203 2503 1250 cu'm
2560 1198 2614 1250 in
2667 1195 2908 1259 domum,
2956 1205 3002 1248 et
3033 1210 3126 1247 ave
3161 1195 3209 1246 ei
3261 1209 3323 1246 ne
3363 1193 3530 1246 Μωρέ

1937 1289 2052 1342 ritis
2093 1286 2177 1358 (ΙΙ
2204 1286 2366 1340 Joan.
2395 1285 2502 1357 l0).
2559 1285 2624 1338 Et
2664 1294 2724 1338 ut
2767 1285 2882 1338 haec
2919 1284 3100 1338 omnia
3148 1282 3358 1336 facilius
3402 1296 3516 1335 me-

1938 1378 2108 1432 moria
2165 1376 2548 1446 comprehendi
2600 1376 2838 1446 possint,
2901 1375 3142 1429 breviter
3188 1388 3251 1426 ea
3303 1372 3515 1442 recapi-

1940 1467 2154 1521 tulanda
2200 1482 2320 1520 esse
2367 1481 2646 1520 censemus
2675 1507 2688 1526 .
2741 1465 3062 1534 quibusdam
3115 1472 3323 1516 tantum
3361 1461 3514 1524 locis,

1935 1560 2088 1630 juxta
2127 1559 2267 1627 quod
2294 1558 2346 1612 iu
2380 1558 2502 1612 aliis
2537 1568 2846 1613 sanctorum
2890 1556 3302 1624 prmdicatorum
3359 1552 3518 1606 dictis

263 1677 525 1725 meretur.
545 1637 835 1723 -Naturalis
879 1637 1024 1722 enim
1085 1668 1167 1721 lex
1204 1667 1270 1720 ad
1303 1637 1483 1736 quam
1531 1665 1838 1720 necessaria
1868 1637 1914 1696 Β
1944 1647 2362 1719 reperiebamus,
2395 1665 2555 1703 sensu
2587 1648 2829 1709 mutatis,
2855 1645 2920 1699 ad
2962 1645 3101 1698 idem
3135 1653 3311 1696 tamen
3339 1655 3521 1695 sacra-

261 1762 396 1832 legis
425 1759 676 1824 tendunt,
712 1768 769 1814 et
796 1759 962 1813 multo
1010 1761 1182 1828 magis
1207 1759 1518 1828 evangeliea
1546 1767 1837 1828 princepta,

263 1867 357 1906 nec
407 1849 478 1904 ab
511 1850 795 1904 animabus
841 1850 1058 1919 quidem
1089 1858 1215 1904 sunt
1268 1849 1438 1902 alie..a
1481 1847 1836 1917 simplicibus.

266 1941 566 2010 Sequitur:
620 1939 928 2010 Quicunque
975 1956 1097 2010 ergo
1156 1939 1450 1993 maculatus
1507 1939 1665 2008 fuerit
1697 1937 1841 2007 lepra

261 2044 305 2086 et
332 2041 616 2102 separatus
651 2032 720 2084 ad
753 2031 1028 2084 arbitrium
1081 2031 1388 2090 sacerdotis,
1440 2029 1644 2082 habebit
1688 2028 1842 2081 vesti-

263 2131 442 2176 menta
486 2121 714 2186 dissuta,
767 2130 922 2187 caput
977 2121 1198 2186 nudum,
1232 2137 1289 2174 os
1337 2131 1469 2173 reste
1521 2129 1837 2182 contectum,

263 2209 706 2272 contaminatum,
761 2225 822 2261 ac
866 2209 1136 2262 sordidum
1187 2225 1241 2262 se
1269 2207 1513 2262 clamabit
1543 2209 1683 2262 omni
1715 2218 1844 2262 tent-

260 2316 388 2368 pare
417 2315 524 2369 quo
555 2299 788 2370 leprosus
835 2309 932 2365 est,
963 2311 1010 2354 et
1058 2300 1362 2353 immundus
1411 2299 1554 2354 solus
1590 2299 1842 2353 habitabit

262 2397 417 2441 extra
446 2400 643 2442 castra.
679 2387 788 2458 (Ex
809 2389 1116 2462 Hesychia.)
1155 2389 1229 2443 Ea
1279 2405 1399 2458 qua:
1446 2389 1513 2442 ad
1545 2388 1736 2444 facient
1761 2398 1846 2444 est

265 2483 654 2550 interpretatio
681 2481 874 2536 littera:
904 2482 1124 2536 omnino
1153 2481 1339 2534 multis
1386 2481 1599 2536 videtur
1625 2496 1743 2536 esse
1774 2481 1847 2534 ri-

265 2574 470 2638 dicula,
503 2575 628 2641 quid
679 2575 821 2628 enim
847 2575 1066 2643 prodest
1115 2575 1430 2630 vestimenta
1459 2576 1724 2639 dissuere,
1756 2583 1847 2628 aut

266 2674 434 2732 caput
491 2665 695 2720 habere
751 2664 1032 2730 nudatum,
1086 2682 1148 2722 os
1201 2669 1550 2722 contectum?
1603 2666 1711 2721 Nec
1761 2667 1847 2720 ille

265 2755 414 2808 enim
446 2755 538 2824 qui
582 2770 814 2826 corpore
866 2757 1109 2826 leprosus
1150 2758 1368 2810 odorem
1423 2759 1592 2826 spirat
1618 2757 1844 2826 putoris,

267 2851 321 2895 ut
350 2853 509 2898 recte
527 2859 592 2898 os
626 2859 783 2898 suum
818 2844 976 2913 hujus
1011 2846 1089 2900 rei
1121 2846 1331 2914 aperiat
1368 2847 1562 2916 gratia,
1605 2847 1696 2900 sed
1722 2847 1848 2914 quia

266 2931 545 3002 leprosum
594 2933 871 3004 legislalor
928 2936 1192 2990 intellexit
1243 2952 1366 2990 eum
1405 2936 1496 3006 qui
1553 2935 1845 2990 secundum

1940 1752 2180 1797 mentum
2217 1757 2315 1812 per
2338 1741 2518 1795 omnia
2565 1739 2998 1810 respicientibus.
3052 1737 3224 1806 Lepra
3273 1734 3519 1788 doctrina

1939 1841 2024 1886 est
2063 1832 2218 1887 falsa.
2276 1832 2509 1887 Proinde
2555 1831 2748 1902 leprosi
2799 1846 2902 1884 non
2937 1829 3171 1882 absurde
3212 1825 3523 1893 intelligun-

1944 1932 2029 1978 tur
2050 1923 2307 1987 haeretici,
2337 1924 2428 1992 qui
2456 1923 2714 1977 unitatem
2743 1938 2883 1976 verae
2923 1920 2954 1974 fi
2979 1921 3043 1974 lei
3084 1935 3187 1974 non
3239 1919 3518 1976 habentes.

1941 2019 2120 2071 varias
2151 2017 2425 2071 doctrinas
2471 2017 2794 2086 profitentur
2819 2017 3042 2079 erroris,
3086 2028 3318 2082 veraque
3375 2009 3525 2064 falsis

1943 2107 2416 2171 admiscent,sicut
2435 2117 2490 2160 et
2513 2107 2660 2175 lepra
2677 2106 2821 2159 veris
2851 2103 3102 2173 falsisque
3133 2105 3264 2158 locis
3291 2104 3523 2157 humana

1943 2213 2173 2267 corpora
2221 2197 2480 2251 varianda
2503 2196 2882 2251 commaculet.
2928 2195 3096 2265 llnjus
3130 2195 3335 2250 scilicet
3363 2195 3525 2264 leprae

1946 2289 2250 2343 invenimus
2302 2287 2664 2358 legislatorem
2699 2301 2794 2339 sex
2825 2286 3030 2355 species
3076 2285 3128 2338 in
3183 2284 3398 2338 homine
3429 2297 3525 2352 po-

1945 2381 2158 2434 suisse:
2204 2380 2375 2450 prima
2421 2380 2614 2448 capitis
2649 2389 2698 2432 et
2731 2377 2930 2440 larbm,
2959 2378 3192 2431 secunda
3247 2376 3450 2430 calvitii
3473 2384 3527 2430 et

1947 2471 2332 2534 recalvitionis,
2361 2479 2520 2524 tertia
2541 2470 2722 2524 carnis
2742 2477 2796 2522 et
2825 2469 2986 2531 etttis,
3012 2477 3204 2536 quarta
3230 2467 3370 2520 cutis
3397 2481 3524 2520 cor-

1945 2563 2094 2632 poris
2155 2572 2209 2615 et
2229 2560 2502 2614 cicatricis
2541 2560 2675 2613 alia:
2701 2575 2822 2612 eum
2868 2559 3085 2621 rubore,
3123 2558 3302 2626 quint.
3330 2557 3528 2610 ulceris

1946 2661 2001 2707 et
2035 2652 2322 2717 cicatricis,
2353 2659 2508 2706 sexta
2537 2651 2781 2704 nstionis.
2824 2648 2880 2702 In
2904 2649 3079 2718 capite
3106 2647 3530 2718 lepram-portat,

1948 2743 2038 2814 qui
2079 2743 2134 2796 in
2160 2743 2438 2796 divinitate
2467 2738 2664 2803 Patris,
2703 2739 2788 2792 vel
2829 2738 2880 2790 in
2907 2739 3023 2806 ipso
3057 2737 3253 2806 capite,
3281 2737 3423 2804 quod
3447 2742 3532 2790 est

1949 2834 2230 2896 Christus,
2263 2840 2450 2902 peccat
2492 2849 2506 2884 :
2556 2829 2723 2896 Caput
2773 2830 2910 2882 enim
2959 2828 3057 2880 viri
3102 2827 3341 2880 Christus
3379 2836 3456 2880 est
3477 2824 3528 2895 (1

1952 2923 2074 2977 Cor.
2108 2921 2208 2992 XI).
2248 2921 2394 2974 lianc
2419 2919 2622 2988 lepram
2649 2917 2815 2971 Judmi
2841 2919 3133 2979 habent,ct
3154 2913 3528 2977 Vale..tiniani,

268 3027 532 3096 pmoicm
592 2994 813 3098 pel-cara
868 3029 1174 3084 immundus
1227 3037 1330 3094 εει,
1383 2994 1690 3084 ηὲεθεεεινίο
1733 3025 1849 3094 (δίης
1875 2994 1919 3055 C
1954 3011 2332 3073 Marcionistaz,
2367 3007 2612 3069 Fabiani,
2651 3005 2951 3068 Manicluei,
2978 3004 3186 3066 Ariani,
3218 3001 3530 3066 Sabelliaui,

266 3119 497 3174 dissolvi
527 3119 848 3176 vestimenta
892 3121 1176 3190 prmcepit,
1227 3129 1287 3175 ut
1325 3135 1422 3189 per
1459 3121 1560 3175 hoc
1595 3117 1850 3190 cognosci

267 3209 447 3279 possit
469 3211 598 3280 quia
631 3210 925 3266 dissolutas
955 3211 1150 3266 habeat
1183 3211 1434 3274 virtutes,
1493 3219 1656 3280 atque
1709 3210 1852 3265 vires

269 3302 495 3365 animae,
533 3315 650 3370 qum
679 3316 798 3355 eam
826 3301 894 3355 ab
926 3311 1072 3355 aestu
1108 3309 1270 3370 atque
1310 3301 1428 3371 gelu
1455 3301 1662 3370 peccati
1702 3308 1852 3368 pote-

269 3399 399 3444 rant.
447 3391 742 3446 custodire.
779 3391 990 3446 llabere
1034 3400 1210 3447 autem
1247 3407 1369 3446 eum
1399 3400 1454 3446 ct
1500 3400 1658 3460 caput
1683 3391 1853 3445 nuda-

270 3489 388 3536 tum
423 3482 699 3551 praecepit,
719 3488 789 3535 .ut
817 3491 945 3550 pote
971 3481 1160 3535 salutis
1187 3481 1393 3552 galeam
1425 3496 1532 3535 non
1561 3479 1850 3534 habentem

269 3587 439 3640 quant
455 3569 656 3626 Paulus
677 3571 819 3626 inter
849 3571 1202 3642 intelligibilia
1229 3588 1377 3626 arma
1402 3570 1538 3625 sumi
1565 3570 1850 3639 praecepit:

270 3675 330 3718 os
347 3662 525 3718 etiam
547 3677 654 3716 non
683 3661 883 3716 frustra
902 3659 1604 3732 operiripraecepitUthes.
1631 3658 1724 3728 vi).
1748 3657 1853 3711 Sed

271 3755 404 3822 quia
432 3766 556 3808 cum
597 3753 726 3807 mali
762 3754 949 3808 odoris
973 3762 1256 3824 peccatum
1298 3753 1369 3806 sit
1394 3759 1447 3804 et
1473 3764 1687 3802 omnem
1733 3764 1856 3816 pra-

273 3862 404 3902 vam
433 3847 648 3900 emittat
672 3846 1095 3908 exhalationem,
1127 3843 1296 3896 multo
1323 3840 1495 3910 magis
1526 3847 1704 3892 tamen
1733 3853 1854 3891 eam

275 3953 401 4006 quae
424 3951 524 4004 per
549 3935 787 4006 linguam
809 3943 894 3989 est
914 3934 1175 4004 possidet,
1192 3931 1348 3986 simul
1376 3930 1538 3983 etiam
1555 3937 1606 3982 et
1628 3943 1658 3980 a
1675 3928 1860 3982 docto-

277 4027 372 4081 rali
403 4027 666 4096 dignitate
696 4027 840 4080 hunc
874 4025 966 4094 qui
996 4024 1117 4078 talis
1156 4031 1239 4076 est
1279 4021 1546 4091 prohibet,
1591 4018 1860 4086 quomodo

274 4119 428 4172 enim
467 4116 638 4185 culpa:
665 4131 850 4170 casum
875 4122 1145 4176 coerceat,
1172 4113 1261 4182 qui
1295 4119 1378 4166 est
1399 4111 1513 4180 ipse
1541 4109 1856 4180 culpabilis;

275 4207 558 4278 quomodo
584 4207 676 4276 qui
700 4206 929 4270 furatur,
951 4205 1225 4275 praecipiat
1249 4217 1353 4256 non
1383 4201 1595 4254 furari?
1617 4200 1709 4270 qui
1734 4213 1862 4252 mte-

277 4294 708 4363 chatnr,jubeat
734 4310 840 4349 non
867 4293 1167 4348 maechari?
1191 4291 1340 4346 Unde
1355 4289 1590 4346 etDavid
1605 4291 1820 4344 dicebat
1843 4306 1856 4342 :

1953 3099 2339 3162 Macedoniani,
2371 3095 2956 3164 Anthropomorpbitte,
2987 3093 3327 3158 Priscillia-ti,
3358 3093 3538 3148 Dona-

1951 3192 2108 3254 tista-3,
2139 3187 2465 3252 Nestoriani,
2521 3185 2861 3256 Eutychiani,
2905 3186 3104 3254 quique
3127 3201 3316 3240 omnes
3344 3187 3396 3240 in
3425 3183 3539 3240 cal-

1954 3283 2100 3335 varia
2126 3283 2324 3350 lepram
2352 3291 2568 3348 gerunt,
2591 3278 2680 3346 qui
2709 3277 2774 3330 de
2794 3277 3052 3346 apostolis
3081 3285 3136 3330 et
3157 3276 3357 3330 sanctis
3376 3273 3538 3330 Chri-

1951 3375 2018 3428 sti
2043 3387 2294 3442 perverse
2311 3370 2512 3440 aliquid
2548 3369 2803 3430 sentiunt,
2837 3377 2998 3438 atque
3025 3383 3118 3422 eos
3148 3367 3339 3422 falsum
3367 3368 3543 3438 quod-

1953 3464 2082 3517 libet
2105 3462 2428 3532 praedicasse
2454 3460 2770 3528 confingunt
2803 3476 2815 3512 :
2847 3459 2986 3512 sicut
3015 3458 3158 3510 enim
3187 3457 3350 3511 barba
3374 3472 3537 3510 orna-

1953 3563 2191 3608 mentum
2220 3561 2305 3606 est
2337 3551 2460 3615 viri,
2486 3551 2559 3604 ita
2588 3549 2787 3604 Christi
2819 3548 3045 3618 apuslnli
3086 3555 3142 3602 et
3168 3548 3433 3610 doctores,
3449 3559 3538 3600 or-

1955 3653 2266 3699 namentum
2284 3653 2366 3696 est
2379 3641 2624 3709 corporis
2639 3641 2860 3694 Christi.
2894 3639 2948 3691 ln
2972 3652 3199 3706 corpore
3221 3638 3422 3704 lepram
3447 3637 3540 3690 ha-

1956 3735 2106 3796 bent,
2156 3729 2532 3800 quiEeclesia:
2556 3727 2860 3788 detrahunt,
2918 3727 3055 3780 sicut
3107 3724 3536 3793 Carpocratiani,

1958 3824 2049 3892 qui
2075 3833 2268 3892 negant
2293 3821 2474 3875 carnis
2507 3807 2996 3880 resurrectionem;
3049 3817 3190 3870 sicut
3234 3815 3538 3879 Novatiani,

1964 3915 2052 3983 qui
2105 3913 2321 3982 nuptias
2359 3912 2640 3975 damnant,
2676 3919 2732 3964 et
2776 3909 3138 3979 peccantibus
3165 3907 3538 3978 pmnitentiam

1960 4014 2190 4075 negant;
2225 4006 2363 4058 sicut
2388 4004 2654 4068 liraclitai,
2697 4001 2787 4071 qui
2839 4001 2981 4055 inter
3023 3999 3158 4054 alios
3183 4013 3418 4062 errores,
3457 4014 3543 4052 re—

1962 4111 2122 4165 gnum
2153 4094 2411 4148 ccelorum
2443 4093 2694 4162 parvulos
2730 4091 2926 4146 habere
2967 4106 3072 4144 non
3110 4089 3338 4144 credunt
3362 4105 3376 4152 ;
3401 4088 3542 4142 sicut

1962 4184 2148 4237 Ariani
2177 4195 2202 4223 ι·
2235 4183 2325 4252 qui
2350 4191 2531 4235 vetant
2556 4199 2653 4252 pro
2683 4181 2946 4235 defunctis
2966 4178 3160 4234 olferre
3191 4175 3535 4231 sacrificium.

1964 4275 2022 4330 ln
2048 4292 2212 4330 carne
2243 4285 2298 4329 ct
2321 4284 2444 4329 cute
2471 4276 2662 4344 gerunt
2706 4273 2928 4341 lepram,
2954 4270 3044 4338 qui
3074 4267 3312 4322 carnalia
3331 4265 3413 4319 vel
3448 4281 3542 4320 ex-

282 4386 564 4444 Peccatori
588 4397 761 4441 autem
807 4386 939 4439 dixit
979 4385 1135 4449 Deus,
1167 4381 1344 4447 Quare
1373 4391 1428 4434 tu
1459 4397 1675 4434 enarras
1697 4380 1848 4450 justi-

1967 4367 2168 4421 teriora
2189 4367 2418 4420 suadere
2449 4371 2732 4424 conantur,
2759 4370 2814 4412 ut
2838 4357 3218 4420 Corintiniani,
3241 4355 3328 4424 qui
3362 4369 3542 4408 resur-

279 4483 384 4536 tias
452 4497 616 4546 nicas,
673 4487 722 4533 et
751 4477 976 4532 assumis
1035 4484 1396 4530 testamentum
1451 4488 1621 4526 nteant
1667 4488 1758 4540 per
1804 4486 1861 4523 as

281 4584 434 4626 tuum
460 4585 480 4624 :
510 4581 567 4624 tu
599 4587 714 4625 vero
763 4569 919 4624 adisti
973 4567 1326 4636 disciplinam,
1379 4574 1425 4618 et
1451 4563 1720 4634 projecisti
1747 4577 1861 4614 ser-

283 4677 468 4715 mones
495 4677 636 4713 meos
664 4669 780 4730 post
810 4669 858 4712 te
885 4656 1056 4730 (Psal.
1089 4655 1258 4725 κως).
1296 4655 1359 4708 Ει
1386 4653 1602 4723 quidem
1630 4666 1861 4721 semper,

285 4751 395 4806 hoc
423 4758 530 4814 est,
559 4759 617 4803 et
641 4748 788 4804 omni
839 4755 1080 4816 tempore
1127 4762 1236 4815 quo
1281 4745 1524 4814 leprosus
1550 4751 1651 4802 est,
1681 4742 1732 4796 id
1761 4748 1862 4805 est,

283 4839 544 4894 omnibus
568 4839 757 4894 diebus
785 4837 983 4906 quibus
1037 4835 1092 4888 in
1143 4849 1208 4888 eo
1257 4833 1420 4887 fuerit
1463 4829 1692 4884 macula.
1726 4827 1866 4894 Quid

288 4945 422 4999 ergo
474 4945 573 4999 per
604 4929 719 4983 haec
749 4925 1064 4998 siguilieat?
1101 4925 1228 4994 quia
1259 4922 1360 4978 etsi
1411 4920 1576 4977 semel
1605 4933 1864 4990 peccave-

291 5023 386 5086 rit,
416 5022 632 5076 etiamsi
662 5035 766 5074 non
791 5019 1058 5074 addiderit
1085 5019 1152 5072 ad
1178 5017 1528 5087 peccandum,
1559 5013 1869 5068 immundus

293 5121 478 5167 tamen
505 5127 679 5181 usque
705 5112 831 5166 dum
859 5112 1122 5181 paeniteat
1151 5111 1369 5172 dicitur,
1397 5107 1522 5176 quia
1551 5107 1668 5160 sine
1697 5106 1871 5174 paeni-

293 5205 462 5258 tentia
495 5203 642 5273 lepra
674 5203 880 5272 peccati
911 5200 1146 5270 pmnitus
1169 5215 1276 5253 non
1307 5198 1614 5258 inundatur,
1647 5196 1873 5265 ideoque

289 5291 507 5344 macula
539 5290 896 5359 intelligibilis
939 5289 1098 5358 lepra:
1125 5287 1177 5341 in
1224 5288 1338 5356 ipso
1367 5295 1569 5341 manet.
1601 5286 1868 5339 Praeterea

291 5397 462 5438 verus
491 5385 758 5446 lem-osus,
790 5381 841 5434 id
885 5390 992 5444 est,
1021 5389 1272 5450 peccator
1321 5378 1470 5431 solus
1499 5392 1562 5430 ac
1591 5385 1872 5445 separatus

1964 4458 2258 4514 rectionem
2309 4455 2542 4508 futuram
2589 4453 2645 4505 in
2689 4449 2870 4505 carnis
2900 4453 3170 4518 voluptate
3207 4446 3540 4509 existimant,

1965 4552 2048 4606 vel
2065 4551 2204 4606 sicut
2230 4547 2416 4602 Ariani
2445 4545 2535 4616 qui
2556 4543 2742 4598 dicunt
2769 4544 2819 4596 in
2849 4541 2950 4596 fide
2976 4539 3532 4607 manentibus,quam-

1965 4643 2047 4696 vis
2077 4639 2368 4696 carnaliter
2393 4637 2598 4701 vivant,
2633 4649 2738 4688 non
2774 4646 2934 4702 posse
2971 4629 3270 4698 computari
3299 4635 3540 4698 peccata.

1967 4732 2025 4786 In
2055 4730 2310 4786 cicatrice
2335 4728 2508 4783 sanati
2544 4724 2742 4780 ulceris
2779 4722 2981 4792 lepram
3034 4727 3234 4789 portat,
3271 4718 3363 4788 qui
3419 4729 3548 4788 post.

1967 4821 2330 4892 cognitionem
2382 4825 2438 4872 et
2477 4815 2796 4871 medicinam
2838 4811 2931 4866 Dei
2967 4819 3020 4865 et
3050 4808 3543 4864 manifestationem

1970 4915 2091 4970 fidei
2121 4929 2281 4984 quam
2306 4910 2596 4966 in‘Christo
2626 4907 2884 4975 suscepit,
2911 4918 3126 4959 rursum
3155 4903 3210 4956 in
3255 4901 3369 4971 ipsa
3399 4899 3546 4956 cica-

1971 5008 2109 5062 trice
2159 5003 2394 5058 ostendit
2431 5000 2644 5070 aliquod
2691 4997 2950 5052 indicium
2984 4993 3185 5048 erroris
3220 4989 3414 5062 prioris
3451 4997 3544 5042 aut

1972 5096 2252 5166 perﬁdiam
2276 5093 2540 5161 dogmatis
2564 5087 2782 5143 veteris.
2841 5085 2899 5140 ln
2924 5099 3086 5140 carne
3123 5083 3241 5136 viva
3273 5075 3446 5152 gestat
3469 5076 3550 5130 lo-

1974 5163 2148 5256 pran),
2181 5181 2270 5251 qui
2315 5182 2379 5234 de
2435 5179 2633 5242 anima,
2681 5191 2800 5245 quae
2827 5176 2936 5229 vita
2971 5183 3054 5230 est
3099 5172 3296 5233 carnis,
3331 5163 3552 5236 aliquod

1979 5255 2171 5331 falsum
2200 5273 2496 5335 existimat,
2547 5270 2688 5325 sicut
2714 5267 3059 5330 Luciferiani,
3099 5265 3188 5335 qui
3215 5263 3398 5316 (Ξίίιιιιι
3431 5255 3550 5308 ani-

1980 5346 2124 5425 mam
2163 5368 2228 5422 de
2265 5366 2445 5420 carnis
2469 5363 2776 5418 substantia
2823 5368 3200 5430 propagatum;
3251 5343 3549 5406 sicut'Ara-

375 5531 405 5559 ε
433 5519 520 5574 Sic
547 5529 666 5572 erat
717 5519 770 5572 in
820 5532 919 5571 ms.
954 5556 970 5581 ,
1018 5516 1070 5568 in
1111 5515 1374 5583 impresso
1405 5520 1584 5564 autem
1631 5507 1836 5563 Isidoro
1865 5547 1879 5572 ,
1921 5505 2194 5566 Eritiani;
2258 5501 2350 5556 sed
2409 5497 2689 5568 legendum
2727 5503 2858 5566 puto
2902 5489 3133 5549 Aeriani,
3174 5496 3400 5551 quorum
3433 5482 3546 5536 hcce

300 5588 413 5643 fuit
433 5590 669 5644 haeresis.
