3918 6180
476 161 578 215 587

479 272 603 331 bici,
638 265 728 335 qui
758 262 991 317 animam
1034 255 1191 311 simul
1231 269 1352 309 eum
1406 263 1631 321 corpore
1672 245 1809 300 mori
1837 250 2045 314 putant.
2076 247 2126 303 Α

474 362 531 415 ln
580 333 833 411 cicatrice
851 347 1081 403 ustionis
1105 345 1319 414 lepram
1342 341 1541 394 habent
1566 334 1842 391 Manichrei
1871 333 2044 385 hmre-

480 448 590 509 tici,
623 444 712 513 qui
744 438 891 493 inani
929 432 1266 497 abstinentiae
1297 429 1535 483 cruciatu
1564 438 1795 493 corpora
1824 434 1917 475 sua
1950 433 2047 485 ex-

482 504 667 597 urunt,
697 539 753 586 et
781 544 878 599 per
904 523 1293 581 inﬁdelitatem,
1318 534 1424 572 non
1449 514 1762 570 munditiam
1790 508 1934 571 inde,
1956 504 2050 560 sed

480 594 684 694 lepram
722 594 964 690 gignunt.
1029 613 1103 665 De
1131 610 1325 663 talibus
1368 606 1513 659 enim
1557 594 2051 694 praedicabat-Apo-

484 684 654 769 stolus
681 728 694 762 :
726 684 1035 766 Discedunt,
1063 698 1256 767 inquit,
1282 695 1495 766 quidam
1542 710 1571 743 a
1608 689 1711 757 ﬁde
1736 684 2049 739 attendentes

484 798 751 873 spiritibus
779 791 968 847 erroris
996 798 1042 842 et
1074 785 1321 840 doctrinis
1370 779 1767 837 dtemom'orum,
1816 773 1870 825 in
1895 772 2055 839 hypo-

487 860 611 944 c'risi
632 883 950 956 loquentium
974 876 1320 935 mendacium,
1337 881 1382 923 et
1405 867 1743 922 cauteriatam
1759 860 2054 914 habentium

489 994 637 1033 suam
668 948 1058 1029 conscientiam,
1103 959 1479 1033 prohibentium
1505 954 1715 1012 nubere,
1745 948 2000 1002 abstinere
2023 962 2055 997 a

490 1068 616 1120 cibis
657 1079 782 1134 quos
809 1060 949 1112 Deus
975 1054 1165 1109 creavit
1188 1052 1254 1104 ad
1284 1044 1669 1118 percipiendum
1709 1039 1756 1111 (1
1792 1038 1925 1134 Tim.
1959 1036 2051 1106 1v).

468 1156 600 1209 'Sed
624 1126 797 1205 adhuc
817 1145 1013 1214 adjecit
1038 1143 1247 1197 colores
1274 1138 1562 1205 leprarum,
1584 1130 1633 1183 id
1655 1137 1756 1191 est,
1785 1126 2054 1196 pallidam,

494 1247 794 1304 rubentem,
834 1239 1029 1297 albam,
1080 1228 1322 1291 lividam,
1375 1225 1607 1293 nigram,
1666 1217 2056 1272 ﬁorescentem.

492 1336 679 1403 Itaque
730 1332 855 1385 dum
904 1325 1160 1395 pallidam
1190 1320 1391 1388 lepram
1432 1314 1582 1373 dicit,
1641 1306 1964 1361 imbecillam
2009 1309 2065 1357 et

494 1392 738 1489 fragilem
781 1392 936 1470 ﬁdem
962 1412 1154 1466 animat
1179 1410 1416 1475 denotat.
1465 1402 1620 1469 isque
1655 1396 1865 1466 perdito
1887 1392 2065 1448 colore

498 1515 719 1581 integrae
747 1504 1010 1566 sanitatis,
1027 1500 1228 1554 erroris
1258 1493 1565 1550 inﬁrmitate
1589 1485 1917 1556 languescit;
1943 1495 2065 1535 cum

1107 145 1168 197 Β.
1210 139 1462 197 RABANI
1503 135 1719 191 MAURI
1758 130 2075 188 ARCHIEP.

2183 126 2427 181 DGUNT.
2468 124 2752 179 OPFRiiM
2791 121 2968 177 PARS
3005 121 3049 175 1.

2769 228 2994 286 CAPUT
3031 227 3096 282 Υ.

2270 325 2345 378 De
2365 323 2509 394 lepra
2537 323 2774 387 vestium,
2800 321 3037 375 staminis
3068 326 3226 388 atque
3246 320 3560 389 subtegmina.

2221 413 2394 486 (1311).)
2441 413 2608 468 Vestis
2643 413 2793 466 lanea
2819 421 2907 464 aut
2941 410 3075 462 linea
3100 425 3212 480 qua:
3242 408 3423 478 lepram
3463 412 3657 471 habuerit

2149 506 2205 557 in
2234 504 2454 557 stamine
2475 514 2625 574 atque
2649 502 2987 570 subtegmine,
3017 509 3105 551 aut
3130 508 3262 552 certe
3288 500 3445 569 pellis,
3467 503 3663 573 velqnid-
3705 510 3712 517 '

2151 594 2274 664 quid
2301 610 2365 646 ea:
2384 592 2516 662 pelle
2540 592 2827 661 confectum
2858 600 2966 654 est;
2995 590 3040 642 si
3077 589 3194 642 alba
3233 598 3319 642 aut
3352 591 3462 658 rufa
3493 594 3663 647 macula

2154 684 2310 752 fuerit
2345 683 2557 751 infecta,
2590 683 2745 752 leprte
2768 681 3103 750 reputabitur,
3134 679 3506 749 ostendeturque
3525 697 3665 735 sacer-

2153 778 2283 841 doti,
2310 778 2398 848 qui
2441 774 2821 829 consideratam
2850 769 3075 823 recludet
3105 779 3292 837 septem
3322 769 3505 827 diebus,
3533 780 3574 823 et
3602 772 3669 825 die

2154 870 2366 938 septimo
2402 880 2608 919 rursum
2635 863 2909 932 aspiciens,
2956 861 3002 913 si
3052 860 3265 913 crevisse
3309 859 3669 927 deprehenderit,

2156 958 2297 1028 lepra
2314 971 2641 1028 perseverans
2669 963 2776 1006 est:
2803 951 3055 1021 pollutum
3070 949 3324 1019 judicabit
3341 951 3672 1015 vestimentum,

2158 1058 2203 1101 et
2236 1064 2384 1100 omne
2413 1047 2469 1098 in
2492 1061 2592 1115 quo
2624 1042 2780 1112 fuerit
2820 1042 3047 1104 inventa,
3095 1049 3140 1093 et
3171 1038 3361 1091 idcirco
3393 1039 3677 1092 comburetur

2159 1137 2404 1205 ﬂammis.
2462 1133 2613 1198 Quod
2638 1149 2681 1185 st
2703 1148 2817 1184 eam
2856 1130 3040 1183 viderit
3064 1144 3165 1181 non
3193 1128 3420 1187 crevisse.
3439 1128 3676 1196 praecipiet,

2160 1239 2206 1279 et
2236 1225 2481 1278 lavabunt
2514 1224 2568 1275 id
2591 1223 2646 1275 in
2670 1236 2770 1291 quo
2793 1219 2935 1289 lepra
2964 1229 3063 1283 est,
3091 1216 3448 1286 recludensque
3473 1215 3587 1267 illud
3613 1232 3679 1268 se-

2161 1325 2294 1385 ptem
2326 1314 2505 1367 diebus
2532 1311 2674 1375 aliis,
2705 1320 2751 1363 et
2780 1326 2899 1363 cum
2943 1308 3127 1362 viderit
3159 1307 3343 1375 faciem
3373 1305 3563 1375 quidem
3591 1305 3679 1373 pri-

2163 1406 2352 1457 stinam
2375 1420 2475 1455 non
2500 1416 2774 1463 reversam,
2796 1415 2893 1452 nec
2922 1409 3091 1451 tamen
3119 1397 3335 1450 crevisse
3365 1394 3563 1464 lepram,
3602 1396 3680 1445 im-

2165 1492 2417 1545 mundum
2431 1490 2716 1560 judicabit,
2748 1498 2795 1541 et
2834 1490 2951 1556 igne
2976 1486 3258 1548 comburet,
3306 1498 3363 1537 eo
3386 1482 3513 1553 quod
3539 1482 3682 1548 infusa

497 1567 676 1656 autem
703 1594 1051 1651 rubicundam
1076 1591 1278 1658 lepram
1293 1582 1546 1646 ostendit,
1572 1575 1846 1633 homicidii
1871 1586 2062 1628 cruore

2183 1582 2228 1634 :it
2257 1582 2311 1635 in
2332 1580 2604 1649 superficie
2628 1576 2932 1641 vestimenti,
2966 1574 3044 1628 vel
3086 1590 3178 1644 per
3225 1582 3384 1626 totum
3412 1571 3559 1641 lepra.
3609 1567 3684 1623 Sin

499 1698 733 1744 mentem
758 1683 1007 1739 infectam
1025 1681 1243 1734 denotat
1267 1683 1322 1728 et
1348 1670 1549 1725 inurit:
1578 1682 1701 1722 cum
1716 1679 1843 1718 vero
1866 1662 2064 1725 albam,

502 1780 620 1834 illos
654 1774 934 1831 haereticos
974 1770 1066 1839 qui
1114 1783 1172 1821 se
1199 1762 1426 1818 mundos
1459 1757 1729 1827 appellant
1757 1794 1772 1818 ,
1806 1753 1918 1806 sive
1946 1749 2069 1803 reli-

500 1883 635 1938 quos
662 1866 752 1934 qui
788 1866 853 1919 de
879 1862 1013 1915 [also
1042 1857 1233 1912 merito
1282 1852 1597 1924 gloriantur,
1648 1846 1787 1900 sicut
1825 1841 2071 1911 Pelagius

502 1967 558 2012 et
586 1931 840 2010 Novatus.
906 1951 1038 2005 Cum
1064 1954 1243 2000 autem
1274 1943 1480 2012 nigram
1506 1937 1590 1991 vel
1625 1935 1839 1988 lividam
1868 1931 2070 2001 lepram

502 2050 909 2107 commemorat,
941 2038 1152 2094 invidiae
1197 2041 1251 2088 et
1294 2030 1481 2086 livoris
1531 2035 1686 2081 notas
1737 2029 2069 2078 exsecratur.

502 2138 637 2191 Cum
683 2150 809 2189 vero
855 2133 1063 2202 nigram
1103 2126 1359 2189 insinuat,
1399 2119 1792 2176 sacrificiorum
1832 2113 1982 2167 fumo
2020 2120 2076 2166 et

501 2226 661 2283 busto
685 2222 999 2280 idololatria:
1048 2217 1389 2286 deuigratam
1425 2207 1808 2265 conscientiam
1836 2203 2072 2257 detesta-

504 2330 614 2371 tur.
669 2316 803 2370 Cum
853 2321 1030 2367 autem
1061 2309 1432 2363 ﬁorescentem
1480 2309 1596 2356 toto
1633 2310 1858 2367 corpore
1891 2302 1947 2349 et
1985 2307 2073 2346 co-

506 2409 837 2478 operientem
859 2417 1071 2457 omnem
1096 2398 1396 2469 pelliculam
1443 2391 1688 2462 corporis
1723 2405 1750 2443 a
1779 2387 1955 2456 capite
1989 2400 2078 2438 us-

508 2476 613 2568 que
636 2498 702 2551 ad
729 2498 889 2567 pedes
919 2493 1068 2556 dicit,
1094 2489 1335 2545 avaritiae
1385 2486 1588 2539 crimen
1632 2479 1889 2543 ostendit,
1950 2476 2075 2545 quia

513 2604 655 2643 nunc
675 2587 917 2641 ﬂoridum
940 2592 994 2637 et
1021 2581 1314 2650 jucundum
1340 2585 1557 2647 putatur
1571 2573 1839 2628 hominem
1870 2568 2080 2623 felicem

512 2694 632 2735 esse
686 2678 740 2731 in
780 2678 880 2730 huc
931 2674 1160 2735 mundo,
1211 2679 1266 2725 et
1311 2669 1529 2724 divitem
1562 2664 1734 2719 videri
1772 2663 1823 2716 in
1862 2660 2079 2723 saeculo,

514 2772 629 2825 haec
678 2769 819 2821 cnim
873 2765 1039 2835 pestis
1089 2761 1326 2816 avaritiae
1378 2773 1538 2813 omne
1588 2770 1757 2824 genus
1803 2753 2079 2808 hominum

514 2860 667 2930 quasi
720 2866 886 2911 totum
939 2870 1134 2924 corpus
1160 2853 1354 2907 crebro
1399 2848 1600 2903 erroris
1648 2846 1802 2899 istius
1836 2843 2082 2914 contagio

515 2947 889 3007 commaculat.
955 2944 1086 2999 Cum
1114 2951 1291 2996 autem
1321 2939 1522 3008 lepram
1556 2950 1675 3005 qua:
1717 2935 1880 2988 habet
1924 2931 2085 2985 rubea

517 3058 630 3098 rem
654 3057 774 3095 cum
799 3038 1001 3109 pallore
1030 3034 1379 3105 permixtum,
1401 3043 1525 3083 eum
1551 3027 1821 3081 hominem
1845 3025 2084 3085 denotat,

516 3131 611 3201 qui
641 3144 762 3182 cum
795 3128 865 3180 sit
908 3123 1188 3178 imbecillis
1240 3121 1420 3174 animo
1449 3126 1503 3172 et
1532 3115 1781 3179 mendax,
1828 3112 1984 3166 facile
2032 3112 2087 3164 in

521 3200 699 3271 furore
721 3213 1041 3285 prorumpit,
1069 3219 1125 3264 et
1164 3210 1380 3262 levitate
1411 3220 1618 3259 tuorum
1661 3203 1770 3256 cito
1821 3200 2087 3269 perierat;

522 3306 691 3375 pallor
717 3305 859 3357 enim
911 3302 1257 3354 mentientem
1310 3297 1544 3364 linguam
1598 3291 1884 3361 signiﬁcat,
1929 3289 2092 3343 rubor

524 3395 854 3451 iracundiam
887 3391 1216 3447 manifestat.
1260 3389 1553 3455 Estitaque
1575 3386 1723 3455 lepra
1751 3383 2092 3454 peccatiqute

524 3486 911 3542 sacriﬁciorum
937 3482 1296 3538 oblationibus
1321 3478 1664 3540 emendatur,
1701 3476 1754 3529 id
1799 3482 1900 3539 est,
1932 3473 2092 3527 corde

525 3576 761 3633 contrito
792 3560 848 3630 et
868 3574 1147 3630 humiliato
1174 3591 1186 3626 :
1211 3569 1539 3638 Sacriﬁcium
1560 3568 1694 3621 enim
1734 3565 1842 3619 Deo
1880 3563 2093 3634 spiritus

525 3667 899 3723 contribulatus
951 3674 1026 3718 est
1057 3662 1226 3735 (Psal.
1254 3661 1326 3733 ι).
1402 3661 1496 3715 Est
1543 3666 1598 3712 et
1622 3657 1935 3712 idololatria:
1976 3670 2095 3723 qua:

525 3776 666 3830 aqua
708 3759 927 3815 diluitur
977 3755 1250 3827 baptismi.
1328 3753 1425 3806 Est
1448 3759 1502 3805 et
1547 3749 1944 3811 haereticorum,
1977 3762 2096 3814 quae

527 3859 729 3919 septem
759 3849 967 3902 dierum
998 3845 1313 3914 purgatione
1346 3850 1496 3894 extra
1523 3848 1699 3893 castra
1726 3837 2009 3899 habeatur,
2042 3836 2096 3889 id

527 3945 629 4001 est,
667 3950 763 4005 per
792 3933 1120 4003 septiformis
1148 3931 1384 4000 Spiritus
1410 3929 1733 3998 agnitionem
1760 3925 2093 3995 puriﬁeetur.

529 4026 627 4080 Est
670 4039 791 4094 quae
841 4023 957 4076 visu
1008 4019 1304 4074 sacerdotis
1359 4016 1601 4072 aufertur
1649 4031 1746 4084 per
1776 4015 2092 4069 doctrinam.

531 4117 711 4172 Genus
732 4123 909 4169 autem
929 4113 1091 4181 lepra:
1112 4111 1253 4180 quod
1273 4109 1519 4164 mundari
1548 4108 1766 4163 omnino
1782 4122 1884 4161 non
1899 4115 2094 4177 potest,

2168 1680 2340 1725 autem
2389 1669 2657 1724 obscurior
2687 1667 2843 1737 fuerit
2894 1666 3038 1718 locus
3070 1663 3249 1733 leprae,
3288 1670 3541 1732 postquam
3563 1657 3683 1712 vestis

2167 1770 2239 1815 est
2261 1761 2388 1825 lota,
2410 1760 2674 1826 abrumpet
2701 1772 2840 1820 eum,
2857 1765 2905 1809 et
2923 1773 2953 1808 a
2974 1753 3143 1808 solido
3173 1752 3381 1806 dividet.
3412 1748 3549 1815 Quod
3567 1749 3605 1801 s‘i
3624 1746 3687 1799 ul-

2169 1860 2251 1904 tra
2268 1848 2565 1920 apparuerit
2587 1848 2642 1901 in
2667 1847 2745 1900 Itis
2766 1846 2894 1900 locis
2914 1861 3029 1916 quat
3040 1844 3187 1913 prius
3208 1840 3528 1896 immaculata
3549 1846 3687 1901 eram,

2146 1985 2151 1990 .
2170 1938 2315 2008 lepra
2341 1937 2564 1992 volatilis
2585 1945 2633 1990 et
2656 1952 2788 2006 vaga
2809 1935 2955 1988 debet
2976 1935 3092 2003 igne
3108 1931 3360 1985 comburi.
3421 1927 3475 1983 Si
3497 1942 3689 1982 cessave—

2173 2026 2467 2092 rit,lavabit
2494 2042 2556 2080 ea
2582 2042 2697 2097 quae
2710 2042 2845 2095 pura
2871 2033 2991 2078 sunt
3012 2023 3262 2087 secundo,
3284 2031 3332 2076 et
3357 2020 3537 2073 munda
3550 2026 3687 2073 erant.

2174 2120 2287 2175 Ista
2333 2129 2409 2173 est
2435 2118 2519 2173 lea:
2551 2118 2709 2188 leprte
2736 2117 3021 2172 vestimenti
3053 2115 3194 2169 lanci
3231 2123 3279 2168 et
3307 2113 3442 2176 linei,
3475 2109 3690 2172 staminis,

2174 2222 2326 2283 atque
2345 2211 2704 2282 subtegminis,
2722 2212 2987 2281 omnisque
3001 2207 3363 2279 suppellectilis
3377 2204 3579 2277 pellicere
3592 2218 3694 2273 quo.

2174 2303 2327 2356 modo
2341 2301 2586 2355 mandari
2600 2302 2816 2356 debeant
2840 2300 2916 2355 vel
2929 2300 3298 2354 contaminari.
3323 2298 3424 2369 (Ea:
3439 2292 3693 2365 Hesychia.)

2176 2393 2489 2448 lndecorum
2509 2394 2725 2463 quidam
2768 2393 2990 2448 forsitan
3018 2406 3080 2445 ac
3106 2390 3269 2445 nimis
3297 2389 3544 2459 ahjectum
3563 2381 3694 2454 legis—

2181 2483 2401 2537 latorem
2419 2484 2704 2547 aestimant,
2723 2482 2847 2552 quia
2861 2482 2925 2536 de
2954 2482 3190 2536 stamine
3211 2489 3373 2548 atque
3391 2477 3694 2546 subtegmine.

2181 2596 2300 2650 qua:
2331 2589 2501 2633 trama
2547 2577 2704 2646 vulgo
2741 2582 3098 2644 nuncupatur,
3139 2573 3392 2644 loquitur,
3438 2569 3698 2636 relinquens

2182 2683 2514 2742 qutecunque
2569 2667 2775 2720 animas
2819 2664 3148 2719 audientium
3188 2662 3356 2733 legem
3411 2664 3607 2731 possunt
3646 2653 3697 2707 ad

2185 2760 2406 2814 meliora
2470 2768 2813 2827 componere.
2865 2754 3005 2820 Quid
3050 2753 3232 2817 enim,
3265 2752 3520 2820 inquiunt,
3560 2743 3699 2801 sordi—

2187 2851 2372 2905 datum
2426 2857 2654 2911 stamen,
2684 2846 2809 2916 quid
2836 2845 3150 2914 subtegmen
3184 2844 3297 2898 sive
3338 2851 3501 2895 trama
3532 2838 3699 2907 leprosa

2187 2934 2353 2999 fatta,
2386 2933 2514 3004 quid
2566 2931 2837 3003 pellicium
2868 2945 2963 2984 vas
2989 2928 3263 2983 maculam
3317 2928 3510 2982 habens
3544 2928 3701 2976 nostra:

2186 3025 2361 3078 oLerit
2392 3024 2546 3079 vitae?
2599 3021 2751 3077 Unde
2785 3037 2890 3075 non
2914 3035 3012 3074 nos
3040 3028 3258 3088 oportet
3284 3019 3350 3073 ad
3376 3016 3529 3071 solam
3566 3012 3702 3065 inten~

2187 3116 2313 3170 dere
2338 3114 2594 3178 litteram,
2625 3094 2718 3168 sed
2747 3114 2814 3166 ad
2841 3111 3075 3167 fructum
3099 3112 3343 3181 spiritus,
3382 3108 3466 3178 qui
3496 3100 3704 3174 quemad-

2188 3204 2404 3260 modum
2434 3204 2532 3258 sub
2564 3203 2710 3267 folio,
2746 3204 2819 3257 ita
2841 3204 2939 3258 sub
2964 3202 3145 3256 littera
3176 3201 3361 3271 legalis
3390 3200 3541 3252 vinea:
3563 3199 3705 3248 custo-

2190 3297 2377 3351 ditur:
2428 3301 2630 3348 tantam
2654 3295 2798 3349 enim
2828 3308 3010 3347 curam
3065 3294 3238 3348 nostri
3282 3290 3540 3362 legislator
3580 3281 3703 3353 geril,

2194 3395 2253 3440 ut
2279 3401 2384 3439 non
2411 3384 2583 3440 solum
2605 3383 2671 3438 de
2693 3384 2780 3437 illa
2815 3393 3004 3437 cautos
3030 3381 3196 3437 faciat
3247 3381 3390 3450 lepra
3417 3391 3525 3448 qua:
3544 3389 3597 3428 ex
3623 3369 3704 3429 his,

2192 3490 2311 3542 qua:
2353 3472 2467 3542 jam
2496 3473 2634 3527 dicta
2675 3480 2818 3535 sunt,
2849 3470 3087 3540 peccatis
3115 3470 3319 3536 evenit,
3347 3468 3433 3522 sed
3460 3474 3511 3519 et
3535 3464 3592 3516 de
3630 3460 3707 3513 hac

2193 3581 2312 3636 qua:
2335 3564 2645 3633 frequenter
2672 3556 2817 3616 circa
2852 3563 3077 3615 virtutes
3098 3562 3338 3623 evenire,
3368 3561 3484 3613 dum
3510 3553 3624 3608 male
3646 3549 3707 3602 eis

2194 3654 2388 3722 aliquis
2413 3653 2601 3717 utitur,
2652 3652 2807 3706 solet.
2858 3651 2975 3705 Alia
3003 3650 3169 3720 igitur
3203 3652 3508 3705 vestimenta
3534 3643 3705 3698 animat.

2195 3746 2297 3798 alia
2324 3744 2641 3799 vestimenta
2661 3751 2786 3796 sunt
2812 3741 3077 3810 corporis,
3105 3756 3228 3809 quin
3251 3755 3350 3794 nec
3368 3735 3612 3794 sordidata
3633 3741 3707 3782 nec

2196 3836 2492 3904 exspoliata
2516 3835 2853 3888 contristant.
2908 3832 3191 3897 Quomodo
3219 3831 3362 3886 enim
3404 3826 3643 3899 pertinent
3658 3816 3708 3871 ad

2197 3929 2310 3981 haec
2339 3928 2481 3996 quod
2528 3925 2725 3995 Joseph
2762 3925 3027 3995 1Egyptiis
3078 3909 3708 3987 vestimentisspoliandus

2196 4024 2332 4077 erat,
2372 4015 2458 4069 vel
2484 4016 2749 4083 quomodo
2777 4014 2897 4082 pilis
2933 4014 3121 4068 cameli
3169 4014 3409 4083 Baptista
3426 4009 3631 4065 Joannes
3651 4002 3710 4055 iu-

2198 4102 2496 4160 dueretur’?
2557 4104 2663 4157 Sed
2715 4118 2777 4156 ea
2810 4120 2929 4173 quae
2980 4112 3106 4158 sunt
3162 4105 3357 4157 animae
3408 4102 3711 4170 Oportetesse

531 4223 718 4262 eorum
744 4215 845 4270 est,
869 4206 960 4275 qui
991 4205 1042 4257 in
1075 4201 1278 4273 Spiritu
1308 4192 1494 4263 Sancto
1516 4208 1760 4269 peccant,
1790 4214 1890 4253 nec
1916 4198 2099 4252 dicunt
2125 4231 2175 4288 D
2203 4197 2448 4251 clariora.
2516 4194 2595 4248 De
2633 4194 2828 4263 quibus
2858 4193 3109 4249 Salomon
3161 4195 3378 4249 dicebat
3404 4210 3417 4244 :
3459 4188 3597 4245 Omni
3615 4194 3713 4236 tem-

530 4297 856 4367 paanitentes
884 4310 1041 4365 posse
1078 4293 1331 4361 consequi
1367 4291 1611 4356 veniam;
1646 4291 1712 4345 de
1735 4290 1820 4344 his
1850 4290 1924 4343 ait
1948 4288 2099 4343 Veri-

536 4398 619 4442 tas
651 4405 663 4440 :
701 4386 802 4452 Qui
839 4385 1118 4449 peccaverit
1160 4384 1216 4437 in
1254 4383 1453 4453 Spiritu
1494 4392 1706 4447 sancto,
1752 4397 1853 4435 non
1885 4380 2103 4433 remitte-

533 4488 622 4529 tur
644 4477 710 4539 ei,
742 4492 904 4544 neque
956 4476 1010 4527 in
1034 4475 1131 4526 hoc
1158 4473 1370 4536 saeculo,
1418 4489 1578 4542 neque
1623 4473 1677 4523 in
1707 4471 1904 4539 futuro.
1950 4469 2101 4535 Quod

534 4576 664 4615 vero
686 4562 907 4629 jubetur
935 4561 1160 4630 leprosis
1180 4570 1239 4613 ut
1267 4562 1543 4614 exeantde
1574 4560 1786 4621 castris,
1815 4567 1867 4612 et
1882 4559 2106 4612 sedeant

538 4647 670 4705 loris
694 4651 863 4705 donec
887 4651 1173 4703 mundetur
1196 4650 1344 4718 lepra
1383 4663 1592 4712 eorum,
1647 4646 1962 4715 intelligitur
1995 4647 2103 4700 lite-

541 4739 737 4793 rcticos
755 4737 944 4808 projici
970 4739 1165 4793 debere
1194 4740 1260 4792 ab
1287 4736 1547 4801 Ecclesia,
1579 4736 1750 4789 donec
1774 4734 1993 4803 proprio
2018 4748 2103 4788 er—

540 4844 661 4883 rore
689 4836 981 4899 purgentur
1004 4836 1058 4883 et
1077 4830 1155 4882 sic
1174 4835 1511 4881 revertantur
1537 4826 1604 4879 ad
1626 4825 1928 4879 Dominum.
1956 4823 2107 4892 Ejus—

545 4917 686 4972 modi
738 4932 864 4972 vero
892 4916 1114 4972 dissutis
1143 4917 1358 4981 tunicis,
1387 4916 1560 4985 capite
1596 4913 1872 4982 deoperto,
1906 4922 1962 4968 et
2008 4928 2104 4968 ore

541 5008 791 5064 thnluto
825 5007 1010 5064 sedere
1047 5009 1287 5077 juhetur,
1332 5007 1493 5076 lepra:
1548 5005 1862 5059 munditiam
1914 5018 2104 5074 exspe-

540 5106 697 5154 ctans
723 5117 738 5154 :
768 5100 994 5170 dissutis.
1012 5100 1226 5164 tunicis,
1256 5098 1309 5153 id
1337 5107 1439 5162 est,
1468 5096 1718 5152 omnibus
1748 5096 1969 5149 secretis
1994 5110 2107 5148 ma-

545 5186 838 5254 nilestatis;
868 5188 1042 5258 capite
1070 5188 1346 5258 deoperto,
1370 5195 1430 5240 ut
1453 5202 1483 5239 a
1524 5184 1731 5239 cunctis
1761 5182 1876 5251 ejus
1902 5183 2110 5237 facinus

549 5281 823 5347 videatur;
852 5297 945 5337 ore
971 5281 1172 5348 clauso,
1192 5296 1258 5336 ne
1279 5281 1503 5335 ulterius
1532 5280 1691 5347 impia
1716 5279 1904 5332 doceat
1925 5277 2007 5332 vel
2037 5277 2110 5331 lo—

546 5377 761 5439 quatut'.

2201 4301 2323 4354 pore
2346 4285 2446 4337 sint
2495 4283 2792 4336 vestimenta
2831 4293 2921 4335 tua
2956 4283 3181 4336 candida
3221 4282 3409 4353 (Eccli.
3441 4279 3533 4348 Ix).
3583 4268 3712 4326 David

2201 4376 2362 4430 etiam
2389 4392 2401 4426 :
2437 4372 2619 4427 Omnis
2644 4372 2812 4443 gloria
2841 4374 2953 4439 eius
2976 4373 3100 4441 ﬁlia:
3124 4375 3260 4443 regis
3284 4374 3348 4425 ab
3377 4373 3527 4431 intus,
3561 4366 3607 4417 in
3626 4362 3715 4431 ﬁnt-

2204 4466 2329 4519 briis
2374 4464 2547 4517 aureis
2576 4463 2898 4517 circumdata
2928 4464 3178 4516 varietate
3227 4461 3399 4533 (I‘sal.
3426 4456 3576 4527 xuv).
3621 4450 3717 4505 Glo'

2205 4561 2342 4613 riam
2365 4559 2508 4612 intus
2539 4556 2733 4609 anima:
2774 4555 3019 4609 decorem
3062 4569 3312 4609 asserens
3335 4556 3386 4607 in
3412 4547 3614 4606 ﬁmbriis
3645 4554 3717 4594 aII-

2209 4652 2336 4715 reis,
2366 4665 2485 4720 quae
2513 4646 2761 4702 videlicet
2786 4646 2897 4700 sint
2922 4646 3167 4701 virtutes.
3216 4646 3323 4700 Sed
3370 4646 3550 4699 borum
3594 4631 3721 4688 vestio

2209 4749 2512 4794 mentorum
2538 4737 2783 4806 quaedam
2812 4743 2934 4789 sunt
2959 4735 3133 4800 lanea,
3160 4736 3404 4805 qumdam
3429 4738 3548 4787 sunt
3570 4727 3682 4779 linea
3707 4735 3717 4769 ε

2207 4832 2360 4884 lanea
2401 4829 2635 4899 pretiosa
2667 4834 2724 4881 et
2767 4841 2958 4897 magna
2990 4826 3325 4895 multumque
3361 4826 3583 4879 animam
3613 4812 3724 4868 cale-

2208 4919 2487 4983 facientia;
2543 4917 2684 4971 linea
2711 4931 2840 4970 vero
2890 4916 3016 4969 vilia
3043 4930 3342 4985 parumque
3383 4901 3720 4968 calefacientia-

2208 5009 2387 5063 Lanea
2414 5008 2579 5062 vestis
2600 5008 2792 5061 anima:
2815 5015 2898 5061 est
2912 5006 3213 5076 virginitas,
3237 5006 3381 5059 linea
3399 5001 3605 5058 castitas
3624 5007 3721 5047 con-

2202 5105 2428 5175 iugalis;
2455 5104 2627 5168 lanea,
2643 5119 2670 5156 a
2697 5112 2906 5172 qutestu
2928 5103 3010 5157 vel
3026 5116 3054 5155 a
3077 5099 3401 5171 possidendo
3421 5084 3725 5151 continentia.

2208 5174 2347 5252 linea
2374 5197 2677 5250 habitarum
2707 5194 2926 5264 largitas
2954 5209 3166 5258 rerum;
3211 5191 3386 5254 lanea,
3413 5182 3571 5241 eremi
3590 5174 3725 5250 philo-

2210 5287 2420 5357 SOphia,
2451 5284 2612 5350 linea,
2644 5286 2696 5338 in
2720 5285 2935 5339 civitate
2964 5284 3217 5338 honestas
3243 5282 3359 5335 sive
3380 5271 3645 5332 modestia;
3664 5264 3726 5354 ¹³ς

2214 5392 2393 5440 neum,
2411 5389 2580 5444 usque
2606 5374 2672 5428 ad
2689 5382 2915 5428 mortem
2934 5388 3032 5442 pro
3051 5373 3274 5427 veritate
3291 5377 3522 5429 certare;
3546 5362 3728 5415 lineam.

2214 5464 2344 5520 falsa
2374 5440 2669 5530 non—loqui.
2736 5461 2886 5515 Unde
2914 5440 2967 5514 et
2996 5460 3244 5515 Salomon
3271 5456 3559 5510 Ecclesium
3593 5440 3726 5510 dubi“
