3918 6180
308 115 424 166 ἷῗὶἓξθ

1240 116 1743 173 EXPOSITIONRS
1781 117 2281 176 lN'l.EVlTlCUM.
2323 152 2393 163 -
2430 122 2558 178 LIB.
2597 124 2686 180 IV.

3470 133 3579 189 590

312 225 473 275 ribus
503 221 752 274 vestitam
778 237 876 291 per
901 222 1348 293 signiﬁcationem
1372 241 1621 282 asserens
1647 228 1895 283 dicebat:
1929 236 1972 290 Α
2002 232 2141 283 sitan
2166 238 2226 282 ut
2250 228 2557 286 hominibus
2577 233 2793 289 evenire
2822 235 3127 308 contigerit,
3164 238 3431 311 inspicere
3452 259 3518 300 ea
3543 260 3575 299 a

318 310 569 377 Quwsirit
612 309 787 367 lanam
812 320 858 365 et
883 311 1067 378 linum,
1116 324 1165 367 et
1201 327 1413 385 operata
1440 327 1514 370 est
1536 315 1752 370 consilio
1779 332 1898 371 ma-

319 418 478 454 nuum
501 417 721 454 suarum
755 400 939 473 (Prov.
973 405 1144 475 xxxt).
1186 406 1253 459 Et
1278 422 1467 461 rursus
1495 424 1508 461 :
1534 406 1897 477 Stragulatam

316 502 503 546 restem
529 491 649 560 fecit
676 492 795 557 sibi,
824 494 1005 563 byssus
1033 504 1081 548 et
1107 513 1340 566 purpura
1366 496 1726 550 indumentum
1755 498 1893 567 ejus.

315 582 423 636 Sed
452 584 578 652 quia
600 583 846 637 staminis
868 594 1029 653 atque
1056 586 1434 656 subtegminis,
1457 602 1523 641 ex
1554 588 1748 657 quibus
1774 603 1897 642 con—

315 683 576 728 texuntur
603 683 804 738 vestes,
834 674 1110 745 legislator
1139 676 1464 730 mentionem
1493 675 1891 747 facit,ipsorum

308 782 457 820 nunc
493 766 846 821 subtilitatem
902 768 1231 837 explicemus
1275 783 1289 821 :
1332 784 1436 823 non
1489 770 1632 823 enim
1693 770 1894 823 solum-

310 857 473 910 modo
502 857 748 920 virtutes,
777 857 870 911 scd
884 873 948 911 ea
975 874 1040 912 ex
1073 858 1267 928 quibus
1285 868 1534 913 constant
1558 861 1888 930 perscrutari

310 945 608 1001 desiderat.
670 946 784 1000 Duo
806 960 933 1017 ergo
954 948 1067 1001 hsce
1088 964 1269 1002 veram
1296 949 1450 1003 nobis
1468 960 1763 1019 procurant
1787 950 1892 1004 vir-

304 1044 482 1090 tutem
518 1055 529 1089 :
564 1038 793 1091 intentio
817 1047 1002 1092 nostra
1028 1047 1083 1091 et
1110 1038 1320 1093 divinus
1346 1049 1508 1094 nutus
1533 1041 1645 1094 sive
1672 1042 1842 1110 gratia
1870 1058 1885 1106 ;

304 1137 361 1181 ct
389 1129 707 1200 subtegmen
737 1130 952 1199 quidem
1004 1131 1178 1185 innuit
1216 1142 1453 1186 nostram
1510 1134 1886 1200 intentionem,

304 1229 518 1273 stamen
559 1228 737 1274 autem
770 1221 864 1275 Dei
897 1230 1105 1275 nutum.
1176 1223 1243 1277 Et
1272 1233 1420 1279 recte
1449 1242 1461 1276 :
1500 1225 1625 1293 quia
1676 1233 1886 1281 stamen

299 1319 387 1364 est
414 1311 466 1363 in
494 1310 816 1364 vestimento
837 1310 1067 1375 ﬁrmius,
1105 1313 1373 1381 quomodo
1401 1321 1454 1368 et
1483 1312 1574 1367 Dei
1604 1324 1764 1368 nutus
1803 1315 1885 1369 vel

300 1403 479 1472 gratia
513 1402 924 1472 indisruptibilis
964 1405 1017 1457 in
1047 1405 1201 1459 nobis
1230 1412 1389 1473 atque
1430 1406 1885 1462 incommutabilis

300 1499 531 1559 perstat,
559 1492 832 1546 sustinens
860 1493 1176 1563 subtegmen
1226 1504 1425 1549 nostrae
1450 1495 1786 1561 intentioniS,
1825 1507 1883 1551 ut

2000 320 2279 375 sacerdote
2303 320 2433 386 vult,
2466 331 2521 376 et
2542 338 2714 392 neque
2742 324 2994 381 virtutem
3022 345 3196 398 neque
3220 332 3571 390 intentionem

1996 409 2232 472 virtutis,
2268 425 2368 464 nec
2418 413 2767 468 tentationum
2793 418 3108 484 patientiam
3138 423 3417 489 repellere,
3447 443 3572 481 mox

1997 498 2387 555 ettlenuntiare
2416 501 2714 568 immunda,
2747 515 2802 559 et
2853 509 3157 576 suspicione
3196 517 3463 582 superbia:
3488 518 3568 571 vel

1997 605 2146 643 vana-
2181 592 2366 660 gloria:
2392 597 2676 664 przecepit;
2712 612 2813 651 nec
2842 614 3032 655 rursus
3059 604 3199 658 sicut
3227 610 3422 662 munda
3450 625 3571 665 sus-

1971 679 2192 746 picere,
2244 682 2335 734 sed
2370 699 2623 751 separare
2662 702 2754 742 eos
2792 699 2998 759 septem
3026 694 3212 750 diebus
3244 706 3298 750 et
3329 706 3566 769 tempore

1993 771 2299 826 discernere
2346 776 2671 841 passionem.
2741 780 2807 834 Et
2845 782 3109 851 siquidem
3173 791 3423 854 creverit,
3470 792 3569 846 im-

1992 865 2188 917 munda
2214 876 2332 918 sunt
2361 868 2614 934 przedicta
2635 873 2890 927 omniain
2921 876 3114 944 quibus
3142 880 3284 934 istud
3304 885 3564 948 evenerit,

1989 954 2113 1020 quia
2142 954 2288 1022 lepra
2317 972 2669 1024 perseverans
2696 971 2800 1028 est,
2826 977 3050 1035 prepter
3082 971 3227 1037 quod
3255 980 3309 1025 et
3333 972 3567 1030 ﬂammis

1980 1040 2136 1108 jubet
2167 1045 2307 1098 illam
2336 1049 2577 1101 comburi
2610 1067 2622 1102 :
2655 1066 2785 1120 ergo
2812 1053 3079 1110 ﬂammam
3117 1060 3374 1128 geliennze
3400 1065 3565 1134 signi-

1989 1131 2131 1193 ﬁcat,
2163 1144 2217 1187 et
2238 1134 2399 1189 futuri
2428 1140 2683 1207 temporis
2710 1145 3025 1199 memoriam
3056 1146 3203 1214 facit,
3231 1166 3405 1221 neque
3419 1131 3559 1208 enim

1985 1224 2140 1287 dixit,
2172 1225 2222 1278 in
2252 1226 2372 1296 igne
2394 1240 2788 1297 concrematur,
2818 1235 2932 1299 sed,
2970 1237 3021 1290 in
3051 1238 3172 1307 igne
3197 1246 3564 1299 concremabi-

1987 1322 2090 1366 tur.
2145 1315 2199 1368 Si
2226 1328 2401 1370 autem
2425 1329 2544 1387 post
2570 1322 2927 1379 reclusionem
2952 1342 3073 1381 eam
3105 1329 3297 1385 viderit
3319 1350 3423 1387 non
3447 1349 3561 1388 cre-

1984 1407 2143 1472 visse,
2174 1410 2472 1478 pra'cipiet,
2516 1419 2570 1464 et
2599 1411 2854 1468 lavahunt
2890 1417 2942 1469 id
2965 1417 3017 1470 in
3055 1434 3163 1488 quo
3195 1420 3341 1491 lepra
3370 1434 3474 1488 est,
3507 1426 3560 1479 id

1981 1506 2084 1561 est,
2121 1499 2323 1554 diluere
2354 1516 2416 1554 ea
2447 1502 2592 1555 illum
2623 1519 2719 1573 per
2736 1508 3107 1574 pmnitentiam
3136 1515 3409 1583 praecepit.
3453 1517 3555 1570 De-

299 1580 614 1650 perﬁciatur
657 1582 812 1636 bonae
842 1582 1070 1637 actionis
1118 1584 1517 1639 vestimentum.
1584 1585 1759 1641 Pelles
1810 1601 1879 1639 ex
1911 1577 1953 1633 Β
1983 1588 2106 1641 inde
2124 1599 2244 1658 post
2269 1591 2579 1646 dilationem
2605 1595 2884 1651 recludere
2914 1599 3040 1652 illud
3065 1577 3268 1668 septem
3297 1577 3411 1659 dies
3430 1598 3560 1661 ‘rur—

298 1673 503 1742 quibus
526 1673 717 1728 conﬁci
754 1675 879 1743 quid
910 1683 1106 1744 potest,
1162 1676 1488 1732 tentationes
1536 1694 1634 1747 pro
1678 1679 1881 1748 pietate

296 1779 397 1817 seu
450 1762 575 1827 ﬁde,
621 1773 675 1817 et
721 1778 818 1833 pro
847 1768 1045 1819 virtute
1094 1765 1472 1821 tribulationes
1513 1768 1643 1821 dicit
1688 1768 1875 1836 pelles.

299 1853 519 1919 Quare?
548 1852 682 1920 Quia
706 1855 1155 1922 quemadmodum
1180 1865 1391 1910 mortua
1414 1856 1565 1925 pellis
1586 1866 1669 1912 est
1697 1860 1762 1912 de
1775 1873 1880 1927 qua

297 1945 417 1999 ﬁeri
446 1954 623 2016 potest
654 1962 786 2012 vas,
827 1958 1200 2003 verumtamen
1252 1949 1319 2004 de
1366 1964 1429 2003 ea
1468 1960 1591 2005 uter
1632 1950 1876 2016 forsitan,

293 2046 392 2088 aut
419 2037 610 2101 cadus,
635 2046 729 2090 aut
758 2047 1007 2102 stratum,
1050 2046 1145 2092 aut
1195 2038 1351 2108 pellis
1393 2040 1750 2105 tabernaculi,
1784 2049 1879 2096 aut

292 2126 503 2196 aliquid
535 2126 679 2180 aliud
704 2127 763 2181 ﬁt
793 2129 954 2193 utile;
993 2130 1071 2184 sic
1120 2139 1176 2185 et
1205 2130 1582 2186 tribulationes
1610 2140 1664 2186 et
1695 2140 1869 2187 tenta-

294 2217 474 2271 tiones
524 2218 855 2272 mortiﬁcant
899 2220 951 2272 in
994 2220 1190 2274 sicculo
1238 2221 1527 2276 hominem.
1584 2222 1877 2278 Humiliant

288 2308 439 2361 enim
467 2324 591 2361 eum
615 2316 670 2363 et
699 2309 855 2363 valde
888 2310 940 2363 in
964 2310 1096 2364 nihil
1126 2310 1402 2366 redactum
1433 2314 1739 2378 ostendunt,
1779 2329 1876 2369 vas

289 2406 474 2452 tamen
505 2413 570 2451 ex
596 2399 675 2453 eis
704 2399 901 2453 bonum
941 2409 996 2454 et
1021 2402 1153 2457 utile
1187 2402 1248 2456 ﬁt
1275 2404 1531 2471 patientia
1559 2413 1720 2474 atque
1741 2419 1871 2474 pro-

286 2492 459 2558 batio,
499 2508 618 2561 quae
637 2493 946 2548 omnimodo
976 2510 1005 2547 a
1033 2494 1259 2550 Domino
1281 2511 1479 2551 corona
1503 2498 1867 2566 subsequitur.

285 2585 427 2651 Quia
450 2585 595 2638 enim
610 2584 774 2654 pelles
799 2586 1171 2642 tribulationes
1192 2598 1246 2641 et
1266 2590 1590 2643 tentationes
1613 2588 1869 2657 appellari

287 2693 397 2728 non
434 2675 505 2727 sit
534 2674 909 2745 incongruum,
943 2676 1065 2729 audi
1097 2674 1196 2730 Job
1217 2676 1485 2731 dicentem
1529 2676 1596 2729 de
1629 2676 1741 2730 suis
1767 2677 1867 2729 tri-

285 2764 654 2818 bulationibus
680 2773 735 2817 et
763 2765 1178 2819 tentationibus:
1210 2765 1346 2819 Pelli
1375 2781 1521 2829 mete,
1549 2768 1868 2837 consumptis

281 2858 558 2921 carnibus,
595 2857 812 2912 adlia'sit
849 2874 903 2911 os
940 2874 1109 2911 meum
1149 2870 1168 2909 :
1220 2867 1266 2911 et
1310 2857 1555 2911 derelicta
1592 2867 1711 2933 sunt
1750 2867 1868 2911 tan-

1981 1694 2075 1732 sus
2094 1677 2268 1745 jubet,
2291 1691 2344 1734 et
2372 1681 2451 1736 sic
2481 1696 2997 1753 cognoscereutrum
3028 1690 3264 1745 inveniat
3290 1696 3556 1750 maculam

1980 1771 2262 1838 superbiae,
2295 1773 2377 1825 vel
2406 1789 2556 1827 vana:
2597 1773 2780 1844 gloria:
2807 1790 3214 1845 permanentem
3244 1801 3255 1835 :
3308 1786 3553 1852 quamvis

1980 1873 2084 1911 non
2108 1861 2359 1925 creverit,
2388 1870 2562 1915 tamen
2587 1864 2971 1920 incommutata
2987 1869 3058 1922 ob
3082 1870 3183 1924 hoc
3209 1880 3314 1937 est,
3340 1874 3466 1941 quia
3488 1876 3556 1929 ad

1978 1947 2351 2015 paenitentiam
2399 1966 2503 2003 non
2538 1952 2753 2021 migrat,
2813 1956 3145 2012 immundum
3202 1968 3314 2026 est,
3345 1972 3401 2017 et
3435 1964 3557 2034 igne

1976 2039 2362 2093 comburetur:
2410 2043 2760 2098 corroborata
2806 2057 2890 2101 est
2932 2050 3073 2102 enim
3114 2052 3317 2119 passio,
3351 2062 3406 2108 et
3432 2071 3559 2125 pro-

1975 2139 2161 2199 pterea
2202 2133 2455 2187 virtutem
2503 2136 2665 2190 homo
2711 2154 2809 2193 nec
2845 2140 3120 2210 corrigere
3163 2144 3361 2199 malum
3418 2148 3551 2212 Vult,

1976 2234 2076 2273 nec
2106 2220 2406 2286 intendere,
2440 2224 2484 2277 si
2516 2225 2660 2278 enim
2683 2228 2966 2283 obscurius
2997 2228 3161 2285 fuerit
3197 2232 3347 2288 locus
3367 2234 3550 2305 leprm,

1976 2309 2028 2363 id
2064 2318 2165 2373 est,
2219 2310 2421 2366 incerta
2472 2313 2618 2382 lepra
2660 2325 2715 2369 et
2743 2317 2922 2383 dubia,
2963 2328 3245 2390 postquam
3276 2326 3442 2379 vestis
3470 2335 3555 2381 est

1974 2399 2081 2453 lota
2122 2416 2218 2469 per
2246 2404 2638 2472 paenitentiam,
2690 2409 2968 2464 abscidere
2994 2414 3300 2481 passionem
3329 2431 3359 2469 a
3390 2417 3555 2471 vesti-

1974 2502 2152 2549 mento
2201 2495 2439 2563 virtutis,
2485 2508 2913 2571 cmterorumque
2965 2520 3086 2575 qua:
3131 2508 3387 2576 przedicta
3430 2520 3556 2566 sunt

1972 2586 2242 2655 praecepit.
2316 2586 2595 2655 Quomodo
2656 2601 2837 2649 autem
2882 2598 3188 2665 superbiam
3232 2600 3556 2673 abrumpit?

1977 2674 2137 2729 Valde
2166 2677 2411 2732 videlicet
2440 2695 2497 2733 se
2528 2680 2841 2748 humilians,
2866 2686 3116 2741 similiter
3137 2696 3191 2742 et
3220 2705 3413 2744 vanam
3438 2690 3552 2761 glo—

1970 2762 2105 2815 riam
2143 2765 2392 2820 omnibus
2423 2782 2451 2819 a
2492 2783 2553 2822 se
2596 2784 2882 2826 removens
2916 2776 3110 2839 modis,
3139 2777 3192 2830 id
3233 2788 3335 2842 est,
3363 2786 3547 2833 utnec

1971 2853 2287 2918 honoribus,
2320 2870 2385 2909 ex
2415 2858 2612 2926 quibus
2642 2862 2906 2928 superbia:
2934 2865 3114 2931 passio
3148 2867 3404 2931 nutritur,
3449 2883 3550 2923 nec

281 2947 555 3000 tummodo
607 2944 748 2998 labia
788 2947 925 2999 circa
964 2945 1141 3000 dentes
1181 2962 1351 3000 meos.
1397 2930 1720 3001 Miseremini
1742 2947 1863 3012 mei,
1894 2919 1938 2980 Ο
1971 2942 2235 3009 laudibus,
2272 2945 2468 3014 quibus
2495 2963 2634 3002 vana
2669 2950 2867 3004 crescit
2912 2951 3102 3021 gloria,
3140 2953 3440 3008 delectetur
3463 2956 3549 3009 vel

280 3037 606 3089 miseremini
661 3037 780 3097 mei,
835 3036 1019 3090 saltent
1061 3054 1150 3091 vos
1205 3038 1361 3091 amici
1419 3039 1538 3103 mei,
1595 3039 1719 3109 quia
1756 3054 1869 3091 ma-

281 3146 383 3182 nus
430 3127 645 3182 Domini
693 3130 858 3199 tetigit
914 3146 992 3182 me
1040 3129 1182 3201 (Job.
1238 3128 1375 3201 xix).
1454 3129 1711 3184 Prohibet
1739 3144 1867 3200 ergo

281 3217 647 3291 [superbiam]
672 3234 770 3273 nec
807 3219 858 3272 in
899 3220 1096 3274 virtute
1120 3219 1385 3288 perfecta,
1432 3221 1574 3289 quod
1601 3222 1866 3275 estvesti-

280 3318 545 3373 mentum,
584 3306 665 3361 vel
703 3309 746 3361 si
790 3325 980 3378 magna
1008 3318 1111 3374 est,
1161 3308 1242 3362 vel
1272 3310 1315 3363 si
1357 3310 1665 3366 mediocris.
1713 3308 1865 3365 Hanc

279 3402 429 3455 enim
476 3401 758 3455 laneorum
806 3408 861 3453 et
906 3400 1166 3454 lineorum
1204 3386 1559 3454 differentiam
1608 3399 1859 3464 diximus,

282 3491 549 3547 maculam
575 3492 803 3545 inveniri
826 3491 999 3545 albam
1027 3499 1119 3544 aut
1140 3489 1335 3556 rufam,
1351 3491 1458 3555 vel,
1480 3491 1621 3545 sicut
1639 3489 1865 3561 Septua-

280 3587 452 3654 ginta,
507 3583 829 3637 viridantem
856 3591 947 3636 aut
973 3580 1438 3637 ﬂammiscentem.
1519 3581 1657 3636 Dicit
1681 3593 1860 3637 autem

279 3677 605 3729 viridantem
654 3673 979 3743 superbiam,
1043 3673 1411 3728 ﬂammantem
1457 3674 1856 3743 cynodoxiam:

281 3768 398 3821 haec
441 3768 589 3821 enim
621 3765 721 3820 fuit
747 3767 1057 3834 angelorum
1083 3766 1472 3835 praevaricatio,
1514 3766 1637 3835 quia
1662 3766 1861 3835 ubique

279 3855 532 3909 Christus
559 3854 791 3907 virtutes
829 3868 859 3907 a
891 3867 1028 3906 vana
1069 3852 1240 3923 gloria
1290 3850 1490 3905 liberas
1517 3868 1637 3907 esse
1662 3867 1861 3921 praece-

274 3946 376 4014 pit,
408 3954 465 3999 et
513 3959 689 4012 neque
732 3943 1001 4013 jejunare,
1045 3958 1219 4011 neque
1250 3942 1494 3996 misereri
1524 3943 1591 3996 ad
1643 3942 1856 4012 placen—

278 4036 409 4088 dum
459 4033 769 4087 hominibus
810 4031 994 4098 jubet;
1043 4033 1272 4100 perdere
1314 4032 1508 4101 quippe
1554 4033 1856 4086 mercedem

278 4138 432 4177 suam
461 4137 554 4177 eos
576 4123 666 4190 qui
689 4123 762 4175 ita
784 4121 989 4177 faciunt
1012 4121 1313 4176 aﬂirmavit.
1371 4122 1472 4190 Qui
1495 4124 1638 4177 enim
1669 4125 1737 4177 ab
1762 4124 1859 4178 bo-

277 4215 518 4267 minibus
547 4212 753 4265 laudari
786 4212 991 4275 volunt,
1022 4214 1290 4281 quomodo
1316 4211 1428 4281 jam
1454 4214 1661 4268 laudari
1693 4231 1723 4268 a
1751 4214 1856 4268 Do-

277 4304 424 4357 mino
451 4301 873 4369 exspectabunt?
912 4301 1163 4355 Viridans
1191 4312 1370 4357 autem
1420 4305 1670 4373 superbia
1698 4303 1854 4357 intel-

275 4390 481 4462 iigitur,
507 4391 630 4460 quia
660 4392 725 4445 ad
752 4391 1021 4445 modicum
1043 4391 1220 4456 ﬂoret,
1246 4392 1395 4447 velut
1415 4394 1665 4456 virentia,
1697 4394 1770 4447 ita
1794 4400 1855 4446 ut

278 4481 483 4535 diceret
511 4480 714 4534 David:
756 4477 871 4533 Vidi
899 4480 1110 4550 impium
1146 4481 1555 4551 superelevatum
1600 4492 1648 4535 et
1677 4498 1855 4551 super-

277 4572 561 4626 cxaltatum
591 4588 746 4642 super
770 4571 951 4625 cedros
973 4570 1159 4625 Libani
1186 4586 1203 4623 :
1234 4582 1283 4627 et
1302 4574 1520 4626 transivi
1537 4582 1584 4626 et
1611 4554 1741 4626 ccc?
1751 4589 1852 4627 non

277 4672 389 4716 erat
422 4659 597 4733 (Ps-al.
629 4661 835 4732 xxxvi).
878 4662 946 4715 Et
988 4678 1175 4717 rursus
1219 4667 1284 4718 de
1310 4663 1511 4717 eisdem
1549 4683 1560 4717 :
1601 4662 1750 4717 Sicut
1779 4665 1855 4733 fe-

280 4772 402 4808 num
445 4756 520 4808 ita
550 4754 806 4819 decident,
857 4763 905 4807 et
959 4755 1091 4808 sicut
1142 4754 1281 4809 olera
1311 4755 1589 4808 herbarum
1632 4756 1733 4807 cito
1772 4772 1853 4807 ca-

280 4847 395 4900 dent
435 4843 647 4917 (lbid.).
708 4844 850 4914 Ergo
901 4853 1085 4913 aperte
1138 4844 1422 4914 probatum
1467 4855 1549 4899 est
1600 4846 1725 4914 quia
1764 4860 1852 4897 su-

280 4937 517 5005 perbiam
549 4950 645 4990 seu
675 4950 869 4988 vanam
896 4935 1118 5006 gloriam
1155 4936 1401 5004 prohibet
1433 4937 1709 4989 adhmrere
1738 4934 1849 4986 vir-

284 5028 398 5081 tuti.
452 5026 561 5082 Sed
605 5040 705 5080 nec
743 5026 796 5078 in
841 5025 1092 5088 stamine,
1131 5026 1243 5079 sive
1289 5027 1341 5079 in
1373 5026 1704 5096 subtegmine
1739 5022 1850 5076 vult

284 5116 479 5187 lepram
531 5133 652 5186 qua:
690 5116 831 5170 dicta
874 5124 960 5169 cst
986 5116 1221 5178 evenire,
1270 5116 1321 5170 id
1350 5126 1453 5180 est,
1504 5124 1564 5169 ut
1608 5129 1705 5169 nec
1750 5114 1851 5184 ipsi

282 5220 399 5258 eam
429 5205 679 5275 superbia
717 5204 801 5259 vel
830 5220 967 5257 vana
1005 5204 1174 5273 gloria
1232 5205 1458 5258 virtutes
1487 5204 1848 5266 intendamus,

283 5310 429 5349 neca
458 5295 570 5349 Deo
609 5294 765 5348 talem
789 5294 1015 5364 gratiam
1060 5293 1215 5347 nobis
1242 5308 1565 5347 concurrere
1592 5293 1849 5360 deprece-

285 5398 419 5448 mur,
467 5384 559 5439 sed
589 5399 690 5439 nec
719 5383 1046 5437 tentationes
1064 5398 1185 5437 cum
1212 5383 1393 5451 aliquo
1434 5396 1501 5435 ex
1528 5380 1614 5434 his
1641 5395 1739 5433 nos
1773 5378 1849 5432 le-

286 5476 496 5543 gis-lator
520 5479 788 5531 sustinere
812 5479 1096 5541 desiderat,
1130 5478 1220 5547 qui
1243 5478 1284 5531 si
1318 5476 1420 5530 tale
1446 5474 1716 5544 quippiam
1740 5473 1848 5528 for-

1969 3035 2227 3105 gaudeat;
2253 3036 2437 3106 sicque
2465 3047 2836 3104 conversetur,
2874 3048 2934 3094 ut
2955 3056 3020 3096 ne
3049 3043 3265 3112 quidem
3295 3044 3346 3097 in
3373 3046 3549 3113 suspi-

1968 3124 2122 3178 cione
2150 3125 2307 3180 unius
2337 3125 2528 3180 horum
2563 3127 2786 3191 incidat,
2818 3137 2872 3183 et
2905 3138 3029 3184 tunc
3051 3133 3282 3187 mundus
3309 3148 3432 3188 esse
3454 3149 3548 3203 po-

1969 3215 2113 3267 terit.
2171 3213 2264 3268 Sin
2311 3223 2489 3268 autem
2544 3215 2685 3269 ultra
2724 3219 3031 3287 apparuerit
3081 3220 3133 3273 in
3167 3221 3249 3275 his
3276 3221 3407 3277 locis
3427 3238 3547 3291 quae

1965 3305 2117 3375 prius
2163 3306 2429 3360 maculata
2484 3305 2718 3372 fuerant,
2750 3309 2802 3362 id
2818 3319 2921 3373 est,
2953 3310 3004 3363 in
3031 3312 3355 3366 vestimento
3382 3313 3464 3367 vel
3491 3315 3544 3368 in

1966 3396 2322 3466 subtegmine,
2355 3397 2434 3452 vel
2472 3397 2525 3450 in
2553 3398 2803 3464 Stamine,
2858 3400 2940 3452 vel
2977 3400 3026 3453 in
3057 3401 3213 3470 pelle,
3262 3402 3316 3457 id
3344 3412 3448 3468 est,
3490 3404 3543 3457 in

1966 3486 2184 3551 virtute,
2214 3496 2309 3541 aut
2329 3487 2459 3556 ipsis
2490 3490 2875 3544 tentationibus
2896 3491 3071 3546 adhuc
3114 3493 3356 3547 eamdem
3381 3495 3547 3549 susti-

1965 3585 2091 3629 neat
2117 3576 2444 3644 passionem,
2501 3592 2598 3646 pro
2650 3593 2754 3646 qua
2795 3578 3007 3632 ablutus
3052 3588 3134 3633 est
3158 3580 3238 3634 vel
3265 3583 3539 3650 paenituit,

1965 3672 2126 3733 atque
2155 3664 2209 3717 in
2239 3679 2301 3719 ea
2331 3672 2632 3733 permanet,
2663 3666 2969 3720 immundus
2991 3666 3357 3734 hujuscemodi
3386 3683 3545 3738 repu-

1966 3763 2133 3819 tatur,
2182 3762 2238 3810 et
2285 3754 2422 3823 ignis
2458 3769 2580 3808 cum
2618 3756 2879 3824 gehennze
2925 3756 3170 3825 suscipit,
3227 3756 3353 3826 quia
3394 3757 3542 3826 lepra

1965 3845 2191 3901 volatica
2240 3855 2294 3901 et
2330 3862 2466 3916 vaga
2495 3855 2595 3909 est,
2644 3847 2770 3917 quia
2816 3849 2919 3901 hoc
2942 3848 3086 3916 quod
3109 3848 3274 3903 semel
3320 3849 3543 3904 macula:

1962 3935 2189 3989 dilutum
2219 3936 2415 4000 fuerat,
2436 3935 2487 3989 id
2517 3944 2617 4000 est,
2650 3944 2932 4005 postquam
2964 3936 3130 3991 semel
3162 3951 3193 3989 a
3236 3938 3541 4007 suspicione

1962 4028 2250 4082 mundatus
2276 4036 2380 4092 est,
2413 4043 2600 4081 rursus
2642 4028 2811 4083 lavari
2872 4028 3007 4092 vult,
3041 4036 3101 4082 ut
3154 4036 3283 4083 tunc
3307 4029 3540 4082 mundus

1962 4119 2288 4173 nominetur.
2356 4118 2508 4173 L'nde
2549 4118 2886 4187 apertissime
2941 4118 3069 4171 illud
3114 4118 3208 4171 tibi
3238 4117 3545 4186 intelligere.

1962 4210 2236 4280 legislator
2259 4209 2450 4272 innuit,
2466 4209 2679 4277 quando
2702 4208 2769 4261 de
2794 4208 2983 4261 eodem
2998 4216 3221 4275 peccato
3240 4206 3535 4274 frequenti-

1958 4301 2056 4354 bus
2072 4301 2185 4352 vult
2205 4300 2349 4367 lacry
2359 4298 2459 4351 mis
2473 4296 2746 4366 poeniteri,
2764 4295 3015 4363 frequens
3035 4295 3178 4348 enim
3200 4309 3532 4350 commemo-

1958 4390 2111 4449 ratio,
2131 4403 2228 4440 nec
2244 4388 2416 4454 ipsum
2433 4384 2623 4437 vulnus
2647 4384 2912 4454 permittit
2936 4384 3228 4453 praevalere
3252 4398 3350 4438 nec
3365 4383 3526 4437 aliud.

2027 4475 2316 4548 (M.\URUS.)
2355 4474 2485 4527 ltem
2518 4474 2622 4528 alio
2657 4477 2815 4529 modo
2846 4492 2856 4526 :
2912 4474 3083 4543 Lepra
3120 4473 3173 4527 in
3215 4482 3363 4528 veste
3392 4474 3531 4545 linea

1956 4566 2256 4639 signiﬁcare
2306 4572 2482 4633 potest
2525 4563 2937 4632 perversitatem
2988 4578 3195 4616 morum
3240 4563 3295 4617 in
3351 4576 3531 4619 mente

1957 4674 2157 4714 amare.
2194 4657 2343 4713 Unde
2371 4665 2425 4710 et
2455 4671 2551 4725 per
2576 4655 2862 4724 quemdam
2892 4654 3124 4708 colorem
3146 4652 3372 4721 justitim
3410 4655 3529 4726 plus

1955 4766 2116 4819 quam
2142 4755 2353 4818 oportet
2375 4748 2605 4801 sazviunt
2626 4748 2677 4800 in
2701 4748 3072 4815 peccantibus,
3102 4747 3167 4800 ad
3195 4748 3529 4817 desperatio-
3570 4824 3573 4829 η

1957 4854 2083 4892 nem
2120 4836 2238 4907 plus
2265 4850 2425 4906 quam
2471 4836 2539 4889 ad
2590 4836 2874 4889 sanitatem
2906 4845 3285 4903 provocantes,
3336 4844 3525 4891 contra

1954 4926 2266 4998 Apostolum
2294 4925 2385 4995 qui
2414 4924 2508 4988 ait,
2539 4922 2713 4977 Onera
2739 4935 2905 4977 vestra
2934 4924 3148 4977 invicem
3171 4933 3371 4994 portate
3397 4921 3526 4994 (Ga-

1955 5015 2049 5069 lat.
2074 5015 2170 5086 vi).
2236 5013 2407 5083 Lepra
2441 5022 2619 5067 autem
2666 5013 2719 5066 in
2756 5020 2904 5066 veste
2934 5012 3073 5066 lmea
3102 5012 3222 5068 illos
3255 5013 3522 5083 signiﬁcat

1956 5107 2044 5176 qui
2086 5121 2185 5176 pro
2235 5104 2538 5160 adulatione
2569 5103 2940 5171 delinquentes
2992 5105 3263 5174 corrigere
3313 5101 3520 5162 nolunt,

1952 5198 2046 5251 sed
2076 5196 2213 5250 male
2240 5195 2558 5250 facientibus
2579 5194 2922 5248 consentiunt
2952 5212 2965 5247 :
2992 5204 3084 5249 aut
3108 5204 3255 5250 certe
3281 5194 3368 5261 qui
3388 5190 3520 5243 mol-

1952 5291 2077 5345 liter
2114 5290 2320 5351 vivunt,
2358 5297 2413 5342 et
2440 5287 2667 5342 viriliter
2714 5303 2875 5358 agere
2902 5303 3011 5342 non
3053 5288 3289 5343 student.
3345 5284 3523 5375 Lepra

1950 5392 2127 5436 autem
2151 5380 2203 5434 in
2233 5381 2460 5435 stamine
2488 5388 2664 5450 potest
2677 5380 2982 5451 signiﬁcare
3002 5380 3193 5435 anima:
3217 5378 3364 5436 vitia.
3389 5379 3514 5446 quia

1949 5473 2087 5526 sicut
2119 5480 2329 5526 stamen
2360 5487 2494 5540 opus
2519 5472 2812 5525 textrinum
2846 5478 3129 5531 sustentat,
3159 5469 3232 5521 ita
3262 5475 3317 5520 et
3337 5467 3515 5521 anima
