3956 6176
456 174 553 229 591

1091 162 1152 215 Β.
1196 157 1449 215 ηΑΒΑΝι
1490 153 1707 209 ΜΑυῐιι
1744 149 2038 206 ARCIIIEP

2150 146 2408 201 OCUNT.
2452 142 2733 200 OPERUM
2772 138 2952 195 PARS
2988 140 3027 192 l.

3585 140 3684 192 59?.

454 295 648 351 corpus
680 287 824 335 stare
868 285 926 331 et
951 274 1137 346 vigere
1182 271 1327 326 facit.
1401 271 1571 338 Lepra
1600 276 1778 321 autem
1816 266 1870 318 in
1894 261 2021 317 sub-
2048 272 2096 328 Α
2124 259 2192 312 do
2218 272 2347 326 ergo
2393 258 2446 311 in
2478 271 2601 311 eum
2636 269 2742 309 non
2774 251 2946 306 solum
2972 264 3052 351 ex.
3079 247 3232 317 plebe
3260 245 3482 351 Judaica
3516 251 3690 302 credi-

455 375 688 445 tegmine
703 379 920 443 peccata
951 377 1075 423 sunt
1103 382 1221 437 quae
1249 380 1346 434 per
1359 378 1554 430 corpus
1575 358 2014 445 committuntur:

452 443 761 533 incorpore
785 460 984 515 etenim
1023 458 1200 510 anima
1244 453 1512 514 subsisdt,
1538 448 1700 502 veluti
1730 455 1937 500 stamen
1964 443 2018 497 in

457 552 814 623 subtegmine.
871 547 1033 602 Pellis
1053 560 1178 598 vero
1202 544 1309 596 vita
1331 548 1414 595 est
1438 539 1693 599 exterior,
1722 543 1776 589 et
1798 548 2023 588 conver-

458 646 596 701 satio
627 622 900 696 hominum
928 635 1190 697 carnalis;
1224 633 1364 686 unde
1394 638 1516 699 post
1546 634 1820 697 peccatum
1851 622 2023 675 Adam

458 744 515 790 et
532 733 687 787 uxori
717 731 856 784 illius
878 729 1088 780 tunicas
1123 724 1372 793 pelliceas
1400 720 1656 774 Dominus
1679 715 1869 770 fecisse
1892 710 2023 765 dici-

462 832 569 877 tur.
624 823 793 890 Lepra
826 825 1003 870 autem
1033 815 1085 868 in
1123 812 1276 883 pelle,
1308 809 1502 862 malum
1533 803 1834 873 exemplum
1863 809 1946 855 est
1968 800 2024 854 in

459 912 865 970 conversatione
893 905 1051 974 hujus
1067 905 1187 957 vitae
1204 916 1298 971 per
1321 899 1463 967 quod
1485 895 1680 950 indocti
1712 895 1762 947 in
1784 904 2022 945 errorem

462 1006 803 1059 inducuntur.
847 996 954 1067 (Ea:
1001 990 1303 1062 Hesychia.)
1365 988 1498 1053 Quia
1533 998 1661 1053 ergo
1703 990 1758 1035 et
1803 981 1869 1035 de
1904 993 2026 1034 eve-

462 1093 733 1148 nientibus
758 1090 810 1142 in
826 1088 1054 1141 virtutes
1080 1081 1299 1135 maculis
1326 1077 1600 1146 legislator
1626 1071 2026 1144 purificationes

462 1184 737 1256 praecepit,
781 1179 893 1247 jam
924 1192 1020 1247 per
1051 1189 1170 1244 quae
1209 1173 1475 1240 leprosum
1521 1166 2023 1256 mundet‘agnosce.

464 1250 733 1329 ilocenim
761 1268 1042 1322 intendens
1066 1263 1305 1316 invenies
1324 1259 1448 1328 quia
1475 1253 1766 1324 legislatori
1790 1253 1856 1306 de
1880 1250 2027 1319 lepra

462 1364 552 1419 illa
577 1375 722 1418 cura;
752 1358 851 1412 fuit
868 1370 984 1426 quae
1012 1369 1077 1408 ex
1106 1350 1315 1407 delictis
1340 1351 1395 1401 in
1421 1342 1702 1399 animabus
1725 1338 1923 1395 nostris
1951 1338 2029 1392 in-

460 1453 681 1524 ﬂigitur.

1070 1528 1292 1586 CAPUT
1334 1526 1417 1579 V'I.

2124 348 2341 411 derunt,
2387 348 2479 402 sed
2524 356 2577 400 et
2624 345 2816 415 pagani
2857 342 3209 396 ascendentes
3233 355 3356 393 eum
3389 339 3574 394 videre
3605 356 3696 394 cu-

2127 436 2364 504 piebant,
2419 435 2791 488 nuntiantibus
2844 433 2947 485 hoc
2975 430 3254 499 discipulis
3289 428 3424 482 dixit
3479 445 3492 481 :
3546 427 3696 483 Venit

2124 525 2256 578 liora
2330 533 2385 577 ut
2439 523 2761 592 gloriﬁcatur
2817 519 2989 572 Filius
3045 518 3268 572 hominis
3326 517 3508 588 (Joan.
3570 521 3698 589 xu),

2127 614 2342 682 quando
2373 614 2507 666 vidit
2531 612 2672 680 quod
2697 619 3061 681 praeparatum
3095 618 3239 663 esset
3283 609 3579 663 humanum
3606 625 3698 681 ge-

2129 715 2232 754 nus
2262 701 2330 755 ad
2377 700 2749 754 liberationem
2805 698 3141 766 salutemque
3177 713 3273 765 per
3308 713 3546 762 erucem,
3593 704 3695 752 hoc

2128 793 2269 846 enim
2298 799 2353 845 et
2397 792 2621 862 gloriam
2652 804 2803 844 suam
2832 789 3139 858 appellavit,
3190 798 3313 842 tunc
3344 789 3474 857 quid
3512 805 3698 862 susce-

2128 881 2240 951 pit?
2270 880 2526 936 Videlicet
2548 880 2679 934 duos
2705 893 2953 948 passeres
2975 877 3143 942 vivos,
3164 878 3351 947 quibus
3364 878 3495 932 vesci
3511 878 3707 931 lit-itum

2131 976 2233 1023 est.
2263 968 2461 1023 Habuit
2510 968 2651 1022 enim
2678 968 2794 1021 haec
2821 966 3091 1030 Christus,
3117 966 3454 1022 divinitatem
3492 967 3703 1023 scilicet

2132 1070 2187 1114 et
2208 1060 2616 1121 humanitatem,
2647 1060 2773 1127 quia
2799 1059 2994 1112 munda
3035 1056 3236 1112 Christi
3264 1058 3424 1111 etiam
3450 1058 3703 1112 humani-

2136 1161 2217 1206 tas
2254 1159 2310 1204 et
2339 1151 2526 1203 vivens
2563 1158 2663 1203 est.
2697 1149 2890 1203 Munda
2926 1149 3163 1217 quidem,
3200 1155 3259 1200 ut
3279 1157 3401 1218 pote
3429 1163 3549 1217 qua:
3582 1165 3701 1218 pro-

2134 1243 2309 1311 prium
2334 1250 2614 1311 peccatum
2660 1257 2764 1294 non
2812 1240 3027 1304 habuit;
3080 1240 3203 1293 viva
3257 1247 3461 1302 autem,
3495 1224 3706 1309 ut‘quae

2136 1335 2313 1405 genita
2342 1350 2449 1388 non
2494 1342 2577 1387 est
2603 1349 2669 1387 ex
2694 1333 2795 1386 viri
2824 1331 3159 1385 immunditia
3183 1348 3198 1396 ;
3248 1340 3298 1385 et
3326 1331 3443 1383 ideo
3470 1346 3576 1385 non
3603 1332 3711 1384 t’uzt

2137 1423 2499 1478 maledictioni
2514 1424 2702 1477 mortis
2722 1421 2973 1477 obnoxia.
2999 1421 3414 1491 Sumet,’i'nquit,
3436 1433 3481 1474 et
3505 1421 3707 1491 lignum

2137 1516 2425 1579 cedrinum,
2484 1515 2535 1568 id
2583 1525 2688 1579 est,
2722 1530 2935 1568 enicem
2984 1532 2996 1566 :
3035 1515 3198 1568 cedro
3244 1522 3421 1568 autem
3467 1513 3589 1566 ideo
3625 1514 3705 1566 si-

465 1634 540 1688 De
574 1628 917 1685 oblationibus
942 1621 1215 1693 o/fereudis
1240 1635 1330 1687 pro
1352 1614 1718 1693 cmundationis
1766 1621 1812 1664 et
1837 1624 2033 1678 purga-
2064 1607 2106 1664 Β
2133 1606 2437 1676 gniﬁcatur,
2472 1608 2597 1676 quia
2650 1608 2845 1662 cedrus
2870 1607 2923 1660 in
2953 1606 3109 1676 lignis
3144 1605 3299 1660 fortis
3336 1615 3440 1660 est.
3469 1605 3603 1659 Nam
3652 1617 3710 1660 ei

1059 1693 1196 1744 tione
1225 1687 1432 1757 leprosi.

535 1809 683 1881 (Car.
714 1808 849 1875 xtv.)
878 1802 1203 1869 Locutusque
1230 1808 1303 1849 est
1332 1793 1582 1847 Dominus
1613 1790 1680 1843 ad
1712 1787 1926 1881 Moysen
1959 1786 2034 1838 di-

466 1880 583 1955 cens
610 1912 627 1950 :
659 1897 760 1951 Hic
796 1906 868 1949 est
902 1895 1034 1947 ritus
1072 1888 1261 1959 leprosi
1288 1886 1494 1957 quando
1528 1880 1859 1937 mandandus
1905 1887 1979 1931 est
2012 1893 2030 1929 :

466 1989 767 2042 Adducetur
792 1986 859 2037 ad
884 1981 1225 2041 sacerdotem,
1255 1978 1341 2045 qui
1373 1990 1605 2044 egressus
1632 1988 1659 2025 e
1683 1969 1891 2032 castris,
1914 1982 2031 2021 cum

467 2076 720 2131 invenerit
753 2074 948 2143 lepram
977 2084 1087 2122 esse
1107 2066 1432 2127 mandatam,
1458 2061 1719 2133 prwcipiet
1748 2060 1791 2112 ei
1813 2058 1900 2129 qui
1937 2073 2033 2126 pu-

466 2166 707 2234 riﬁcatur
734 2172 788 2215 ut
820 2161 1003 2229 offerat
1034 2174 1126 2228 pro
1165 2172 1218 2210 se
1242 2156 1372 2208 duos
1417 2167 1647 2222 passeres
1697 2150 1858 2211 vivos,
1904 2161 2033 2217 quos

466 2256 594 2310 vesci
619 2254 817 2307 licitum
849 2260 942 2314 est,
969 2259 1016 2301 et
1041 2248 1237 2317 lignum
1265 2245 1553 2305 cedrinum,
1599 2237 2034 2307 vermiculumque

466 2353 512 2397 et
542 2344 839 2411 hyssopum.
891 2337 956 2390 Et
988 2350 1149 2388 unum
1179 2350 1206 2387 e
1231 2332 1524 2402 possenbus
1547 2327 1808 2381 immolari
1834 2324 2033 2394 jubebit

465 2432 522 2484 in
542 2427 821 2497 ναιερσιὶιὶ
844 2440 998 2493 super
1023 2439 1187 2491 aquas
1201 2424 1417 2474 virentes
1440 2432 1457 2468 :
1482 2417 1646 2468 alium
1664 2423 1835 2467 autem
1864 2412 2033 2465 vivum

468 2536 586 2573 cum
612 2518 752 2586 ligno
781 2515 1012 2575 cedrino,
1037 2523 1081 2565 et
1113 2526 1285 2573 cocco,
1318 2519 1364 2562 et
1388 2508 1605 2577 hyssoPO
1643 2506 1800 2572 tinget
1827 2504 1879 2554 in
1907 2519 2032 2555 san-

469 2609 623 2680 guine
647 2606 869 2677 passeris
900 2601 1176 2663 immolati,
1205 2615 1305 2668 quo
1331 2605 1560 2665 asperget
1594 2593 1742 2646 illum
1769 2593 1856 2662 qui
1880 2606 2033 2644 mun-

468 2698 675 2753 dandus
689 2707 784 2761 est,
815 2692 1020 2763 septies,
1040 2700 1093 2743 ut
1102 2691 1225 2760 jure
1244 2696 1515 2758 purgetur,
1537 2694 1582 2737 et
1607 2683 1825 2736 dimittet
1858 2695 2035 2750 passe-

471 2803 580 2842 rem
597 2786 789 2849 vivum,
820 2793 875 2836 ut
905 2783 959 2835 in
985 2796 1168 2850 agrum
1191 2777 1374 2832 avolet.
1429 2774 1659 2844 Cumque
1684 2772 1865 2825 laverit
1885 2772 2037 2823 homo

472 2875 767 2930 vestimenta
798 2888 916 2935 sua,
942 2871 1085 2922 radet
1116 2882 1289 2919 omnes
1315 2864 1447 2934 pilos
1474 2862 1729 2932 corporis,
1763 2869 1808 2912 et
1837 2858 2036 2912 lavabi-

2134 1713 2260 1752 arca
2284 1699 2349 1753 de
2372 1698 2532 1768 lignis
2555 1699 2790 1753 ccdrinis
2817 1698 2955 1753 facta
2980 1697 3147 1752 fuisse
3169 1698 3449 1761 asscritur,
3474 1697 3601 1766 quia
3638 1696 3710 1749 li-

2132 1806 2359 1860 gnorum
2388 1790 2798 1860 imputribilium
2830 1791 2883 1844 in
2913 1789 3315 1844 constructione
3345 1788 3461 1858 ejus
3494 1788 3711 1858 Moyses

2133 1880 2464 1934 mentionem
2514 1880 2661 1934 fecit.
2716 1879 2898 1933 Sumet
2924 1890 2971 1932 et
3018 1876 3374 1941 rermiculum,
3405 1878 3547 1945 quod
3571 1877 3713 1946 Sep-

2135 1971 2378 2040 tuaginta
2420 1972 2587 2024 edunt
2632 1971 2898 2024 coccinum
2951 1979 3167 2033 tortum,
3208 1970 3459 2024 videlicet
3489 1971 3704 2039 passio-

2133 2072 2257 2111 nem
2309 2077 2321 2112 :
2371 2058 2568 2113 dicitur
2617 2060 2758 2113 enim
2793 2067 3011 2128 propter
3049 2061 3335 2113 tincturam
3386 2061 3708 2130 sanguinem

2134 2150 2445 2215 coccinum;
2476 2150 2615 2204 unde
2636 2150 2972 2219 chlamydem
3004 2150 3307 2203 coccineum
3335 2165 3456 2203 eum
3483 2150 3714 2203 ducere-

2135 2247 2224 2292 tur
2265 2240 2331 2292 ad
2371 2239 2694 2308 passionem,
2727 2254 2847 2294 eum
2899 2238 3091 2291 milites
3135 2239 3442 2293 induerunt.
3478 2238 3574 2292 Τοι
3593 2249 3713 2292 tum

2136 2343 2315 2389 autem
2345 2349 2464 2388 esse
2503 2350 2673 2404 quare
2712 2333 2997 2388 dixerunt?
3028 2331 3252 2403 Propter
3293 2332 3713 2401 passibilitatem

2136 2426 2725 2495 impassibilitatemque
2780 2440 3098 2489 connexam,
3165 2433 3385 2495 propter
3450 2425 3594 2492 quod
3660 2427 3714 2476 in

2137 2531 2262 2571 eum
2294 2516 2474 2585 passio
2497 2516 2788 2569 secundum
2819 2517 3105 2584 quemdam
3133 2524 3215 2568 cst
3237 2515 3487 2580 modum;
3522 2517 3720 2585 hysso-

2137 2620 2264 2674 pum
2289 2613 2466 2658 autem
2512 2606 2635 2659 boni
2672 2605 2852 2659 odoris
2882 2605 3052 2675 gratia
3096 2605 3315 2674 spiritus
3364 2607 3717 2674 eooperatrix

2138 2694 2534 2748 cmundationis
2559 2703 2756 2748 nostra:
2781 2703 2882 2748 est.
2918 2694 3068 2749 Unde
3093 2694 3257 2749 David
3281 2711 3295 2750 :
3326 2696 3580 2766 Asperges
3608 2714 3718 2761 me,

2141 2783 2333 2852 inquit,
2364 2784 2587 2855 hyssopo
2620 2794 2667 2838 et
2698 2784 2990 2838 mundabor
3021 2784 3192 2857 (I’sal.
3224 2786 3299 2856 ι).

2213 2872 2289 2927 De
2316 2875 2624 2942 passeribus
2669 2888 2797 2944 ergo
2826 2890 2961 2943 quos
2987 2876 3220 2931 diximus
3251 2892 3369 2931 esse
3412 2876 3719 2941 Christum,

472 2973 561 3019 tur
607 2978 767 3032 aqua,
790 2960 1198 3031 puriﬁcatusque
1232 2954 1548 3023 ingredietur
1585 2961 1777 3013 castra,
1804 2950 1877 3001 ita
1905 2948 2038 3000 dun-

2145 2964 2287 3018 hunc
2311 2938 2567 3034 praecepit
2608 2938 2870 3020 immolari
2914 2965 2999 3020 vel
3026 2968 3220 3031 occidi,
3254 2968 3306 3022 id
3333 2975 3436 3033 est,
3483 2969 3536 3024 id
3572 2938 3723 3040 quod

473 3063 619 3108 taxat
665 3061 717 3106 ut
765 3058 973 3103 maneat
1006 3060 1155 3101 extra
1210 3040 1603 3097 tabernaculum
1652 3055 1805 3093 suum
1849 3047 2040 3107 septem

474 3144 675 3197 diebus.
732 3140 802 3195 Et
847 3140 930 3193 die
974 3138 1192 3207 septima
1238 3133 1389 3187 radat
1436 3130 1651 3201 capillos
1679 3130 1883 3199 capitis,
1924 3127 2042 3179 bar-

473 3232 689 3305 bamque
716 3240 764 3285 et
813 3227 1109 3298 supercilia,
1167 3240 1229 3276 ac
1255 3223 1411 3275 totius
1433 3221 1663 3290 corporis
1703 3218 1857 3289 pilos,
1895 3226 1941 3269 et
1965 3217 2042 3268 lo-

475 3320 539 3375 tis
567 3334 775 3373 rursum
819 3315 1037 3370 vestibus
1088 3321 1135 3366 et
1175 3325 1406 3380 corpore,
1438 3316 1543 3362 etc.
1603 3306 1709 3377 (Ex
1736 3305 2041 3376 Hesychia.)

476 3408 615 3475 Quia
641 3422 745 3461 non
776 3419 876 3459 nos
894 3410 1107 3473 oportet
1127 3400 1382 3455 arbitrari
1414 3398 1747 3468 negligenter
1768 3396 2041 3466 quippiam

474 3498 839 3568 legislatorcm
867 3496 1067 3559 dicere,
1096 3492 1224 3546 illud
1257 3499 1308 3546 te
1340 3499 1550 3559 oportet
1578 3496 1766 3543 notare
1794 3503 1904 3556 pra:
1929 3503 2045 3542 om-

478 3591 658 3652 nibus,
694 3587 817 3657 quia
842 3602 985 3640 nunc
1035 3584 1252 3654 quando
1288 3583 1355 3638 de
1388 3582 1820 3656 mundationibus
1850 3578 2041 3641 sancit,

477 3682 594 3737 solo
627 3679 812 3750 Moysi,
865 3693 970 3733 non
1002 3678 1163 3732 etiam
1191 3676 1394 3741 Aaron,
1454 3677 1594 3730 sicut
1628 3675 1897 3745 superius,
1921 3671 2045 3726 allo-

478 3771 701 3839 quitur;
729 3769 855 3837 quia
883 3768 1092 3836 Moyses
1116 3766 1383 3836 praecipue
1424 3766 1707 3835 imaginem
1733 3763 1935 3818 Christi
1962 3779 2046 3817 se-

482 3861 711 3915 cundum
748 3858 1062 3925 multos'qui
1109 3857 1237 3909 dicti
1271 3864 1397 3909 sunt
1423 3855 1560 3922 gerit
1595 3854 1795 3917 modos,
1826 3854 1921 3907 soli
1951 3870 2045 3907 au—

484 3959 589 4003 tem
635 3947 850 4002 Christo
873 3945 1171 3999 communis
1224 3944 1384 4012 lepra:
1432 3943 1687 4010 competit
1714 3943 2043 4007 cmundatio,

485 4049 702 4110 propter
739 4036 880 4105 quod
927 4050 1025 4088 nec
1069 4035 1133 4088 de
1174 4034 1319 4102 lepra
1351 4034 1509 4086 unius
1553 4034 1697 4086 modi
1752 4049 1871 4102 quae
1904 4034 1963 4087 ﬁt
1993 4036 2045 4088 in

487 4129 726 4190 vulnere,
774 4124 920 4178 verbi
942 4124 1133 4194 gratia,
1186 4131 1279 4175 aut
1325 4123 1618 4185 inustione,
1660 4134 1752 4176 aut
1790 4124 1943 4177 aliter
1971 4126 2047 4179 lo-

485 4219 695 4288 quitur;
746 4215 841 4270 sed
887 4215 964 4268 ait
1015 4232 1027 4266 z
1088 4212 1185 4265 llic
1237 4222 1310 4266 est
1369 4212 1499 4265 ritus
1558 4212 1766 4283 leprosi.
1798 4215 1901 4269 Per
1947 4217 2047 4271 hoc

488 4323 699 4363 onmem
742 4306 976 4375 speciem
1031 4304 1190 4373 leprm
1230 4303 1510 4372 complecti
1561 4304 1766 4369 volens,
1813 4306 1937 4375 quia
1993 4318 2048 4362 et

485 4398 731 4452 Christus
755 4409 915 4449 omne
941 4408 1109 4464 genus
1141 4400 1482 4461 peccatorum
1506 4395 1810 4461 mundavit;
1837 4411 1966 4466 ergo
1993 4405 2048 4451 et

489 4486 651 4539 nimis
674 4484 946 4538 simillima
976 4491 1060 4535 est
1103 4482 1358 4550 mysterio
1382 4479 1496 4549 ejus
1518 4497 1757 4553 praesens
1788 4489 2013 4541 materia
2031 4529 2046 4554 ,

488 4574 632 4644 quod
665 4589 731 4626 ex
765 4587 831 4626 eo
857 4571 1136 4635 discimus,
1175 4572 1300 4638 quia
1339 4571 1606 4640 leprosum
1631 4590 1736 4629 non
1763 4577 1841 4630 ire
1866 4578 1933 4632 ad
1962 4594 2049 4633 sa-

488 4665 784 4725 cerdotem,
831 4662 923 4715 sed
979 4662 1047 4714 ad
1095 4677 1217 4716 eum
1266 4663 1345 4717 ire
1387 4665 1719 4720 sacerdotem
1774 4671 2043 4740 praecepit,

490 4753 677 4822 sicque
702 4750 893 4805 adduci
940 4764 1061 4804 eum
1094 4751 1185 4819 qui
1212 4752 1546 4809 mundandus
1572 4764 1675 4820 est,
1707 4758 2054 4824 quemadmo-

464 4870 467 4873 π
490 4844 618 4898 dum
649 4851 703 4897 et
722 4828 970 4896 Christus
998 4842 1064 4896 ad
1085 4858 1182 4897 nos
1207 4844 1369 4906 venit,
1395 4852 1449 4898 et
1479 4861 1572 4901 eos
1598 4847 1687 4915 qui
1708 4849 1775 4903 ab
1802 4862 1868 4902 eo
1893 4866 2051 4904 mun-

486 4931 608 4988 dari
658 4943 816 5002 atque
876 4931 1017 4985 ablui
1076 4933 1440 4987 necessarium
1490 4935 1779 5001 habebant,
1819 4946 1874 4991 et
1898 4946 2053 4993 extra

489 5028 671 5074 castra
694 5020 758 5073 ad
786 5020 1094 5074 intuendum
1129 5035 1252 5074 eum
1279 5023 1370 5090 qui
1396 5025 1734 5078 mandandus
1761 5036 1880 5082 erat
1903 5045 2055 5100 egre-

490 5111 550 5166 di
587 5112 923 5166 sacerdotem
977 5111 1251 5179 preecepit,
1289 5113 1430 5166 sicut
1476 5129 1573 5168 nos
1603 5114 1849 5171 Christus
1899 5127 2052 5173 extra

496 5212 671 5257 castra
697 5218 795 5272 per
825 5202 1128 5272 passionem
1165 5203 1342 5256 erucis
1387 5203 1908 5277 dispensationisque
1935 5225 2053 5278 qua:

494 5300 623 5346 tunc
650 5302 865 5363 peracta
898 5303 983 5348 est
1010 5295 1266 5349 visitavit.
1292 5296 1406 5349 Non
1438 5298 1584 5365 prius
1606 5307 1784 5353 autem
1808 5302 1909 5355 hoc
1945 5304 2054 5371 egit

493 5400 652 5449 quam
693 5385 915 5447 videret,
948 5385 1072 5453 quia
1118 5386 1323 5440 macula
1365 5386 1524 5454 lepra:
1558 5388 1624 5441 ab
1653 5404 1717 5442 eo
1746 5400 2049 5455 sanaretur,

493 5472 543 5524 id
568 5487 672 5539 est,
697 5486 983 5544 antequam
1027 5490 1125 5527 nos
1148 5475 1383 5531 caruisse
1404 5476 1623 5530 vidisset
1644 5493 1846 5533 errore.
1873 5478 2052 5543 Quan-

2120 3128 2137 3157 σ

2144 3062 2260 3106 erat
2282 3052 2534 3120 passibile
2562 3060 2617 3106 et
2661 3052 2803 3122 quod
2832 3064 3041 3122 poterat
3086 3056 3282 3120 occidi,
3324 3066 3377 3110 et
3398 3057 3576 3113 occidi
3609 3074 3628 3113 :
3666 3061 3724 3114 in

2143 3157 2269 3194 vase
2300 3140 2452 3195 ﬁctili
2490 3157 2652 3210 super
2676 3158 2843 3211 aquas
2870 3145 3130 3210 viventes,
3177 3147 3226 3199 in
3257 3148 3412 3202 nobis
3451 3150 3623 3214 enim,
3670 3148 3726 3205 id

2144 3239 2245 3295 est,
2272 3245 2369 3299 pro
2400 3232 2578 3286 nobis.
2621 3233 2896 3301 Siquidem
2948 3251 3133 3290 sumus
3176 3253 3269 3290 vas
3308 3237 3471 3292 ﬁctile
3500 3240 3566 3293 de
3602 3240 3727 3296 luto

2144 3321 2392 3374 videlicet
2413 3321 2559 3386 facti,
2590 3323 2897 3393 unigenitus
2924 3327 3219 3381 secundum
3265 3343 3480 3383 carnem
3518 3332 3729 3387 occidi-

2146 3418 2234 3463 tur
2267 3425 2431 3481 super
2475 3426 2644 3481 aquas
2672 3414 2838 3477 vivas,
2884 3414 2936 3468 id
2966 3423 3067 3481 est,
3120 3417 3456 3486 baptismatis
3502 3436 3519 3474 :
3571 3438 3729 3476 mors

2147 3498 2262 3567 ejus
2290 3501 2486 3571 quippe
2510 3513 2751 3558 nostrum
2785 3505 2977 3575 ﬁgurat
3000 3507 3284 3577 baptisma,
3310 3510 3452 3579 quod
3481 3514 3732 3567 ostendit

2148 3588 2344 3645 Paulus
2393 3592 2578 3647 dicens
2613 3611 2625 3647 z
2660 3592 2966 3666 Quicunque
3009 3597 3065 3651 in
3106 3598 3311 3653 Christo
3342 3599 3598 3670 baptizati
3634 3620 3732 3657 su-

2148 3697 2284 3744 mus,
2326 3682 2381 3735 in
2434 3695 2598 3737 morte
2649 3686 2763 3755 ejus
2799 3688 3049 3757 baptizati
3088 3706 3269 3745 sumus
3308 3690 3482 3763 (Rom.
3524 3693 3625 3765 γι).
3670 3696 3728 3749 1η

2151 3773 2255 3827 hoc
2277 3775 2419 3828 enim
2444 3776 2631 3829 vivens
2656 3792 2858 3846 passer,
2890 3786 2945 3831 et
2964 3778 3167 3848 lignum
3195 3781 3498 3845 cedrinum,
3525 3793 3583 3837 ct
3601 3800 3733 3839 coe-

2150 3861 2328 3915 cinnm
2375 3871 2598 3927 tortum,
2655 3874 2709 3918 et
2755 3865 3018 3935 hyssopus
3064 3868 3333 3937 tingitur:
3365 3870 3547 3924 omnia
3578 3874 3731 3927 enim

2150 3950 2265 4004 haec
2297 3954 2827 4021 comprehenduntur
2868 3955 2920 4007 in
2952 3955 3148 4010 virtute
3177 3958 3536 4027 baptismatis,
3578 3963 3731 4029 quod

2150 4040 2381 4095 diximus
2415 4043 2705 4098 Dominica:
2729 4059 2850 4099 esse
2891 4046 3155 4114 passionis
3180 4047 3405 4117 ﬁguram
3443 4050 3729 4121 significa-

2156 4132 2482 4200 tionemque,
2512 4134 2607 4187 sed
2631 4135 2817 4189 vivens
2839 4152 3027 4207 passer
3055 4154 3214 4206 quem
3246 4140 3298 4192 in
3328 4140 3597 4213 Unigeniti
3634 4161 3733 4197 ne-

2153 4222 2389 4278 cessario
2433 4223 2767 4278 divinitatem
2796 4227 3114 4297 accipimus,
3160 4230 3213 4287 in
3248 4233 3509 4301 sanguine
3556 4235 3732 4289 etiam

2154 4314 2241 4367 hic
2268 4313 2430 4367 occisi
2459 4315 2713 4383 passeris,
2739 4325 2793 4369 et
2815 4332 2951 4386 aqua
2983 4318 3226 4388 tingitur,
3257 4321 3307 4374 id
3339 4330 3442 4386 est,
3468 4323 3522 4377 in
3547 4327 3732 4393 gratia

2152 4403 2509 4470 baptismatis,
2555 4405 2677 4473 quia
2710 4421 2813 4459 non
2839 4406 2891 4459 in
2929 4407 3161 4463 hominis
3184 4410 3452 4478 passione,
3491 4412 3587 4465 sed
3632 4412 3734 4466 Dzi

2153 4502 2208 4548 et
2235 4494 2469 4548 hominis
2488 4494 2842 4564 baptizamur.
2872 4496 3070 4551 Deinde
3092 4510 3213 4568 post
3232 4499 3364 4562 haec,
3394 4500 3579 4555 vivens
3601 4518 3738 4572 pas-

2155 4598 2242 4638 ser
2271 4584 2322 4637 in
2347 4600 2535 4654 agrum
2567 4592 2624 4638 ut
2664 4586 2839 4639 avolet
2865 4585 3184 4655 dimittitur;
3213 4604 3343 4657 ergo
3374 4590 3738 4658 impassibilis

2154 4675 2409 4731 divinitas
2456 4686 2510 4730 et
2545 4676 2917 4746 inseparabilis
2962 4687 3080 4732 erat
3117 4694 3149 4732 a
3198 4693 3378 4746 carne,
3418 4696 3538 4750 qua:
3565 4696 3736 4751 passa

2153 4772 2254 4828 est,
2287 4765 2426 4819 unde
2454 4772 2509 4819 et
2542 4766 2858 4833 separabilis
2896 4767 2948 4820 in
2978 4769 3238 4838 sanguine
3276 4768 3639 4839 baptizamur,
3676 4782 3741 4828 ut

2157 4853 2501 4923 impassibilis
2544 4855 2663 4910 viva
2715 4856 2767 4910 in
2803 4873 2991 4927 agrum
3036 4860 3233 4914 avolct.
3265 4861 3347 4915 Ad
3381 4861 3736 4919 altitudinem

2156 4943 2894 5016 videlicetcontemplationis
2922 4951 3207 5017 emittitur,
3231 4968 3338 5022 quo
3364 4952 3512 5009 illum
3542 4954 3740 5010 dimit-

2159 5040 2324 5099 tente,
2355 5046 2540 5091 nostro
2586 5037 2837 5093 videlicet
2894 5040 3185 5107 intellectu,
3240 5045 3340 5098 sub
3387 5044 3547 5114 hujus
3579 5048 3738 5103 enim

2160 5124 2609 5193 contemplatione
2638 5133 2866 5192 tenetur,
2901 5130 3235 5185 solummodo
3280 5143 3470 5202 sponte
3510 5135 3744 5192 detenta

2160 5227 2281 5265 cum
2300 5227 2330 5265 a
2357 5215 2503 5269 nullo
2522 5216 2626 5270 alio
2654 5218 2882 5271 detineri
2913 5220 3099 5288 possit.
3130 5221 3352 5291 Insuper
3378 5224 3424 5277 is
3451 5224 3544 5293 qui
3567 5241 3739 5280 mun-

2160 5303 2316 5355 datus
2357 5313 2439 5358 cst
2470 5307 2790 5360 vestimenta
2840 5308 3001 5375 lavat,
3034 5311 3283 5367 videlicet
3327 5315 3569 5368 actiones
3599 5325 3659 5368 et
3690 5317 3743 5370 si

2159 5407 2293 5461 quas
2320 5394 2543 5450 virtutes
2570 5398 2774 5462 habuit,
2807 5400 2933 5471 quia
2958 5410 3012 5456 et
3039 5402 3136 5456 has
3163 5413 3384 5472 peccato
3408 5404 3618 5472 polluit.

2230 5483 2397 5537 Lavat
2454 5495 2629 5541 autem
2678 5491 2994 5557 pmnitentia
3030 5500 3084 5546 et
3128 5493 3265 5547 radit
3301 5492 3494 5560 pilum,
3539 5495 3591 5549 id
3622 5502 3741 5557 est,
