3918 6180
241 269 350 325 595

1161 260 1662 318 EXPOSITIONES
1701 261 1766 316 1N
1809 259 2206 318 LEVITICUM.
2244 290 2313 302 -—
2348 261 2476 317 LIB.
2518 259 2604 317 IV.

3396 262 3495 318 5M

239 403 460 444 clunem
483 385 863 455 cogitationem
891 383 1126 452 deponit,
1167 383 1293 451 quia
1323 398 1510 436 omnes
1543 395 1638 434 eas
1663 380 1823 434 babe—
1849 387 1901 445 Α
1925 395 2146 449 cumque
2171 377 2414 432 sacerdos
2440 376 2727 446 puriﬁcaus
2781 375 3042 429 hominem
3081 378 3320 432 statuerit
3363 396 3501 446 eum,

242 485 337 540 bat
385 480 722 543 immundae;
781 485 834 530 et
904 477 1115 530 lavalus
1168 490 1304 544 aqua
1349 474 1684 546 paenitentia:
1733 480 1828 526 aut

244 571 606 643 baptismatis,
639 577 766 622 tunc
795 568 1100 622 necessarie
1131 566 1497 630 mandabitur,
1534 581 1656 619 nam
1696 571 1750 618 et
1779 564 1825 618 si

244 668 507 721 mundum
541 679 664 718 eum
711 663 958 732 superius
1003 661 1329 723 nominavit,
1370 661 1445 713 ait
1473 659 1616 712 enim
1651 677 1664 711 :
1693 657 1827 710 Cum

244 761 387 812 risus
427 757 585 825 fuerit
625 769 735 808 esse
787 753 1094 815 mundatus,
1149 751 1323 819 afferet
1378 750 1510 802 duos
1567 764 1824 819 passeres,

244 847 341 902 sed
379 861 501 899 etim
536 845 626 913 qui
657 851 814 912 aptus
862 850 982 895 erat
1027 841 1094 894 ad
1141 841 1544 894 inundationem
1589 839 1824 893 diccbat.

245 936 381 989 Nam
409 935 679 1004 quomodo
708 933 749 987 is
775 933 866 1000 qui
886 930 999 999 jam
1037 931 1268 984 mundus
1291 937 1377 983 est
1402 929 1578 984 adhuc
1608 942 1828 982 necesse

247 1027 410 1080 habet
461 1023 742 1077 mandari?
784 1023 937 1076 Tunc
968 1030 1020 1074 et
1048 1021 1104 1074 in
1157 1029 1337 1074 castra
1389 1019 1722 1089 ingredietur
1769 1023 1831 1070 ut

245 1116 534 1172 conventui
573 1123 760 1168 nostro
790 1113 1026 1176 intersit,
1061 1120 1224 1182 atque
1255 1111 1671 1182 intelligibilium
1699 1124 1830 1163 eon-

248 1214 516 1259 tmctuum
547 1204 748 1265 socius,
779 1210 836 1255 et
870 1201 1092 1255 alterius
1133 1200 1524 1254 commistionis
1553 1216 1674 1268 qum
1705 1212 1830 1252 cum

247 1295 496 1348 fidelibus
542 1295 792 1358 habetur,
837 1291 1152 1360 acquiratur
1203 1289 1433 1354 fructus,
1477 1305 1507 1347 a
1554 1305 1658 1360 qua
1704 1290 1828 1358 quia

248 1386 643 1455 prohibeantur
684 1383 738 1438 hi
763 1382 856 1453 qui
888 1382 1116 1436 necdum
1157 1381 1398 1434 mundati
1429 1390 1555 1434 sunt
1581 1391 1832 1450 peccato-

245 1496 356 1543 res,
405 1477 530 1532 audi
561 1476 875 1546 Apostolum
918 1476 1184 1529 dicentem
1212 1492 1226 1527 ε
1267 1473 1326 1527 Si
1354 1473 1397 1526 is
1426 1475 1514 1543 qui
1544 1473 1707 1540 frater
1737 1491 1831 1528 uo-

242 1571 502 1628 miuatur,
551 1578 640 1619 aut
671 1566 881 1619 adulter
904 1575 1001 1627 est,
1038 1573 1129 1617 aut
1181 1579 1392 1621 avarus.
1419 1572 1509 1615 aut
1545 1563 1826 1628 detractor,

242 1670 335 1712 aut
383 1658 642 1719 ebriosus,
678 1666 768 1709 aut
802 1671 986 1724 rapax,
1017 1671 1134 1708 cum
1165 1654 1472 1723 lsujusmodi
1525 1670 1616 1706 nec
1659 1654 1830 1707 cibum

1925 481 1974 526 et
1995 473 2107 525 lure
2127 473 2304 526 omnia
2327 487 2506 524 coram
2517 469 2754 523 «Domino
2779 471 2833 524 in
2859 471 2994 524 ostio
3018 470 3344 526 tabernaculi
3369 473 3508 526 testi.

1923 563 2105 625 monii,
2129 561 2272 614 tollet
2295 577 2488 629 agnum
2505 569 2553 614 et
2581 560 2760 628 oﬂ'eret
2781 559 2933 612 illum
2954 575 3048 630 pro
3074 559 3284 626 delicto,
3307 560 3508 633 oleique

1925 654 2234 706 sextarium.
2268 651 2332 704 Et
2365 651 2552 705 oblatis
2583 661 2702 704 ante
2727 650 3008 704 Dominum
3035 651 3298 717 omnibus,
3323 653 3510 707 ἱππιηο-

1926 741 2053 795 labit
2085 757 2302 810 agnum,
2326 740 2414 793 ubi
2438 741 2704 795 immolari
2734 742 2862 795 solet
2887 742 3057 797 hostia
3085 761 3180 814 pro
3204 755 3433 815 peccato,
3457 757 3508 801 et

1926 832 2316 897 holocaustum,
2367 833 2422 888 id
2448 844 2546 897 est,
2593 835 2646 887 iu
2692 843 2807 888 loco
2850 848 3052 890 sancto.
3081 836 3226 890 Sicut
3253 842 3390 892 enim
3414 855 3509 908 pro

1926 934 2162 994 peccato,
2209 926 2285 978 ita
2328 935 2377 978 et
2422 941 2517 994 pro
2569 925 2758 978 delicto
2811 926 2879 978 ad
2923 927 3243 981 sacerdotem
3290 929 3510 998 pertinet

1927 1017 2118 1082 hostia,
2163 1016 2356 1072 Sancta
2393 1028 2694 1072 sanctorum
2737 1030 2833 1084 est,
2867 1037 3238 1092 assaracusque
3264 1022 3510 1076 sacerdos

1925 1106 1992 1160 de
2027 1109 2280 1177 sanguine
2302 1110 2486 1162 hostiae
2511 1126 2628 1179 qua!
2656 1110 2929 1163 immolata
2949 1121 3024 1165 est
3053 1129 3146 1182 pro
3173 1112 3385 1178 delicto,
3417 1131 3512 1184 po-

1930 1207 2014 1249 net
2037 1213 2193 1266 super
2211 1208 2498 1252 extremum
2527 1200 2784 1253 auricula:
2804 1199 3004 1256 dextris
3027 1201 3144 1270 ejus
3166 1201 3258 1271 qui
3285 1202 3513 1256 munda-

1929 1299 2038 1355 tur,
2067 1300 2114 1344 et
2152 1307 2309 1358 super
2346 1290 2561 1360 pollices
2605 1307 2792 1346 manus
2821 1292 3020 1346 dextra:
3060 1302 3108 1346 et
3139 1293 3319 1363 pedis;
3365 1303 3412 1347 et
3447 1294 3513 1348 de

1930 1380 2034 1435 olet
2076 1384 2306 1435 sextario
2336 1386 2500 1436 mittet
2527 1383 2578 1436 in
2610 1400 2824 1437 omnum
2872 1400 3024 1438 suam
3066 1385 3356 1450 sinistram,
3410 1387 3512 1441 tiu-

1930 1485 2112 1542 getqus
2148 1473 2396 1543 digitum.
2410 1474 2653 1528 dextrum
2691 1476 2742 1529 iu
2793 1493 2874 1541 eo,
2931 1487 2979 1530 et
3037 1488 3272 1548 aspcrget
3325 1481 3512 1549 septies

1931 1576 2116 1620 contra
2153 1565 2450 1619 Dominum.
2498 1566 2652 1632 Quod
2682 1577 2856 1622 autem
2888 1569 3145 1641 reliquum
3186 1580 3263 1624 est
3309 1571 3428 1637 olei,
3456 1573 3513 1628 in

1932 1657 2061 1712 la-sa
2094 1674 2255 1711 manu
2283 1657 2466 1727 fundet
2506 1676 2664 1730 super
2688 1670 2974 1718 extremum
3015 1661 3270 1716 auricula:
3313 1663 3514 1718 dextra

242 1765 451 1801 sumere
487 1747 537 1818 (Ι
570 1747 693 1801 Cor.
726 1747 802 1818 v).
851 1747 1228 1800 Verumtamen
1267 1754 1474 1811 septem
1523 1745 1640 1799 dies
1677 1753 1827 1798 extra
1861 1744 1906 1803 Β
1933 1747 2045 1818 ejus
2071 1750 2160 1818 qui
2184 1748 2490 1814 mandatur,
2531 1759 2581 1802 et
2613 1767 2770 1820 super
2796 1750 3006 1820 pollices
3037 1768 3223 1806 manus
3260 1769 3323 1806 ac
3367 1755 3516 1823 pedis

244 1838 651 1892 tabernaculum
705 1852 860 1890 suum
896 1845 1094 1900 uanet,
1142 1836 1318 1891 adhuc
1345 1845 1654 1890 sanctorum
1686 1851 1831 1890 com-

244 1931 502 1984 munione
525 1937 750 1999 pmpter
773 1928 1113 1983 subtiliorem
1143 1929 1468 1994 custodiam,
1497 1938 1553 1982 et
1574 1929 1830 1997 paulatim

243 2023 313 2076 ad
375 2021 596 2077 meliora
656 2028 969 2089 provectum
1041 2029 1341 2089 separatus.
1395 2020 1829 2074 Tabernaculum

243 2113 391 2168 enim
433 2111 858 2181 uniuscujusque
888 2122 1131 2166 nostrum
1187 2113 1567 2184 mysteriorum
1618 2113 1833 2182 adoptio

239 2214 345 2266 est,
383 2206 450 2257 ta!
474 2204 783 2258 eruaeulnm
822 2221 851 2256 a
880 2203 999 2273 gelu
1034 2212 1219 2273 tegens
1257 2218 1357 2258 nos
1389 2212 1448 2257 et
1474 2205 1544 2257 ab
1568 2214 1724 2268 aestu,
1752 2212 1831 2258 ta-

241 2295 596 2351 bernaculum
621 2297 675 2348 in
708 2311 814 2364 quo
844 2305 1028 2349 comat
1052 2310 1175 2348 cum
1207 2296 1333 2356 Deo,
1357 2295 1498 2349 sicut
1531 2311 1654 2349 cum
1682 2303 1834 2364 patre

241 2387 358 2447 lilii,
396 2394 492 2439 aut
517 2401 639 2440 cum
670 2401 868 2455 sponso
894 2401 1112 2456 sponsa,
1148 2387 1231 2440 vel
1261 2387 1305 2440 si
1335 2386 1538 2456 aliquid
1569 2386 1711 2440 aliud
1750 2387 1833 2442 dio

240 2477 388 2532 citur
417 2475 562 2543 quod
609 2477 779 2546 magis
815 2477 882 2530 ad
923 2476 1322 2544 proximitatem
1349 2477 1686 2546 cognationis
1709 2491 1832 2546 per-

241 2567 380 2620 tinet
405 2608 417 2618 .
452 2565 518 2618 Et
544 2565 630 2619 die
666 2567 883 2635 septima
919 2566 1070 2620 rudes
1100 2565 1318 2637 capillos
1348 2568 1556 2636 capitis,
1588 2567 1832 2620 barbam-

237 2671 341 2724 que
396 2665 440 2708 et
474 2655 777 2724 supercilia,
807 2671 869 2710 ac
899 2655 1063 2710 totiul
1114 2655 1348 2724 corporis
1395 2656 1551 2725 pilos.
1599 2655 1704 2708 Sed
1741 2655 1830 2711 hic

237 2761 351 2802 non
391 2746 563 2801 solum
594 2753 774 2815 caput,
816 2744 910 2800 sed
949 2754 1006 2800 et
1034 2745 1280 2810 barbam,
1327 2754 1383 2800 et
1428 2744 1744 2814 supercilia,
1776 2755 1832 2800 et

235 2854 462 2894 onlnem
511 2837 835 2908 simpliciter
875 2835 1042 2905 pilum
1093 2836 1184 2904 qui
1213 2836 1267 2889 in
1295 2835 1444 2890 omni
1469 2849 1698 2904 corpore
1725 2843 1828 2900 est,

234 2945 306 2985 ac
341 2944 440 2999 per
487 2929 591 2982 hoc
635 2937 690 2982 et
737 2926 1073 2982 occultarum
1115 2927 1350 2995 partium
1384 2927 1502 2981 radi
1553 2928 1828 2998 praecepit.

237 3019 459 3076 Nullam
480 3035 611 3088 ergo
633 3018 681 3072 ei
704 3017 1086 3087 cogitationem
1117 3028 1354 3073 veterem
1379 3031 1660 3073 remanere
1683 3019 1826 3072 vult:

1931 1837 2135 1900 dextri;
2165 1847 2213 1890 et
2249 1854 2410 1906 super
2433 1839 2742 1909 sanguinem
2776 1841 2867 1912 qui
2890 1841 3042 1911 {usus
3069 1851 3144 1896 est
3171 1860 3265 1913 pro
3302 1842 3514 1913 delicto,

1931 1937 1981 1982 et
2000 1944 2159 1998 super
2178 1939 2332 1999 caput
2350 1929 2500 1998 ejus;
2530 1931 2833 2003 rogabitque
2852 1948 2948 2003 pro
2975 1950 3033 1986 co
3064 1950 3240 1988 eorum
3268 1935 3513 2002 Domino,

1931 2027 1981 2070 et
2021 2017 2178 2087 faciet
2207 2019 2528 2087 sacriﬁcium
2553 2036 2647 2088 pro
2685 2032 2934 2089 peccato:
2962 2032 3082 2076 tunc
3109 2025 3400 2080 immolabit
3421 2026 3518 2080 Iso-

1932 2103 2243 2172 locaustum,
2290 2117 2338 2160 et
2375 2117 2527 2178 ponet
2561 2108 2694 2162 illud
2735 2111 2790 2163 in
2843 2111 3001 2165 altari
3047 2129 3165 2166 cum
3219 2115 3516 2172 libameutis

1931 2197 2061 2262 suis,
2076 2209 2124 2252 et
2133 2199 2287 2253 homo
2302 2201 2399 2254 rite
2413 2201 2750 2255 mandabitur
2785 2202 3204 2276 (Exllesychio.)
3221 2206 3513 2277 Postquam

1931 2289 2075 2342 enim
2102 2290 2274 2359 prima
2300 2291 2390 2346 die
2419 2307 2524 2361 qua
2553 2294 2831 2364 egreditur
2851 2297 3106 2351 sacerdos
3125 2304 3279 2352 extra
3310 2307 3511 2365 castra,

1934 2377 2201 2434 immolari
2239 2381 2308 2436 ad
2350 2384 2788 2440 emendationem
2833 2385 3026 2456 leprosi
3059 2389 3337 2458 praecepit,
3385 2405 3514 2446 ecce

1933 2483 2123 2524 rursus
2173 2487 2317 2527 nunc
2343 2483 2536 2528 octava
2569 2475 2654 2528 die
2705 2475 2809 2530 alia
2841 2491 2938 2546 pro
2979 2491 3046 2532 eo
3080 2477 3351 2533 sacriﬁcia
3397 2479 3514 2538 ﬁeri

1926 2557 2204 2627 iubentur.
2259 2561 2462 2617 Octava
2507 2564 2651 2618 enim
2699 2565 2814 2622 dies
2853 2565 3101 2620 eamdem
3138 2582 3302 2637 quam
3339 2569 3514 2638 prima

1933 2650 2041 2704 vim
2065 2652 2221 2722 gerit,
2259 2654 2384 2722 quia
2429 2669 2592 2710 omne
2617 2671 2856 2724 prmsens
2896 2664 3112 2726 tempus
3140 2657 3192 2711 in
3221 2658 3516 2714 hebdoma-

1933 2739 2092 2796 dibus
2141 2744 2448 2798 conciditur
2487 2755 2608 2815 post
2655 2762 2792 2815 quas
2840 2756 3033 2802 octava
3077 2757 3182 2812 est,
3211 2764 3422 2818 mquam
3457 2759 3516 2808 ut

1933 2829 2168 2885 diximus
2207 2833 2462 2888 virtutem
2492 2836 2680 2903 prima:
2723 2849 2936 2904 gerens,
2972 2837 3058 2891 vel
3096 2838 3318 2894 omnino
3339 2839 3513 2909 ipsam

1936 2938 2220 2978 renovsns.
2253 2925 2348 2979 Est
2373 2935 2554 2981 autem
2600 2928 2715 2983 haec
2746 2929 2798 2983 in
2830 2944 2936 2998 qua
2967 2929 3218 2986 Salvator
3244 2933 3512 3000 surrexit;

1935 3013 1988 3069 in
2014 3031 2119 3085 qua
2145 3017 2198 3069 in
2219 3025 2396 3072 castra
2421 3017 2803 3088 ingrcdiemur.
2829 3019 2957 3076 Post
2978 3023 3092 3076 dies
3112 3023 3257 3077 enim
3281 3033 3512 3095 septem,

237 3127 350 3169 non
395 3111 567 3164 solum
618 3109 738 3162 illas
763 3123 882 3177 quae
908 3117 1160 3161 ornatam
1202 3108 1408 3162 homini
1439 3116 1623 3177 utpote
1660 3108 1829 3162 ratio-
1855 3092 1900 3152 C
1931 3125 2054 3163 eum
2077 3110 2168 3179 qui
2203 3112 2491 3166 mundatus
2511 3121 2594 3166 est
2621 3112 2884 3182 lrprosus,
2916 3114 3002 3169 die
3041 3115 3292 3171 videlicet
3321 3092 3514 3174 octava

237 3202 378 3266 nali,
413 3212 466 3256 et
509 3199 679 3254 multa
708 3199 774 3254 de
803 3200 1034 3254 diversis
1059 3199 1385 3268 disceptanti
1409 3200 1674 3268 prmbent,
1706 3198 1830 3254 illas

233 3295 394 3348 enim
423 3308 519 3362 per
563 3300 747 3360 caput,
785 3302 1007 3360 propter
1036 3300 1287 3345 ornatum
1331 3299 1388 3345 et
1429 3291 1828 3345 multitudinem

236 3385 550 3454 signiﬁcat;
597 3382 691 3436 sed
727 3398 827 3436 uec
853 3383 954 3438 has
996 3396 1118 3451 quae
1148 3381 1421 3437 hominem
1456 3379 1830 3450 contemplati-

236 3488 372 3527 vum
395 3473 761 3536 constituunt,
784 3472 851 3524 de
873 3470 1195 3526 sublimibus
1215 3479 1272 3524 et
1292 3470 1652 3526 divinioribus
1669 3471 1830 3526 rebus

237 3567 572 3635 cogitantem
597 3602 612 3628 ,
645 3563 747 3617 hoc
769 3562 914 3622 enim
945 3563 1251 3631 superciliis
1269 3563 1604 3631 designatur,
1631 3577 1752 3631 qua
1772 3563 1829 3616 in

235 3657 531 3715 altioribus
569 3663 699 3708 sunt
732 3655 835 3708 sita
871 3662 927 3708 et
971 3655 1116 3708 circa
1147 3653 1690 3722 contemplativorum
1717 3669 1831 3707 ma—

236 3749 430 3802 nentia
472 3761 727 3800 sensuum
757 3760 980 3813 organa,
1005 3745 1099 3800 sed
1123 3760 1222 3800 nec
1251 3745 1369 3799 illas
1389 3759 1509 3813 qua:
1544 3742 1830 3800 discretio-

237 3839 366 3894 nale
419 3838 782 3901 continentes,
823 3852 920 3905 per
963 3837 1188 3892 barbam
1238 3844 1384 3890 recte
1411 3835 1826 3906 signiﬁcantur:

237 3931 370 4000 quia
413 3930 638 3984 barbam
669 3928 904 3983 nissime
935 3928 1076 3982 inter
1107 3927 1262 3980 virile
1289 3941 1458 3997 genus
1485 3936 1540 3980 et
1565 3926 1830 3982 muliebre

237 4023 470 4079 dividat.
495 4022 622 4076 Haec
649 4030 854 4086 autem,
888 4036 997 4076 non
1027 4023 1296 4089 quomodo
1321 4033 1510 4074 carere
1533 4035 1657 4074 eum
1685 4020 1822 4090 cogi-

238 4116 456 4171 talione
481 4114 703 4183 cupiens
727 4113 1007 4182 pmepit,
1035 4113 1130 4167 sed
1153 4125 1353 4166 novum
1382 4119 1580 4175 totum,
1600 4117 1656 4164 et
1675 4108 1831 4179 quasi

237 4210 408 4264 modo
439 4208 681 4276 genitum
727 4205 848 4260 ﬁeri
897 4205 1106 4270 volens,
1143 4211 1198 4258 et
1249 4197 1553 4271 exspoliare
1590 4210 1829 4255 veterem

236 4299 548 4362 honiinem,
583 4305 645 4350 ut
690 4297 871 4365 capiat
896 4309 1093 4349 novum
1131 4311 1146 4348 :
1176 4295 1446 4364 quomodo
1479 4293 1625 4347 enim
1655 4293 1706 4346 ei
1736 4293 1829 4362 qui

239 4390 531 4458 antiquum
560 4387 696 4441 rasit
740 4385 934 4455 pilum,
968 4385 1106 4441 alius
1135 4400 1306 4439 unvus
1334 4396 1386 4439 et
1417 4399 1608 4438 recens
1649 4384 1830 4438 nasci-

236 4489 362 4545 tur,
405 4478 485 4534 sic
519 4486 574 4532 et
627 4478 753 4532 huic
793 4477 1067 4532 veteribus
1120 4475 1327 4530 carenti
1383 4474 1822 4543 cogitationibus,

238 4570 364 4628 alia:
389 4584 542 4622 nova:
562 4567 632 4622 ad
652 4567 874 4622 meliora
900 4566 1182 4636 pullulant.
1215 4565 1421 4620 Lavare
1447 4566 1610 4620 etiam
1633 4581 1825 4622 rursus

237 4663 567 4716 vestimenta
597 4676 714 4725 sua,
746 4660 800 4714 id
847 4668 950 4723 est,
985 4659 1226 4713 actiones
1254 4659 1480 4714 mundus
1509 4657 1741 4723 ellicere,
1770 4669 1826 4714 et

239 4753 445 4806 lavahit
495 4751 692 4805 iterum
737 4765 934 4820 corpus
993 4765 1153 4820 aqua,
1205 4750 1441 4803 secundo
1475 4750 1662 4819 utique
1692 4750 1824 4806 illud

240 4845 451 4903 lavant,
502 4841 658 4894 nobis
697 4851 880 4894 autem
910 4856 1014 4894 non
1040 4849 1126 4894 est
1171 4840 1466 4896 secundum
1509 4840 1771 4908 baptisma
1805 4861 1816 4895 ε

245 4932 391 4987 Unus
449 4935 588 4987 enim
646 4933 921 4997 Dominus,
989 4950 1096 4986 una
1147 4932 1298 5000 ﬁdes,
1353 4949 1514 4986 unum
1569 4933 1825 5003 baptisma

239 5023 463 5094 rls'plws.
514 5029 610 5093 Iv).
657 5024 725 5077 Et
763 5023 1033 5092 quomodo
1091 5024 1327 5077 secundo
1372 5022 1670 5089 lavabitur,
1722 5024 1826 5079 nisi

239 5117 491 5171 absolute
534 5131 633 5185 per
666 5117 969 5186 lacrymas?
1018 5114 1129 5170 Hoc
1173 5116 1317 5169 enim
1368 5130 1473 5168 non
1503 5115 1674 5170 semel
1724 5130 1828 5172 nec

239 5207 348 5271 bis,
392 5209 489 5263 sed
551 5208 711 5262 tertio
755 5216 811 5262 et
854 5207 1166 5276 frequenter
1201 5207 1322 5264 licet
1359 5207 1566 5277 peragi,
1614 5209 1742 5277 quia
1769 5220 1826 5263 et

239 5301 411 5356 David
442 5301 658 5355 dicebat
685 5319 697 5352 :
737 5298 913 5354 Facta
929 5310 1046 5353 sunt
1079 5300 1206 5356 milii
1235 5298 1482 5370 lacrynue
1513 5316 1640 5355 ntere
1661 5319 1822 5371 panes

237 5391 327 5444 die
347 5408 408 5444 ae
436 5402 584 5445 nocte
604 5388 865 5458 Fsalau).
895 5388 1148 5460 Sequitur
1171 5403 1188 5443 :

312 5486 558 5536 Assumet
578 5493 710 5538 duos
753 5501 914 5555 agnos
943 5483 1329 5550 unumculatos,
1356 5492 1403 5538 et
1435 5501 1576 5538 orem
1605 5486 1825 5539 annicu-

237 5575 345 5629 lam
373 5578 569 5647 absque
595 5576 824 5642 macula,
856 5585 903 5629 et
934 5585 1036 5630 tres
1063 5576 1291 5630 decimas
1316 5575 1504 5630 simila:
1530 5576 1584 5629 in
1613 5577 1824 5644 sacri/i-

237 5671 344 5737 cio,
363 5687 482 5743 qua'
509 5687 786 5736 conspersa
815 5669 880 5721 sit
911 5668 1040 5722 oleo.
1068 5678 1114 5720 et
1137 5669 1352 5722 seorsim
1379 5667 1478 5722 olei
1499 5668 1820 5740 sextarium;

647 5765 918 5825 Parnm.
969 5762 1050 5819 Ci
1077 5761 1186 5823 ιιι.

1854 4435 1906 4495 D

1931 3201 1984 3254 in
2007 3201 2203 3256 castris
2226 3202 2433 3273 ingredi
2457 3205 2714 3276 praecepit
2731 3218 2744 3268 ;
2761 3206 2852 3258 sed
2869 3214 3050 3261 castra
3071 3205 3288 3275 qualia?
3315 3207 3512 3279 Utique

1930 3291 2020 3346 illa
2047 3308 2168 3362 qua:
2196 3292 2364 3348 Jacob
2389 3295 2703 3363 patriarcha
2737 3296 2891 3363 vicit,
2922 3300 3139 3368 quan-lo
3166 3299 3372 3373 angelis
3405 3303 3510 3360 sibi

1927 3383 2338 3439 occurrentibus
2384 3385 2559 3439 locmn
2602 3397 2776 3440 castra
2811 3387 2904 3442 Dei
2935 3388 3246 3458 appellavit.
3282 3389 3366 3444 Ad
3393 3390 3512 3448 hmo

1929 3475 2219 3529 mundatus
2249 3479 2495 3544 leprosos
2525 3486 2710 3546 utpote
2735 3477 2788 3532 ol
2815 3494 2866 3532 m
2905 3476 3238 3545 justiticatus
3271 3489 3515 3551 tempore

1929 3565 2345 3620 resurrectionis
2398 3567 2566 3632 venit,
2617 3567 2671 3621 in
2744 3568 2900 3638 cuiius
2954 3568 3200 3640 ligurum,
3263 3581 3514 3630 octavam

1928 3653 2096 3718 diem,
2134 3654 2275 3708 sicut
2303 3653 2560 3718 diximus,
2613 3654 2890 3724 legislator
2919 3658 3146 3726 accepit.
3177 3658 3308 3724 Quae
3332 3669 3514 3719 autem

1929 3743 1984 3798 in
2009 3744 2198 3798 eadem
2241 3752 2434 3798 octava
2483 3743 2571 3799 die
2609 3746 2694 3815 agi
2721 3756 2988 3816 praecepta
3035 3759 3184 3815 sunt,
3222 3751 3514 3822 imaginem

1929 3831 2045 3902 ejus
2067 3833 2161 3903 qui
2187 3834 2482 3889 secundum
2511 3850 2610 3890 nos
2653 3845 2736 3892 est
2777 3837 3023 3908 mysterii
3062 3848 3277 3908 gerunt.
3306 3839 3516 3898 Prisce-

1927 3927 2008 3996 pit
2031 3927 2296 3996 siquidem
2325 3930 2460 3984 duos
2491 3945 2662 4000 agnos
2707 3930 3082 3988 immaculatos
3110 3935 3396 3994 anniculos
3421 3953 3512 3993 su-

1932 4017 2026 4082 mi,
2073 4026 2130 4072 et
2171 4032 2326 4072 ovem
2355 4019 2660 4074 anniculam
2687 4021 3090 4078 immaculatum
3123 4041 3284 4082 unam
3324 4046 3337 4083 ε
3379 4044 3513 4098 quo-

1931 4121 2050 4161 rum
2079 4107 2294 4175 quidem
2343 4123 2508 4162 unum
2537 4125 2634 4178 pro
2655 4121 2901 4184 peccato,
2929 4113 3094 4168 alium
3117 4124 3298 4170 autem
3324 4117 3377 4172 in
3404 4118 3506 4172 ho-

1931 4197 2229 4252 locaustum
2259 4201 2516 4268 pnccepit
2541 4201 2830 4266 immolari,
2876 4204 3057 4258 omnis
3089 4212 3268 4258 autem
3308 4207 3422 4262 haec
3451 4208 3512 4260 li-

1930 4300 2118 4356 guram
2141 4296 2335 4356 gerunt
2357 4289 2607 4343 sacriﬁcii
2641 4290 2957 4346 Salvatoris.
2983 4291 3102 4362 Ipse
3123 4295 3264 4348 enim
3292 4304 3513 4365 propter

1932 4387 2152 4448 peccata
2202 4388 2410 4444 nostra,
2438 4388 2493 4434 et
2519 4381 2714 4436 delicta
2743 4382 2796 4437 in
2840 4383 3096 4450 hostiam,
3136 4386 3328 4458 ipsein
3361 4390 3513 4448 holo-

1933 4479 2180 4524 caustnm
2221 4469 2338 4524 fuit.
2375 4471 2452 4524 Ex
2489 4480 2720 4544 utroque
2771 4483 2952 4529 autem
2993 4491 3191 4546 genere
3220 4489 3512 4552 propterea

1933 4561 2258 4615 sacriﬁcium
2313 4560 2494 4616 oli'crri
2543 4571 2820 4632 przeceptt,
2879 4572 2938 4618 ut
2991 4567 3306 4623 ostenderet
3382 4573 3510 4641 quia

1931 4653 2181 4708 Christus
2215 4669 2314 4722 pro
2357 4654 2513 4708 nobis
2561 4655 2792 4722 occisus,
2823 4657 2982 4710 simul
3023 4659 3320 4715 masculum
3357 4661 3507 4719 femi-

1931 4762 2165 4816 namque
2195 4747 2423 4801 szzlvavit
2457 4765 2469 4800 :
2503 4762 2608 4801 non
2658 4747 2860 4802 frustra
2888 4758 3069 4804 autem
3112 4753 3422 4808 anniculum
3452 4755 3508 4813 in

1931 4848 2164 4908 utroque
2191 4839 2469 4909 przecepit,
2494 4839 2587 4893 scd
2614 4839 2913 4909 perfectum
2940 4855 3038 4911 per
3058 4843 3159 4898 hoc
3181 4845 3508 4908 sacrificium

1930 4933 2179 5002 ﬁguravit
2226 4951 2238 4985 :
2294 4931 2533 5001 perfecta
2581 4933 2725 4987 enim
2766 4933 2819 4987 in
2866 4934 3138 5007 przcdictis
3184 4937 3510 4995 animalibus

1930 5036 2055 5078 sunt
2100 5023 2350 5078 annicula
2376 5024 2646 5086 animalia,
2685 5025 2757 5078 ita
2793 5034 2851 5079 ut
2895 5027 2962 5081 ad
3001 5027 3140 5082 tllios
3168 5031 3508 5102 generandos

1927 5117 2039 5171 sint
2066 5117 2277 5180 idonea,
2311 5117 2404 5172 sed
2442 5118 2565 5185 quia
2593 5133 2716 5172 eum
2758 5119 2849 5191 qui
2883 5121 3195 5185 mandatur,
3229 5138 3392 5194 super
3413 5137 3504 5177 ss-

1927 5205 2191 5259 crilicium
2239 5205 2534 5274 Unigeuiti,
2579 5206 2741 5260 etiam
2800 5206 2959 5262 tidem
3013 5209 3180 5265 totius
3226 5208 3507 5266 Trinitatis

1929 5297 2130 5368 signari
2160 5305 2392 5367 oportet,
2437 5306 2552 5352 tres
2588 5298 2826 5354 decimas
2856 5300 3067 5364 similae,
3106 5301 3158 5356 id
3188 5311 3292 5364 est,
3328 5300 3503 5355 Trini.

1930 5399 2092 5444 tatem
2116 5387 2312 5452 Patris,
2341 5397 2394 5441 et
2410 5386 2551 5452 Filii,
2579 5395 2634 5444 et
2654 5388 2888 5457 Spiritus
2909 5391 3103 5456 sancti,
3138 5389 3422 5444 habentem
3446 5388 3502 5447 iu

1927 5495 2248 5550 unaquaque
2283 5495 2514 5549 persona
2543 5479 2928 5550 perfectionem
2963 5499 2976 5534 :
3008 5479 3280 5550 perfectus
3303 5479 3504 5550 quippe

1925 5583 2010 5628 est
2055 5573 2310 5630 denarius
2355 5589 2634 5639 numerus,
2682 5585 2906 5644 propter
2947 5573 3089 5644 quod
3137 5579 3192 5624 et
3246 5571 3508 5628 Dominus

1925 5666 2141 5726 diccbat
2176 5685 2188 5722 :
2225 5666 2404 5722 Simile
2439 5677 2514 5723 cst
2555 5683 2767 5738 regnum
2827 5667 3081 5737 Δδίεισι-ωτι
3131 5662 3336 5719 mulieri
3385 5682 3505 5740 qua

2997 5757 3067 5816 13
