3956 6176
468 220 579 278 ωδ

1109 217 1170 272 Β.
1213 216 1469 272 ΒᾹΒΑΜ
1509 214 1727 270 MAURI
1762 212 2059 270 ARCHIEP

2161 208 2432 271 [OGUN'L
2474 210 2760 271 OI‘ERUH
2795 211 2971 269 PARS
3003 211 3045 268 Ι.

3623 213 3724 270 396

475 332 736 405 accipiens
781 330 1089 399 fermentum
1132 327 1400 381 abscondit
1439 328 1493 380 in
1525 326 1719 397 farinae
1755 334 1875 379 sata
1918 325 2043 387 tria,
2076 328 2121 387 Α
2147 324 2388 395 aspergit
2428 323 2628 392 septies
2677 331 2866 377 contra
2909 321 3217 387 Dominum,
3258 321 3538 393 praesumit
3579 325 3728 380 cnim

477 437 641 493 usque
687 420 815 475 dum
868 418 1363 488 perfermrntaretur
1417 426 1581 470 totum
1656 414 1851 486 (Hatlt.
1901 413 2042 485 ιιιι).

479 514 631 570 Sunii
682 521 863 568 autem
905 512 1021 566 haec
1046 525 1337 580 conspersa
1379 509 1499 564 oleo
1535 510 1588 564 in
1614 508 1939 565 sacriﬁcium
1967 508 2051 578 ju-

477 606 588 669 bet,
635 604 957 660 sacriﬁcium
987 610 1164 656 autem
1197 602 1327 656 dicit
1358 601 1654 671 llnigeniti,
1679 600 1820 669 quod
1846 600 1896 653 in
1931 600 2048 652 oleo

476 710 828 766 conspersum
874 701 976 761 est,
1025 691 1149 761 quia
1195 691 1266 745 ob
1329 691 1760 761 compassionem
1805 697 2046 743 nostram

479 797 686 857 gestum
721 795 824 841 est.
869 785 974 842 Sed
999 786 1271 857 quomodo
1300 785 1532 841 dicimus
1556 784 1609 837 in
1637 798 1703 838 eo
1727 792 1838 836 tres
1863 780 2044 836 oll‘erri

480 878 670 935 similae
695 878 964 933 decimas?
993 876 1101 932 Aut
1148 877 1277 948 quia
1324 875 1425 931 etsi
1467 872 1741 943 Unigeniti
1770 872 2045 942 passione,

481 977 660 1024 tamen
702 968 865 1022 totius
894 966 1193 1031 Trinitatis,
1240 966 1342 1021 hoc
1375 964 1517 1034 quod
1548 979 1615 1018 ex
1654 962 1748 1017 illo
1775 961 2048 1017 sacriﬁcio

478 1066 657 1112 actum
686 1064 769 1112 est
796 1057 1107 1127 mysterium
1138 1055 1257 1111 fuit.
1314 1054 1373 1109 In
1422 1053 1639 1108 nomine
1667 1047 1810 1107 etaim
1845 1051 2046 1115 Patris,

480 1158 645 1221 atque
665 1150 832 1220 ipsius
852 1149 1115 1219 uuigeniti
1142 1148 1286 1214 Filii,
1315 1156 1373 1203 et
1391 1147 1564 1202 sancti
1596 1146 1855 1215 Spiritus,
1885 1144 2047 1198 etiam

476 1241 745 1312 baptisma
790 1240 987 1310 agitur,
1037 1239 1090 1293 in
1137 1253 1244 1308 quo
1292 1239 1345 1291 in
1376 1246 1549 1292 morte
1576 1236 1776 1291 Christi
1807 1233 2052 1303 baptiza-

478 1348 620 1399 mur,
647 1340 703 1386 et
721 1340 889 1386 totum
922 1332 1094 1400 ipsum
1123 1330 1439 1401 mysterium
1469 1329 1522 1382 in
1560 1341 1625 1381 eo
1653 1325 2043 1381 sanctiﬁcatur.

478 1424 742 1493 Praecepit
765 1432 941 1478 autem
969 1433 1022 1477 et
1043 1422 1336 1477 sextarium
1357 1420 1460 1475 olei
1490 1420 1651 1484 sumi,
1681 1418 1807 1488 quia
1833 1416 1939 1472 ﬁde
1964 1417 2049 1471 in-

481 1515 740 1586 telligitur
781 1522 838 1569 et
879 1514 1057 1585 agitur
1107 1512 1528 1580 unumquodque
1553 1524 1743 1564 eorum
1768 1523 1888 1577 quae
1914 1521 2050 1576 prm-

480 1606 626 1662 dicta
672 1612 821 1670 sunt,
868 1619 989 1674 quas
1018 1600 1167 1671 juste
1218 1601 1491 1657 sextarius
1528 1598 1859 1662 nominatur,
1918 1597 2047 1667 quia

2152 415 2274 469 talis
2297 414 2551 468 sacerdos
2575 413 2716 481 apud
2743 412 2937 477 Deum,
2972 413 3191 480 quando
3221 412 3485 468 mundare
3510 426 3608 467 eos
3634 415 3728 483 qui

2149 502 2527 557 necessitatem
2558 501 2857 570 patiuntur,
2898 499 3247 555 etdimittere
3270 501 3351 556 eis
3378 511 3602 569 peccata
3633 517 3731 572 po-

2150 593 2333 655 tuerit,
2360 599 2582 661 propter
2611 590 2752 658 quod
2794 590 2996 659 septies
3017 589 3275 660 aspergit,
3306 591 3434 658 quia
3465 607 3731 648 numerus

2150 681 2251 735 iste
2276 680 2607 735 remissionis
2635 689 2976 748 peccatorum
3016 694 3139 735 esse
3166 680 3570 736 demonstratus
3615 694 3724 737 est.

2149 772 2259 829 Sed
2285 781 2568 842 postquam
2595 770 2733 826 fudit
2757 787 2922 840 super
2964 780 3211 826 extrema
3238 773 3553 827 dextrarum
3581 773 3722 828 auri-

2150 864 2419 927 cularum,
2463 872 2521 918 et
2559 878 2722 932 super
2769 863 2987 932 pollices
3029 878 3221 918 manus
3250 878 3313 918 ac
3339 862 3492 932 pedis
3523 863 3730 931 dextri,

2149 953 2446 1008 secundum
2471 953 2616 1021 quod
2642 968 2803 1021 supra
2844 953 3099 1017 diximus,
3128 952 3401 1021 reliquum
3413 953 3520 1009 olei
3546 954 3607 1009 iu
3638 970 3731 1010 ca-

2151 1044 2261 1114 pite
2285 1041 2459 1097 fundit
2482 1042 2599 1111 ejus
2638 1043 2731 1111 qui
2760 1051 2984 1097 vocatus
3008 1051 3091 1097 est
3128 1051 3188 1111 ut
3216 1044 3591 1099 mandaretur.
3626 1043 3733 1098 Per

2149 1142 2310 1205 caput
2383 1133 2870 1189 sanctiﬁcationem
2936 1134 3083 1188 omni
3152 1144 3417 1203 prmstans
3484 1136 3734 1204 corpori,

2151 1226 2522 1294 Christumque
2576 1223 2795 1279 Domini
2839 1238 2959 1278 eum
3004 1226 3096 1294 qui
3155 1227 3445 1280 mundatus
3499 1236 3587 1281 est
3632 1242 3736 1296 per

2151 1319 2294 1374 hanc
2333 1320 2643 1373 unctionem
2661 1316 2918 1372 eﬁiciens.
2953 1317 3125 1381 Tunc,
3159 1319 3354 1388 inquit,
3387 1336 3483 1389 pro
3503 1330 3734 1388 peccato

2150 1408 2479 1465 sacriﬁcium
2528 1407 2773 1474 oﬁ‘ertur,
2832 1408 3061 1478 qualiter
3109 1419 3289 1465 autem
3341 1410 3444 1465 hoc
3470 1410 3587 1475 ﬁat,
3622 1428 3736 1466 non

2150 1503 2302 1566 dicit,
2327 1517 2394 1556 ex
2422 1502 2507 1556 his
2551 1502 2694 1558 enim
2736 1516 2857 1571 quae
2883 1501 2950 1557 de
3001 1502 3215 1557 delictis
3253 1503 3401 1559 dicta
3430 1512 3579 1569 sunt,
3609 1521 3740 1575 pos-

2152 1602 2279 1649 sunt
2304 1593 2466 1648 etiam
2498 1608 2564 1647 ea
2597 1608 2716 1661 qua:
2754 1607 2852 1662 pro
2898 1600 3125 1662 peccato
3149 1602 3275 1647 sunt
3304 1593 3522 1663 conjici,
3550 1596 3738 1651 vicina

479 1697 926 1769 quemdmodum
956 1695 1224 1750 senarius
1273 1708 1526 1748 mensura
1555 1699 1661 1756 est,
1689 1689 1774 1745 vel
1804 1690 1851 1744 si
1893 1696 2048 1760 eoty-
2079 1676 2127 1735 B
2153 1682 2297 1737 enim
2326 1690 2452 1736 sunt
2492 1690 2548 1737 et
2573 1683 2900 1747 communia,
2936 1691 3120 1752 utpote
3147 1684 3201 1737 in
3236 1687 3509 1739 communi
3554 1697 3739 1742 mate-

480 1797 611 1852 tam,
645 1786 935 1843 secundum
963 1784 1312 1855 Septuaginta
1340 1783 1602 1847 dicamus,
1639 1781 1781 1835 idem
1829 1791 1854 1819 α
1900 1792 2053 1832 men-

477 1891 609 1932 sura
664 1873 1083 1945 uniuscujusque
1121 1872 1298 1927 minus
1325 1880 1382 1925 et
1420 1869 1543 1940 plus
1582 1884 1688 1923 non
1740 1867 1908 1938 capit.
1953 1863 2051 1921 Se-

480 1967 703 2036 quitur:
730 1964 883 2032 Quod
918 1965 1057 2019 enim
1082 1963 1200 2035 plus
1231 1972 1305 2017 est
1332 1961 1641 2032 effunditur.
1667 1959 1839 2014 Minus
1870 1969 2050 2013 autem

483 2065 771 2128 propterea
806 2071 912 2110 non
940 2055 1189 2126 suscipit,
1216 2053 1343 2123 quia
1373 2054 1475 2107 hoc
1500 2050 1642 2122 quod
1672 2050 1933 2105 minuitur
1963 2063 2054 2103 ne-

482 2161 756 2217 quaquam
776 2146 892 2217 jam
928 2144 1196 2201 sextarius
1224 2143 1308 2199 vel
1335 2143 1512 2214 cotyla
1540 2142 1738 2212 poterit
1775 2138 2049 2210 appellari,

483 2239 565 2295 sic
601 2247 659 2295 et
683 2237 818 2297 ﬁdes
844 2236 912 2291 ad
944 2230 1256 2291 mansionis
1286 2242 1488 2289 nostrae
1516 2246 1827 2287 mensuram
1871 2230 2051 2293 datur,

2152 1773 2254 1827 ria.
2308 1771 2437 1828 Post
2467 1773 2569 1828 hoc
2622 1772 2863 1828 immolat
2892 1774 3296 1840 holocaustum,
3327 1784 3385 1830 et
3408 1777 3563 1846 ponit
3599 1778 3741 1835 illud

2151 1866 2207 1922 in
2253 1866 2408 1922 altari
2437 1882 2452 1931 ;
2492 1881 2623 1936 ergo
2650 1866 2802 1936 prius
2828 1881 2927 1922 nos
2971 1866 3172 1923 Christi
3216 1868 3547 1924 sacriﬁcium
3576 1885 3611 1924 a
3642 1873 3741 1926 da-

2150 1957 2295 2013 lictis
2320 1967 2376 2011 et
2424 1956 2663 2026 peccatis
2710 1957 2956 2023 mundat,
2982 1966 3041 2012 et
3066 1968 3197 2014 tunc
3234 1970 3483 2014 nostrum
3508 1959 3746 2016 conﬁci-

2152 2060 2243 2106 tur
2283 2049 2676 2105 holocaustum.
2731 2049 2960 2117 Quando
2995 2051 3140 2107 enim
3168 2051 3496 2123 iutelligibili
3530 2068 3745 2107 eruun-

2150 2141 2368 2196 datione
2415 2140 2663 2210 spiritus,
2708 2148 2881 2195 totum
2909 2150 3157 2196 nostrum
3180 2157 3377 2213 corpus
3408 2152 3465 2198 et
3494 2145 3743 2200 animam

2150 2230 2577 2294 sanctiﬁcantes,
2628 2230 2900 2300 spiritales
2945 2230 3071 2287 facti
3102 2230 3385 2297 fuerimus,
3422 2242 3554 2289 tunc
3585 2234 3744 2305 digni

484 2344 605 2397 qua:
640 2344 753 2385 non
777 2327 917 2396 cepit
941 2326 1170 2396 amplius
1209 2333 1304 2380 aut
1341 2325 1522 2379 minus
1554 2336 1719 2392 quam
1764 2320 2055 2388 unicuique
2150 2321 2221 2377 ad
2247 2321 2622 2376 ascensionem
2651 2320 2840 2376 altaris
2867 2319 3154 2388 efﬁcimur,
3186 2330 3313 2377 time
3357 2323 3743 2393 plenissimam

490 2436 519 2472 a
547 2419 659 2475 Deo
690 2425 775 2475 est
797 2417 1078 2487 dispertita
1109 2414 1365 2486 cognitio.
1397 2412 1549 2481 Quod
1590 2426 1720 2483 ergo
1745 2411 1925 2465 minus
1949 2416 2053 2474 est,

491 2518 587 2565 aut
640 2507 891 2578 amplius.
945 2506 1014 2561 ad
1063 2505 1437 2560 inﬁdelitatem
1493 2504 1686 2560 tendit.
1763 2501 1859 2555 His
1926 2514 2055 2570 ergo

491 2601 747 2673 acceptis,
770 2600 845 2656 ad
860 2599 1057 2653 ostium
1086 2594 1419 2653 tabernaculi
1446 2592 1758 2658 testimonii,
1772 2590 1838 2645 ad
1856 2591 2057 2660 ingrcs-

488 2701 604 2746 tum
631 2687 879 2745 videlicet
900 2685 1139 2743 scientiae
1168 2685 1265 2740 Dei
1288 2684 1383 2754 qui
1413 2682 1701 2738 mundatus
1728 2690 1811 2735 est
1833 2678 2055 2734 adduci-

486 2793 577 2838 tur
619 2798 634 2835 :
682 2778 942 2837 Sacerdos
981 2787 1153 2833 autem
1177 2780 1388 2831 sumens
1422 2788 1617 2845 agnum
1640 2786 1801 2825 unum
1828 2786 1921 2839 pro
1967 2768 2058 2823 de—

484 2872 608 2926 licto
632 2868 889 2924 immolat.
915 2865 1080 2936 Atqui
1125 2865 1174 2920 si
1222 2864 1289 2920 de
1327 2860 1594 2933 corporali
1624 2859 1875 2930 passione
1912 2865 2058 2913 esset

2152 2412 2453 2483 accipimus
2492 2412 2931 2479 mundationem,
2970 2422 3256 2485 postquam
3292 2415 3407 2486 jam
3452 2416 3617 2472 aliam
3646 2434 3750 2473 ue-

2152 2506 2449 2563 cessariam
2472 2521 2582 2561 non
2613 2508 2896 2563 habemus.

2761 2597 2990 2655 CAPUT
3033 2596 3146 2653 ΥΠ.
3276 2592 3317 2620 ⁷⁸

2157 2686 2299 2754 Quid
2336 2688 2523 2758 oﬁ'erre
2566 2687 2748 2742 debeat
2799 2704 2999 2758 pauper
3046 2704 3142 2760 pro
3186 2690 3564 2746 emundatione
3614 2709 3745 2748 sua.

2227 2776 2406 2850 (Ιιω.)
2435 2777 2589 2843 Quod
2608 2779 2655 2832 si
2677 2793 2877 2849 pauper
2900 2788 3000 2843 est,
3027 2788 3077 2834 et
3101 2794 3205 2833 non
3230 2789 3395 2851 potest
3410 2798 3599 2835 manus
3619 2783 3677 2854 ej
3686 2801 3750 2838 us

2155 2870 2384 2925 invenire
2401 2887 2518 2942 quae
2542 2871 2684 2924 dicta
2719 2877 2865 2934 sunt,
2907 2879 3072 2924 suum
3098 2887 3293 2940 agnum
3320 2888 3414 2942 pro
3433 2873 3629 2928 delicto
3675 2876 3750 2928 ad

488 2964 607 3018 haec
653 2960 883 3024 sanctio,
939 2957 1080 3015 sicut
1119 2952 1441 3026 quibusdam
1493 2951 1725 3016 videtur,
1777 2948 1905 3019 quid
1942 2956 2060 3002 erat
2096 3027 2128 3033 _
2160 2959 2499 3024 attagenam,
2544 2971 2599 3014 ut
2628 2970 2770 3031 roga
2820 2976 2915 3030 pro
2951 2975 3011 3013 eo
3056 2962 3323 3024 sacerdos,
3378 2964 3752 3033 decimamque

487 3066 713 3109 necesse
760 3064 956 3122 ικιιυιη
1012 3062 1110 3118 ι)νο
1160 3054 1381 3116 Decem"
1426 3041 1731 3099 ίηιηιοιπίῗ
1777 3039 1882 3094 δθά
1931 3038 2057 3108 quia
2084 3027 2129 3088 C
2159 3058 2360 3118 partem
2390 3051 2584 3104 simin
2620 3027 2919 3122 conspersa:
2953 3053 3066 3107 oleo
3098 3053 3155 3106 in
3177 3053 3524 3122 sacriﬁcium,
3565 3027 3740 3106 elo—lci

489 3144 776 3199 adumbrat
804 3120 1023 3210 propter
1049 3136 1417 3191 inﬁrmitatem
1444 3132 1751 3188 Iudaeorum
1777 3120 2057 3201 mySteria,

490 3243 653 3301 atque
678 3229 976 3300 spiritalem
999 3225 1327 3282 intellectum
1358 3223 1643 3278 abscondit
1664 3222 1718 3277 in
1743 3220 1944 3285 littera,
1976 3219 2057 3275 sic

489 3325 656 3383 etiam
685 3322 778 3376 dat
805 3318 1066 3391 quasdam
1095 3315 1408 3373 occasiones
1439 3312 1932 3383 contemplationis,
1962 3326 2061 3380 per

491 3418 729 3473 litteram
754 3422 811 3471 et
850 3414 1015 3469 verba
1042 3427 1162 3482 qua:
1185 3412 1488 3482 signiﬁcent
1544 3408 1876 3467 intellectum
1904 3406 2063 3477 spiri-

494 3517 599 3563 tus.
637 3505 789 3563 Unde
836 3511 895 3560 et
922 3518 1071 3561 nunc
1107 3515 1229 3557 cum
1266 3514 1466 3571 agnum
1509 3513 1677 3554 unum
1712 3510 1815 3567 pro
1837 3502 2062 3565 peccato

492 3596 838 3669 praecepisset
879 3591 1169 3657 immolari,
1221 3590 1434 3661 qualem
1461 3603 1569 3645 non
1596 3588 1744 3652 dicit,
1777 3586 1907 3657 quia
1947 3585 2062 3655 ipse

491 3698 573 3747 est
598 3685 995 3761 proculdubio,
1046 3697 1207 3754 quem
1234 3698 1334 3753 pro
1370 3681 1568 3736 delicto
1611 3678 1755 3735 illius
1794 3675 2063 3735 immolari

486 3779 671 3849 jussit,
705 3777 860 3847 cujus
903 3789 1063 3831 aures
1110 3790 1142 3829 a
1187 3773 1333 3843 lepra
1388 3771 1782 3829 detinebantur.
1834 3768 2065 3837 Propter

492 3869 623 3939 quid
649 3881 778 3938 ergo
806 3866 888 3920 sic
909 3862 1074 3921 facit?
1099 3862 1203 3917 nisi
1232 3859 1369 3917 forte
1400 3867 1459 3913 ut
1482 3859 1725 3914 auditum
1760 3856 1986 3919 muniat,
2009 3863 2064 3909 et

494 3967 715 4015 cautum
739 3956 951 4020 reddat,
978 3954 1102 4023 quia
1126 3952 1240 4022 ipse
1277 3967 1309 4007 a
1334 3953 1568 4007 dracone
1594 3949 1848 4009 seductus
1874 3962 2067 4018 pecca-

498 4058 612 4107 tum
643 4047 942 4111 introduxit
965 4064 978 4100 :
1005 4060 1102 4115 per
1138 4059 1356 4101 manum
1383 4050 1565 4099 autem
1596 4041 1836 4097 actiones
1858 4039 2066 4111 signiﬁ-

492 4148 602 4208 cat,
626 4154 725 4211 pcr
766 4137 959 4208 pedem
1005 4149 1132 4191 vero
1175 4148 1364 4191 omnes
1388 4139 1601 4189 nostros
1636 4139 1814 4186 motus
1852 4139 1910 4186 et
1951 4131 2066 4185 vias

495 4228 951 4301 comprehendere
976 4234 1030 4280 et
1053 4224 1348 4295 praevenire
1393 4222 1583 4289 voluit,
1607 4222 1694 4279 his
1716 4220 1862 4278 enim
1883 4230 2066 4277 casto.

496 4324 642 4389 ditis,
670 4335 770 4392 per
800 4318 1119 4391 sanguinem
1141 4314 1493 4389 intelligibilis
1507 4313 1653 4385 agni,
1674 4321 1731 4369 et
1757 4313 1921 4369 fidem
1944 4327 2065 4381 quae

498 4414 554 4469 in
581 4426 703 4467 eum
731 4417 836 4473 est,
879 4423 998 4478 qua:
1046 4406 1202 4462 nobis
1230 4421 1327 4475 per
1374 4404 1806 4461 misericordiam
1829 4411 1887 4458 et
1913 4417 2067 4459 com-

496 4501 800 4572 passionem
826 4498 942 4567 ejus
968 4497 1163 4552 donata
1188 4504 1291 4560 est,
1313 4493 1669 4565 intelligibilis
1691 4492 1837 4561 lepra
1867 4506 2069 4560 nequa-

499 4604 663 4661 quam
710 4588 912 4661 poterit
948 4586 1220 4641 hominem
1274 4592 1584 4653 penetrare,
1657 4594 1968 4651 quanquam
2015 4587 2069 4633 et

501 4680 676 4734 oleum
703 4676 924 4735 sextarii
943 4690 1038 4732 seu
1065 4674 1257 4745 cotylae
1281 4688 1442 4742 quam
1480 4687 1602 4729 esse
1622 4673 1783 4729 ﬁdem
1811 4674 2067 4740 diximus,

500 4772 557 4827 in
576 4785 739 4825 manu
759 4769 974 4825 mittere
1000 4766 1335 4823 sacerdotem
1354 4764 1488 4829 vult,
1513 4775 1572 4820 ut
1593 4765 1889 4823 sacerdotis
1913 4766 2069 4831 ﬁdes,

501 4875 597 4933 per
615 4876 776 4931 quam
797 4868 854 4917 et
881 4875 980 4915 nos
998 4857 1351 4930 producimur
1378 4856 1430 4909 in
1453 4857 1706 4926 operibus
1733 4857 2066 4919 ostendatur,

504 4967 603 5009 nec
655 4950 797 5007 enim
845 4949 1001 5005 aliter
1037 4947 1148 5002 vim
1175 4960 1331 5000 suam
1377 4946 1571 5011 exerit,
1613 4945 1717 5000 nisi
1767 4961 1928 5000 manu
1979 4962 2070 5002 as-.

501 5048 714 5112 sumpta
743 5040 928 5106 fuerit,
958 5037 1011 5094 id
1039 5044 1122 5094 est
1157 5037 1370 5094 actione
1394 5036 1734 5101 conﬁrmata,
1765 5045 1821 5093 et
1862 5037 2071 5109 signata

504 5134 775 5207 operibus.
820 5131 982 5187 Mittit
1012 5139 1193 5186 autem
1232 5128 1409 5183 oleum
1440 5129 1494 5184 in
1538 5129 1756 5185 sinislra
1787 5145 1970 5196 manu,
2019 5138 2075 5184 et

505 5226 723 5301 intingit
754 5224 980 5297 digitum
1022 5222 1271 5278 dextrum
1300 5220 1356 5276 in
1380 5219 1520 5286 oleo,
1559 5220 1702 5277 sicut
1728 5219 1927 5276 Paulus
1953 5221 2033 5276 ait
2059 5239 2069 5274 :

510 5318 612 5375 Per
637 5333 790 5374 arma
810 5313 1032 5389 justitia:
1075 5330 1108 5367 a
1133 5311 1331 5367 dextris
1374 5322 1421 5367 et
1450 5312 1678 5371 sinistris
1705 5312 2102 5379 conversatus,’

504 5428 596 5485 per
617 5409 840 5483 gloriam
862 5415 911 5461 et
932 5403 1441 5477 ignobilitatem,per
1476 5403 1752 5473 infamiam
1791 5413 1841 5460 et
1886 5405 2074 5463 bonam

506 5504 705 5574 faniam
747 5498 830 5573 (11
863 5495 987 5554 Cor.
1019 5494 1116 5571 γι),
1150 5503 1206 5552 et
1241 5510 1363 5567 qua:
1404 5496 1490 5552 his
1516 5496 1709 5552 similia
1745 5505 1890 5553 sunt.
1924 5496 2073 5552 Tunc

580 5630 607 5657 ι
639 5617 737 5671 Ιιι.⁴
756 5626 817 5677 δι.
856 5614 911 5669 in
942 5613 1208 5684 impresso
1226 5611 1565 5681 erat,rsdem.

2092 4372 2143 4431 D

2159 3140 2472 3205 sextarium,
2491 3140 2723 3211 duosque
2738 3151 2967 3197 turtures
2988 3144 3094 3196 sive
3110 3143 3243 3197 duos
3263 3141 3434 3213 pullos
3453 3142 3718 3202 columba-
3732 3157 3753 3197 :

2160 3244 2383 3300 quarunt
2408 3230 2476 3283 sit
2501 3246 2637 3284 ututs
2661 3247 2755 3300 pro
2774 3242 3010 3302 peccato,
3032 3242 3084 3286 et
3115 3232 3251 3286 alter
3268 3233 3323 3286 in
3348 3230 3753 3288 holocaustum.

2164 3319 2461 3392 Oﬁ‘rretque
2486 3339 2549 3376 ea
2584 3323 2670 3377 die
2708 3333 2891 3378 octavo
2929 3324 3316 3395 puriﬁcationis
3342 3340 3454 3379 suta
3478 3325 3754 3382 sacerdoti

2158 3412 2230 3466 ad
2255 3414 2445 3467 ostium
2485 3414 2811 3470 tabernaculi
2835 3417 3127 3471 testimoniis
3152 3433 3329 3471 rorant
3356 3416 3624 3482 Domino,-
3658 3420 3755 3489 qui

2159 3506 2447 3575 suscipiens
2468 3523 2665 3577 agnum
2685 3524 2781 3577 pro
2798 3507 2997 3562 ‘delicto
3020 3517 3068 3562 et
3089 3509 3377 3562 sextarium
3397 3508 3519 3573 olei,
3551 3510 3757 3565 levabit

2159 3594 2341 3659 simil,
2383 3595 2753 3667 immutatoque
2800 3613 2958 3667 agno,
3004 3598 3073 3651 de
3113 3599 3370 3668 sanguine
3422 3598 3539 3667 ejus
3589 3608 3756 3668 ponet

2162 3701 2319 3755 super
2354 3695 2642 3739 extremum
2689 3686 2945 3740 auricula
2973 3687 3172 3741 dea-tne
3192 3687 3445 3757 cjtts,qtti
3489 3690 3761 3744 emunda—

2164 3784 2271 3841 tur,
2297 3786 2347 3829 et
2365 3792 2523 3845 super
2542 3776 2755 3846 pollices
2783 3793 2972 3832 mam
3010 3757 3129 3845 eius
3156 3794 3218 3832 ac
3244 3778 3390 3847 podis
3415 3777 3615 3843 dextri,
3649 3779 3759 3834 olei

2164 3880 2284 3919 vero
2336 3875 2539 3935 portent
2574 3866 2736 3921 mittet
2771 3867 2827 3920 iu
2879 3883 3095 3921 manant
3142 3883 3293 3921 sunt
3340 3868 3645 3931 sinistram,
3699 3869 3759 3923 iu

2162 3972 2266 4026 quo
2299 3957 2560 4027 intingens
2583 3957 2807 4028 digitum
2827 3958 3029 4013 dextra
3054 3976 3267 4023 manus,
3296 3968 3533 4028 aspergat
3557 3960 3760 4028 septies

2165 4058 2349 4103 cutura
2374 4049 2679 4115 Dominum,
2702 4059 2978 4122 tangatque
3000 4061 3289 4106 extraneas
3305 4055 3508 4105 deum:
3530 4053 3763 4106 auricu-

2166 4141 2233 4196 ιω
2277 4140 2425 4196 illius
2470 4142 2561 4212 qui
2589 4142 2900 4209 mandatur,
2952 4152 2999 4198 et
3048 4142 3259 4214 pollices
3290 4158 3478 4197 manus
3503 4160 3571 4200 ac
3600 4144 3760 4211 pedis

2166 4231 2335 4286 dextri
2366 4234 2422 4285 in
2465 4231 2579 4287 loco
2607 4232 2878 4303 sanguinis
2931 4232 3023 4304 qui
3066 4233 3264 4301 eﬁ‘usus
3292 4241 3365 4286 est
3390 4248 3484 4301 pro
3532 4230 3756 4288 delicta.

2175 4322 2446 4394 Reliquam
2472 4334 2648 4377 autem
2675 4333 2876 4395 partem
2910 4322 3011 4378 olei
3047 4340 3167 4394 qui:
3196 4333 3275 4379 est
3300 4323 3355 4377 in
3385 4322 3606 4376 sinistra
3638 4339 3760 4377 tua-

2170 4432 2260 4478 nu,
2304 4418 2467 4470 mittet
2498 4432 2658 4486 super
2704 4425 2860 4486 caput
2906 4416 3194 4485 puriﬁcati,
3243 4424 3298 4469 ut
3336 4413 3505 4485 placet
3550 4429 3657 4483 pro
3697 4430 3764 4467 ro

2168 4505 2471 4561 Dominum.
2523 4505 2591 4560 Et
2622 4514 2880 4561 turturem
2917 4505 3256 4575 sive.pstllum
3287 4503 3545 4559 columbae
3566 4505 3765 4573 οἴεται

2170 4611 2331 4649 unum
2350 4613 2444 4665 pro
2470 4594 2678 4660 delicto,
2700 4604 2749 4649 et
2765 4594 2989 4649 alterum
3010 4596 3064 4648 in
3082 4596 3446 4649 holocaustum
3467 4609 3593 4647 cum
3619 4592 3659 4646 li
3668 4594 3765 4647 ba-

2168 4687 2358 4741 mentis
2401 4686 2532 4740 suis.
2587 4684 2702 4740 Hoc
2728 4694 2803 4741 est
2847 4684 3167 4752 sacriﬁcium
3218 4682 3407 4753 leprosi
3434 4682 3529 4750 qui
3561 4681 3771 4736 habere

2170 4793 2272 4832 non
2299 4787 2461 4847 potest
2492 4778 2666 4832 omnia
2686 4779 2743 4832 in
2760 4776 3180 4832 emendationem
3191 4773 3413 4843 sui.(Ea:
3434 4771 3770 4842 Hesychia.)

2171 4865 2485 4921 Admirabili
2513 4882 2641 4938 erga
2684 4883 2779 4923 eos
2824 4867 2915 4936 qui
2945 4867 3119 4938 legem
3165 4862 3770 4934 aceipiuntlegislator

2171 4956 2630 5012 condescensione
2673 4959 2862 5013 utitur.
2894 4958 3034 5014 Ecce
3073 4958 3218 5013 enim
3252 4955 3463 5011 veniam
3509 4954 3770 5026 pauper-

2174 5046 2273 5101 tati
2307 5047 2418 5108 dat,
2452 5058 2506 5101 et
2543 5048 2818 5103 moderata
2850 5047 3073 5116 pauperi
3100 5045 3364 5101 sacriﬁcia
3392 5058 3520 5100 esse
3547 5057 3773 5114 praece-

2174 5137 2271 5207 pit.
2303 5153 2370 5191 ne
2398 5136 2539 5193 forte
2561 5140 2930 5208 Obstupescat,
2957 5137 3084 5194 dum
3130 5137 3335 5206 majora
3360 5135 3410 5189 ei
3442 5149 3615 5203 quam
3650 5134 3781 5187 vir-

2182 5237 2269 5284 tus
2285 5235 2370 5283 est
2397 5230 2798 5300 pmoipiuntur.
2835 5229 2945 5284 Sed
2968 5228 3093 5299 quia
3122 5243 3223 5283 nec
3245 5240 3434 5282 eorum
3464 5239 3594 5294 qua:
3616 5223 3784 5278 dicta

2182 5325 2307 5371 sunt
2350 5319 2626 5388 quidpiam
2677 5319 2833 5375 facile
2880 5319 2932 5374 in
2968 5328 3174 5387 quaestu
3214 5330 3516 5387 pauperum
3553 5314 3787 5369 invenio

2181 5425 2342 5477 mus,
2395 5414 2486 5481 qui
2532 5410 2674 5465 enim
2721 5425 2828 5466 non
2873 5409 3035 5463 habet
3082 5421 3298 5477 panem,
3345 5405 3491 5461 unde
3526 5399 3787 5473 agnum?

2181 5500 2271 5571 qui
2319 5509 2499 5556 autem
2525 5500 2756 5571 pecunia
2805 5505 2943 5571 eget,
2976 5496 3117 5552 unde
3158 5502 3304 5551 emat
3336 5491 3653 5549 columbam
3688 5486 3792 5544 vel
