3956 6176
436 265 567 323 3399

1064 256 1160 311 ‘B.
1202 251 1455 310 RABANI
1491 251 1711 308 MAURI
1751 249 2067 309 ARClllEP.
2107 245 2414 307 MOGUNT.
2450 240 2734 301 OPERUN
2772 237 2951 295 PARS
2988 236 3033 293 ι.

3564 233 3703 291 ’Μ

440 381 582 439 τιτάί
618 377 930 432 intrinsecus
973 388 1065 444 per
1101 371 1398 431 circuitum,
1435 378 1484 424 et
1523 368 1727 439 aspergi
1764 366 2025 437 pulverem
2056 366 2101 424 A
2127 361 2393 416 mesticam
2422 358 2537 429 ejus
2557 354 2850 410 Ecclesium
2873 349 3095 422 (Colon.
3119 345 3217 420 tv).
3243 345 3381 413 Quia
3398 344 3706 444 multipro-

454 485 660 527 rasura:
701 474 851 522 extra
893 463 1069 518 urbem
1110 463 1166 516 in
1204 460 1317 514 loco
1359 458 1629 512 immundo
1655 496 1672 522 ,
1727 455 2026 525 lapidesque

456 562 591 617 alios
612 556 790 628 reponi
815 571 909 627 pro
932 553 1014 607 his
1040 550 1129 623 qui
1158 548 1322 603 ablati
1354 547 1571 615 fuerint,
1594 555 1639 600 et
1671 543 1781 599 luto
1812 544 1917 597 alio
1954 542 2023 595 li-

458 648 824 708 uiridomum.
855 642 954 699 Sin
991 650 1163 695 autem
1194 647 1466 710 postquam
1497 636 1633 688 eruti
1667 642 1787 688 sunt
1826 631 2025 703 lapides

457 748 505 795 et
536 736 701 808 pulvis
730 732 916 797 elatus,
950 739 998 784 et
1027 730 1136 783 alia
1163 738 1306 781 terra
1339 725 1456 789 lita,
1490 724 1750 794 ingressus
1781 720 2025 777 sacerdos

456 827 642 883 viderit
665 838 919 878 reversam
940 819 1161 890 lepram,
1183 826 1231 871 et
1256 817 1479 887 parietes
1505 830 1740 884 aspersas
1780 811 2022 875 maculis,

456 917 599 986 lepra
619 923 694 968 est
712 926 1062 984 perseverans,
1085 917 1132 960 et
1153 905 1421 960 immunda
1440 904 1650 969 domus,
1672 919 1828 974 quam
1849 902 2026 956 statim

456 1004 739 1065 destruent,
773 1009 821 1053 et
858 996 1055 1066 lapides
1098 996 1214 1065 ejus
1249 1011 1312 1047 ac
1351 992 1493 1062 ligna
1534 1003 1688 1063 atque
1727 992 2023 1045 universum

455 1093 714 1165 pulverem
742 1088 1013 1160 projicient
1035 1097 1183 1140 extra
1214 1084 1566 1155 Oppidum,.in
1592 1084 1704 1136 loco
1729 1083 2021 1137 immundo.

458 1183 563 1252 Qui
594 1182 862 1236 intraverit
891 1179 1106 1233 domum
1139 1177 1348 1248 quando
1374 1176 1562 1230 clausa
1596 1184 1692 1239 est,
1725 1174 2025 1229 immundus

456 1273 552 1328 erit
578 1287 739 1343 usque
768 1270 839 1324 ad
872 1283 1175 1338 vesperam;
1210 1276 1258 1320 et
1280 1266 1369 1336 qui
1391 1264 1659 1318 dormierit
1697 1264 1749 1316 in
1778 1279 1837 1316 ea
1868 1274 1915 1317 et
1940 1279 2026 1317 co-

455 1364 671 1419 mederit
694 1362 981 1433 quidpiam,
1019 1358 1211 1413 lavabit
1249 1358 1549 1412 vestimenta
1578 1373 1697 1419 sua,
1728 1363 2023 1410 etczetera.

443 1451 567 1517 .(Ex
590 1449 891 1521 Hesychia.)
921 1446 1056 1502 Cum
1085 1446 1336 1518 ingressi,
1372 1446 1569 1514 inquit,
1616 1440 1852 1511 fueritis,
1880 1444 2029 1515 Moy-

454 1556 546 1596 ses
594 1548 649 1594 ct
689 1538 894 1602 Aaron,
947 1536 1001 1590 in
1048 1543 1248 1591 terram
1278 1534 1727 1589 Chananzrorum.
1774 1533 2027 1601 Quaenam

454 1640 540 1687 est
565 1629 716 1685 haec?
744 1627 914 1694 Quam
943 1642 1034 1697 ego
1068 1626 1201 1680 dabo
1229 1625 1370 1680 vobis
1399 1626 1453 1678 in
1471 1626 1863 1695 possessionem.
1893 1622 2027 1691 Quia

2126 462 2249 523 pter
2278 451 2450 506 zelum
2477 457 2533 504 et
2555 449 2810 520 pietatem
2839 445 3102 502 ecclesias
3129 452 3186 500 et
3209 442 3543 499 domesticas
3565 458 3709 500 ωει-

2094 584 2099 589 .
2127 544 2433 607 stituentes,
2466 541 2526 594 in
2546 540 2627 594 eis
2653 538 2905 593 doctores
2939 536 3268 599 divinorum,
3296 533 3706 603 ministrosque,

2125 650 2228 690 nec
2246 643 2434 688 non—et
2448 632 3062 700 eommunionematque
3082 627 3497 684 exsultationem
3514 642 3709 684 eorum

2125 725 2512 781 convenientes
2555 723 2941 792 suscipiebant.
2991 721 3041 775 ls
3087 735 3218 792 ergo
3258 719 3351 789 qui
3399 717 3712 787 huiusmodi

2123 823 2228 882 est,
2258 816 2356 870 ibit
2393 814 2461 868 ad
2493 829 2615 868 eum
2654 814 2746 883 qui
2780 812 2894 868 veri
2933 809 3225 866 sacerdotii
3269 809 3494 880 ﬁguram
3545 808 3707 878 gerit,

2125 904 2314 974 quiales
2352 902 2574 960 fuerunt
2602 902 2795 958 Petrus
2838 900 2923 956 vel
2966 900 3165 955 Paulus
3191 940 3207 966 ,
3251 899 3340 955 vel
3366 899 3707 963 Timotheus,

2104 994 2415 1062 laetarique
2456 992 2549 1061 qui
2577 1006 2765 1046 eorum
2809 990 3109 1045 doctrinam
3136 990 3473 1058 virtutesque
3516 995 3708 1043 custo—

2128 1083 2343 1138 dierunt
2366 1123 2382 1148 ,
2437 1080 2939 1152 irreprehensibiles
3009 1088 3388 1149 permanentes
3429 1096 3444 1134 :
3493 1088 3707 1149 oportet

2100 1212 2101 1215 η
2127 1177 2270 1231 enim
2290 1176 2600 1245 episcopum
2624 1172 3151 1242 irreprehensibilem
3172 1186 3315 1238 esse,
3337 1179 3398 1225 nt
3416 1180 3708 1241 propterea

2104 1268 2298 1340 possit
2322 1267 2496 1321 aliena
2513 1265 2760 1335 judicare
2787 1274 3029 1334 peccata.
3066 1264 3132 1319 Et
3160 1264 3333 1319 dicet:
3359 1262 3526 1328 Quasi
3549 1262 3708 1333 plaga

2126 1355 2287 1426 lepra:
2325 1354 2533 1409 videtur
2562 1354 2689 1408 mihi
2716 1353 2914 1408 essein
2954 1352 3129 1418 domo,
3158 1352 3215 1407 id
3239 1360 3347 1417 est,
3383 1366 3572 1408 sensus
3607 1351 3710 1405 im-

2104 1446 2231 1514 piae
2250 1444 2511 1503 doctrinae
2538 1444 2592 1499 in
2619 1458 2739 1499 mea
2769 1443 3066 1499 domestica
3093 1453 3318 1514 apparet
3343 1442 3607 1497 Ecclesia.
3640 1442 3706 1494 At

2128 1535 2216 1590 ille
2246 1536 2508 1607 praecipiet
2545 1544 2601 1589 ut
2635 1530 3587 1604 auferant.unieersadedomo,sen,nt
3609 1531 3710 1586 Sc-

2130 1627 2415 1698 ptuaginta
2462 1626 3012 1697 edunt,.et,prwcipiet
3054 1625 3299 1679 sacerdos
3339 1624 3572 1694 detegere
3612 1623 3713 1677 do-

457 1722 604 1778 enim
654 1727 861 1789 septem
907 1732 1133 1771 numero
1189 1724 1410 1786 gentes,
1467 1715 1519 1769 id
1570 1724 1672 1780 est,
1713 1705 2102 1777 Chananzei,B
2131 1736 2303 1784 mum,
2351 1726 2402 1772 ει
2440 1734 2545 1772 non
2589 1714 2796 1787 parebit
2848 1715 2904 1769 in
2949 1729 3154 1770 omnem
3196 1713 3445 1775 domum;
3490 1712 3551 1767 id
3597 1719 3708 1777 est,

458 1803 749 1873 l’b’erezrei,
794 1806 1085 1877 Gergescei,
1132 1804 1451 1869 Amorrhmi,
1501 1803 1753 1869 Jebusaei,
1802 1801 2027 1868 (lethaei,

457 1908 508 1954 et
535 1897 764 1963 Aradaei,
800 1905 1000 1951 terram
1037 1895 1359 1965 promissam
1393 1893 1625 1948 Abi-alue
1661 1893 2027 1964 possidebant,

459 1987 748 2058 imaginem
800 1992 980 2038 autem
1036 1985 1295 2053 gerebant
1339 1984 1422 2038 lia:
1468 1990 1673 2053 septem
1721 1983 2029 2052 iniquorum

462 2078 768 2148 spirituum,
808 2076 873 2131 de
916 2076 1112 2145 quibus
1139 2074 1398 2129 Dominus
1446 2075 1497 2129 in
1527 2075 1830 2146 Evangeliis
1859 2074 2026 2131 dicit:

459 2168 596 2225 Dum
636 2167 851 2239 spiritus
894 2165 1195 2219 immundus
1237 2166 1414 2220 exierit
1449 2166 1515 2219 ab
1545 2166 1772 2232 homine,
1813 2166 2031 2220 assumit

457 2259 590 2314 alios
627 2267 817 2331 septem
850 2257 1066 2328 spiritus
1096 2256 1365 2327 nequiores
1392 2273 1471 2322 se,
1508 2265 1556 2310 et
1581 2255 1818 2309 habitant
1850 2256 1907 2309 in
1937 2255 2033 2309 ho-

458 2350 595 2402 mine
627 2389 642 2413 ,
706 2347 858 2418 cujus
921 2346 1202 2401 novissima
1265 2354 1385 2404 sunt
1450 2347 1708 2404 deteriora
1768 2346 2031 2417 prioribus

460 2436 673 2507 (Matth.
700 2436 832 2508 xu);
875 2435 930 2488 bi
969 2445 1148 2492 autem
1179 2436 1400 2507 spiritus
1426 2450 1608 2493 veram
1635 2442 1834 2489 terram
1863 2435 2031 2509 ipsius

459 2526 737 2591 Abrahae,"
751 2525 805 2579 id
830 2533 936 2591 est,
963 2525 1210 2597 gentium
1252 2526 1624 2583 hmreditatem
1663 2525 2026 2595 possidebant.

456 2613 562 2684 Ipsi
602 2615 748 2670 enim
786 2614 1153 2669 dictumest:
1182 2613 1320 2680 Quia
1352 2626 1552 2685 patrem
1588 2614 1872 2670 multarum
1903 2630 2031 2689 gen-

459 2707 591 2758 tium
617 2703 768 2774 posui
791 2713 856 2757 te.
882 2703 1106 2771 Quando
1136 2704 1345 2776 Moyses
1369 2712 1423 2759 et
1441 2702 1621 2758 Aaron
1656 2702 1759 2778 (lex
1789 2703 2033 2757 videlicet

458 2800 515 2846 et
538 2791 832 2861 prophetae,
866 2791 1057 2846 horum
1096 2792 1241 2847 enim
1279 2791 1335 2847 hi
1380 2790 1855 2864 figuramgerunt;
1903 2791 2030 2864 quia

2126 1809 2403 1880 pratcipiet
2437 1807 2689 1862 recedere
2713 1819 2930 1861 omnem
2959 1803 3213 1875 populum
3243 1803 3337 1874 qui
3374 1803 3428 1857 in
3452 1816 3517 1856 ea
3549 1802 3710 1856 colli-

2124 1901 2356 1970 gebatur
2391 1915 2406 1953 :
2444 1898 2644 1952 bieest
2670 1903 2845 1950 tectus
2870 1895 3062 1949 domus
3086 1893 3201 1948 sive
3229 1893 3580 1957 instructum,
3622 1906 3711 1946 se-

2128 1990 2361 2046 cundum
2382 1986 2871 2059 quodlreqnenter
2903 1983 3260 2039 ostendimus.
3292 1981 3581 2037 Discedere
3610 1995 3709 2037 au—

2130 2085 2239 2133 tem
2264 2092 2361 2133 eos
2381 2075 2656 2148 praecepit,
2678 2074 2732 2129 id
2752 2081 2855 2139 est,
2877 2088 3039 2144 opere
3060 2072 3349 2128 ostendere
3371 2071 3514 2142 quod
3540 2071 3710 2127 alieni

2129 2169 2241 2225 sint
2263 2182 2293 2221 a
2318 2166 2461 2221 malo
2486 2165 2630 2236 quod
2651 2152 2907 2234 apparuit
2929 2163 2995 2218 .in
3024 2162 3291 2227 Ecclesia,
3310 2171 3375 2217 et
3403 2177 3510 2217 non
3540 2177 3711 2216 .com-

2129 2258 2406 2315 municent
2440 2270 2613 2328 pinna!
2638 2269 2759 2324 qua:
2785 2262 2869 2309 est
2901 2254 3082 2322 impiis
3121 2253 3434 2323 ingerenda.
3475 2251 3715 2322 Propter

2130 2346 2273 2419 quod
2317 2355 2373 2403 et
2408 2346 2619 2417 Moyses
2665 2342 2879 2413 quando
2919 2342 3129 2399 Dathan
3171 2350 3226 2397 et
3252 2341 3456 2397 Abiron
3488 2342 3557 2396 ad
3594 2357 3709 2412 pu—

2129 2438 2385 2495 niendum
2421 2445 2584 2509 atque
2619 2434 3036 2505 disperdendum
3073 2434 3402 2491 deducturus
3427 2441 3566 2495 erat.
3621 2447 3710 2488 re~

2129 2530 2323 2586 cedere
2370 2527 2631 2601 reliquam
2685 2524 3106 2590 multitudinem,
3155 2531 3215 2578 ut
3263 2539 3369 2580 non
3415 2524 3713 2594 participes

2129 2617 2471 2674 efﬁcerentur
2509 2630 2702 2687 poenae,
2752 2615 3007 2685 prrecepit
3051 2613 3243 2685 (Num.
3280 2613 3411 2685 xvi).
3463 2612 3577 2669 Hoc
3624 2620 3715 2669 est

2128 2709 2273 2766 enim
2295 2707 2437 2778 quod
2461 2706 2537 2762 ait
2560 2723 2575 2765 :
2600 2706 2683 2762 Ne
2702 2705 2971 2763 immunda
2990 2705 3320 2775 ﬁantomnia
3338 2720 3456 2777 qua:
3474 2704 3529 2758 in
3553 2704 3710 2760 domo

2129 2808 2251 2854 sunt
2270 2838 2286 2862 ,
2318 2796 2633 2866 intrabilque
2652 2805 2831 2865 postea
2858 2794 3099 2852 sacerdos
3120 2802 3175 2849 ut
3204 2793 3493 2849 consideret
3519 2794 3711 2847 domus

456 2880 638 2934 Aaron
669 2879 835 2951 Moysi
864 2894 948 2944 os,
985 2881 1075 2949 qui
1121 2880 1345 2952 figuram
1386 2879 1518 2952 legis
1556 2881 1727 2950 gerit,
1771 2881 2030 2952 propheta
2114 2887 2349 2961 'lepram.
2380 2886 2444 2940 Et
2471 2902 2590 2940 cum
2611 2884 2796 2941 viderit
2823 2886 2875 2939 in
2904 2885 3190 2955 parietibus
3219 2884 3361 2938 illius
3381 2885 3535 2955 quasi
3557 2882 3715 2937 valli—

459 2985 579 3025 esse
605 2969 780 3025 dictus
808 2967 910 3042 est)
954 2970 1181 3042 ingressi
1226 2969 1424 3026 fuerint
1460 2972 1601 3027 inter
1636 2983 1857 3049 gentes,
1905 2979 2031 3027 tunc
2066 3042 2099 3049 _
2132 2975 2276 3030 culos
2298 2973 2498 3045 pallore
2527 2974 2633 3027 sive
2662 2972 2848 3027 rubore
2874 2972 3153 3044 deformes.
3186 2973 3295 3045 (Ea
3311 2972 3620 3045 Hesychia.)
3644 2973 3715 3030 Et

459 3076 560 3132 per
607 3075 701 3115 eos
739 3059 881 3115 Deus
921 3061 1258 3131 tyrannidem
1314 3062 1617 3119 obtinentes
1646 3042 1720 3121 in
1752 3061 2027 3132 gentibus,
2056 3042 2101 3105 (ἶ
2135 3042 2351 3126 animi],
2394 3069 2638 3127 parietes
2677 3068 2867 3125 domus
2897 3042 3045 3125 νέοιο
3084 3042 3335 3125 dicamur
3375 3042 3437 3125 ιιί
3464 3068 3558 3139 ηυξ
3584 3042 3711 3123 am

459 3151 549 3220 qui
581 3159 706 3205 sunt
736 3150 1097 3221 intelligibiles
1122 3150 1789 3221 Chananmos,_pr:edictos
1814 3149 2033 3225 expellit
2133 3162 2435 3227 continent,
2483 3160 2537 3218 id
2564 3166 2666 3223 est,
2711 3159 2929 3215 ordines
2973 3158 3155 3219 divina
3207 3159 3499 3217 dicentium
3535 3167 3711 3231 atque

460 3241 701 3312 spiritus.
737 3240 1138 3296 Possessionem
1171 3250 1348 3295 autem
1385 3240 1519 3311 legis
1545 3251 1599 3296 et
1627 3241 2027 3313 prophetarum,
2134 3253 2441 3310 docentium
2471 3269 2485 3306 ε
2518 3267 2584 3311 εχ
2623 3250 2707 3306 his
2749 3250 2947 3325 quippe
2985 3266 3117 3311 mre
3142 3251 3403 3310 ,ωηείειίι
3438 3252 3706 3316 Ecclesia,

458 3339 513 3386 et
549 3332 663 3386 hmc
696 3331 1102 3401 przcdicantium
1161 3331 1273 3400 ipse
1302 3346 1421 3386 esse
1447 3333 1912 3405 conceditgentes,
1942 3334 2034 3405 qui
2130 3354 2187 3403 οι
2216 3360 2324 3400 non
2368 3345 2510 3401 sicut
2539 3345 2753 3416 quidam
2780 3351 2973 3415 puum
3006 3360 3074 3399 ex
3110 3345 3273 3417 lignis
3314 3355 3475 3417 atque
3506 3344 3712 3416 lapidi.

458 3441 552 3480 cas
576 3424 794 3495 proprio
814 3423 1100 3493 acquisivit
1123 3423 1411 3495 sanguine;
1447 3432 1555 3477 tam
1577 3439 1675 3494 per
1702 3425 2031 3484 ablutionem

461 3515 901 3586 regenerationis,
939 3529 1101 3588 quam
1133 3514 1532 3570 renovationem
1571 3514 1743 3569 sancti
1775 3513 2029 3586 Spiritus,

460 3623 618 3679 quem
646 3605 834 3664 elludlt
864 3606 1075 3661 abunde
1111 3620 1274 3679 super
1309 3620 1431 3671 nos,
1457 3603 1692 3663 liberans
1720 3620 1819 3660 nos
1849 3606 1917 3660 ab
1950 3606 2033 3662 his

2132 3438 2255 3493 bus.
2305 3436 2459 3495 Unde
2506 3445 2563 3492 et
2604 3437 2819 3507 Moyses
2866 3436 3085 3506 quando
3113 3436 3377 3507 colligere
3410 3434 3715 3504 jubebatur

2134 3526 2456 3593 Ecclesium,
2490 3542 2597 3584 non
2628 3527 2772 3599 ligna
2808 3535 2866 3582 et
2897 3526 3102 3598 lapides
3139 3536 3443 3598 ceteraque
3482 3525 3713 3592 similia,

2134 3616 2227 3672 sed
2266 3615 2511 3688 plebem,
2558 3617 2799 3673 seniores
2830 3616 3159 3688 Levitasque
3202 3618 3556 3675 convocabat.
3611 3617 3714 3672 Se—

459 3697 654 3766 quibus
697 3694 895 3752 dudum
926 3694 1335 3751 serviebamus:
1364 3702 1424 3748 ut
1452 3702 1506 3749 et
1541 3695 1596 3749 hi
1626 3695 1716 3765 qui
1751 3710 1815 3749 ex
1862 3695 2038 3764 genti-
2137 3706 2372 3760 cundum
2414 3721 2576 3776 quam
2625 3706 2889 3761 rationem
2926 3707 3092 3760 etiam
3124 3704 3356 3762 Jacobus
3391 3715 3448 3762 ει
3473 3705 3714 3775 εεριηε.

461 3788 561 3842 bus
611 3794 739 3840 sunt
784 3793 1002 3859 possent
1045 3784 1199 3840 isaim
1237 3785 1505 3841 canticum
1550 3786 1730 3843 dicere
1761 3802 1773 3841 :
1815 3784 2034 3841 Domine
2117 3804 2190 3850 ,ει
2209 3795 2444 3851 Joannes
2466 3795 2727 3851 εοιυωυω
2758 3794 3011 3853 Ecclesia;
3038 3795 3373 3854 dicebautur,
3395 3794 3538 3869 Ergo
3560 3804 3717 3852 recte

462 3877 603 3931 Deus
625 3886 817 3939 noster,
839 3876 1174 3946 possederunt
1198 3893 1290 3930 nos
1312 3876 1508 3933 domini
1524 3875 1774 3950 absquete
1790 3886 2033 3940 ;tantum
2128 3886 2390 3959 parietes,
2439 3885 2675 3943 ministri
2720 3899 3002 3943 sacrorum
3048 3885 3435 3955 doctoresque,
3482 3891 3544 3939 ιιι
3584 3893 3718 3954 νοω

460 3967 516 4020 in
546 3976 594 4019 te
628 3966 1031 4019 recordabamur
1062 3966 1285 4020 nominis
1321 3965 1401 4019 tui
1421 3964 1554 4037 (Isa.
1586 3966 1716 4039 xvi).
1769 3967 2033 4033 Qumcun-
2135 3975 2236 4047 ipsi
2265 3975 2614 4033 stabilitatem
2645 3975 2895 4032 Ecclesia:
2921 3974 3230 4042 fulcicmes,
3256 3986 3316 4031 ιη
3334 3975 3549 4047 plebem
3575 3991 3718 4048 quo-

461 4070 567 4124 ειυθ
618 4064 795 4110 autem
841 4053 958 4122 eius
1006 4056 1276 4125 9089088ίο
1317 4064 1422 4120 εει,
1459 4055 1621 4110 ctiam
1661 4071 1937 4111 servorum
1980 4064 2036 4111 et
2136 4063 2421 4120 dummodo
2453 4063 2595 4119 intra
2625 4058 2945 4136 semetipsos
2991 4064 3321 4137 colligentes.
3364 4065 3581 4124 Pallens
3615 4082 3717 4122 au-

463 4148 837 4203 mmistrorum
888 4144 1002 4215 ejus
1039 4148 1227 4218 procul
1276 4147 1436 4206 dubio
1482 4156 1582 4202 est.
1630 4148 1778 4219 Ergo
1820 4149 2036 4218 quando
2138 4160 2266 4217 tem,
2318 4167 2431 4216 seu,
2482 4161 2543 4206 ut
2586 4150 2959 4224 Septuaginta,
3002 4154 3253 4221 viridam.
3308 4163 3366 4211 et
3408 4155 3714 4212 rubicunda

463 4241 741 4310 propheta:
788 4248 842 4294 et
886 4238 970 4293 lex
1016 4237 1069 4292 in
1114 4239 1351 4310 gentium
1396 4239 1763 4297 lircreditatem
1809 4239 2034 4313 ingressi
2136 4242 2344 4298 macula
2372 4242 2548 4314 qualis
2576 4259 2762 4314 quaeve
2789 4246 2879 4311 sit,
2924 4246 3057 4302 satis
3106 4246 3479 4321 interpretatio
3503 4261 3713 4317 praece-

463 4330 697 4394 fuerint,
751 4329 1121 4383 ministrantes
1167 4328 1485 4399 evangelicae
1523 4329 1924 4401 praedicationi,
1980 4337 2035 4384 et

463 4437 526 4477 ea
557 4437 677 4495 qua:
706 4435 849 4475 nunc
883 4427 949 4476 de
993 4420 1416 4490 intelligibilibus
1454 4422 1701 4480 domibus
1729 4423 1870 4478 dicta
1910 4432 2035 4477 sunt

466 4525 726 4582 apparere
767 4510 1060 4579 potuerint,
1092 4510 1192 4562 ibit
1230 4509 1382 4582 cujus
1417 4519 1500 4565 est
1546 4512 1735 4566 domus
1778 4512 2034 4571 nuntians

468 4599 756 4664 sacerdoti,
790 4605 843 4653 et
874 4597 1053 4651 dicet:
1090 4596 1253 4662 Quasi
1290 4597 1445 4669 plaga
1479 4597 1635 4669 lepra:
1672 4598 1874 4652 videtur
1908 4599 2034 4653 mihi

466 4705 575 4743 esse
600 4689 654 4742 in
676 4688 829 4741 domo
864 4702 998 4740 mea.
1028 4686 1158 4752 Quin
1182 4687 1325 4741 enim
1355 4695 1479 4741 sunt
1516 4686 1823 4742 domesticae
1851 4687 2036 4743 Eccle-

468 4778 592 4844 sire,
622 4786 676 4831 et
708 4786 989 4847 propterea
1023 4777 1099 4831 ait
1130 4794 1143 4830 :
1173 4776 1276 4830 Ibit
1308 4777 1458 4846 cujus
1492 4788 1563 4830 est
1594 4777 1778 4830 domus
1799 4819 1814 4843 ,
1842 4779 2031 4833 audiao

469 4884 589 4923 mus
615 4868 838 4923 Paulum
868 4868 1135 4923 dicentem
1164 4882 1178 4920 :
1208 4866 1446 4922 Salutate
1469 4865 1769 4926 Priscillam
1804 4881 1853 4925 et
1874 4873 2035 4944 Aqui—

468 4959 574 5013 lam
611 4968 659 5013 et
701 4958 1039 5013 domesticam
1091 4975 1270 5012 eorum
1313 4958 1613 5015 Ecclesiam'
1648 4959 1701 5032 (Ι
1744 4959 1866 5016 Cor.
1900 4965 2034 5034 xu).

469 5049 568 5118 Qui
596 5064 726 5121 ergo
749 5049 874 5103 huic
897 5055 1109 5119 prmest,
1136 5047 1179 5102 si
1207 5049 1370 5103 sentit
1392 5048 1593 5119 lepram
1624 5049 2034 5127 intelligibilem.

470 5140 522 5195 id
544 5149 648 5205 est,
672 5139 716 5193 si
745 5139 898 5194 malus
924 5146 976 5194 et
1006 5138 1183 5210 impia:
1206 5140 1465 5196 doctrinm
1487 5156 1705 5197 sensum
1728 5149 2035 5215 quempiam

468 5231 957 5306 comprehenderit,
988 5233 1180 5287 timens
1213 5248 1278 5289 ne
1309 5234 1410 5289 hoc
1438 5236 1578 5304 quod
1610 5237 1815 5292 studuit
1846 5238 1910 5292 ad
1943 5235 2033 5306 ju-

2138 4333 2315 4389 dentis
2355 4334 2651 4389 sanctionis
2692 4336 2962 4400 ostendit;
2996 4351 3114 4394 esse
3158 4337 3302 4395 enim
3342 4335 3488 4395 illam
3513 4351 3713 4392 vanam

2141 4427 2367 4499 gloriam
2403 4433 2566 4496 atque
2606 4428 2912 4499 superbiam
2945 4428 3349 4489 demonstravit.
3400 4427 3481 4486 Ex
3513 4428 3717 4499 quibus

2139 4518 2375 4573 maxime
2412 4518 2646 4590 parietes
2699 4518 2954 4578 Ecclesia:
3004 4532 3303 4591 corpusque
3347 4533 3504 4573 sacra
3553 4519 3717 4573 mini-

2138 4609 2424 4664 strantium
2462 4608 2766 4674 doctorum,
2807 4609 2899 4682 qui
2929 4608 2997 4667 ad
3035 4607 3206 4666 malas
3233 4623 3295 4666 ac
3331 4607 3568 4667 nefarias
3613 4608 3719 4662 im-

2137 4698 2364 4772 piosque
2407 4697 2681 4752 doctrinas
2725 4706 3103 4770 prorumpunt.
3152 4696 3210 4752 Si
3251 4711 3377 4769 ergo
3428 4706 3717 4766 aspectum

2141 4787 2404 4863 parietem
2438 4786 2716 4844 vallieulas
2746 4802 2840 4842 seu
2876 4785 3051 4843 fossas
3089 4786 3396 4852 habentem,
3432 4785 3484 4846 id
3528 4796 3640 4851 est,
3667 4786 3719 4842 si

2139 4879 2424 4935 humiliora
2457 4893 2607 4931 sacra
2635 4877 3054 4935 ministrantium
3080 4878 3165 4933 vel
3192 4878 3572 4949 magistrorum
3595 4876 3720 4950 opi—

2139 4969 2351 5029 nionem
2382 4967 2869 5045 vallescentemque
2919 4967 3313 5039 quodammodo
3360 4983 3430 5025 ex
3462 4982 3718 5038 compre-

2139 5060 2305 5115 henso
2335 5066 2555 5131 peccato
2575 5058 2942 5134 perspexerit,
2971 5060 3263 5131 egredietur
3286 5058 3476 5112 ostium
3496 5058 3715 5124 domus,

2138 5161 2185 5204 et
2211 5149 2385 5205 statim
2407 5149 2614 5206 claudet
2645 5166 2758 5209 eam
2789 5160 2977 5222 septem
3000 5152 3201 5211 diebus.
3237 5150 3492 5211 Ecclesiae
3518 5152 3711 5206 mode-

2137 5250 2309 5298 ratam
2337 5240 2585 5314 ingerens
2613 5241 3058 5319 increpationern,
3086 5257 3204 5315 qua:
3232 5242 3564 5313 pmnitcntite
3588 5257 3717 5313 pcr-

467 5326 668 5380 stitinm
699 5323 789 5377 iiat
815 5323 864 5377 ei
893 5324 957 5377 ad
988 5323 1268 5391 judicium,
1298 5327 1455 5381 vadet
1484 5326 1549 5381 ad
1580 5330 1911 5384 sacerdotem
1942 5331 2032 5401 qui
2134 5334 2262 5403 cipit
2303 5334 2512 5391 veniam
2562 5341 2616 5387 et
2658 5333 2993 5393 absolvitur:
3033 5334 3373 5405 septenarius
3420 5333 3566 5388 enim
3610 5348 3715 5387 nu-

470 5417 777 5472 discernere
808 5417 995 5486 possit.
1034 5415 1150 5502 Ipse
1183 5419 1324 5473 enim
1369 5436 1471 5474 non
1507 5422 1746 5477 absolute
1782 5426 2034 5482 sacerdos
2135 5442 2318 5482 merus
2367 5425 2572 5501 peccati
2627 5426 2836 5479 veniam
2895 5424 3182 5494 significat.
3231 5424 3583 5495 Rerersusque
3625 5424 3715 5479 die

469 5516 574 5572 est,
609 5509 748 5576 quod
779 5510 1118 5564 manifestum
1152 5518 1235 5564 est
1256 5524 1319 5564 ex
1360 5512 1444 5565 his
1472 5527 1591 5584 qua:
1624 5529 1809 5569 rursus
1836 5514 2032 5573 Paulus
2132 5520 2350 5589 septima
2371 5518 2716 5573 considerabit
2734 5534 2882 5583 eam;
2907 5519 2951 5572 si
2976 5520 3225 5573 invenerit
3247 5519 3465 5573 crevisse
3484 5526 3711 5589 teprant,

472 5596 543 5655 ad
563 5596 904 5655 Colossenscs
949 5599 1164 5676 scripsit
1197 5616 1209 5651 :
1239 5597 1476 5655 Salutate
1514 5601 1808 5675 Nympham
1844 5616 1890 5659 ct
1931 5606 2029 5664 do-
2124 5607 2325 5679 jubebit
2364 5608 2477 5677 erui
2504 5607 2701 5679 lapides
2736 5606 2790 5661 in
2829 5609 3014 5680 quibus
3059 5608 3202 5680 lepra
3251 5617 3347 5675 est,
3386 5618 3437 5664 et
3463 5608 3713 5680 proficiet
