3956 6176
281 370 385 446 tot

1173 387 1670 450 EXPOSITIONES
1703 389 1768 448 ΙΝ
1809 388 2204 453 LEVITICUM.
2245 431 2313 440 —
2350 396 2477 455 LIB.
2518 397 2602 460 IV.

3420 408 3532 466 ιω

278 520 365 558 eos
402 512 555 558 extra
587 504 881 570 ciuitatem,
919 507 972 559 in
1021 505 1132 559 loco
1177 507 1466 571 immundo,
1519 508 1703 561 ethoc
1727 505 1852 574 quia
1882 508 1929 566 Λ
1957 508 2169 575 pietatis
2221 512 2400 582 passio
2448 521 2503 567 et
2551 514 2842 569 imnumda.
2901 514 3106 569 Talium
3156 515 3522 576 ministrorum

279 592 530 649 diffusam
582 594 847 648 maculam
896 611 1000 650 non
1046 597 1284 658 invenit.
1333 614 1434 652 nec
1469 600 1854 652 exuberantem

278 687 646 756 impietatem,
687 686 738 739 id
772 694 871 749 est,
904 686 987 741 his
1021 687 1235 756 quidem
1266 689 1355 756 qui
1394 697 1772 757 peccaverunt,
1800 697 1858 742 ut

276 786 401 846 pote
454 778 869 846 pamitentibus,
916 780 1164 850 ignoscit,
1214 791 1269 836 et
1315 790 1374 836 ut
1423 799 1490 837 ex
1546 783 1858 837 inﬁrmitate

276 870 671 937 peccantibus;
731 870 981 941 dogmata
1027 881 1208 926 autem
1253 882 1308 929 et
1355 886 1751 945 syngrammata
1804 876 1857 929 in

276 959 475 1026 quibus
512 967 600 1013 est
642 960 995 1030 intelligibilis
1031 959 1179 1030 lepra
1205 1001 1220 1027 ,
1269 960 1517 1018 videlicet
1565 964 1859 1033 impietatis

276 1047 513 1112 macula,
559 1048 677 1103 hate
722 1064 830 1103 non
870 1049 1040 1104 solum
1089 1058 1242 1105 extra
1291 1051 1530 1117 domum,
1576 1053 1669 1107 sed
1706 1061 1859 1106 extra

277 1137 560 1190 civitatem
614 1144 762 1192 recte
811 1133 1121 1207 projielun't,
1170 1153 1278 1193 non
1329 1137 1502 1194 solum
1549 1141 1615 1195 de
1647 1153 1748 1195 uua
1793 1155 1858 1194 ea

276 1227 529 1289 ecclesia,
564 1226 659 1281 sed
688 1238 743 1280 et
770 1227 836 1282 de
862 1227 1154 1283 universali
1180 1227 1458 1297 ejicieutcs
1486 1246 1499 1282 :
1540 1224 1859 1283 universalis

276 1316 419 1369 enim
473 1316 721 1370 Ecclesia
758 1315 1053 1373 Jerusalem
1095 1326 1178 1373 est
1223 1318 1414 1374 civitas
1454 1315 1548 1373 Dei
1578 1319 1707 1384 vivi,
1737 1334 1859 1388 qua:

277 1404 525 1459 continet
575 1404 867 1461 Ecclesium
923 1406 1329 1475 primitivorum
1383 1407 1745 1476 conscriptam
1804 1407 1858 1462 in

276 1493 461 1558 emlis;
488 1495 844 1565 quamobrem
866 1497 1029 1551 etiam
1052 1497 1105 1551 in
1132 1496 1309 1552 locum
1340 1496 1674 1553 immundum
1700 1497 1862 1568 proji—

277 1576 463 1647 ciunt,
517 1580 665 1636 inter
724 1579 1099 1640 hereticorum
1153 1587 1404 1642 videlicet
1461 1588 1856 1643 conventicula.

277 1666 373 1726 llic
410 1681 498 1726 est
535 1674 681 1727 enim
717 1672 867 1728 locus
911 1674 1242 1742 immundus,
1274 1677 1401 1747 quia
1445 1677 1627 1732 omnia
1670 1677 1861 1749 recipit

277 1764 529 1833 dogmata
566 1765 877 1834 impietatis.
927 1766 988 1820 Et
1021 1768 1151 1836 quid
1175 1778 1297 1838 post
1324 1769 1472 1824 ha‘c?
1500 1770 1723 1824 Domum
1761 1788 1859 1824 au-

277 1864 373 1907 tem
410 1855 586 1923 ipsam
621 1857 738 1908 radi
780 1857 1089 1912 intrinsecus
1133 1876 1227 1929 per
1261 1860 1560 1926 circuitum,
1601 1872 1651 1915 et
1680 1865 1855 1933 spargi
1888 1846 1935 1904 Β

277 1943 541 2013 pulrercm
595 1960 821 2007 rasuraz,
872 1957 1020 1999 extra
1070 1948 1248 2002 urbem
1300 1949 1354 2002 in
1404 1948 1516 2003 loco
1560 1949 1852 2006 immundo.

276 2028 495 2086 “alunt
520 2033 761 2099 domum,
795 2033 885 2103 qui
920 2035 1089 2091 libros
1127 2036 1521 2093 ecclesiasticos
1559 2040 1858 2110 intelligere

278 2132 436 2191 atque
478 2124 796 2180 discernere
825 2124 1095 2182 subtiliter
1132 2130 1380 2195 student,
1416 2139 1476 2184 ut
1516 2132 1615 2202 ipsi
1644 2148 1857 2188 onmem

278 2213 542 2267 malitiam
575 2213 860 2285 diligenter
887 2229 1311 2287 perscrutantes,
1344 2221 1745 2294 insidentesque
1766 2226 1859 2281 do-

280 2313 455 2358 ctores
498 2304 555 2357 in
599 2306 782 2385 pravis
818 2307 968 2362 libris
1008 2311 1219 2364 rasorio
1258 2310 1657 2379 dijudieationis
1699 2330 1861 2369 excu-

283 2394 495 2458 tientes,
548 2395 728 2449 nullas
781 2397 835 2451 in
886 2415 949 2452 ea
1001 2399 1294 2470 impietatis
1350 2402 1530 2457 sinant
1580 2420 1859 2462 remanere
1902 2430 1907 2437 ·

281 2483 538 2551 reliquias
580 2500 593 2535 :
638 2486 732 2539 sed
779 2502 899 2557 qum
940 2491 1266 2557 abraserint,
1300 2493 1417 2548 lucc
1451 2495 1504 2549 in
1545 2499 1857 2566 praedictum

283 2572 619 2629 immundum
659 2577 858 2644 locum,
895 2582 1037 2636 sicut
1072 2583 1343 2640 immunda
1383 2598 1436 2642 et
1473 2589 1524 2643 in
1569 2592 1861 2649 immundis

290 2661 530 2725 inventa,
551 2676 688 2721 recte
715 2669 1032 2739 deponent:
1054 2672 1363 2745 lapidesque
1391 2678 1526 2734 alios
1553 2684 1737 2751 reponi
1762 2700 1862 2753 pro

281 2751 372 2806 bis
408 2754 502 2822 qui
547 2756 702 2812 ablati
750 2759 993 2826 fuerant,
1036 2771 1090 2818 et
1132 2765 1241 2819 luto
1279 2769 1385 2822 alio
1428 2769 1573 2824 liniri
1619 2751 1855 2827 domum.

280 2842 437 2909 Quod
477 2844 679 2914 lapides
720 2860 967 2919 oporteat
1012 2854 1237 2928 intelligi
1287 2849 1539 2929 dogmata
1592 2878 1863 2933 exponen-

273 2933 412 2988 tium
463 2937 705 2994 divinam
758 2941 930 3012 legem
979 2954 1033 2999 et
1077 2960 1501 3019 syngrammata,
1553 2956 1618 3009 de
1645 2956 1859 3025 quibus,

275 3026 492 3092 quando
521 3043 670 3083 same
698 3031 969 3089 doctrinae
999 3046 1143 3101 sunt,
1173 3056 1276 3093 non
1318 3041 1611 3114 incongrue.
1636 3047 1858 3101 dicitur:

273 3114 506 3185 Lapides
552 3121 729 3175 saneti
766 3122 1053 3179 volvuntur
1084 3143 1251 3199 super
1279 3140 1508 3198 terram;
1542 3143 1596 3188 et
1640 3151 1852 3190 rursus:

275 3202 586 3276 Ostiamque
625 3210 962 3278 ludiﬁcaverit
999 3233 1157 3286 super
1193 3218 1593 3286 fundamentum
1634 3225 1730 3278 hoc
1759 3244 1854 3279 au-

273 3306 413 3355 rum,
450 3307 754 3366 argentum,
789 3299 990 3370 {tepides
1024 3308 1275 3374 pretiosos
1317 3310 1369 3384 (Ι
1395 3311 1516 3367 Cor.
1546 3313 1638 3385 tt);
1669 3317 1854 3385 pulve-

270 3397 384 3436 rem
418 3398 552 3439 vero
595 3404 739 3453 eam,
790 3406 907 3459 qua:
933 3396 1176 3463 partialis
1199 3408 1302 3465 est,
1352 3402 1853 3474 intemretationem

272 3477 802 3569 atque-doctrinam,
845 3483 959 3553 ipse
988 3487 1195 3560 Moyses
1238 3491 1513 3563 legislator
1550 3498 1849 3569 signiﬁcat:

271 3564 493 3656 quando
534 3568 681 3621 enim
729 3569 1204 3633 Deuterouomium
1262 3581 1387 3638 filiis
1422 3564 1851 3656 Israel'cdcbat,

271 3649 385 3705 hare
426 3654 499 3745 ad
546 3672 644 3711 eos
690 3659 906 3716 dicebat
946 3684 958 3718 :
992 3666 1057 3720 Et
1091 3672 1186 3722 erit
1213 3687 1518 3745 quacunque
1553 3677 1638 3730 die
1676 3649 1847 3732 trans;

268 3744 434 3808 gressi
459 3744 667 3812 {ueritis
695 3748 950 3809 Jordanis
991 3766 1204 3825 terram,
1248 3779 1405 3832 quam
1433 3744 1687 3821 Dominus
1712 3767 1852 3824 Deus

272 3837 391 3883 tuus
425 3833 609 3896 dabit;
630 3845 829 3892 statues
873 3841 1072 3911 lapides
1111 3850 1335 3917 grandes
1371 3862 1418 3905 et
1444 3852 1594 3908 linies
1619 3873 1705 3910 eos
1728 3858 1850 3927 pul-

269 3934 405 3983 νει-ε,
448 3931 497 3974 et
535 3925 731 3980 scribes
765 3946 921 3999 super
951 3933 1177 4005 lgpidem
1215 3956 1391 3996 omnes
1430 3960 1691 4002 sermones
1724 3947 1849 4019 legis

268 4009 446 4078 hujus.
478 4012 713 4082 Lapides
741 4032 868 4088 ergo
897 4024 1066 4090 eradi,
1095 4034 1149 4080 et
1172 4029 1445 4097 pulverem
1472 4033 1638 4088 alium
1663 4009 1849 4093 inferri

268 4099 474 4164 dicens,
516 4113 742 4172 purgata
789 4109 855 4162 ab
901 4112 1044 4164 omni
1090 4116 1228 4169 malo
1259 4118 1523 4188 dogmata,
1565 4131 1725 4193 atque
1757 4128 1850 4181 do-

267 4193 499 4246 ctrinam
538 4209 640 4263 pro
681 4198 838 4253 malis
877 4201 982 4257 illis
1030 4204 1238 4272 inferri,
1285 4219 1340 4264 et
1370 4212 1665 4269 Ecclesium
1704 4217 1846 4273 liniri

267 4282 381 4335 sine
410 4284 517 4337 ulla
546 4290 805 4358 przecepil.
831 4291 1122 4350 dubietate.
1173 4299 1285 4357 Hoc
1312 4305 1455 4358 enim
1488 4302 1641 4362 nubis
1670 4311 1848 4364 consi-

265 4372 474 4425 deratio
516 4375 650 4446 legis
689 4379 969 4437 evidenter
1002 4390 1255 4444 ostendit.
1293 4392 1373 4447 An
1417 4411 1521 4449 non
1565 4407 1620 4451 et
1648 4398 1847 4455 Paulus

265 4458 469 4530 lepram
496 4466 811 4535 dogmatum
849 4471 901 4525 in
932 4476 1241 4535 doctoribus
1267 4481 1569 4542 Antiochiae
1594 4504 1842 4556 cernens,

263 4548 486 4618 iacebo,
519 4567 578 4609 ut
603 4567 729 4626 pote
755 4564 1021 4618 sacerdoti
1041 4582 1250 4639 magno,
1283 4575 1701 4648 nuntiavit(Act.
1730 4548 1843 4653 xv),

265 4647 359 4740 qui
403 4647 577 4740 erasis
623 4665 911 4718 pravorum
961 4656 1240 4714 doctorum
1291 4666 1434 4720 notis
1482 4647 1840 4740 dogmatibus,

264 4732 517 4787 auferens
559 4736 765 4806 lapides
810 4742 864 4794 in
894 4742 1013 4799 loco
1044 4761 1248 4813 eorum,
1283 4732 1614 4812 rectissimus
1650 4732 1843 4816 Hiero;-

263 4820 604 4915 solymitanae
633 4826 886 4885 Ecclesia:
917 4833 1151 4904 litteras,
1197 4849 1243 4893 et
1272 4842 1529 4909 puluerem
1557 4864 1734 4915 suum,
1766 4853 1845 4906 vi-

261 4908 458 4964 delicet
482 4913 577 4967 dm
590 4916 811 4983 trinam,
840 4921 1067 4989 addens,
1096 4929 1253 4982 unxit
1273 4908 1586 4997 Ecclesium,
1609 4908 1844 4995 curavit-

265 5015 366 5094 que
394 5004 539 5070 quod
584 5007 879 5063 acciderat.
906 5011 1002 5067 Sin
1031 5026 1205 5071 autem
1241 5032 1517 5094 postquam
1551 5030 1687 5082 eruti
1721 5042 1841 5087 sunt

262 5088 489 5158 lapides,
514 5105 566 5148 et
594 5097 762 5164 pulvis
796 5100 986 5168 elatus,
1028 5116 1075 5160 et
1099 5107 1207 5161 alia
1244 5088 1388 5166 terra
1425 5113 1544 5181 lita,
1580 5118 1841 5189 ingressus

250 5185 505 5239 merdas
525 5187 710 5242 viderit
731 5208 987 5248 reversuro
1011 5196 1234 5266 lepram,
1263 5213 1309 5255 et
1341 5206 1565 5273 parietes
1600 5185 1839 5279 aspersas

260 5279 503 5343 maculis,
547 5280 695 5351 lepra
736 5294 808 5339 est
846 5302 1200 5357 perseverans,
1242 5305 1289 5347 et
1320 5296 1592 5354 immunda
1630 5302 1838 5357 domus.

264 5362 321 5417 Si
354 5370 495 5424 enim
522 5372 711 5427 electis
742 5376 901 5432 malis
928 5380 1286 5449 dogmatibus,
1317 5394 1373 5439 et
1405 5387 1528 5443 aliis
1561 5405 1707 5446 sanm
1741 5393 1840 5447 do-

263 5457 451 5545 ctrinm
490 5463 834 5531 introductis,
882 5467 996 5538 ipsa
1032 5488 1220 5528 rursus
1262 5474 1554 5543 impietatis
1594 5483 1839 5537 doctrina

263 5547 570 5607 inveniatur
605 5572 851 5627 aspersa,
887 5561 938 5616 id
977 5572 1079 5628 est,
1125 5564 1318 5621 diffusa
1358 5569 1472 5624 sive
1512 5572 1835 5641 exuberans,

265 5645 391 5696 tunc
440 5648 702 5701 sacerdos
750 5666 854 5705 non
903 5669 967 5706 ex
1019 5653 1312 5725 longinquo
1354 5659 1595 5724 auditus,
1640 5663 1735 5717 sed
1767 5680 1832 5718 ex

266 5730 598 5804 inspectione
639 5756 736 5795 sua
774 5746 1050 5813 cognoscit
1076 5746 1216 5818 quod
1245 5762 1570 5819 permanens
1607 5759 1689 5808 est
1733 5753 1834 5809 im-

1957 599 2344 672 doctorumque
2375 603 2646 669 Ecclesiaz,
2715 604 2768 658 in
2810 620 2915 674 qua
2964 605 3126 661 fuerit
3168 623 3384 668 aspersa
3430 626 3523 664 seu

1956 690 2146 748 dill'usa
2178 694 2443 764 impietas,
2477 696 2776 750 rectissime
2811 696 3139 761 decernitur,
3173 701 3314 767 quod
3347 707 3525 752 osten-

1956 782 2089 837 dunt
2130 784 2430 854 sequentia.
2466 785 2557 840 Ait
2592 787 2735 841 enim
2766 805 2777 840 :
2810 786 2981 852 Quam
3020 787 3195 840 statim
3242 788 3519 851 destruent,

1956 884 2003 928 et
2041 872 2239 946 lapides
2284 876 2399 946 ejus
2437 894 2498 931 ac
2537 876 2681 947 ligna
2733 887 2887 949 atque
2932 878 3225 931 universum
3269 877 3525 948 pulverem

1956 965 2230 1035 projicient
2274 978 2423 1021 extra
2450 968 2717 1038 oppidum,
2768 969 2820 1023 in
2869 967 3037 1023 locum
3077 968 3424 1024 immundum.
3471 968 3527 1024 Id

1956 1058 2058 1119 est,
2104 1071 2210 1111 non
2254 1057 2427 1112 solum
2452 1060 2571 1131 jam
2621 1067 2964 1112 contemnant
3009 1059 3280 1130 dogmata.
3337 1061 3430 1116 sed
3475 1070 3573 1116 ct-

1958 1141 2104 1212 ipsos
2147 1144 2200 1197 in
2239 1145 2433 1214 quibus
2470 1147 2687 1200 iuventa
2728 1146 2951 1211 fuerint,
2988 1158 3042 1202 ct
3073 1151 3169 1203 hos
3198 1164 3263 1203 ex
3293 1166 3523 1219 quorum

1959 1234 2225 1289 locutione
2291 1235 2453 1304 impia
2497 1235 2734 1292 Ecclesia
2798 1240 3152 1303 constiterat,
3207 1255 3529 1309 omnemque

1958 1326 2127 1396 ipsam
2163 1328 2445 1383 destruunt
2493 1328 2788 1385 Ecclesium
2838 1347 2850 1383 :
2902 1330 3057 1385 0άὶνί
3112 1333 3275 1398 enim,
3330 1332 3527 1402 inquit,

1959 1418 2403 1487 congregationem
2449 1419 2819 1488 malignorum,
2866 1430 2914 1474 et
2945 1439 3059 1474 cum
3099 1423 3271 1493 impiis
3302 1439 3403 1476 non
3442 1439 3526 1477 se-

1959 1503 2086 1558 debo
2117 1503 2288 1577 (Psal.
2311 1506 2465 1576 xxv),
2498 1507 2640 1564 sicut
2668 1502 2833 1563 David
2862 1510 3096 1565 dicebat.
3131 1510 3270 1580 Ergo
3294 1520 3348 1566 et
3374 1522 3527 1567 extra

1959 1605 2078 1645 eam
2108 1608 2229 1660 qua:
2264 1593 2317 1647 in
2356 1594 2510 1651 caelis
2557 1603 2640 1649 est
2680 1597 2994 1662 constituta,
3024 1598 3144 1651 viva
3182 1598 3429 1654 videlicet
3467 1614 3533 1655 ac

1958 1698 2086 1737 vera
2115 1684 2420 1740 excluditur
2448 1686 2683 1752 civitate,
2731 1697 2936 1744 etcum
2983 1690 3271 1746 immundis
3316 1702 3530 1764 reputa-

1963 1785 2052 1830 tur
2079 1775 2365 1833 haereticis.
2411 1778 2514 1845 Qui
2560 1781 2829 1835 intrarerit
2875 1782 2928 1836 in
2972 1782 3126 1837 domo
3174 1785 3275 1838 ista
3321 1787 3529 1856 quando

1958 1864 2140 1919 clausa
2175 1876 2270 1932 est,
2317 1867 2371 1921 id
2409 1876 2513 1933 est,
2547 1884 2667 1938 qua:
2704 1868 2918 1925 mulctae
2955 1886 3047 1925 seu
3086 1885 3257 1941 pmnze
3291 1874 3531 1945 subjecta

1957 1963 2060 2019 est,
2092 1955 2181 2024 qui
2224 1954 2498 2026 ingressus
2545 1957 2728 2023 fuerit,
2759 1959 2999 2028 quolibet
3039 1961 3088 2016 ei
3123 1963 3529 2019 communicaus

1957 2046 2352 2111 conventiculo,
2395 2049 2693 2103 immundus
2723 2050 2846 2115 erit,
2880 2067 3051 2120 usque
3089 2052 3213 2107 dum
3248 2056 3529 2123 poeniteat,

1958 2142 2013 2189 et
2039 2133 2208 2190 multo
2243 2137 2411 2205 magis
2436 2138 2526 2207 qui
2550 2138 2600 2191 in
2637 2153 2697 2192 ea
2726 2138 2957 2206 dormit;
2997 2141 3084 2196 hic
3108 2142 3151 2196 si
3180 2143 3393 2211 quidem
3423 2160 3539 2200 non

1958 2227 2118 2281 aliter
2160 2227 2467 2299 suscipitur,
2510 2230 2613 2283 nisi
2647 2229 2898 2300 lacrymis
2928 2230 3118 2287 laverit
3145 2233 3527 2305 intelligibilem

1959 2318 2197 2373 stolam:
2230 2319 2466 2374 dormire
2503 2329 2682 2374 autem
2726 2320 2778 2374 in
2818 2336 2881 2375 ea
2926 2322 3272 2394 intelligimus
3322 2325 3537 2394 requie-

1959 2416 2200 2464 scentem
2242 2409 2293 2463 in
2332 2410 2514 2464 verbis
2549 2408 2699 2479 ejus,
2739 2419 2796 2465 et
2836 2426 2943 2465 non
2987 2412 3391 2467 consuetudinis
3429 2413 3534 2467 ali-

1960 2500 2114 2570 cujus
2158 2515 2319 2555 causa
2366 2500 2419 2554 in
2465 2498 2582 2568 ejus
2624 2500 2864 2555 consiliis
2911 2501 3285 2556 divertcntem.
3338 2501 3445 2558 Sed
3480 2512 3543 2558 et

1960 2589 2049 2659 qui
2084 2590 2377 2645 comederit
2408 2591 2460 2644 in
2496 2606 2580 2654 ea,
2610 2591 2788 2644 cibum
2820 2591 3024 2646 scilicet
3063 2592 3369 2663 mysticum,
3407 2594 3536 2663 quia

1961 2679 2104 2735 illius
2140 2681 2396 2752 mysteria
2435 2681 2708 2750 percipere
2742 2682 3022 2750 praesumit
3056 2681 3332 2748 Ecclesitn,
3370 2698 3532 2752 quam

1962 2771 2227 2825 destruxit
2257 2772 2511 2826 sacerdos
2550 2772 2830 2840 reperiens
2861 2771 3023 2841 impie
3055 2779 3321 2841 agentem,
3360 2781 3413 2825 et
3441 2775 3535 2827 do-

1961 2863 2166 2916 ctrinas
2196 2863 2384 2924 malas,
2418 2861 2470 2917 id
2492 2870 2594 2927 est,
2624 2862 2786 2933 ligna,
2817 2861 3023 2926 fenum,
3054 2862 3304 2932 stipulam
3335 2861 3537 2917 haben-

1962 2960 2090 3005 tem.
2145 2950 2297 3005 Unde
2343 2966 2448 3004 non
2495 2950 2667 3006 solum
2726 2951 2928 3020 lapides
2975 2949 3119 3018 ejus,
3168 2966 3342 3020 neque
3390 2951 3534 3006 enim

1961 3047 2117 3094 erant
2149 3041 2401 3110 pretiosi,
2438 3041 2531 3095 se.l
2570 3049 2623 3095 et
2654 3041 2815 3111 ligna,
2850 3050 2909 3095 ut
2935 3049 3063 3111 pote
3093 3040 3377 3111 conjuncta
3411 3040 3535 3096 leno

1963 3148 2027 3187 ac
2052 3133 2282 3202 stipulae,
2316 3132 2560 3202 projecit.
2592 3133 2879 3202 Sequitur:

2029 3222 2181 3288 Quod
2217 3224 2261 3276 si
2301 3224 2556 3278 introierit
2597 3224 2862 3289 sacerdos,
2891 3233 2938 3277 et
2982 3222 3161 3278 uiderit
3196 3222 3393 3295 lepram
3431 3241 3543 3279 non.

1956 3312 2171 3366 creuisse
2207 3313 2261 3366 in
2290 3312 2526 3379 domum,
2559 3324 2834 3384 postquam
2867 3314 3036 3368 denuo
3075 3314 3225 3369 (inita
3257 3325 3350 3380 est,
3387 3317 3533 3385 puri:

1953 3402 2131 3471 ficabit
2157 3419 2294 3467 eam,
2325 3404 2527 3457 reddita
2556 3405 2802 3458 sanitate.
2836 3402 2904 3457 Et
2941 3406 2993 3459 in
3020 3406 3530 3476 puriﬁcationesejus

1954 3506 2118 3549 sumet
2137 3496 2270 3549 duos
2306 3512 2573 3564 passeres,
2617 3497 2917 3567 lignumque
2957 3500 3226 3554 cedrinum
3263 3509 3311 3553 et
3346 3502 3532 3554 uermi-

1955 3584 2130 3637 cu-lum
2171 3595 2327 3654 atque
2349 3586 2627 3656 ltgswpum
2651 3604 2669 3641 :
2701 3597 2748 3641 et
2786 3589 3061 3643 immolato
3103 3607 3205 3644 uno
3235 3609 3443 3661 passere
3480 3594 3535 3648 in

1954 3689 2071 3726 case
2088 3671 2240 3739 ﬁctili
2271 3689 2429 3742 super
2460 3692 2622 3743 aquas
2647 3677 2809 3738 vivas,
2834 3675 2975 3729 tollet
3010 3676 3203 3746 lignum
3238 3680 3531 3745 cedrinum,

1951 3774 1998 3818 et
2026 3764 2326 3833 hyssopum,
2354 3772 2403 3817 et
2429 3781 2660 3830 coccum,
2692 3776 2752 3819 ει·
2774 3782 3033 3834 passerem
3065 3768 3256 3831 uirum,
3291 3779 3337 3822 et
3373 3772 3532 3824 intin-

1951 3864 2030 3924 get
2070 3854 2244 3907 omnia
2280 3856 2335 3907 in
2379 3855 2632 3924 sanguine
2667 3856 2894 3925 passeris
2943 3855 3219 3921 immolati,
3277 3862 3531 3928 atquein

1950 3944 2100 4013 aquis
2128 3943 2432 4008 viventibus,
2458 3954 2503 3997 et
2535 3954 2767 4014 aspergat
2798 3945 3011 3998 domum
3042 3948 3532 4017 septies,puriﬁca-

1952 4035 2123 4105 bitque
2156 4051 2269 4087 eam
2302 4044 2410 4088 tam
2450 4035 2504 4089 in
2535 4038 2790 4106 sanguine
2831 4039 3085 4106 passeris,
3105 4055 3262 4111 quam
3295 4041 3347 4093 in
3382 4041 3531 4111 aquis

1949 4125 2269 4191 uiuentibus,
2319 4136 2367 4180 et
2412 4128 2467 4181 in
2505 4145 2712 4194 passere
2755 4131 2899 4194 rivo,
2952 4129 3191 4201 lignoque
3229 4132 3440 4185 cedrino
3461 4143 3529 4185 .-et

1948 4218 2167 4287 leg/scopo
2192 4226 2350 4289 atque
2376 4218 2675 4272 vermiculo.
2709 4218 2941 4281 Cumque
2973 4222 3225 4274 dimiserit
3266 4237 3529 4291 passerem

1948 4307 2155 4361 avolare
2193 4308 2259 4361 in!
2295 4324 2479 4378 agrum
2526 4307 2708 4371 libere,
2756 4310 2923 4362 orabit
2969 4326 3062 4378 pro
3100 4315 3285 4375 domo,
3327 4320 3375 4364 et
3404 4328 3529 4380 Jure

1947 4403 2304 4456 mandabitur.
2327 4402 2491 4471 Cujus
2530 4404 2830 4474 imaginem.
2856 4404 2971 4458 lure
3000 4405 3297 4470 sacrificia,
3321 4406 3388 4460 de
3411 4406 3531 4475 qui-

1951 4488 2050 4543 bus
2076 4490 2317 4560 loquitur
2345 4493 2883 4563 lcgislator,.gerant,
2921 4511 3020 4565 per
3052 4498 3323 4552 anteriora
3358 4494 3531 4553 subti-

1948 4582 2072 4637 liter
2098 4585 2463 4654 csposuimus,
2489 4586 2785 4655 quandoxea
2813 4596 2869 4642 et
2898 4587 2958 4641 in
2976 4604 3294 4658 unoquoque
3316 4589 3527 4660 leproso

1950 4675 2118 4744 accipi
2156 4678 2432 4747 praecepit.
2461 4676 2577 4732 Hoc
2606 4687 2785 4733 autem
2816 4682 3120 4735 necessarie
3154 4681 3369 4745 dicitur,
3398 4682 3524 4752 quia

1949 4766 2233 4822 manifeste
2279 4775 2504 4838 apparet
2547 4769 2691 4838 quod
2742 4768 3020 4837 legislator
3062 4770 3208 4825 illam
3261 4774 3432 4843 magis
3471 4772 3524 4826 in

1948 4857 2188 4913 Ecclesia
2248 4858 2558 4914 docentium
2617 4858 2979 4929 iniquitatem,
3029 4875 3151 4929 qua:
3199 4869 3282 4916 est
3329 4860 3383 4916 in
3430 4860 3525 4916 do-

1948 4958 2146 5019 gmate,
2195 4950 2595 5019 reprehendat:
2638 4966 2758 5020 qua:
2804 4951 2856 5005 in
2904 4952 3359 5021 dispensationem
3403 4951 3524 5023 ejus
3592 4998 3603 5010 .

1947 5037 2037 5107 qui
2075 5054 2183 5108 pro'
2216 5039 2370 5094 nobis
2407 5048 2492 5094 est
2534 5039 2848 5095 incarnatus
2894 5041 3269 5105 committitur,
3306 5049 3360 5097 et
3398 5057 3525 5112 pro-

1946 5137 2129 5194 pterea
2153 5127 2205 5182 in
2228 5127 2445 5182 domum
2470 5129 2829 5184 mundandam
2856 5130 2969 5185 htee
2991 5131 3237 5200 accipere
3256 5132 3519 5187 sacrificia

1945 5221 2218 5289 praecepit,
2262 5237 2384 5291 qua:
2423 5221 2741 5291 mysterium
2779 5220 2898 5289 ejus
2932 5222 3114 5277 cernis
3151 5222 3522 5293 passionisque

1950 5308 2199 5378 figurant,
2232 5320 2291 5363 ut
2322 5321 2448 5380 pote
2475 5324 2595 5380 qua:
2636 5308 2965 5365 sullicienter
2994 5326 3093 5380 per
3128 5313 3243 5372 has,
3286 5326 3406 5378 quae
3453 5310 3519 5364 de

1946 5395 2030 5450 bis
2059 5406 2220 5461 sunt,
2255 5399 2554 5468 theologias
2587 5399 2759 5464 possit
2805 5414 3002 5453 sanare
3036 5398 3381 5469 peccantium.
3417 5397 3516 5451 lin-

1944 5501 2093 5554 guas,
2121 5488 2408 5558 omniaque
2433 5504 2622 5545 eorum
2656 5494 2918 5548 mundare
2946 5499 3184 5562 peccata.
3218 5488 3474 5558 Sequitur
3499 5508 3512 5544 :

2014 5573 2127 5628 Ista
2158 5586 2233 5630 est
2269 5578 2438 5631 omnis
2476 5577 2561 5632 lea;
2594 5579 2753 5649 leprw
2786 5591 2834 5634 et
2868 5593 3211 5650 percussura',
3248 5576 3404 5646 lepra:
3434 5595 3514 5633 ue-

1941 5667 2098 5719 stium
2123 5679 2171 5721 et
2199 5670 2496 5734 domorum,
2528 5672 2788 5725 cicatricis
2817 5684 2862 5725 et
2890 5669 3265 5737 erumpentium
3294 5671 3518 5738 pupulu-

1942 5770 2056 5809 rum
2085 5755 2301 5812 lucentis
2345 5759 2595 5825 macula»,
2632 5770 2681 5813 et
2720 5764 2772 5814 in
2812 5760 2981 5813 varias
3022 5760 3213 5828 species
3251 5761 3512 5817 coloribus
3568 5835 3577 5848 .
