3956 6176
412 321 513 376 403

1044 315 1106 369 Β.
1148 312 1403 369 ιιΑΒΑΝι
1439 312 1658 369 MAURI
1696 313 1966 369 ARCHiEl

2068 311 2369 370 MOGUNT.
2408 313 2693 371 OPERUM
2733 315 2918 371 PARS
2957 317 2996 370 l.

3537 320 3644 378 tot

394 430 711 494 immutatis,
751 436 804 482 ut
837 426 997 496 possit
1030 427 1153 479 sciri
1180 440 1281 494 quo
1307 432 1530 493 tempore
1557 423 1810 478 mundum
1839 425 1966 495 quid
1994 428 2041 488 Α
2071 426 2234 481 rietes
2264 435 2423 481 terrre
2459 426 2821 496 possessionis
2845 428 3049 481 ostensi
3086 436 3241 492 sunt,
3278 430 3474 486 deinde
3505 435 3649 488 cica-

403 519 480 575 vel
504 518 830 575 immundum
853 516 940 570 sit.
976 514 1086 587 (Ex
1110 512 1415 584 Hesychia.)
1444 512 1547 566 Ista
1577 520 1660 567 cst
1683 513 1860 567 omnis
1886 512 1967 567 lex

407 614 588 684 leprte.
632 611 766 679 Quia
797 610 957 664 latius
983 608 1315 663 sanctionem
1358 605 1517 676 lepra:
1547 606 1824 674 exposuit,
1870 621 1963 659 ne-

402 704 697 760 cessarium
719 700 983 773 judicavit
1007 697 1123 766 ejus
1151 698 1407 751 reiterare
1435 694 1688 765 capitula.
1726 695 1791 749 Et
1819 694 1969 766 prius

401 794 617 865 quidem
649 791 979 861 complexive
1015 803 1201 859 genus,
1242 795 1364 856 post
1400 786 1514 840 haec
1552 793 1731 839 autem
1761 784 1969 854 species

401 900 497 954 per
522 890 704 954 partes
732 880 981 950 exponit;
1024 893 1146 932 cum
1187 878 1329 931 enim
1366 876 1532 941 dixit,
1569 875 1669 928 ista
1698 884 1772 928 est
1800 875 1968 928 omnis

398 974 483 1029 (ea:
506 972 679 1043 leprtr,
703 969 1033 1040 complcxive
1059 985 1229 1039 genus
1254 967 1520 1033 ostendit;
1555 966 1763 1038 species
1788 974 1967 1019 autem

399 1063 610 1133 generis
662 1068 790 1115 sunt
841 1058 1196 1129 apertissima:
1238 1072 1359 1127 quae
1409 1056 1464 1111 in
1514 1056 1968 1127 subsequentibus

397 1155 631 1217 addidit,
673 1166 991 1223 pra‘ponens
1020 1159 1166 1205 recte
1192 1164 1536 1220 percussurus,
1565 1148 1707 1216 quod
1742 1164 1847 1201 non
1884 1156 1967 1201 est

396 1243 764 1313 qualecunque
803 1248 1079 1309 peccatum
1107 1279 1121 1296 .
1170 1238 1412 1292 omnium
1459 1237 1657 1306 quippe
1699 1252 1819 1291 esse
1862 1238 1964 1291 hoc

394 1331 630 1387 deterius
651 1331 902 1385 diximus.
935 1333 1027 1387 Est
1046 1339 1224 1382 autem
1245 1325 1554 1396 dogmatum
1577 1325 1825 1395 impietas
1846 1340 1965 1393 qua:

394 1423 657 1492 contingit
685 1419 1004 1492 quibusdam
1037 1417 1103 1471 de
1137 1417 1355 1488 populo,
1385 1415 1451 1469 de
1480 1414 1676 1484 quibus
1714 1424 1770 1469 et
1808 1415 1965 1485 legis-

396 1513 531 1567 lator
559 1512 810 1567 dicebat:
852 1508 946 1563 Vir
990 1516 1078 1562 aut
1126 1506 1315 1560 mulier
1362 1508 1414 1558 in
1457 1521 1559 1575 quo
1607 1503 1764 1572 fuerit
1808 1504 1962 1574 plaga

394 1602 569 1671 leprte.
602 1600 658 1654 Si
686 1607 860 1653 autem
887 1596 1255 1651 tantummodo
1281 1595 1621 1649 sacerdotum
1649 1595 1959 1648 memoriam

397 1691 647 1755 fecisset,
700 1688 981 1743 mulierem
1014 1685 1236 1740 minime
1266 1684 1617 1738 nominasset.
1675 1683 1804 1736 Post
1849 1684 1962 1737 haec

2072 517 2216 571 tricis
2255 526 2302 570 et
2342 525 2721 586 erumpenttum
2769 518 3081 588 populorum
3122 522 3436 576 memoriam
3474 522 3646 591 facit,

2072 606 2273 677 lepram
2302 619 2485 661 veram
2517 606 2828 661 describens
2864 622 2982 661 eam
3012 623 3133 678 qua:
3168 618 3255 663 est
3290 610 3342 665 in
3380 615 3649 681 peccatis,

2071 698 2183 751 sive
2210 697 2409 761 dubiis,
2453 698 2565 750 sive
2596 698 2854 767 probatis.
2895 698 3155 754 Omnibus
3187 709 3367 755 autem
3399 704 3485 757 bis
3516 706 3649 760 sub-

2070 787 2233 849 didit,
2274 796 2329 839 ut
2363 787 2520 856 possit
2561 788 2686 840 sciri
2716 805 2816 857 quo
2853 797 3081 858 tempore
3119 791 3369 845 mundum
3397 795 3524 863 quid
3566 795 3649 848 cel

2068 876 2393 930 immundum
2421 876 2519 941 sit,
2558 879 2851 931 ostendens
2879 879 3003 947 quia
3037 889 3164 933 tunc
3191 881 3512 951 delinquens
3542 885 3649 938 int-

2069 966 2301 1017 mundns
2330 974 2436 1030 est,
2468 968 2686 1033 quando
2715 968 2893 1021 sciens
2921 969 3257 1036 peccaverit,
3294 972 3513 1038 quando
3549 988 3650 1026 au-

2068 1064 2175 1111 tem
2202 1056 2478 1127 ignorans,
2502 1058 2710 1112 veniam
2733 1067 2955 1129 propter
2982 1061 3341 1129 ignorantiam
3371 1072 3644 1120 meretur:

2067 1147 2204 1201 sicut
2242 1155 2297 1201 et
2332 1162 2507 1203 caecus
2542 1148 2841 1215 oll'endcns,
2873 1151 2947 1204 ita
2973 1160 3032 1205 ut
3060 1151 3319 1207 Dominus
3349 1155 3414 1209 de
3441 1154 3647 1214 Iudaeis

2066 1238 2313 1292 diceret:
2361 1236 2421 1293 Si
2465 1238 2590 1292 caeci
2634 1240 2843 1306 essetis,
2893 1258 2997 1295 non
3036 1242 3295 1295 haberetis
3337 1256 3647 1313 peccatum;

2064 1343 2202 1380 nunc
2238 1339 2411 1381 autem
2447 1327 2622 1382 dicitis
2655 1329 2779 1398 quia
2809 1329 3059 1397 videmus,
3103 1342 3370 1401 peccatum
3414 1346 3643 1389 vestrum

2062 1428 2234 1472 manet
2260 1417 2441 1488 (Joan.
2468 1420 2565 1490 Ix).
2604 1419 2709 1475 Sed
2737 1437 2836 1476 nos
2861 1422 3034 1476 oculis
3060 1424 3302 1479 scientia:
3331 1426 3399 1480 ad
3428 1441 3493 1483 ea
3520 1444 3645 1498 quas

2061 1508 2349 1577 expediunt
2388 1518 2623 1577 utamur,
2672 1519 2732 1565 ut
2779 1528 2877 1583 per
2918 1513 3064 1584 ipsos
3105 1516 3371 1571 evitemus
3414 1531 3651 1587 peccata

2061 1599 2548 1670 conquiramusque
2578 1602 2934 1669 munditiam;
2981 1605 3216 1660 sciamus
3251 1608 3392 1661 diem
3436 1611 3492 1663 in
3531 1627 3641 1681 qua

2063 1690 2468 1755 mundabimur,
2508 1693 2842 1763 scientesque
2871 1712 3250 1763 occurramus;
3281 1708 3335 1753 et
3360 1707 3529 1755 totam
3557 1701 3639 1756 le-

395 1780 598 1849 lepram
624 1793 743 1848 qua:
769 1785 851 1832 est
883 1776 934 1830 in
962 1776 1249 1829 virtutibus
1277 1775 1483 1844 posuit,
1518 1774 1631 1829 lucc
1662 1782 1787 1827 sunt
1811 1774 1951 1828 enim
1988 1811 2029 1868 Β
2055 1796 2175 1847 gem
2204 1782 2365 1852 leprae
2395 1784 2797 1851 custodiamus;
2838 1789 3021 1842 mundi
3067 1790 3213 1846 enim
3246 1791 3345 1847 hoc
3377 1793 3539 1851 modo
3582 1794 3645 1848 in

393 1869 584 1923 anima:
609 1868 945 1923 vestimenta.
985 1864 1179 1921 Postea
1209 1881 1328 1935 qua:
1356 1873 1480 1920 sunt
1507 1865 1560 1918 in
1588 1864 1951 1918 Ecclesiarum

392 1964 699 2019 doctoribus
737 1977 801 2018 ac
838 1959 1241 2017 sacerdotibus:
1286 1959 1339 2014 bi
1370 1959 1513 2013 enim
1554 1958 1751 2012 domus
1779 1965 1832 2011 et
1859 1973 1955 2028 pa-

1522 2088 1605 2095 —..

888 2374 1114 2431 CAPUT
1151 2368 1439 2429 PRIMUM.

393 2463 468 2522 De
510 2470 621 2522 t‘ira
659 2467 745 2538 qui
787 2467 825 2538 ﬂ
852 2480 988 2521 trum
1032 2467 1242 2548 seminis
1282 2467 1499 2535 patitur.
1537 2474 1583 2517 et
1616 2464 1954 2517 mundatione

1083 2553 1267 2605 tpsms.

463 2646 671 2717 (Luvt'r.
704 2643 818 2713 xv.)
864 2645 1191 2715 Locutusque
1227 2654 1300 2698 est
1333 2642 1588 2699 Dominus
1631 2650 1699 2698 ad
1742 2644 1955 2713 Moysen

391 2749 437 2791 et
475 2737 673 2800 Aaron,
712 2735 930 2790 dicens:
968 2731 1267 2805 Loquimini
1300 2734 1426 2804 ﬁliis
1462 2733 1652 2803 Israel,
1692 2745 1740 2789 et
1776 2734 1957 2789 dicetis

392 2828 463 2881 eis
487 2840 505 2877 :
546 2824 639 2879 Vir
673 2826 762 2895 qui
803 2826 1001 2895 patitur
1034 2826 1236 2894 ﬂuxum
1270 2825 1479 2878 seminis
1505 2823 1803 2877 immundus
1837 2823 1956 2887 erit,

392 2927 436 2970 et
465 2927 586 2970 tunc
610 2916 941 2985 judicabitur
965 2916 1087 2969 huic
1114 2916 1235 2969 vitio
1263 2914 1551 2985 subjacere,
1581 2931 1698 2967 cum
1725 2930 1817 2985 per
1844 2929 1957 2965 mo-

394 3012 565 3056 menta
593 3002 798 3072 singula
828 3002 1104 3057 adhrrserit
1133 3002 1280 3056 carni
1308 3002 1473 3068 illius,
1505 3012 1658 3074 atque
1686 3019 1958 3057 concreve-

2060 1872 2351 1929 Dominicis
2382 1875 2742 1933 tabernaculis
2767 1879 3151 1937 habitabimus.

2199 2084 3633 2118 ‘W

1582 2179 1877 2255 LIBER
1948 2175 2416 2268 QUINTUS

1674 2313 2015 2323 .———_.__.-

2017 2306 2389 2322 _.ﬂ

2059 2376 2099 2427 si
2129 2389 2309 2428 sermo
2329 2388 2511 2427 ~emen
2544 2388 2650 2424 non
2686 2379 2850 2434 esset,
2884 2368 2951 2422 de
2982 2369 3310 2439 prardicante
3338 2365 3506 2421 Paulo
3538 2383 3639 2422 ne—

2058 2480 2325 2533 quaquam
2344 2465 2643 2520 diceretur:
2669 2462 2808 2528 Quid
2832 2461 3055 2516 sibivult
3074 2460 3473 2514 seminiverbius
3495 2461 3645 2513 diee-

2057 2574 2113 2612 re
2133 2555 2454 2625 (Acuvm)?
2474 2557 2544 2610 De
2561 2571 2665 2623 quo
2681 2567 2731 2610 et
2750 2552 2927 2609 Lucas
2946 2553 3229 2623 dicit:lpse
3242 2554 3378 2607 enim
3396 2562 3511 2607 erat
3525 2553 3645 2606 dux

2059 2649 2348 2717 verbilAct.
2368 2648 2502 2716 xiv).
2524 2648 2720 2703 Semen
2739 2663 2888 2717 ergo,
2904 2647 3021 2702 usui
3041 2645 3345 2717 propaginis
3366 2645 3651 2709 dicatum,

2057 2729 2480 2795 incoutpetenter
2507 2725 2706 2785 tinens,
2757 2732 2948 2775 caetera
2992 2727 3230 2774 membra
3271 2729 3631 2786 cmuqutnat,

2058 2834 2181 2873 cum
2212 2832 2389 2871 sermo
2418 2831 2514 2886 per
2538 2829 2696 2883 quem
2739 2813 2792 2866 in
2830 2810 3161 2866 audientium
3199 2808 3449 2863 sensibus
3484 2809 3636 2861 nasci

2058 2910 2281 2964 scientia
2307 2907 2512 2969 debuit,
2543 2906 2586 2959 si
2616 2903 2917 2959 inordinate
2943 2902 3187 2971 prodeat,
3210 2899 3374 2954 etiam
3403 2915 3527 2971 quae
3553 2914 3641 2954 re-

2058 3007 2144 3053 cte
2166 2997 2398 3069 senserit
2418 2994 2601 3049 foedat.
2631 2993 2730 3060 Qui
2754 3008 2882 3063 ergo
2904 2990 3106 3044 ﬂuxum
3134 2990 3355 3043 seminis
3373 2990 3640 3053 sustinet,

393 3098 458 3150 rit
485 3097 652 3166 fwdus
683 3097 886 3149 humor.
929 3094 1023 3148 Vir
1046 3097 1135 3164 qui
1173 3096 1369 3165 patitur
1394 3093 1596 3164 ﬂuxum
1625 3095 1835 3149 seminis
1862 3093 1956 3147 im-
1986 3079 2028 3136 (ἶ
2063 3088 2369 3144 immundus
2410 3085 2687 3147 asseritur,
2733 3085 2857 3153 quia
2902 3082 3238 3151 multiloqnio
3279 3081 3531 3135 subditus
3566 3096 3639 3135 ex

392 3185 619 3238 mundus
663 3184 791 3247 erit,
844 3184 1192 3254 Septuaginta
1234 3192 1413 3238 autem
1454 3185 1532 3239 sic
1566 3185 1772 3238 edunt:
1806 3179 1953 3247 Viro,

391 3274 502 3327 uiro
545 3274 629 3326 cui
678 3274 874 3342 factum
919 3273 1108 3342 fuerit,
1156 3282 1209 3326 et
1255 3282 1466 3327 cratera.
1518 3272 1626 3344 (Ea:
1651 3269 1955 3343 Hesychia.)

395 3359 616 3427 Quoties
652 3361 792 3415 enim
833 3359 1068 3431 duplicat
1101 3361 1203 3416 hoc
1237 3363 1376 3415 unde
1424 3363 1733 3415 mandatum
1779 3363 1956 3423 datur,

397 3449 747 3504 intentionem
778 3449 910 3520 legis
934 3449 1079 3520 cupit
1107 3451 1410 3515 ostcnlcrc,
1441 3460 1496 3504 et
1523 3460 1778 3521 quantam
1814 3451 1959 3505 solli—

395 3542 686 3597 citudinem
738 3542 933 3595 habeat
982 3541 1254 3613 legislator
1301 3551 1357 3596 ut
1403 3541 1536 3597 nihil
1586 3542 1698 3607 eius
1747 3543 1960 3612 penitus

394 3639 696 3701 praetereat.
733 3631 883 3686 Sicut
909 3632 1122 3700 quando
1147 3632 1275 3687 dicit
1300 3650 1315 3685 :
1349 3632 1543 3697 Homo,
1565 3633 1717 3686 homo
1746 3633 1810 3686 de
1836 3633 1960 3701 [iliis

393 3722 585 3788 Israel,
631 3732 677 3776 et
703 3722 768 3776 de
795 3722 1026 3787 advenis,
1072 3732 1119 3777 et
1153 3724 1241 3794 qui
1282 3722 1543 3792 conjuncti
1578 3735 1698 3776 sunt
1736 3724 1831 3786 eis,
1871 3722 1960 3792 qui
1982 3719 1994 3735 '

397 3816 575 3885 fecerit
618 3813 999 3879 holocaustum,
1048 3824 1138 3867 aut
1179 3814 1527 3882 sacri/icium,
1573 3823 1619 3866 ct
1662 3814 1731 3867 ad
1774 3816 1961 3868 ostium

396 3904 675 3958 testimonii
720 3903 1040 3957 tabernaculi
1086 3920 1187 3957 non
1232 3904 1511 3957 adduxerit
1556 3904 1624 3957 ad
1667 3903 1961 3967 faciendum

398 3995 494 4048 hoc
517 3993 762 4059 Domino,
785 3994 1212 4049 exterminabitur
1234 3994 1385 4047 homo
1414 3993 1500 4046 il’e
1523 3995 1587 4046 de
1610 3994 1798 4064 populo
1826 3995 1960 4063 qius.

398 4085 467 4140 Et
490 4085 576 4140 bis
607 4084 711 4139 alia
740 4083 966 4149 similia,
1005 4083 1071 4138 de
1100 4099 1325 4153 quorum
1351 4086 1762 4139 conservatione
1790 4086 1961 4138 maxi-

403 4191 546 4230 mam
576 4174 852 4245 legislator
879 4189 1061 4228 curam
1090 4175 1257 4245 gessit
1283 4216 1295 4228 .
1331 4174 1427 4229 llic
1456 4185 1631 4229 autem
1669 4176 1964 4231 secundum

400 4266 712 4336 praedictam
742 4264 1162 4321 meditationem
1209 4279 1313 4319 non
1359 4265 1530 4329 dixit,
1576 4265 1751 4331 homo,
1789 4266 1961 4330 homo,

404 4359 497 4413 sed
522 4359 650 4423 viro,
682 4358 811 4424 viro,
845 4357 1121 4427 duplicans
1165 4358 1381 4425 quidem
1415 4357 1868 4430 quemadmodum
1910 4365 1965 4413 et

2058 3194 2123 3231 eo
2162 3193 2219 3231 se
2257 3176 2524 3246 inquinat,
2553 3174 2695 3244 quod
2743 3174 2786 3227 si
2836 3172 3084 3227 ordinate
3131 3181 3401 3240 proruerat
3427 3170 3640 3241 prolem

2058 3276 2220 3321 recte
2262 3265 2603 3335 cogitationis
2644 3264 2806 3319 edere
2851 3264 2904 3317 in
2949 3263 3277 3316 audientium
3321 3264 3485 3317 corde
3532 3277 3636 3333 po-

2059 3358 2283 3419 tuisset;
2336 3357 2567 3423 dumque
2600 3355 2848 3408 incautus
2881 3369 2976 3423 per
3006 3353 3384 3422 loquacitatem
3414 3351 3638 3420 deﬂuit,

2061 3440 2171 3503 non,
2199 3449 2267 3503 ad
2291 3463 2446 3501 usum
2476 3447 2687 3518 generis
2710 3488 2724 3510 ,
2775 3446 2866 3500 sed
2911 3445 2979 3498 ad
3025 3446 3419 3501 immunditiam
3449 3458 3641 3500 semen

2063 3539 2253 3592 fundit.
2296 3538 2447 3593 Un‘le
2473 3536 2669 3591 Paulus
2700 3550 2913 3605 quoque
2949 3549 3073 3589 cum
3102 3535 3420 3604 discipulum
3453 3536 3520 3589 dc
3550 3536 3641 3588 in-

2062 3632 2258 3686 stantia
2304 3629 2703 3699 prmdicationis
2749 3629 3064 3682 admoneret
3103 3627 3325 3680 dicens:
3363 3625 3645 3694 Testiﬁcor

2063 3728 2237 3778 coram
2268 3723 2374 3777 Deo
2407 3732 2455 3776 et
2480 3720 2688 3775 Christo
2714 3718 2866 3784 Iesu,
2904 3719 2993 3789 qui
3025 3718 3361 3788 judicaturus
3390 3728 3467 3772 est
3498 3719 3644 3772 viras

2063 3831 2124 3867 ac
2152 3824 2405 3877 mortuos,
2445 3821 2492 3865 et
2531 3812 2806 3865 adventum
2836 3827 2972 3881 ejus,
3010 3820 3057 3863 et
3091 3826 3301 3878 regnum
3332 3810 3471 3879 ejus,
3498 3826 3645 3878 pra!—

2063 3903 2180 3956 dica
2202 3903 2430 3963 verbum,
2454 3903 2591 3955 insta
2618 3911 2919 3971 opportune,
2947 3901 3240 3971 importune
3261 3899 3342 3971 (II
3374 3899 3509 3955 Tim.
3538 3904 3640 3971 tv),

2064 3998 2308 4054 dicturus
2341 3998 2650 4067 importune,
2675 3996 2933 4066 praemisit
2951 4006 3268 4065 opportune,
3286 3998 3410 4065 quia
3436 3998 3649 4054 scilicet

2065 4089 2211 4157 apud
2234 4087 2495 4141 auditoris
2523 4093 2776 4149 mentem,
2808 4086 2921 4154 ipsa
2952 4103 3049 4140 sua
3074 4087 3278 4140 vilitate
3304 4102 3360 4140 se
3388 4086 3642 4149 destruit,

2066 4179 2110 4235 si
2140 4179 2340 4234 habere
2371 4176 2746 4247 importunitas
2773 4176 3229 4246 opportunitatem
3264 4176 3456 4229 nescit.
3488 4176 3647 4244 Quod

2066 4280 2244 4325 autem
2285 4268 2451 4323 dicit:
2487 4265 2630 4321 Tunc
2662 4266 2996 4335 judicabitur
3022 4266 3143 4319 huic
3186 4265 3304 4319 vitio
3345 4267 3644 4335 subjacere,

2070 4379 2187 4416 cum
2212 4378 2303 4431 per
2320 4367 2579 4412 momenta
2604 4355 2815 4428 singula
2837 4356 3112 4409 adha‘serit
3136 4356 3282 4409 carni
3306 4355 3471 4419 illius,
3492 4367 3651 4427 atque

402 4454 473 4506 ibi
512 4467 829 4522 personam;
872 4461 1089 4522 propter
1118 4426 1484 4507 fortitudinem
1513 4468 1641 4507 vero
1675 4452 1752 4507 sic
1786 4452 1967 4522 appel-
1994 4426 2045 4485 Ῑ)
2072 4426 2383 4504 concreverit
2427 4448 2594 4517 [tedas
2635 4426 2841 4499 humor.
2896 4446 3043 4500 Tunc
3082 4460 3293 4516 quoque
3320 4447 3652 4515 probabitur

404 4543 531 4597 lavit
555 4551 921 4612 perceptorem
946 4541 1095 4611 legis,
1119 4557 1225 4610 quo
1247 4541 1505 4597 vocabulo
1533 4558 1648 4595 mos
1673 4551 1754 4595 cst
1776 4543 1970 4596 divina:

404 4633 698 4700 Scripturtc
734 4630 1039 4701 signiﬁcare
1075 4646 1196 4684 cum
1235 4631 1323 4699 qui
1363 4631 1649 4701 perfectior
1674 4641 1773 4684 est.
1820 4630 1973 4696 Quod

405 4722 641 4777 ostendit
667 4720 941 4785 Salomon,
964 4722 1147 4776 dicens
1172 4740 1183 4774 :
1218 4720 1402 4775 Virum
1430 4732 1602 4775 autem
1629 4720 1829 4789 ﬁdelem
1859 4724 1973 4793 quis

406 4811 624 4866 inreniet
655 4804 836 4882 (Prov.
866 4809 1002 4883 xx)?
1054 4810 1159 4866 Sed
1203 4820 1258 4866 et
1301 4810 1539 4866 Paulus;
1589 4812 1761 4866 Donec
1790 4829 1973 4866 occur-

409 4915 587 4954 ramus
616 4916 789 4954 omnes
816 4902 872 4953 in
898 4900 1062 4954 virum
1099 4899 1380 4970 perfectum
1406 4902 1459 4955 iu
1486 4917 1779 4955 mensuram
1809 4901 1975 4955 (etatis

411 4987 744 5051 plenitudinis
771 4986 961 5042 Christi
988 4988 1202 5059 (Ephes.
1231 4991 1323 5061 tv).
1373 4989 1479 5061 (lia;
1522 4988 1814 5062 Gregorio.)
1861 4990 1975 5057 Vir,

416 5074 613 5148 inquit,
646 5079 735 5148 qui
761 5081 961 5149 patitur
983 5080 1185 5148 ﬂuxum
1210 5081 1439 5136 seminis.
1482 5080 1617 5147 Quid
1655 5093 1739 5136 est
1776 5098 1975 5149 sermo,

413 5169 514 5227 nisi
560 5183 779 5234 semen,
828 5169 917 5238 qui
955 5170 1080 5224 dum
1124 5171 1368 5224 ordinate
1411 5172 1661 5233 mittitur,
1713 5172 1979 5229 audientis

415 5275 605 5325 mens,
653 5258 806 5328 quasi
850 5259 1203 5329 concipientis
1245 5269 1468 5326 uterus,
1518 5261 1583 5317 ad
1628 5260 1751 5317 boni
1801 5263 1979 5330 operis

410 5352 617 5424 prolem
645 5351 993 5416 fecundatur;
1030 5352 1072 5406 si
1102 5368 1229 5406 vero
1255 5352 1557 5421 importune
1581 5352 1799 5419 defluat,
1826 5354 1981 5409 emit-

415 5424 614 5497 tentem
640 5440 902 5512 polluens,
922 5441 1211 5509 generandi
1235 5441 1485 5496 virtutem
1507 5442 1702 5511 perdit,
1726 5442 1779 5496 in
1804 5451 1983 5497 mente

414 5533 610 5602 quippe
637 5532 969 5588 audientium
998 5546 1180 5586 semen
1213 5542 1478 5588 secutura:
1506 5534 1849 5602 cogitationis
1877 5542 1979 5598 est,

414 5620 610 5676 auditae
661 5622 895 5690 qualitas
943 5620 1260 5686 locutionis;
1315 5622 1441 5691 quia
1487 5623 1611 5677 dum
1660 5637 1757 5692 per
1798 5637 1982 5679 aurem

417 5719 594 5761 scrtuo
619 5713 932 5782 concipitur,
957 5711 1211 5782 cogitatio
1234 5711 1285 5765 in
1309 5721 1487 5766 mente
1510 5720 1815 5786 generatur.
1849 5710 1982 5766 Nam

2072 4542 2423 4600 immundititc
2443 4541 2619 4595 [luxus
2641 4539 2884 4601 seminis,
2909 4539 3008 4593 hoc
3030 4548 3130 4601 est,
3158 4540 3359 4594 nociva:
3385 4540 3652 4595 doctrina:

2074 4632 2349 4701 subiacere
2372 4673 2386 4697 ,
2435 4648 2556 4686 cum
2604 4629 2939 4699 frequentius
2984 4631 3233 4700 pravitati
3265 4646 3456 4685 sensus
3483 4640 3651 4700 atque

2076 4720 2356 4791 superﬂua:
2384 4722 2669 4775 verborum
2706 4718 2953 4774 εισιιεὶοηί
2989 4734 3209 4789 operam
3247 4720 3488 4785 dederit,
3540 4737 3652 4790 quo

2077 4812 2248 4881 magis
2269 4826 2367 4881 per
2385 4806 2744 4879 arrOgantiam
2782 4808 3123 4879 temporalem
3149 4809 3371 4880 gloriam
3413 4822 3649 4879 quaerat,

2075 4916 2237 4970 quam
2279 4901 2333 4954 in
2371 4899 2575 4954 caelesti
2614 4914 2778 4968 regno
2814 4908 3087 4969 perpetua:
3115 4899 3378 4953 mercedis
3407 4898 3651 4954 fructum

2075 4992 2352 5062 percipere
2381 4998 2616 5059 appetat.

2151 5082 2315 5136 Omne
2350 5090 2572 5136 stratum
2608 5082 2663 5134 in
2699 5096 2801 5150 quo
2837 5080 3128 5143 dormierit,
3160 5078 3489 5132 immundum
3528 5081 3652 5155 erit,

2078 5183 2125 5227 et
2152 5172 2441 5243 ubicunque
2466 5172 2675 5226 sederit.
2715 5171 2773 5227 Si
2801 5174 2917 5242 quis
2945 5173 3213 5226 hominum
3242 5172 3461 5241 tetigerit
3490 5172 3656 5241 lectu»

2079 5264 2189 5316 lum
2222 5262 2356 5333 ejus,
2395 5261 2589 5317 Iuvabit
2620 5263 2915 5317 vestimenta
2944 5280 3065 5329 sua,
3106 5272 3153 5317 et
3195 5263 3305 5332 ipse
3333 5260 3469 5315 lotus
3513 5279 3654 5332 aqua

2080 5352 2381 5406 immundus
2420 5351 2516 5405 erit
2559 5369 2720 5422 usque
2759 5353 2827 5405 ad
2872 5369 3152 5422 vesperam.
3202 5352 3310 5419 (Ea:
3345 5350 3654 5421 Hesychia.)

2081 5442 2346 5507 Quoniam
2378 5442 2559 5497 multa:
2588 5443 2758 5497 aliena
2790 5444 3094 5498 docentium
3123 5444 3329 5513 species
3359 5450 3504 5503 sunt,
3536 5444 3656 5513 qni-

2083 5534 2204 5586 dam
2233 5534 2395 5598 enim,
2428 5534 2565 5588 sicut
2592 5533 2727 5586 dixit
2755 5532 2971 5597 Paulus,
3002 5548 3099 5603 per
3133 5534 3407 5599 invidiam,
3432 5534 3655 5603 quidam

2085 5632 2259 5677 autem
2286 5638 2383 5692 per
2410 5622 2805 5677 contentionem
2824 5662 2840 5688 ,
2879 5624 3096 5692 quidam
3127 5638 3252 5678 vero
3282 5638 3378 5692 per
3402 5624 3657 5693 ignoran-

2088 5711 2238 5776 tiam,
2260 5711 2474 5779 quidam
2498 5724 2562 5767 ex
2597 5713 2881 5770 temerario
2908 5714 3264 5784 multiloquio,
3293 5713 3360 5770 de
3384 5728 3494 5784 quo
3518 5715 3656 5771 dixit
