3956 6176
263 341 366 398 805

1186 333 1685 399 EXPOSITIONES
1718 340 2222 399 lN‘LEVITlCUM.
2262 372 2331 385 --
2368 344 2497 403 LIB.
2540 344 2603 400 V.

3411 352 3523 408 106'

262 457 347 512 ille
373 456 653 526 Sapiens:
699 455 764 509 In
802 455 1131 527 multiioquio
1172 471 1276 510 non
1317 456 1533 527 eﬂ’agies
1571 466 1840 527 peccatum
1869 462 1918 520 Α
2014 458 2119 524 Qui
2155 458 2376 530 tetigerit
2409 475 2621 513 carnem
2657 475 2792 528 ejus,
2832 459 3026 516 (arabit
3063 463 3359 520 restituente
3391 480 3514 531 sua,

262 548 440 620 (Prov.
470 549 560 617 ι),
602 548 825 617 quidam
857 556 1037 601 autem
1065 562 1131 601 ex
1160 562 1225 602 eo
1253 549 1398 616 quod
1425 547 1761 602 delectantur
1788 548 1843 601 in

260 637 625 707 quarumdam
668 636 1016 706 corruptione
1055 638 1621 706 concupiscentiarum
1655 638 1843 693 docto-

259 730 426 784 ralcm
472 735 799 783 convertunt
841 742 1188 782 sermonem:
1234 738 1381 783 recte
1414 727 1688 798 legislator
1721 742 1845 782 cum

260 821 452 875 borum
483 817 750 886 quosdam
782 816 837 869 in
866 816 1149 871 sanctione
1187 816 1386 887 leprze,
1436 816 1570 872 alios
1614 832 1744 872 vero
1790 816 1845 871 in

258 912 505 967 ciborum
536 907 841 962 differentia
872 907 1224 978 significasset
1245 949 1260 974 ,
1303 925 1445 963 nunc
1477 924 1663 964 rursus
1698 908 1845 963 aliud

266 1013 431 1065 genius
465 1010 656 1050 eorum
684 995 778 1064 qui
806 1009 874 1048 ex
913 995 1244 1064 impudicitia
1280 1004 1334 1050 et
1374 1012 1441 1051 ex
1484 996 1704 1051 libidine
1740 996 1847 1051 alia

262 1086 487 1146 docent,
534 1098 635 1152 per
666 1084 767 1137 hoc
808 1083 1118 1138 mandatum
1150 1085 1294 1154 quod
1322 1094 1410 1140 est
1448 1085 1500 1138 in
1531 1084 1732 1140 fluxum
1764 1101 1849 1140 sc-

261 1176 419 1231 minis
459 1175 761 1245 patientem
798 1175 1068 1243 exposuit.
1127 1173 1269 1229 Sunt
1310 1190 1439 1247 ergo
1487 1176 1705 1247 quidam
1754 1175 1847 1244 qui

261 1266 565 1321 secundum
611 1266 858 1334 proprias
906 1266 1187 1335 passiones
1236 1281 1541 1321 sermonem
1588 1265 1848 1321 doctrinm

262 1364 603 1426 temperant,
636 1365 698 1410 et
725 1355 847 1409 aliis
876 1356 1021 1424 quod
1064 1356 1166 1426 ipsi
1209 1356 1438 1428 diligunt
1464 1357 1847 1412 commendare

259 1451 556 1515 satagunt:
595 1445 745 1498 vorbi
789 1445 993 1515 gratia,
1035 1460 1161 1500 cum
1199 1446 1269 1501 sit
1308 1455 1517 1501 amator
1555 1445 1843 1508 adulterii,

261 1538 466 1606 respuit
508 1536 659 1607 quod
707 1544 792 1589 est
837 1537 903 1590 de
952 1538 1204 1592 castitate
1253 1538 1612 1601 mandatum;
1663 1536 1750 1590 vel
1799 1535 1845 1591 si

259 1636 599 1682 coincssator
624 1635 680 1682 et
707 1628 973 1689 ebriosus,
999 1625 1329 1696 jejuniorum
1358 1626 1552 1698 legem.
1592 1627 1690 1681 Hic
1717 1641 1846 1697 ergo

262 1720 382 1789 quia
414 1717 671 1789 magistri
703 1726 956 1772 censetur
983 1718 1232 1783 nomine,
1268 1725 1324 1772 et
1362 1732 1469 1771 non
1497 1732 1628 1772 sana
1656 1717 1841 1783 docet,

1945 560 1996 604 et
2019 550 2126 620 ipse
2150 549 2287 604 lotus
2311 567 2473 621 aqua,
2500 551 2800 605 immundus
2823 553 2919 605 erit
2947 568 3110 625 usque
3134 552 3204 608 ad
3227 570 3511 625 vesperam.

1947 641 2006 698 Si
2043 642 2262 697 saliuam
2287 642 2649 713 hujuscemodi
2683 642 2837 720 {tome
2867 644 3055 715 jecerit
3095 661 3251 715 super
3275 662 3394 701 eum
3426 662 3513 720 qui

1947 733 2174 788 mundus
2202 743 2306 799 est,
2346 732 2540 788 iurabit
2576 714 2877 789 vestimenta
2911 752 3044 803 sua,
3084 746 3132 791 et
3171 714 3516 810 lotusaqua,

1946 825 2244 879 immundus
2282 824 2379 877 erit
2421 839 2583 893 usque
2623 828 2692 879 ad
2730 841 3016 896 vesperam.
3065 824 3176 898 (Ea:
3211 825 3520 904 Hesychia.)

1946 914 2084 970 Eum
2123 915 2376 971 videlicet
2418 916 2507 985 qui
2556 915 2616 970 fit
2662 919 2932 987 particeps
2976 918 3235 973 doctrina:
3280 919 3507 990 profana

1946 1006 2223 1072 docentis,
2272 1008 2604 1062 immundum
2643 1024 2764 1065 esse
2802 1025 2972 1080 usque
3005 1010 3131 1065 dum
3169 1012 3520 1081 semetipsum

1947 1097 2116 1151 diluat
2155 1112 2254 1168 per
2289 1098 2665 1168 paenitentiam
2707 1114 2828 1154 eam
2873 1116 3031 1170 quam
3078 1101 3354 1171 lcgislator
3384 1120 3513 1173 prm-

1947 1189 2120 1257 ccpit;
2150 1189 2264 1244 sive
2287 1189 2433 1244 ultro
2453 1189 2723 1261 quispiam
2754 1191 3025 1261 particeps
3050 1190 3318 1246 efﬁciatur
3342 1208 3522 1262 pravae

1948 1278 2243 1344 doctrinm,
2301 1280 2403 1334 hoc
2446 1287 2531 1332 est
2578 1280 2721 1334 enim
2777 1295 2994 1334 carnem
3052 1287 3272 1351 tz‘ngcre
3318 1281 3522 1337 illixnm

1948 1367 2172 1422 seminis
2195 1368 2483 1436 patientis:
2514 1368 2629 1423 sive
2654 1369 2853 1424 docens
2877 1385 2944 1425 ex
2971 1385 3136 1439 opere
3159 1371 3370 1439 injiciat
3389 1387 3525 1441 quo-

1948 1459 2232 1514 dammodo
2258 1460 2626 1529 semetipsum,
2652 1460 3066 1532 introducatque
3093 1478 3402 1519 sermonem
3427 1463 3545 1519 tio--

1947 1550 2136 1605 ctrinae
2160 1565 2289 1615 suae,
2317 1551 2420 1605 hoc
2446 1560 2529 1606 est
2554 1551 2697 1606 enim
2726 1552 2948 1607 salivam
2978 1550 3262 1623 projicere.
3300 1552 3525 1624 Propter

1948 1639 2091 1709 quod
2134 1640 2350 1709 Aquila,
2399 1641 2447 1694 si
2497 1658 2654 1712 super
2700 1644 2997 1713 exspuerit;
3048 1642 3429 1716 Symmachus,
3475 1647 3526 1700 si

1947 1733 2231 1802 exspuerit,
2259 1731 2562 1788 ediderunt.
2597 1732 2794 1803 Sagma
2823 1751 2980 1804 super
3007 1735 3145 1805 quod
3171 1736 3391 1798 sederit,
3422 1735 3526 1788 im—

262 1811 350 1867 sed
377 1810 688 1881 corrumpit
719 1809 1018 1865 doctrinam
1056 1825 1219 1879 quam
1256 1809 1491 1879 profert,
1533 1826 1641 1865 non
1669 1817 1845 1880 potest
1879 1811 1920 1870 Β
1946 1820 2198 1875 mundum
2231 1823 2326 1874 erit
2355 1838 2515 1892 usque
2552 1823 2620 1876 ad
2656 1840 2941 1893 vesperam.
3000 1823 3153 1878 Sicut
3193 1833 3426 1883 stratum
3467 1825 3525 1880 in

262 1903 367 1958 Deo
408 1900 559 1957 filios
600 1916 928 1971 procreare,
979 1902 1123 1955 unde
1165 1908 1220 1955 et
1257 1900 1579 1972 proﬂuvium
1625 1903 1848 1959 seminis

262 1997 368 2067 pati
398 1995 626 2050 dicitur.
682 1994 749 2048 Et
776 1995 914 2048 bene
945 1993 1180 2048 dicitur:
1215 1990 1382 2048 Omne
1410 2003 1635 2048 stratura
1665 1995 1719 2048 in
1746 2011 1849 2066 quo

261 2088 558 2151 dormiet-it,
583 2085 914 2140 immundum
940 2086 1058 2139 erit.
1101 2088 1341 2141 Stratum
1370 2096 1550 2142 autem
1580 2087 1846 2159 magistri,

263 2181 384 2250 quia
413 2178 704 2249 proprium
739 2185 822 2231 est
854 2183 1060 2230 stratus
1096 2184 1157 2229 ut
1198 2177 1249 2229 in
1289 2191 1355 2232 eo
1390 2178 1693 2247 requiescat
1719 2193 1847 2249 pos-

264 2284 441 2324 sessor
470 2266 629 2336 ejus,
666 2266 841 2320 modis
874 2267 1131 2321 omnibus
1174 2266 1261 2321 ilic
1300 2283 1400 2338 per
1425 2267 1528 2322 hoc
1558 2268 1852 2338 discipulus

264 2359 605 2430 intelligitur,
634 2359 686 2412 in
713 2373 821 2427 quo
844 2365 1067 2428 propter
1092 2358 1317 2412 nimiam
1345 2358 1708 2413 obedientiam
1736 2374 1852 2413 ma-

264 2449 431 2517 gister
459 2447 579 2517 ipse
621 2453 678 2499 et
720 2446 838 2511 ejus
877 2446 1103 2515 spiritus
1146 2446 1469 2516 requiescit;
1502 2446 1644 2516 quod
1675 2448 1850 2502 mani-

269 2539 436 2594 festat
476 2538 681 2592 Paulus
725 2552 794 2591 ex
840 2538 925 2592 his
972 2553 1091 2606 qua:
1139 2539 1204 2592 ad
1239 2537 1548 2593 Corinthios
1593 2540 1848 2607 scripsit,

273 2630 504 2685 laudans
540 2645 631 2685 eos
669 2630 812 2700 quod
841 2629 1159 2683 obedientcs
1193 2631 1511 2699 semetipsos
1549 2629 1671 2684 Tito
1712 2646 1851 2700 pra:-

276 2727 521 2781 huerunt
544 2741 557 2777 :
587 2724 947 2778 Abundantius
976 2732 1149 2777 autem
1176 2724 1343 2792 gavisi
1369 2739 1549 2776 sumus
1579 2722 1634 2776 in
1659 2722 1852 2792 gaudio

274 2817 416 2881 Titi,
463 2818 587 2888 quia
629 2817 872 2888 requievit
916 2816 1130 2886 spiritus
1172 2815 1287 2885 ejus
1331 2815 1386 2868 in
1430 2814 1667 2869 omnibus
1712 2814 1853 2868 vobis

268 2912 371 2967 (11
421 2912 547 2966 Cor.
602 2910 735 2981 vn).
794 2909 858 2964 Hi
900 2924 1031 2981 ergo
1080 2910 1171 2987 qui
1211 2908 1477 2978 impudica
1529 2908 1755 2971 docent,
1799 2913 1854 2960 et

270 3007 509 3061 ﬁliorum
564 3003 926 3076 procreationi
987 3002 1407 3066 contradicunt,
1476 2999 1853 3070 legitimasque

268 3105 534 3169 r‘spunnt
574 3096 822 3165 nuptias,
870 3101 931 3147 ut
973 3107 1068 3164 per
1093 3093 1197 3148 hoc
1224 3090 1635 3146 fornicationem
1679 3089 1852 3144 intro-

272 3162 502 3251 ducunt,
545 3162 773 3259 propter
820 3186 924 3239 hoc
966 3162 1024 3239 et
1063 3181 1266 3237 ﬂuxum
1313 3180 1580 3252 patientes
1630 3178 1852 3235 seminis
1881 3162 1923 3222 (ἶ

271 3281 551 3344 dicuntur,
572 3289 636 3331 ut
656 3285 785 3346 pote
809 3274 1042 3347 genitale
1067 3286 1251 3328 semen
1272 3281 1327 3327 et
1345 3272 1655 3341 nuptiarum
1681 3269 1852 3335 legem

268 3381 719 3439 corrumpentes,
761 3367 828 3423 de
867 3365 1062 3435 quibus
1102 3362 1302 3417 Paulus
1337 3363 1590 3417 dicebat:
1626 3358 1765 3426 Quia
1798 3359 1853 3413 in

272 3460 568 3515 uenfsimis
609 3455 927 3527 temporibus
967 3454 1194 3509 recident
1224 3452 1439 3523 quidam
1476 3468 1510 3505 α
1547 3451 1651 3521 [ide
1681 3450 1855 3504 inten—

270 3550 448 3603 ἄρκια
479 3547 754 3617 spiritibus
784 3545 979 3598 erroris
1014 3553 1062 3598 et
1091 3543 1339 3597 doctrinis
1368 3541 1768 3603 daemoniorum,
1800 3540 1857 3595 in

274 3639 600 3710 hypocrisin,
626 3637 972 3690 canteriatam
995 3632 1240 3688 habentes
1265 3633 1659 3696 conscientiam,
1682 3631 1860 3701 prahi-

270 3733 451 3787 bcntes
484 3733 679 3786 nubere
716 3739 763 3784 et
799 3729 1059 3783 abstinere
1094 3746 1126 3781 a
1159 3726 1288 3781 cibis
1325 3744 1455 3798 quos
1484 3727 1628 3780 Deus
1664 3727 1858 3779 creavit

272 3825 343 3876 ad
371 3820 765 3892 percipiendum
789 3818 839 3889 (I
870 3818 1002 3872 Tim.
1030 3817 1129 3887 iv).
1169 3816 1410 3871 Stratum
1437 3817 1656 3886 quidem
1684 3824 1741 3871 et
1761 3832 1859 3871 vas

274 3911 575 3967 secundum
624 3907 942 3978 praedictum
991 3906 1213 3962 modum
1265 3905 1402 3960 fiunt
1447 3906 1753 3976 quicunque
1803 3905 1858 3960 in

277 4013 489 4059 tantum
522 4001 790 4055 immundi
821 4008 978 4064 sunt,
1020 4007 1079 4052 ut
1109 4014 1209 4054 nec
1238 3998 1644 4054 mundationem
1668 4013 1858 4053 eorum

276 4095 602 4164 praeciperet
630 4092 909 4161 legislator
934 4109 947 4144 :
979 4091 1082 4146 scit
1111 4092 1256 4146 enim
1286 4106 1381 4146 eos
1404 4091 1479 4146 ita
1509 4090 1701 4147 morbo
1730 4089 1861 4145 ade-

278 4193 416 4248 ctos,
451 4192 512 4237 ut
537 4181 921 4252 paenitentiam
950 4194 1110 4251 agere
1139 4179 1448 4235 nullatenus
1475 4180 1703 4251 possint.
1742 4181 1860 4235 Non

266 4275 423 4341 enim
450 4289 517 4328 ex
547 4272 854 4343 ignorantia
885 4272 939 4325 in
971 4271 1064 4325 tali
1092 4272 1362 4336 doctrina,
1391 4272 1486 4327 sed
1508 4287 1675 4341 prava
1705 4273 1861 4327 babi-

281 4366 470 4419 tudine
512 4362 741 4427 infecti,
789 4361 843 4415 in
882 4361 1170 4431 impudicis
1206 4363 1443 4432 corrupti
1483 4376 1579 4416 seu
1615 4361 1861 4417 dissoluti

280 4463 409 4509 sunt
435 4452 642 4515 verbis,
672 4451 817 4506 unde
841 4451 1008 4505 etiam
1035 4450 1088 4504 in
1116 4459 1327 4505 tantum
1355 4451 1586 4505 libenter
1608 4451 1656 4506 ei
1683 4450 1863 4505 adhae-

280 4552 488 4599 serunt.
535 4542 600 4598 Si
630 4551 807 4596 autem
831 4541 947 4612 quis
977 4541 1198 4612 tetigerit
1227 4540 1475 4596 lectulum
1498 4540 1633 4610 ejus,
1668 4542 1721 4596 id
1747 4549 1861 4607 est,

284 4651 327 4683 at
355 4632 637 4702 particeps
663 4629 831 4685 fuerit
854 4631 1257 4701 sumpseritque
1285 4631 1352 4687 de
1383 4631 1628 4687 doctrina
1650 4629 1788 4700 ejus,
1812 4640 1869 4686 et

284 4736 393 4775 non
434 4721 692 4777 insiderit
728 4721 1073 4792 dogmatibus
1114 4720 1233 4791 ejus
1270 4722 1362 4793 qui
1404 4739 1571 4793 prava
1608 4725 1769 4780 docet
1804 4741 1868 4782 ac

285 4812 542 4877 sordida,
594 4812 900 4881 iniquorum
938 4814 1230 4867 verborum
1269 4813 1387 4882 ejus
1422 4816 1717 4886 discipulus
1753 4820 1869 4872 exi-

288 4914 471 4969 stens,
514 4918 613 4958 seu
654 4902 1040 4972 discipulorum
1070 4905 1253 4971 illius,
1290 4906 1395 4975 ipsi
1435 4907 1702 4976 siquidem
1744 4919 1873 4964 sunt

291 4993 404 5061 ejus
431 5010 566 5050 vasa
594 5003 655 5048 et
684 5003 939 5060 stramm,
963 4996 1055 5065 qui
1087 4998 1313 5052 audiunt
1333 5014 1454 5052 eum
1473 5038 1489 5063 ,
1521 4999 1634 5069 ipse
1659 5014 1873 5071 quoque

296 5085 606 5141 immndus
626 5095 720 5141 est
741 5103 756 5140 :
790 5086 932 5140 lavat
958 5095 1140 5141 tamen
1163 5089 1484 5143 vestimenta
1513 5106 1608 5145 sua
1637 5107 1734 5162 per
1756 5106 1873 5162 pm-

295 5175 611 5240 itentiam,
650 5176 795 5231 sicut
829 5192 971 5247 saepe
1008 5178 1284 5233 diximus:
1322 5179 1389 5233 Et
1419 5180 1528 5251 ipse
1562 5181 1700 5236 lotus
1735 5201 1873 5253 aqua

296 5260 653 5333 locryutmm
698 5262 776 5317 uel
816 5264 1093 5334 baptismi,
1131 5266 1433 5324 immundus
1468 5273 1568 5325 erit
1604 5289 1768 5344 usque
1802 5274 1874 5327 ad

297 5365 557 5421 vesperam
575 5392 599 5417 τ
622 5368 799 5423 usque
827 5355 953 5409 dum
985 5363 1199 5427 tempus
1222 5350 1492 5428 compleat
1517 5363 1871 5430 pmnitentiae.

301 5438 467 5512 Hujus
491 5444 642 5500 enim
671 5445 897 5515 figuram
919 5461 1142 5516 vespera
1162 5447 1220 5503 in
1244 5448 1430 5505 multis
1447 5451 1608 5520 gerit,
1629 5461 1685 5506 ct
1708 5454 1878 5508 maxi-

299 5537 524 5604 mequia
551 5536 607 5591 in
631 5539 1103 5594 wnsnmmatione
1123 5540 1463 5605 saeculorum,
1485 5541 1538 5594 id
1559 5549 1661 5607 est,
1681 5558 1874 5598 occasu

302 5627 583 5691 prmus
617 5626 834 5693 surculi,
873 5628 1127 5689 Christus
1167 5631 1321 5686 nobis
1358 5631 1673 5701 praedicavit
1696 5635 1873 5703 pumi-

304 5718 543 5774 tentiam.
583 5718 840 5786 chuitur
863 5739 880 5776 :

1893 4501 1942 4560 D

1948 1926 2055 1980 quo
2086 1911 2132 1966 is
2159 1912 2251 1981 qui
2284 1911 2489 1967 fluxum
2518 1914 2751 1969 seminis
2771 1915 2976 1984 patitur
3002 1917 3321 1986 requiescit,
3360 1926 3408 1973 et
3436 1933 3527 1972 uas

1948 2004 2004 2057 in
2052 2019 2154 2074 quo
2199 2005 2340 2058 sedet
2389 2007 2584 2071 nimis,
2643 2007 2800 2062 valde
2858 2008 2937 2063 eis
2986 2008 3324 2064 adharentes
3366 2008 3532 2066 disei‘

1948 2095 2132 2165 pulos,
2176 2110 2500 2164 omnemque
2544 2111 2729 2150 eorum
2778 2096 3174 2166 quodammodo
3225 2098 3524 2154 doctrinam

1950 2188 2280 2258 excipientes
2308 2187 2563 2252 diximus,
2593 2187 2685 2259 qui
2723 2190 2886 2242 etiam
2926 2195 3054 2244 sunt
3092 2187 3212 2242 duri
3253 2187 3435 2244 cordis
3464 2199 3531 2242 ut

1952 2279 2135 2333 fictilia
2167 2286 2224 2334 et
2252 2280 2460 2350 lignea,
2490 2295 2555 2335 ac
2586 2280 2795 2350 lapidea
2820 2296 2980 2347 vasa,
3017 2296 3138 2351 quae
3165 2278 3380 2336 difﬁcile
3406 2295 3532 2335 mu-

1954 2371 2053 2424 tari
2089 2369 2178 2424 vel
2223 2370 2423 2425 molliri
2468 2376 2734 2440 possunt:
2780 2371 2861 2427 sic
2899 2372 3063 2425 etiam
3106 2371 3161 2426 in
3202 2382 3388 2442 sagma
3414 2369 3520 2434 hic,

1951 2462 2085 2526 sive,
2115 2470 2174 2514 ut
2203 2459 2555 2531 Septuaginta
2584 2461 2867 2516 ediderunt
2886 2501 2902 2527 ,
2950 2462 3006 2514 in
3033 2477 3213 2532 sagina
3243 2459 3401 2525 asini,
3431 2474 3526 2513 ne-

1952 2552 2323 2623 gligentiorem
2359 2551 2577 2621 quidem
2610 2551 2955 2623 discipulum,
2983 2551 3079 2606 sed
3109 2560 3290 2606 tamen
3317 2547 3534 2605 mollius

1954 2643 2240 2695 habentem
2285 2655 2384 2696 cor
2426 2640 2495 2694 ad
2541 2640 2981 2695 commutandam
3025 2655 3125 2704 se,
3166 2637 3351 2694 mollia
3386 2637 3529 2693 enim

1954 2738 2217 2801 saginata,
2248 2731 2387 2785 asini
2417 2731 2695 2801 lcgislator
2722 2730 3005 2797 intellexit,
3038 2731 3134 2786 sed
3159 2731 3206 2785 is
3228 2730 3355 2800 quia
3375 2729 3535 2785 bouis

1954 2821 2231 2891 magistris
2256 2821 2459 2887 excuti,
2506 2821 2590 2878 vel
2636 2822 2787 2887 dilui,
2830 2830 2995 2892 auiae
3036 2835 3289 2891 respuere
3329 2819 3537 2875 malum

1953 2910 2330 2980 discipulatum
2356 2920 2557 2981 potest,
2579 2913 2704 2982 quia
2728 2911 2855 2967 talia
2880 2920 3008 2967 sunt
3032 2927 3150 2981 qua:
3177 2910 3537 2981 Septuaginta

1952 3002 2273 3071 episagmata
2298 3002 2589 3071 appellant,
2621 3002 2674 3055 id
2701 3010 2805 3067 est,
2833 3010 3090 3057 stratura:
3115 3020 3128 3055 :
3165 3011 3219 3057 et
3249 3003 3363 3073 ipse
3386 3002 3533 3057 Vide-

1956 3091 2082 3145 licet
2107 3090 2418 3145 immundus
2447 3090 2581 3156 erit,
2624 3107 2797 3161 usque
2820 3091 2947 3146 dum
2979 3091 3045 3145 ad
3075 3092 3448 3161 paenitentiam
3471 3104 3537 3147 so

1958 3180 2200 3235 verterit.
2239 3181 2307 3234 Et
2337 3182 2506 3236 omnis
2534 3181 2625 3252 qui
2654 3181 2877 3252 tetigerit
2904 3180 3157 3253 quidquid
3183 3181 3277 3235 sub
3312 3197 3372 3236 eo
3405 3181 3502 3236 erit
3514 3219 3532 3246 ,

1957 3271 2258 3325 immundus
2284 3271 2380 3325 erit
2407 3288 2569 3343 usque
2606 3270 2675 3325 ad
2709 3287 3007 3342 vesperam,
3045 3281 3093 3325 et
3130 3271 3219 3341 qui
3256 3270 3554 3340 portaverit

1958 3360 2145 3415 harant
2185 3361 2409 3433 aliquid,
2449 3361 2640 3417 levabit
2675 3363 2977 3419 restituente
3008 3379 3129 3430 sua,
3166 3373 3217 3418 et
3252 3364 3362 3434 ipse
3398 3361 3560 3416 lotus.

1958 3469 2096 3522 aqua
2127 3452 2427 3507 immundus
2452 3454 2551 3508 erit
2575 3471 2736 3526 usque
2764 3455 2834 3510 ad
2862 3472 3150 3526 uesperum.
3182 3453 3291 3527 (Ea:
3311 3453 3550 3528 eodem).

1958 3540 2295 3597 Generaliter
2315 3543 2499 3598 sanxit
2520 3560 2627 3599 non
2648 3545 2811 3600 licere
2840 3546 2984 3616 tangi
3013 3544 3246 3601 fructum
3271 3545 3538 3602 labiorum

1959 3645 2167 3698 eorum,
2196 3632 2289 3701 qui
2319 3633 2549 3702 subjecti
2578 3642 2706 3689 sunt
2730 3634 2907 3690 effecti
2941 3635 3171 3705 profana
3196 3636 3536 3700 docentibus,

1959 3722 2050 3791 qui
2100 3723 2455 3778 subdiderunt
2500 3724 2821 3795 semetipsos
2865 3726 3263 3796 quodammodo
3309 3728 3539 3792 verbis,

1961 3823 2124 3885 atque
2146 3815 2463 3886 incongruis
2484 3816 2747 3872 doctrinis
2769 3817 3176 3873 substernentes
3194 3832 3255 3874 se
3278 3836 3290 3872 :
3318 3818 3541 3888 quicun-

1960 3922 2065 3978 que
2099 3916 2283 3962 autem
2321 3907 2435 3962 haec
2467 3907 2704 3978 tetigerit
2725 3948 2742 3969 ,
2782 3919 2878 3964 aut
2906 3910 3213 3979 quicunque
3242 3908 3541 3979 portaverit

1960 3997 2151 4053 borum
2181 3997 2416 4067 aliquid,
2458 3997 2511 4052 id
2539 4006 2649 4063 est,
2680 4000 2772 4069 qui
2809 4000 2860 4054 in
2888 4000 3237 4070 semetipsum
3267 4001 3370 4055 hoc
3397 4000 3542 4070 quod

1960 4091 2165 4147 dictum
2202 4099 2287 4146 est
2324 4098 2607 4162 peccatum
2646 4092 2985 4161 susceperit,
3037 4092 3151 4148 sive
3183 4090 3538 4162 imposuerit,

1960 4181 2316 4238 nihilominus
2345 4182 2446 4252 ipsi
2473 4182 2773 4237 secundum
2800 4182 3114 4252 praedictum
3139 4183 3358 4236 modum
3380 4179 3544 4234 habet

1963 4271 2324 4326 necessariam
2356 4272 2755 4342 pmnitentiam.
2804 4272 2994 4329 Omnis
3022 4273 3112 4342 qui
3145 4270 3409 4341 tetigerit,
3447 4269 3539 4338 qui

1964 4361 2089 4416 talis
2116 4369 2219 4426 est,
2250 4377 2358 4417 non
2384 4361 2511 4416 lotis
2539 4369 2665 4417 ante
2690 4361 2960 4427 manibus,
2991 4360 3193 4416 lavabit
3222 4359 3543 4414 vestimenta

1967 4468 2085 4517 sua,
2101 4461 2156 4507 et
2178 4452 2318 4508 lotus
2338 4468 2478 4523 aqua
2499 4453 2811 4509 immundus
2830 4455 2939 4508 erit
2958 4468 3129 4524 usque
3150 4453 3219 4508 ad
3239 4465 3541 4521 vesperam.

1970 4543 2290 4600 Necessario
2327 4543 2686 4615 prmsentibus
2726 4544 2908 4600 verbis
2952 4561 3082 4601 usus
3124 4552 3210 4601 est
3246 4541 3544 4613 legislator,

1968 4651 2039 4692 ne
2083 4637 2305 4692 omnino
2346 4637 2502 4692 nobis
2544 4637 2850 4707 desperatio
2884 4637 3039 4693 fieret
3068 4637 3136 4693 de
3168 4635 3547 4704 conjunctione

1970 4729 2214 4785 docentis
2255 4744 2419 4798 prava
2443 4769 2458 4795 ,
2509 4730 2605 4785 sed
2652 4730 2798 4784 illam
2840 4738 3047 4785 tantum
3088 4746 3208 4800 qua:
3239 4739 3343 4795 est,
3374 4746 3549 4799 usque

1972 4823 2097 4877 dum
2126 4819 2380 4890 respiciat
2407 4820 2472 4873 ad
2502 4820 2899 4889 paenitentiam.
2934 4821 3111 4891 Atque
3141 4822 3261 4878 ideo
3288 4831 3414 4876 sunt
3441 4823 3547 4878 im-

1972 4914 2157 4968 mundi
2177 4953 2192 4978 ,
2234 4927 2587 4982 quoscunque
2616 4911 2821 4967 fluxum
2849 4914 3076 4969 seminis
3113 4916 3325 4985 patiens
3356 4915 3548 4986 tetige-

1977 5001 2072 5065 rit,
2093 5001 2144 5055 id
2171 5010 2277 5065 est,
2300 5002 2496 5070 quibus
2517 5002 2835 5056 commistus
2861 5000 3044 5057 fuerit.
3074 5003 3189 5059 Non
3216 5004 3339 5059 lotis
3367 5014 3547 5059 autem

1980 5093 2229 5147 manibus
2264 5108 2399 5162 aqua
2425 5132 2440 5157 ,
2488 5093 2717 5147 necdum
2748 5094 3001 5150 videlicet
3048 5111 3201 5150 suam
3247 5097 3410 5151 vitam
3453 5112 3552 5165 per

1979 5186 2352 5258 pteuiteutiam
2384 5187 2582 5251 abluit;
2624 5187 2807 5242 lavare
2834 5189 3103 5259 siquidem
3134 5205 3343 5251 manus,
3377 5189 3552 5244 sordis

1981 5275 2259 5346 cujusdam
2290 5286 2345 5331 et
2373 5277 2596 5332 macula:
2624 5277 3014 5347 depositionem
3049 5277 3374 5332 manifestat.
3419 5274 3552 5329 Pro-

1979 5380 2102 5438 pter
2138 5368 2280 5438 quod
2319 5368 2486 5422 David
2522 5367 2738 5424 dicebat
2773 5387 2789 5422 :
2841 5369 3049 5424 [ιαιάὺο
3086 5371 3221 5422 inter
3254 5370 3550 5422 imtocentes

1978 5475 2162 5513 manus
2192 5475 2364 5524 meas,
2396 5469 2445 5512 et
2473 5459 2700 5513 circuibo
2729 5460 2899 5515 altare
2923 5470 3099 5523 tuum,
3130 5457 3350 5511 Domine
3373 5453 3553 5525 (Psoi.

1978 5545 2126 5617 xxv).
2166 5546 2235 5599 Et
2262 5565 2350 5601 uas
2374 5547 2534 5616 ﬁctile
2560 5549 2901 5619 quodcunque
2925 5548 3148 5616 tetigerit
3171 5547 3216 5599 is
3241 5547 3328 5615 qui
3353 5553 3549 5620 ﬂuxam

1975 5637 2187 5691 seminis
2219 5639 2439 5705 patitur,
2468 5636 2843 5707 confringatur,
2882 5653 2971 5691 ras
3007 5645 3182 5688 autent
3212 5634 3436 5708 ligneum
3467 5639 3551 5695 la—

1970 5728 2179 5782 mbitur
2203 5745 2340 5797 aqua
2370 5738 2416 5781 et
2447 5727 2696 5782 mundum
2725 5728 2843 5782 erit.
2897 5724 3004 5796 (Ex
3032 5725 3260 5795 cadent.)
3298 5725 3354 5782 In
3385 5744 3551 5800 sape.
