3956 6176
398 328 505 388 407

1040 329 1099 384 Β.
1140 327 1400 383 nsum
1442 326 1665 383 usum
1702 324 2023 383 ARCtllEP.
2070 324 2384 383 uocum.
2425 314 2713 384 opsnau
2744 303 2927 386 rans
2975 328 3018 385 ι.

3562 334 3667 392 408

397 441 633 497 tioribus
670 437 832 510 hujus
868 438 1003 510 legis
1052 438 1105 491 in
1152 452 1256 508 qua
1303 437 1481 501 dixit,
1529 434 1731 529 ﬂuxum
1759 435 1982 490 seminis
2008 472 2055 529 Α
2088 437 2393 492 numeravit
2437 440 2575 507 sibi,
2624 440 2678 496 id
2720 449 2836 507 est,
2881 442 3224 512 operationcs
3268 442 3536 513 Spiritus,
3585 448 3675 504 hic

397 533 697 604 patientem
715 570 729 594 ,
758 529 1029 600 quoslibet
1055 528 1304 582 homines
1333 534 1590 597 tangere,
1624 524 1856 581 dicimus
1885 542 1979 581 eos

397 622 598 693 quibus
627 622 744 692 ipse
778 636 839 675 se
870 635 1038 690 prava
1068 619 1269 674 docens
1297 618 1624 682 inuniscuit,
1664 629 1718 671 et
1749 617 1980 687 sumpsit

397 715 465 769 ad
494 713 786 784 quamdam
826 712 1141 766 societatem
1178 710 1303 773 sui;
1352 709 1455 763 hoc
1491 708 1635 762 enim
1673 715 1756 762 est
1792 717 1980 777 aperte

398 815 641 876 tangere.
694 802 850 858 Unde
877 810 933 857 ct
959 801 1160 856 Paulus
1188 807 1409 869 propter
1437 800 1753 854 societatem
1784 799 1978 853 mulie-

396 897 550 952 brem
579 894 911 951 cavendam:
944 891 1150 945 Bonum
1177 899 1276 952 est,
1310 889 1503 958 inquit,
1545 888 1746 942 homini
1788 886 1979 941 mulie—

397 1003 507 1041 rem
543 1001 648 1039 non
676 992 925 1054 tangere;
971 989 1181 1051 propter
1208 978 1572 1050 fornicationis
1603 988 1779 1032 autem
1810 994 1978 1032 unus-

397 1080 614 1151 quisque
651 1092 802 1131 suam
841 1089 1057 1128 uxorem
1099 1072 1307 1136 habeat,
1362 1079 1411 1125 et
1457 1084 1782 1140 unaqua’que
1823 1084 1979 1122 suum

397 1166 565 1219 virum
591 1162 645 1229 (I
667 1161 789 1216 Cor.
820 1160 940 1231 vn).
992 1159 1059 1214 lli
1099 1174 1230 1230 ergo
1258 1173 1387 1213 vasa
1429 1158 1548 1228 ejus
1586 1154 1765 1212 eﬁ‘ccti
1810 1166 1975 1222 sunt,

397 1256 700 1313 doetriuam
725 1254 817 1325 qui
847 1254 916 1308 ab
945 1267 1010 1307 eo
1038 1251 1167 1307 licet
1202 1264 1427 1320 parvam
1458 1259 1844 1319 susceperunt,
1885 1263 1977 1303 ne-

395 1364 502 1420 que
529 1348 675 1404 enim
704 1344 1009 1416 supersedit
1036 1344 1152 1409 eis,
1183 1343 1236 1398 id
1265 1350 1382 1406 est,
1412 1357 1519 1396 non
1550 1350 1720 1396 totam
1748 1341 1803 1396 in
1834 1341 1979 1412 ipsos

395 1455 550 1498 stram
580 1439 883 1496 doctrinam
921 1435 1260 1501 exinanivit,
1311 1433 1493 1503 tetigit
1538 1442 1718 1489 tamen
1765 1441 1976 1504 partem

394 1532 683 1603 quamdam
717 1530 969 1596 tradens;
1016 1536 1397 1599 permanentes
1442 1526 1607 1598 igitur
1642 1526 1853 1591 ﬁctiles,
1923 1526 1978 1581 id

395 1630 500 1688 est,
530 1620 752 1691 fragiles
777 1627 833 1674 et
863 1618 1105 1683 terreni,
1146 1617 1214 1698 ad
1246 1616 1417 1670 lutum
1456 1631 1611 1670 suum
1652 1624 1707 1671 et
1749 1615 1817 1670 ad
1851 1631 1978 1670 cor-

397 1716 702 1787 ruptionem
722 1713 819 1767 luti
844 1712 1203 1773 intendentes,
1223 1710 1346 1779 quia
1370 1718 1793 1780 corrumpuntur
1814 1710 1976 1763 etiam

2082 536 2271 584 octava
2307 530 2418 597 die,
2466 532 2518 585 id
2558 540 2665 598 est,
2708 532 2763 587 in
2800 534 2975 602 gratia
3014 534 3266 590 videlicet
3299 534 3523 603 Christi,
3554 544 3677 607 quae

2080 626 2274 672 octava
2317 619 2403 674 die
2442 622 2860 677 resurrectionis
2895 624 3091 678 enituit
3128 640 3222 679 seu
3262 625 3476 691 claruit,
3504 630 3677 683 sacri-

2083 705 2262 761 ﬁcium
2290 708 2490 768 oll‘erre
2513 710 2697 782 jussus
2724 721 2828 767 est.
2864 714 3018 779 Quod
3048 726 3135 769 est
3162 725 3343 768 autem
3376 716 3480 771 hoc
3506 718 3677 772 sacri-

2083 794 2307 852 ﬁcium?
2338 800 2391 854 id
2417 810 2505 856 est
2528 804 2663 858 duos
2690 811 2952 869 turtures,
2982 812 3079 859 aut
3101 806 3237 860 duos
3264 806 3441 874 pullos
3470 807 3677 862 colum-

2080 891 2304 955 harum,
2348 890 2569 961 dignum
2594 891 2910 949 doctoribus
2939 894 3293 951 sacriﬁcium.
3346 897 3425 951 Ex
3454 898 3677 953 alitibus

2079 980 2224 1036 enim
2270 990 2400 1035 sunt
2446 983 2564 1039 hzee
2611 984 2904 1050 animalia,
2952 994 3009 1039 et
3049 987 3268 1056 qui-lem
3301 996 3481 1043 turtur
3512 990 3674 1060 quasi

2080 1071 2479 1126 meditatorium
2502 1084 2587 1128 est
2606 1074 2842 1140 animal;
2868 1076 3117 1131 columba
3141 1087 3364 1147 propter
3378 1080 3675 1149 generandi

2078 1161 2462 1233 frequentiam,
2488 1175 2540 1220 et
2566 1175 2790 1236 propter
2812 1167 3216 1237 simplicitatem
3239 1170 3412 1223 sancti
3436 1151 3680 1240 Spiritus

2080 1255 2333 1326 designat
2357 1257 2647 1328 imaginem
2674 1273 2688 1313 :
2720 1268 2937 1328 oportet
2964 1261 3111 1315 enim
3140 1261 3416 1317 doctorem
3449 1263 3680 1318 medita-

2079 1346 2211 1401 tioni
2245 1348 2473 1418 spiritali
2503 1363 2723 1419 operam
2765 1353 2894 1405 dare
2918 1393 2931 1416 ,
2963 1361 3185 1422 propter
3209 1355 3354 1423 quod
3384 1363 3446 1409 ut
3480 1368 3677 1410 sacer‘

2077 1438 2259 1495 dotem
2287 1448 2344 1495 et
2373 1441 2690 1512 magistrum
2723 1443 3042 1514 sibimetipsi
3073 1458 3290 1499 sumere
3321 1444 3426 1500 hoc
3453 1446 3676 1501 sacnll‘

2077 1531 2219 1585 cium
2262 1531 2537 1601 praecepit.
2577 1531 2732 1599 Quod
2770 1533 2823 1587 in
2864 1532 2970 1589 alio
3018 1534 3291 1589 sacriﬁcio
3340 1536 3441 1591 nisi
3485 1538 3703 1593 rursus'

2076 1620 2372 1675 sacerdotis
2397 1620 2625 1690 alicujus
2650 1622 2811 1676 fuerit
2832 1638 2897 1677 ac
2928 1625 3194 1695 magistri,
3218 1626 3419 1681 dixisse
3436 1628 3679 1683 nullatea

2076 1725 2179 1765 nus
2203 1710 2490 1765 invenitur.
2508 1712 2788 1782 Ipsumque
2817 1712 3027 1768 deferre
3043 1715 3274 1770 hostiam
3291 1717 3356 1771 ad
3373 1718 3577 1773 ostium
3592 1729 3681 1774 tao

396 1823 426 1860 a
466 1805 739 1877 paucitate
773 1803 1060 1858 verborum
1081 1843 1096 1866 ,
1142 1801 1456 1856 necessario
1491 1810 1880 1864 conteruntur;
1930 1800 1976 1855 si
2006 1820 2053 1879 Β
2079 1800 2354 1858 bernaculi
2379 1803 2694 1868 testimonii,
2714 1803 2778 1857 ad
2808 1804 3175 1872 apostolorum
3201 1807 3451 1863 videlicet
3472 1809 3681 1865 doctri-

394 1905 579 1953 autem
608 1894 811 1964 lignei,
857 1893 983 1963 quia
1026 1893 1204 1961 lignea
1246 1908 1372 1947 vasa
1406 1891 1565 1946 luteis
1612 1906 1675 1947 ac
1720 1890 1976 1947 fictilibus

393 1964 545 2041 vasis
565 1984 793 2040 fortiora
816 1991 945 2040 sunt
963 1983 1273 2053 diutiusque
1295 1983 1622 2047 subsistunt,
1647 1997 1783 2051 aqua
1809 1980 1974 2036 lavati

392 2075 728 2132 inundantur
753 2092 765 2128 :
798 2089 976 2143 neque
1000 2074 1144 2128 enim
1177 2073 1374 2128 insedit
1401 2073 1455 2126 in
1484 2074 1584 2135 eis,
1625 2088 1727 2127 nec
1758 2087 1976 2127 omnem

394 2167 536 2237 ejus,
565 2165 708 2221 sicut
731 2165 989 2229 diximus,
1022 2163 1224 2218 malam
1252 2162 1559 2219 doctrinam
1587 2172 1972 2234 susceperunt;

394 2256 746 2326 quamobrem
772 2271 875 2311 nec
900 2255 979 2311 sic
1006 2255 1373 2321 inﬁrmantur,
1400 2264 1459 2309 ut
1483 2270 1582 2324 per
1600 2255 1978 2324 paenitentiam

393 2348 576 2402 sanari
616 2362 723 2403 non
765 2347 995 2417 possint.
1055 2346 1196 2417 Ergo
1248 2346 1477 2401 intentio
1522 2355 1607 2400 est
1653 2344 1979 2416 lcgislatoris

393 2440 680 2497 ostendere
710 2440 800 2512 qui
832 2438 1206 2510 paenitentiam
1234 2445 1415 2507 agant,
1450 2436 1532 2492 vel
1564 2437 1657 2507 qui
1693 2454 1823 2501 noxi,
1850 2439 1975 2509 quia

393 2532 769 2605 ptenitentlam
795 2530 1082 2601 agentibus
1106 2528 1253 2584 salus
1281 2527 1529 2583 offertur.

467 2621 531 2678 Si
556 2631 776 2677 sanatus
806 2620 967 2691 fuerit
993 2620 1083 2691 qui
1112 2618 1477 2689 hujuscemodi
1513 2620 1733 2673 sustinet
1769 2618 1976 2688 passio-

393 2728 531 2779 nem,
565 2710 857 2766 numerabit
885 2719 1079 2780 septem
1110 2708 1221 2763 dies
1244 2718 1358 2779 post
1389 2708 1812 2763 emundationem
1850 2708 1976 2773 sui;

391 2812 442 2857 et
483 2800 605 2857 lotis
646 2800 869 2855 vestibus
908 2815 970 2852 ac
1003 2808 1111 2853 toto
1151 2813 1366 2868 corpore
1410 2797 1463 2851 in
1508 2797 1658 2868 aquis
1694 2798 1976 2853 viventibus

390 2896 491 2949 erit
528 2892 774 2949 ntundns.
831 2890 941 2962 (Ea:
981 2888 1208 2961 eodem.)
1263 2888 1539 2944 Mundatio
1586 2896 1672 2943 est
1720 2889 1837 2959 ejus
1884 2889 1975 2959 qui

390 2988 596 3042 ﬂuxum
637 2983 864 3041 seminis
897 2983 1121 3055 patitur,
1166 2982 1413 3036 eamdem
1455 2982 1857 3051 corruptionem
1890 2998 1977 3037 se-

391 3077 553 3132 minis
575 3089 915 3145 nequaquam
940 3073 1165 3127 ulterius
1190 3072 1483 3127 sustinere.
1519 3071 1577 3126 Si
1600 3086 1731 3143 ergo
1753 3072 1972 3126 sordida

390 3183 664 3237 pravaque
690 3181 754 3220 ac
781 3163 987 3220 nefaria
1017 3163 1515 3246 quispiamdocens
1549 3164 1873 3228 cessaverit,
1912 3172 1973 3218 ut
2000 3189 2044 3251 Ο

388 3269 517 3330 pote
546 3258 636 3327 qui
667 3256 899 3311 cessavit
933 3271 965 3309 a
1007 3255 1098 3309 tali
1140 3244 1475 3323 impudicitia
1496 3289 1511 3319 ,
1552 3253 1786 3309 mundus
1823 3262 1972 3309 recte

389 3349 627 3405 dicitur:
669 3362 768 3417 pro
805 3345 1039 3401 sordidis
1072 3352 1254 3399 autem
1293 3345 1638 3400 sermonibus
1671 3359 1810 3414 quos
1843 3343 1976 3399 eﬁ'u-

388 3441 491 3508 dit,
520 3439 674 3510 prius
703 3452 927 3494 necesse
958 3437 1123 3492 habet
1150 3443 1357 3506 septem
1384 3435 1499 3490 dies
1527 3435 1872 3490 dinumerare
1907 3434 1973 3491 ad

389 3531 757 3586 omnimodam
790 3529 1229 3585 emundationcm
1249 3564 1264 3594 ,
1299 3542 1421 3599 qua:
1446 3527 1729 3599 perﬁcitur
1756 3544 1852 3598 per
1880 3529 1975 3585 δάε

388 3631 610 3677 ventum
638 3621 840 3677 Christi
880 3621 1444 3690 ministrationcmque
1484 3619 1715 3689 Spiritus
1759 3623 1971 3689 sancti,

389 3713 547 3784 cujus
585 3715 855 3783 septup'ex
883 3713 1081 3768 donum
1123 3711 1278 3766 nobis
1309 3712 1476 3766 lsains
1510 3714 1798 3782 exposuit,
1849 3728 1970 3769 cum

391 3804 505 3858 ait:
546 3801 774 3874 Spiritus
798 3803 1071 3874 sapientiae
1099 3812 1145 3856 et
1177 3800 1491 3865 intellectus,
1519 3803 1736 3872 spiritus
1761 3804 1972 3858 consilii

388 3903 438 3949 et
464 3893 808 3964 fortitudinis,
841 3893 1054 3963 spiritus
1082 3891 1314 3946 scientia:
1341 3902 1389 3945 et
1417 3893 1650 3962 pietatis,
1683 3901 1731 3947 et
1757 3895 1971 3963 spiritus

387 3988 595 4043 timoris
620 3986 833 4040 Domini
861 3985 995 4055 (Isa.
1024 3984 1123 4057 χι).
1176 3984 1383 4048 Quibus
1410 3983 1661 4038 omnibus
1689 3994 1850 4053 egent
1876 3985 1968 4054 qui

384 4076 686 4153 perfectam
736 4075 1145 4131 mundationem
1190 4074 1291 4128 sibi
1342 4074 1621 4144 procurari
1660 4074 1886 4139 volunt,
1936 4091 1967 4130 a

385 4168 595 4226 malitia
625 4183 744 4239 quae
772 4175 857 4222 est
884 4166 935 4220 in
965 4164 1262 4230 locutione,
1302 4165 1416 4219 sive
1446 4164 1499 4218 in
1529 4165 1807 4235 operibus.
1860 4165 1968 4222 Sed

385 4266 445 4315 et
481 4273 619 4329 aqua
644 4258 765 4313 viva
804 4256 988 4311 lavant
1012 4256 1335 4311 vestimenta
1373 4262 1430 4310 et
1465 4270 1703 4326 corpus:
1742 4271 1863 4326 qua:
1897 4258 1967 4313 sit

385 4359 517 4406 vero
540 4351 624 4405 vis
651 4349 1099 4404 vestimentorum
1130 4355 1185 4402 ct
1213 4346 1476 4416 corporis,
1520 4348 1652 4402 satis
1678 4356 1762 4402 est
1790 4348 1843 4401 in
1872 4364 1965 4402 suo

383 4442 693 4512 perioribus
721 4441 1169 4496 demonstratum.
1218 4438 1373 4510 Aqua
1403 4447 1582 4494 autem
1610 4440 1731 4495 viva
1761 4440 1959 4504 lavant,

2079 1906 2197 1956 nas,
2228 1892 2295 1946 ad
2325 1892 2504 1946 velum
2535 1892 2866 1947 tabernaculi
2900 1894 3215 1960 testimonii,
3248 1895 3301 1949 id
3326 1892 3437 1960 est,
3464 1897 3681 1953 habita-

2080 1972 2280 2034 tionem
2295 1979 2494 2035 Christi
2513 1988 2568 2034 et
2595 1995 2854 2036 conversa
2866 1998 2873 2032 ;
2885 1982 3087 2045 ioncm,
3115 1984 3366 2053 superius
3394 1986 3446 2039 in
3461 1986 3680 2041 sacriﬁ-

2078 2070 2179 2126 ciis
2223 2071 2585 2135 ostendimus,
2625 2079 2683 2126 ut
2725 2072 2794 2126 ad
2824 2072 3175 2142 apostolicam
3223 2075 3581 2132 intentionem
3615 2079 3678 2133 in

2079 2159 2262 2215 futuro
2289 2175 2442 2214 suam
2468 2160 2715 2231 perﬁciat
2743 2160 2999 2231 linguam.
3040 2159 3194 2218 Sicut
3220 2171 3399 2219 autem
3426 2166 3517 2235 qui
3547 2182 3683 2235 pec.

2080 2253 2243 2318 cavit,
2271 2260 2326 2307 et
2364 2254 2655 2310 sacerdotii
2692 2256 2936 2310 habitum
2968 2258 3021 2312 in
3055 2273 3116 2312 se
3155 2257 3472 2326 inﬁrmavit,
3505 2270 3683 2332 atque

2079 2341 2324 2398 inelIirax
2365 2344 2618 2410 reddidit,
2648 2346 2781 2401 dare
2807 2347 3095 2411 sacerdoti,
3131 2362 3195 2403 ac
3248 2350 3535 2405 sacerdotii
3566 2352 3682 2404 mi-

2080 2434 2360 2491 nisterinm
2391 2437 2497 2492 alio
2521 2439 2712 2493 cedere
2731 2438 2916 2508 jussus
2938 2446 3049 2502 est,
3084 2439 3165 2494 sic
3192 2440 3468 2511 accipiens
3496 2457 3685 2497 sacer-

2079 2528 2178 2583 dos
2227 2528 2362 2583 duos
2404 2536 2641 2583 turtures
2670 2569 2684 2594 ,
2729 2537 2821 2583 aut
2876 2530 3012 2585 duos
3053 2530 3228 2600 pullos
3271 2530 3679 2599 columbarum,

2079 2618 2209 2687 quid
2242 2618 2415 2673 facit?
2464 2634 2626 2673 unum
2666 2618 2797 2674 facit
2822 2634 2920 2689 pro
2943 2630 3179 2689 peccato.
3212 2629 3268 2675 ct
3289 2637 3457 2675 unum
3486 2622 3543 2676 in
3574 2623 3684 2677 ho-

2079 2710 2401 2775 locaustum,
2443 2720 2503 2764 ut
2539 2711 2643 2766 hoc
2680 2709 2898 2779 quidem
2926 2710 3177 2765 sacriﬁcii
3221 2711 3287 2764 ad
3331 2710 3680 2768 ablutionem

2078 2798 2195 2867 ejus
2215 2809 2270 2854 et
2290 2815 2477 2855 eorum
2501 2815 2620 2871 qua:
2648 2800 2896 2870 peccavit
2917 2801 2971 2855 in
2994 2800 3237 2855 doctrina
3259 2802 3681 2859 contradicente

2079 2889 2181 2961 legi
2226 2890 2492 2959 proﬁciat.
2528 2890 2663 2945 lllud
2692 2898 2871 2945 autem
2918 2891 2984 2945 ad
3020 2892 3294 2961 Sapienter
3325 2907 3675 2948 conversan-

2079 2982 2205 3037 dum
2238 2982 2293 3036 in
2316 2980 2518 3046 futuro,
2549 2979 2712 3050 hujus
2739 2982 2885 3038 anim
2911 2991 2997 3037 est
3028 2987 3242 3051 signum
3263 2984 3677 3055 holocaustum,

2078 3082 2133 3127 et
2167 3073 2247 3127 sic
2286 3072 2663 3141 deprccabitur
2696 3073 2951 3128 sacerdos
2979 3088 3077 3142 pro
3100 3087 3164 3128 eo
3198 3089 3381 3128 coram
3410 3075 3677 3145 Domino,

2078 3169 2138 3214 ut
2173 3160 2496 3215 emundetur
2523 3176 2554 3215 a
2590 3159 2734 3215 (lusu
2765 3162 2984 3217 seminis
3015 3162 3099 3217 sui
3131 3180 3143 3215 :
3184 3177 3284 3217 nec
3316 3163 3469 3218 enim
3504 3164 3681 3221 aliter

2079 3249 2346 3319 quispiam
2368 3252 2773 3307 mundationem
2799 3267 2985 3306 coram
3012 3252 3242 3308 Domino
3264 3251 3445 3308 facere
3463 3264 3681 3326 potest,

2078 3342 2132 3397 id
2159 3352 2272 3407 est,
2310 3344 2602 3398 secundum
2639 3343 2970 3400 voluntatem
2998 3354 3054 3399 et
3093 3344 3264 3416 legem
3289 3344 3384 3399 Dei
3404 3385 3421 3411 ,
3460 3347 3566 3400 nisi
3597 3348 3678 3405 de

2077 3432 2163 3488 his
2208 3434 2299 3503 qui
2327 3436 2571 3505 peccavit
2604 3436 2905 3505 paenitens,
2954 3446 3010 3491 et
3038 3450 3135 3506 per
3166 3435 3433 3492 sacriﬁcia
3462 3439 3681 3495 oratio-

2076 3541 2203 3579 num
2240 3525 2581 3581 satisfaciens
2605 3567 2619 3589 ,
2648 3535 2943 3597 posteaque
2968 3537 3114 3582 recte
3147 3527 3407 3594 vivendo,
3440 3544 3503 3584 ac
3540 3545 3678 3599 per-

2075 3606 2218 3670 fecte
2244 3616 2521 3686 sapientia.
2554 3615 2813 3685 Sequitur
2837 3635 2850 3671 :

2159 3709 2248 3764 Vir
2272 3710 2338 3764 de
2377 3727 2480 3782 quo
2529 3712 2795 3783 egreditur
2835 3730 3008 3768 semen
3049 3715 3249 3780 coitus,
3273 3714 3466 3769 levabit
3518 3733 3672 3787 aqua

2072 3819 2224 3858 omne
2246 3818 2431 3873 corpus
2471 3820 2624 3859 suum
2640 3845 2654 3862 .
2680 3814 2727 3859 et
2754 3806 3054 3860 immundus
3077 3808 3174 3860 erit
3200 3824 3360 3878 usque
3385 3807 3457 3861 ad
3484 3825 3672 3874 vespe-

2073 3908 2218 3957 rum,
2248 3903 2434 3947 restem
2460 3904 2508 3947 et
2541 3893 2725 3964 pellem
2748 3910 2906 3966 quam
2949 3894 3187 3950 habuerit
3237 3896 3430 3953 [arabit
3478 3915 3623 3969 aqua
3644 3936 3665 3969 ,

2070 3993 2117 4037 et
2146 3985 2418 4037 immunda
2441 3987 2537 4038 erit
2585 4002 2747 4056 usque
2769 3986 2838 4039 ad
2866 4003 3149 4058 vesperam.
3183 3987 3376 4042 Mulier
3402 4006 3521 4044 cum
3551 4008 3668 4063 qua

2067 4073 2271 4139 coierit,
2300 4073 2562 4128 lambitur
2593 4093 2754 4141 aqua,
2782 4086 2829 4131 et
2863 4077 3139 4132 immunda
3162 4079 3261 4132 erit
3291 4096 3453 4149 usque
3480 4082 3554 4134 ad
3573 4100 3669 4137 re-

2068 4180 2294 4233 speram.
2325 4163 2435 4236 (Ea:
2459 4164 2773 4238 Hesychia.)
2805 4167 3181 4223 Necessarium
3211 4170 3412 4225 habere
3435 4186 3668 4242 rege»

2069 4252 2331 4308 rationem
2359 4252 2699 4323 baptismatis
2746 4256 3040 4311 humanum
3072 4272 3273 4327 genus,
3313 4260 3427 4328 ipse
3474 4260 3667 4317 Domi-

2068 4358 2171 4398 nus
2200 4345 2456 4410 ostendit,
2480 4344 2668 4401 dicens
2698 4364 2712 4399 :
2753 4347 2874 4401 Nisi
2901 4349 3020 4418 quis
3048 4359 3378 4418 regeneratus
3408 4350 3573 4420 fuerit
3593 4371 3666 4409 es:

2067 4451 2203 4506 aqua
2241 4445 2290 4490 et
2340 4434 2562 4508 Spiritu,
2609 4454 2713 4491 non
2766 4438 2982 4491 intrabit
3029 4440 3083 4492 in
3139 4454 3351 4510 regnum
3401 4440 3661 4497 caelorum

379 4528 476 4585 illa
504 4532 772 4594 videlicet,
794 4530 861 4585 de
885 4545 991 4599 qua
1013 4529 1265 4585 Christus
1293 4531 1543 4585 dicebat:
1581 4530 1684 4595 Qui
1711 4533 1875 4585 credit
1906 4532 1961 4586 in
1997 4558 2044 4617 Β
2071 4524 2250 4617 (locis.
2293 4528 2399 4598 ut).
2429 4526 2593 4596 Cujus
2619 4528 2697 4582 rei
2733 4527 2930 4596 gratia,
2956 4528 3081 4597 quia
3109 4529 3286 4583 sordis
3314 4529 3370 4584 in
3398 4530 3561 4586 nobis
3584 4548 3659 4587 cx

384 4632 487 4683 me,
535 4620 668 4673 sicut
721 4619 848 4672 dicit
898 4617 1205 4688 Scriptura,
1253 4619 1475 4687 ﬂumina
1519 4617 1584 4672 de
1631 4630 1808 4672 ventre
1848 4619 1963 4689 ejus

378 4712 547 4788 ﬂuent
578 4727 730 4782 aqua:
756 4712 886 4766 victe
908 4710 1092 4783 (Joan.
1120 4712 1239 4779 vn).
1295 4710 1362 4763 Et
1390 4725 1578 4764 rursus
1602 4727 1616 4764 :
1654 4709 1965 4782 Quicunque

380 4801 513 4856 bibit
548 4817 613 4857 ea:
650 4818 787 4874 aqua
815 4817 975 4872 quam
1008 4817 1100 4872 ego
1131 4801 1199 4855 do
1228 4801 1299 4865 ei,
1333 4800 1423 4868 ﬁet
1460 4802 1516 4854 in
1554 4817 1615 4854 eo
1654 4800 1772 4870 fons
1814 4819 1964 4873 aqua:

383 4890 620 4946 salientis
648 4891 704 4945 in
731 4890 891 4945 vitam
918 4889 1364 4959 a-teruantann.
1384 4890 1479 4962 tv).
1514 4890 1654 4962 Ergo
1683 4892 1963 4947 mundatio

378 4994 552 5053 prava
581 4980 823 5037 docentis
861 4995 959 5049 per
995 4980 1192 5034 bonam
1227 4979 1630 5051 legitimumque
1658 4980 1961 5038 doctrinam

380 5071 669 5144 provenit:
701 5070 818 5127 haec
842 5077 929 5125 est
953 5069 1097 5123 enim
1123 5067 1243 5123 viva
1275 5084 1431 5139 aqua,
1464 5070 1587 5139 quia
1615 5071 1781 5126 vitam
1807 5072 1874 5128 ad
1903 5088 1963 5128 se

378 5160 661 5218 accedenti
688 5167 928 5229 praestat.
966 5157 1263 5227 Sequitur:

452 5251 555 5307 Die
596 5260 771 5306 autent
817 5259 996 5305 octavo
1040 5259 1205 5304 sumet
1248 5250 1380 5303 duos
1422 5260 1654 5305 turtures
1697 5263 1786 5306 aut
1829 5254 1961 5311 duos

380 5342 554 5411 pullos
590 5340 861 5406 columbae,
905 5349 954 5394 et
992 5340 1157 5394 ueniet
1196 5340 1253 5394 in
1290 5350 1568 5412 conspectu
1609 5340 1841 5409 Domini,
1890 5345 1960 5399 ad

378 5438 573 5491 ostium
606 5433 929 5491 tabernaculi
953 5433 1255 5501 testimonii,
1282 5435 1528 5507 dabitque
1559 5453 1647 5491 eos
1675 5438 1957 5506 sacerdoti,

376 5527 473 5599 qui
501 5528 660 5598 faciet
696 5543 859 5583 unum
895 5542 991 5600 pro
1024 5537 1258 5599 peccato,
1293 5537 1341 5581 et
1372 5527 1594 5583 alterum
1624 5529 1679 5583 in
1707 5528 1960 5585 holocau-

376 5628 541 5672 stum.
567 5616 885 5692 Rogabitque
907 5634 1002 5691 pro
1024 5635 1085 5672 eo
1108 5635 1282 5674 coram
1308 5618 1549 5684 Domino,
1571 5629 1629 5675 ut
1652 5620 1960 5676 emundetur

387 5723 420 5761 I
445 5713 590 5782 {tum
624 5712 832 5767 seminis
856 5713 959 5767 sui.
1005 5710 1112 5780 (Ea:
1143 5710 1450 5783 Hesychia.)
1481 5711 1581 5779 Qui
1611 5721 1814 5785 septem
1842 5714 1959 5770 dies

2067 4615 2237 4673 Adam
2268 4618 2627 4674 inobcdicntia
2670 4627 2756 4675 est
2780 4619 3072 4683 transfusa,
3106 4619 3277 4676 David
3302 4622 3357 4674 in
3395 4622 3660 4693 iniquita-

2064 4705 2203 4760 tibus
2229 4724 2283 4761 se
2310 4720 2514 4775 natum,
2544 4717 2591 4763 et
2617 4709 2673 4763 in
2704 4709 2928 4779 peccatis
2959 4710 3186 4763 asseruit
3210 4726 3321 4764 esse
3345 4722 3661 4782 conceptum

2067 4790 2240 4864 (Psal.
2296 4793 2372 4867 ι).
2418 4811 2525 4852 non
2570 4805 2800 4854 matrem
2838 4811 2989 4852 suam
3023 4813 3306 4864 accusans,
3333 4800 3431 4855 sed
3456 4815 3661 4870 pecca—

2068 4894 2178 4940 tum
2212 4887 2462 4953 innnens,
2493 4889 2635 4958 quod
2676 4888 2917 4943 decurrit
2939 4905 3004 4944 ex
3027 4905 3247 4961 genere.
3287 4890 3357 4945 Et
3380 4907 3524 4947 nunc
3573 4893 3659 4949 le-

2065 4976 2292 5049 gislator
2313 4993 2438 5032 eum
2468 4979 2535 5033 de
2563 4993 2671 5047 quo
2693 4991 2876 5034 semen
2916 4980 3194 5048 egreditur
3224 4980 3418 5044 coitus,
3448 4980 3501 5035 id
3538 4991 3653 5048 est,

2064 5085 2186 5125 eum
2224 5069 2318 5138 qui
2346 5085 2444 5139 pro
2473 5068 2595 5124 ﬁliis
2637 5070 2987 5140 procreandis
3014 5085 3198 5126 semen
3224 5071 3434 5136 eﬁudit,
3464 5074 3561 5128 sed
3590 5082 3658 5129 et

2061 5161 2339 5216 mulierem
2365 5176 2486 5231 qua:
2519 5163 2780 5232 suscepit,
2804 5162 2988 5217 lavare
3007 5178 3207 5233 corpus
3242 5164 3520 5233 praecepit,
3573 5166 3652 5221 ob

2065 5254 2169 5310 hoc
2189 5253 2316 5323 quia
2344 5268 2529 5309 semen
2555 5255 2797 5325 suscepit
2820 5269 2918 5324 per
2943 5257 3086 5324 quod
3116 5256 3217 5309 hoc
3263 5254 3523 5325 templum
3544 5272 3651 5311 no-

2063 5353 2239 5400 strum
2286 5353 2479 5412 totum,
2514 5344 2567 5400 id
2613 5352 2720 5411 est,
2774 5344 2983 5414 integer
3019 5344 3182 5398 homo
3210 5342 3540 5399 describitur
3572 5361 3649 5402 ex

2063 5437 2244 5491 anima
2270 5445 2326 5492 et
2352 5451 2597 5506 corpore.
2624 5435 2757 5503 Quia
2786 5444 2968 5491 autem
3014 5434 3264 5490 sordidus
3288 5433 3518 5490 eﬁ‘ectus
3538 5450 3650 5506 per

2060 5529 2481 5584 inohedientiam
2525 5528 2695 5582 Adam
2719 5566 2735 5592 ,
2768 5527 3046 5582 sordidum
3082 5541 3204 5581 esse
3248 5528 3411 5582 etiam
3448 5541 3652 5584 semen

2058 5634 2215 5674 suum
2241 5617 2396 5685 fecit,
2433 5616 2741 5675 necessarie
2778 5624 2833 5671 et
2861 5630 3058 5687 corpus
3097 5615 3373 5670 sordidum
3412 5623 3521 5679 est,
3562 5628 3645 5671 ex

2057 5728 2164 5784 quo
2192 5724 2373 5767 semen
2403 5709 2511 5765 tale
2540 5707 2804 5782 procedit.
2850 5706 3114 5763 Immundi
3144 5715 3323 5761 autem
3354 5718 3525 5779 usque
3562 5705 3647 5764 ω
