3956 6176
286 389 385 447 109

1211 386 1703 449 EXPOSITIONES
1740 391 1807 449 ΙΝ
1844 390 2236 453 LEVITICUM.
2272 430 2342 441 --
2375 398 2503 456 LIB.
2545 400 2619 457 γε

3418 415 3527 473 ΗΟ

284 511 560 570 vesperam
587 510 709 553 esse
750 511 856 551 non
902 495 1101 554 frustra
1136 499 1407 569 dicuntur,
1436 503 1561 574 quia
1612 505 1666 559 In
1693 506 1854 561 linem
1883 510 1937 569 Α
1956 507 2227 576 sanguinis
2248 519 2437 579 septem
2479 512 2661 568 diebus
2690 515 3061 586 separabitur:
3100 523 3264 578 omnis
3284 527 3376 596 qui
3400 531 3521 583 teti-

278 591 597 648 steculorum
647 589 894 646 Christus
945 591 1166 647 veniens
1217 596 1453 650 ostendit
1503 611 1698 668 aquam
1747 615 1854 669 qua

276 695 445 752 genus
488 687 736 734 nostrum
782 679 1172 735 mundaretur:
1203 689 1255 736 et
1284 683 1410 752 quia
1455 686 1854 755 permansimus

274 785 444 840 usque
464 778 596 825 tunc
624 769 906 835 immundi,
929 772 1194 840 probatur
1220 787 1286 827 ex
1313 788 1378 829 eo
1406 776 1548 845 quod
1586 784 1641 831 et
1674 776 1730 830 hi
1757 777 1850 847 qui

273 861 496 918 necdum
524 868 906 932 peccaverunt,
936 861 989 917 id
1011 870 1112 927 est,
1141 860 1198 917 ln
1220 870 1379 919 actate
1402 865 1614 920 inﬁma
1643 868 1849 922 consti-

273 957 390 1024 tuti,
440 955 783 1028 signaculum
827 956 1079 1026 baptismi
1113 959 1478 1013 necessarium
1504 960 1722 1026 habent,
1779 973 1851 1015 ne

271 1051 403 1105 forte
424 1057 604 1102 morte
625 1049 1042 1118 superveniente
1081 1049 1281 1104 sordidi
1308 1059 1605 1117 transeant,
1630 1051 1848 1107 sordem

268 1154 381 1211 quze
424 1154 494 1194 ex
518 1137 696 1193 Adam
724 1138 1003 1193 descendit
1039 1139 1095 1193 in
1127 1140 1446 1210 semetipsos
1470 1142 1731 1199 habentes
1749 1183 1765 1209 ,
1790 1152 1846 1199 et

267 1239 549 1299 propterea
580 1243 689 1283 non
714 1227 959 1283 valentes
983 1227 1036 1283 in
1060 1244 1287 1301 regnum
1321 1230 1581 1286 caelorum
1612 1232 1838 1287 intrare.

266 1319 474 1375 Vestem
505 1328 692 1375 autem
721 1328 775 1374 et
821 1320 1012 1390 pellem
1037 1332 1200 1391 quam
1227 1322 1430 1377 habent
1465 1337 1593 1377 cum
1620 1332 1841 1390 coeunt,

262 1406 509 1465 videlicet
533 1410 815 1465 immunda
842 1423 962 1465 esse
992 1418 1047 1464 et
1071 1409 1237 1466 lavari
1262 1411 1480 1476 debere,
1506 1413 1731 1468 duarum
1756 1429 1843 1469 re-

262 1514 371 1552 rum
397 1498 653 1569 praecipit
683 1498 856 1569 gratia
892 1516 904 1552 :
928 1514 1057 1553 nam
1081 1500 1324 1555 extendit
1350 1500 1522 1572 legem
1548 1510 1708 1571 atque
1729 1517 1843 1557 ma-

260 1591 470 1646 nifestat
518 1598 786 1660 quantum
838 1606 1035 1660 corpus
1078 1591 1374 1646 humanum
1417 1599 1641 1662 propter
1673 1608 1835 1647 unam

259 1681 680 1736 iuobedientiam
696 1681 972 1735 sordidum
1001 1681 1073 1735 sit
1098 1679 1370 1747 eﬂ‘ectum,
1393 1694 1454 1736 ut
1475 1683 1637 1737 etiam
1660 1682 1839 1737 insen-

259 1771 423 1825 sibilia
454 1785 524 1825 ex
554 1770 636 1825 eis
660 1770 987 1840 polluantur,
1020 1770 1210 1826 deinde
1249 1785 1348 1841 per
1376 1772 1490 1827 haec
1519 1771 1833 1830 manifestas

1954 599 2084 666 gerit
2109 614 2248 663 eam,
2279 601 2578 657 immundus
2606 604 2705 657 erit
2730 620 2891 675 usque
2919 606 2989 660 ad
3043 625 3324 679 vesperam,
3364 627 3411 670 et
3465 620 3521 675 in

1951 704 2062 757 quo
2093 688 2364 745 dormierit
2415 691 2492 747 vel
2546 694 2757 760 sederit,
2808 698 2990 753 diebus
3041 707 3382 771 separat'onis
3409 720 3521 765 sum

1949 776 2220 845 polluitur.
2270 778 2373 845 Qui
2418 784 2638 853 tetigerit
2682 783 2931 840 lectulum
2972 789 3088 859 ejus
3134 789 3325 846 Iuvabit
3369 797 3523 852 uesti-

1950 876 2123 920 menta
2154 884 2274 933 sua,
2301 877 2349 921 et
2372 870 2479 940 ipse
2506 870 2645 926 lotus
2676 891 2833 944 aqua,
2868 875 3096 945 pollutus
3127 881 3223 932 erit
3258 897 3418 953 usque
3449 884 3521 940 ad

1950 971 2232 1025 uesperam.
2261 956 2427 1014 Omne
2458 977 2549 1016 vas
2580 979 2736 1032 super
2763 965 2900 1035 quod
2936 965 3027 1019 illa
3059 968 3250 1022 sederit
3286 972 3520 1044 quisquis

1947 1048 2198 1117 attigerit,
2220 1046 2409 1102 leuabit
2440 1053 2736 1106 vestimenta
2763 1070 2881 1119 sua,
2910 1065 2957 1109 et
2991 1056 3128 1112 lotus
3159 1076 3318 1130 aqua,
3347 1062 3524 1131 pollu.

1947 1144 2032 1189 tus
2065 1137 2162 1190 erit
2196 1154 2358 1208 usque
2381 1138 2450 1191 ad
2480 1156 2765 1210 vesperum.
2805 1143 2912 1213 (Ex
2943 1143 3250 1218 Hesychia.)
3285 1148 3519 1207 Intentio

1944 1225 2269 1296 legislatoris
2302 1237 2388 1283 est
2421 1246 2452 1285 a
2484 1230 2731 1286 muliebri
2764 1232 2986 1289 libidine
3040 1236 3307 1293 abducere
3340 1242 3514 1295 homi-

1944 1332 2095 1383 nem,
2136 1318 2400 1389 simulque
2431 1335 2555 1374 cum
2599 1322 2732 1376 viris
2773 1331 2829 1376 et
2855 1324 3107 1381 mulieres
3149 1329 3434 1396 prohibere
3482 1348 3514 1385 a

1944 1407 2116 1477 turpis
2148 1408 2542 1463 commistionis
2569 1423 2750 1465 causa.
2788 1411 2902 1467 Non
2933 1415 3077 1468 enim
3115 1416 3218 1470 hoc
3255 1431 3351 1486 pro
3376 1417 3514 1472 ﬁlio-

1940 1513 2060 1552 rum
2101 1499 2477 1567 procreatione
2511 1500 2595 1572 agi
2631 1503 2866 1558 maxime
2900 1518 2963 1558 ea
2995 1520 3116 1574 quae
3151 1522 3295 1561 nunc
3321 1509 3507 1564 dicun-

1939 1597 2029 1643 tur
2068 1586 2352 1644 aflirmaut.
2406 1589 2614 1645 lnvcnit
2648 1607 2769 1646 eum
2811 1594 3027 1649 modum
3072 1611 3179 1665 quo
3223 1611 3318 1665 per
3361 1600 3511 1656 varia

1943 1685 2239 1747 temporum
2266 1693 2331 1733 ac
2368 1678 2600 1748 plurima
2637 1680 2915 1736 intervalla
2948 1684 3015 1738 ab
3042 1684 3289 1754 ingressu
3317 1688 3508 1742 mulie-

1937 1766 2021 1821 bri
2072 1775 2287 1835 separet
2337 1768 2501 1830 viros,
2548 1784 2672 1822 nam
2726 1772 3001 1826 mensibus
3035 1774 3259 1844 singulis
3306 1772 3506 1825 fluxum

256 1859 376 1914 facit
397 1860 659 1915 mulieres
684 1875 804 1929 qua:
834 1860 1069 1916 libidinis
1111 1875 1272 1915 causa
1297 1861 1429 1916 viris
1452 1862 1518 1916 ad
1545 1864 1830 1932 quemdam
1857 1855 1909 1914 Β
1933 1858 2207 1927 Sanguinis
2225 1859 2523 1927 patiuntur,
2551 1869 2758 1930 septem
2781 1870 2961 1917 autem
2983 1863 3174 1919 diebus
3205 1866 3510 1921 immundus

259 1952 605 2023 temporalem
654 1953 1077 2008 commiscentur
1132 1968 1323 2019 usum,
1396 1953 1609 2024 qualem
1658 1955 1833 2032 solent
1933 1964 2026 2005 cas
2052 1964 2205 2015 esse,
2238 1965 2438 2020 eosque
2477 1952 2640 2006 etiam
2669 1953 2759 2022 qui
2802 1955 3030 2024 simplici
3073 1965 3215 2010 tactu
3257 1972 3350 2011 eas
3379 1972 3507 2011 con-

254 2045 574 2099 vestimenta
603 2046 850 2115 prabere
887 2046 1217 2111 hominibus,
1245 2046 1384 2102 sicut
1403 2056 1460 2103 et
1506 2050 1695 2104 abusio
1718 2049 1832 2120 pel-
1932 2041 2164 2111 tingunt,
2198 2041 2501 2097 immundos
2532 2057 2653 2098 esse
2688 2060 2857 2112 usque
2890 2046 2957 2099 ad
2996 2061 3274 2116 vesperam
3308 2061 3507 2116 prince-

253 2131 392 2198 lium,
419 2149 547 2204 qua:
571 2134 882 2188 inveteratae
911 2134 1099 2205 projici
1126 2133 1322 2189 solent.
1374 2133 1509 2190 Nam
1540 2145 1595 2191 et
1617 2136 1833 2192 illarum
1928 2132 2029 2203 pit.
2076 2132 2177 2200 Qui
2214 2148 2346 2188 vero
2384 2149 2508 2188 cum
2547 2134 2627 2188 eis
2664 2135 2972 2202 dormiunt,
3018 2153 3122 2191 non
3154 2154 3258 2191 una
3290 2138 3375 2190 die
3407 2137 3508 2190 im-

253 2224 582 2278 consuctudo
621 2231 990 2278 veteraseente
1029 2224 1272 2280 amicitia
1319 2227 1609 2295 respuitur,
1665 2236 1829 2299 atque

250 2315 301 2373 in
329 2329 538 2371 morem
582 2317 1024 2370 vestimentorum
1050 2332 1144 2372 seu
1184 2317 1401 2387 pellium
1423 2328 1786 2374 commutatur
1804 2339 1826 2378 ε

250 2420 414 2475 neque
440 2406 587 2460 enim
611 2421 828 2475 semper
847 2422 969 2461 cum
998 2408 1080 2463 eis
1103 2408 1290 2462 vivunt
1317 2423 1439 2463 cum
1466 2410 1660 2479 quibus
1682 2412 1826 2467 inor-

249 2495 425 2550 dinate
474 2496 862 2552 concumbunt.
915 2496 1068 2565 Quod
1120 2498 1188 2553 ad
1237 2500 1723 2559 sanctificationcm
1769 2513 1824 2558 et

251 2589 552 2643 castitatem
594 2587 901 2644 Judzeorum
942 2605 1111 2660 genus
1145 2589 1420 2660 legislator
1448 2595 1690 2656 trahens,
1738 2594 1823 2648 nio

256 2678 361 2731 mis
395 2680 538 2733 enim
561 2679 773 2748 quidam
821 2694 1007 2734 eorum
1055 2680 1283 2736 luxuriae
1322 2683 1657 2748 serviebant,
1706 2684 1822 2739 hzec

250 2778 435 2822 contra
461 2783 561 2824 eos
585 2769 1140 2839 quiqualitercunque
1182 2770 1464 2827 ell‘undunt
1515 2788 1720 2838 semen,
1766 2783 1821 2828 et

245 2870 336 2909 eos
372 2856 464 2924 qui
512 2856 624 2910 hac
653 2864 880 2926 tangunt
907 2857 1060 2921 dicit,
1089 2855 1493 2913 inundationem
1520 2859 1601 2914 eis
1629 2861 1817 2929 praeci-

242 2945 411 3014 piens,
441 2953 503 3000 ut
538 2947 731 3002 saltem
781 2947 953 3003 coacti
986 2947 1116 3003 casti
1161 2946 1524 3014 ellicerentur,
1559 2959 1614 3007 et
1665 2952 1820 3006 luxu-

243 3034 394 3090 riosis
420 3036 766 3091 abstinerent
812 3037 1298 3104 eommistionibus,
1351 3037 1567 3095 fastidio
1617 3039 1818 3099 laboris

241 3124 597 3195 frequentium
618 3125 1075 3196 puriﬁcationum.
1108 3126 1255 3182 llanc
1280 3128 1424 3182 enim
1459 3127 1813 3186 intentionem

1928 2224 2159 2279 mundos
2178 2225 2269 2279 sed
2296 2233 2501 2294 septem
2528 2225 2646 2279 dies
2673 2240 2792 2280 esse
2820 2226 2951 2280 dicit
2980 2244 2994 2280 :
3019 2242 3147 2297 ergo
3172 2228 3271 2281 sub
3296 2227 3504 2281 dierum

1925 2315 2221 2369 multorum
2255 2316 2583 2370 continentia
2607 2357 2621 2379 ,
2658 2324 2763 2370 tam
2799 2316 3052 2372 mulieres
3084 2333 3114 2370 a
3147 2318 3309 2381 viris,
3342 2332 3503 2385 quam

1922 2406 2026 2461 viri
2070 2421 2102 2461 a
2151 2407 2469 2463 mulieribus
2515 2409 2839 2462 necessitate
2891 2408 3248 2470 cohibentur,
3305 2414 3360 2461 et
3418 2406 3503 2460 his

1922 2499 2141 2569 quidem
2199 2500 2467 2555 sensibilis
2526 2499 2764 2567 Juilaeus,
2826 2511 2881 2556 et
2932 2502 3227 2557 secundum
3283 2516 3503 2555 carnem

1919 2588 2161 2644 Israelita
2181 2587 2360 2657 juvari
2387 2604 2483 2659 per
2513 2589 2749 2645 litteram
2779 2599 3009 2660 poterat.
3052 2589 3163 2645 Hoc
3198 2599 3282 2645 est
3319 2598 3504 2644 autem

1918 2678 2263 2733 verissimum
2281 2677 2536 2746 juvamen
2565 2680 2821 2748 spiritalis
2850 2680 3322 2744 considerationis,
3355 2681 3499 2749 quod

1921 2774 2006 2820 est
2040 2766 2188 2820 intus
2227 2766 2492 2821 inclusum
2532 2784 2545 2821 :
2586 2767 2762 2822 [luxus
2803 2767 2946 2821 enim
2982 2768 3261 2838 sanguinis
3307 2768 3502 2824 anima)

1918 2855 2072 2924 cujus
2090 2872 2376 2925 personam
2398 2866 2600 2928 utpote
2627 2857 3013 2922 cﬂ'cminatam,
3038 2866 3093 2910 et
3122 2858 3496 2913 fortitudinem

1915 2947 2134 3016 pietatis
2166 2948 2513 3016 prodentem,
2544 2949 2596 3002 in
2632 2949 2908 3003 mulierem
2941 2963 3081 3003 nunc
3107 2948 3384 3017 legislator
3410 2948 3500 3004 in:

1916 3038 2188 3105 sinuavit,
2248 3039 2548 3095 idololatria
2598 3048 2701 3105 est,
2754 3038 2942 3109 hujus,
2996 3040 3289 3095 secundum
3348 3041 3494 3112 quod

1918 3128 2271 3201 Septuaginta
2301 3130 2485 3196 edunt,
2519 3132 2697 3204 [luxus
2725 3131 2777 3183 in
2801 3146 3015 3199 corpore
3041 3130 3176 3200 ejus.
3209 3129 3496 3201 Corruptio

240 3217 525 3270 secundum
564 3216 802 3271 litteram
841 3224 896 3270 et
929 3216 984 3271 in
1013 3217 1466 3286 subsequentibus
1490 3216 1576 3273 lex
1625 3218 1809 3286 habet,
1838 3212 1882 3273 C
1913 3218 2059 3273 enim
2104 3233 2199 3273 seu
2242 3219 2473 3289 perditio
2516 3228 2601 3274 est
2644 3220 2863 3274 humani
2912 3219 3124 3290 generis
3170 3220 3494 3277 idololatrici

241 3307 349 3363 licet
367 3310 578 3379 aliquid
599 3309 745 3367 aliud
768 3308 1061 3365 secundum
1083 3310 1330 3377 spiritum
1354 3312 1529 3382 signet
1555 3325 1571 3365 :
1597 3312 1737 3367 sicut
1758 3322 1813 3367 ct

239 3401 339 3470 ipse
355 3404 715 3473 expositurus
740 3418 878 3469 sum,
899 3405 1025 3473 quia
1056 3420 1157 3460 nec
1180 3406 1355 3475 ipsum
1379 3407 1470 3475 qui
1493 3407 1580 3463 hic
1600 3416 1686 3462 est
1705 3408 1811 3479 spi-

238 3490 431 3547 ritalem
476 3492 824 3547 intellectum
854 3505 1137 3564 praetereo.
1174 3494 1638 3562 Quemadmodum
1681 3513 1811 3567 ergo

238 3580 369 3634 illum
395 3583 490 3651 qui
522 3580 729 3635 ﬂuxum
748 3583 969 3638 seminis
988 3584 1215 3652 patitur,
1243 3599 1366 3640 eum
1393 3586 1485 3654 qui
1511 3585 1811 3655 corrumpit

235 3672 536 3726 doctrinam
592 3671 979 3738 intelleximus,
1025 3674 1104 3729 sic
1145 3674 1212 3730 de
1267 3689 1374 3744 quo
1405 3690 1590 3730 semen
1635 3675 1811 3731 coitus

232 3763 600 3831 egrederetur,
624 3777 748 3816 cum
779 3764 871 3832 qui
896 3764 963 3817 ad
983 3761 1196 3820 Judieos
1215 3765 1577 3833 pertinentem
1608 3763 1810 3819 doctri-

234 3867 344 3906 nam
394 3854 569 3908 docet
622 3853 969 3922 intelligimus
1000 3871 1013 3907 :
1044 3871 1171 3909 nam
1221 3856 1360 3910 sicut
1411 3853 1684 3919 effundent
1716 3872 1811 3910 na-

235 3943 387 3997 turale
410 3953 467 3999 et
483 3959 687 3997 sanum
713 3959 915 4010 semen,
937 3954 1159 4014 propter
1180 3944 1393 3999 sordem
1411 3956 1591 4000 tamen
1613 3946 1805 4014 Adam,

233 4032 536 4090 immundus
566 4045 670 4099 est,
726 4036 805 4090 sic
851 4045 906 4090 et
958 4051 1145 4092 eorum
1197 4053 1325 4093 sana
1375 4047 1597 4109 propter
1632 4040 1805 4112 legem

232 4135 338 4191 quae
365 4133 600 4194 putatur
628 4123 892 4191 doctrina,
948 4129 1049 4182 sub
1079 4127 1232 4198 culpa
1259 4137 1342 4184 est
1366 4139 1421 4183 et
1469 4131 1805 4201 reprehensi-

230 4212 363 4275 bdis,
402 4216 539 4286 quia
576 4214 817 4269 litteram
845 4216 1000 4271 docet
1029 4231 1148 4287 qua:
1178 4219 1612 4277 maledictionem
1644 4222 1809 4278 infert

230 4304 499 4377 discipulis
548 4309 684 4361 suis.
736 4305 921 4377 Neque
963 4310 1104 4364 enim
1163 4312 1419 4381 possibile
1470 4324 1575 4379 est,
1613 4330 1806 4385 quem-

230 4396 360 4466 piam
388 4414 493 4468 per
524 4398 671 4451 illam
695 4396 931 4466 perfecte
958 4400 1155 4472 corrigi
1192 4419 1205 4455 :
1235 4403 1377 4458 unde
1418 4403 1668 4459 Μοδειίοω
1698 4421 1807 4459 ma-

228 4485 494 4545 ledictioni
556 4490 850 4559 discipulos
879 4507 1004 4548 suos
1053 4493 1251 4559 subdit,
1304 4496 1556 4566 ipsosque
1588 4496 1806 4554 Judmos

229 4581 309 4650 qui
332 4582 383 4634 in
404 4580 704 4636 mulierum
721 4583 1024 4637 coeuntium
1042 4584 1381 4655 accipiuntur
1406 4588 1592 4658 ﬁgura,
1621 4598 1807 4660 utpote

227 4673 308 4741 qui
339 4687 565 4743 semper
589 4672 891 4736 adbaarent,
927 4685 981 4729 et
1004 4677 1459 4746 conrequiescunt
1492 4679 1804 4737 doctoribus

226 4762 624 4817 institutionum
653 4776 893 4827 suarum,
925 4761 1027 4819 hoc
1077 4772 1257 4820 autem
1289 4767 1485 4837 ipsum,
1517 4778 1574 4824 et
1600 4768 1654 4823 in
1709 4784 1804 4826 eos

225 4853 388 4923 quiin
439 4854 714 4926 przrputio
741 4861 885 4919 sunt,
936 4864 1247 4923 operantur.
1300 4858 1515 4926 quando
1546 4859 1804 4915 doctrina:

226 4960 403 5000 eorum
436 4962 631 5001 semen
680 4944 999 5014 suscipiunt,
1024 4961 1159 5016 quos
1184 4948 1561 5003 vestimentum
1590 4959 1645 5003 et
1688 4949 1805 5019 pel-

231 5034 326 5089 lem
347 5053 473 5092 esse
504 5037 737 5091 dicimus
767 5053 779 5088 :
810 5044 994 5105 utpote
1023 5037 1388 5107 temporaliter
1415 5047 1470 5092 ct
1495 5039 1805 5095 transituris

226 5127 501 5183 doctrinas
524 5143 735 5191 eorum,
775 5143 878 5181 non
901 5136 1079 5181 autem
1106 5137 1164 5181 ut
1186 5137 1242 5182 et
1268 5128 1367 5198 ipsi
1392 5141 1679 5201 procreent
1705 5131 1803 5185 ali-

226 5233 379 5287 quam
431 5221 660 5292 legalem
699 5218 966 5289 justitiam
1011 5222 1332 5291 suscipiunt,
1380 5238 1501 5276 nam
1530 5224 1801 5292 quomodo

224 5312 480 5377 possibile
516 5321 601 5367 est
643 5312 746 5365 hoc
795 5311 847 5364 in
893 5308 1151 5383 prmputio
1180 5313 1654 5381 permanentibus?
1705 5315 1798 5369 sed

226 5408 279 5452 ut
302 5417 399 5470 per
434 5415 719 5456 sermones
756 5415 965 5467 eorum,
996 5408 1051 5455 et
1079 5401 1179 5471 ipsi
1211 5399 1494 5456 maledicto
1518 5400 1651 5472 legis
1679 5401 1797 5471 pol-

224 5487 293 5543 lui
322 5491 686 5562 accipiantur.

854 5558 1078 5615 CAPUT
1115 5559 1178 5614 ll.

222 5626 301 5685 De
326 5631 556 5685 muliere
581 5646 700 5702 qui:
744 5630 945 5702 [lusum
993 5630 1205 5702 seminis
1234 5637 1434 5702 patitur
1462 5645 1564 5684 non
1594 5631 1648 5685 in
1675 5640 1805 5686 tem-

435 5718 566 5770 pore
586 5700 892 5754 inenstruali
915 5738 931 5766 ,
963 5710 1011 5753 et
1036 5700 1372 5754 inundatione
1405 5701 1589 5767 ipsius.

292 5792 484 5863 (Ιιιυ.)
515 5792 705 5848 Mulier
739 5809 856 5865 qua:
886 5792 1128 5847 redeunte
1159 5808 1331 5861 mense
1363 5792 1565 5860 patitur
1602 5796 1804 5863 ﬂuxum

1915 3313 2193 3383 sanguinis
2219 3312 2427 3378 effusio,
2464 3322 2684 3383 propter
2704 3312 2846 3382 quod
2876 3330 2982 3369 non
3005 3314 3160 3382 dixit,
3189 3314 3253 3370 de
3279 3333 3497 3387 corpore

1914 3415 2090 3458 nostra
2104 3421 2125 3470 ;
2157 3418 2329 3473 neque
2355 3404 2498 3467 enim
2520 3418 2550 3457 a
2573 3404 2725 3459 nobis
2745 3412 2831 3458 est
2850 3402 3148 3459 idololatria
3173 3406 3487 3474 adinventa,

1912 3496 2007 3551 sed
2032 3512 2064 3550 a
2089 3496 2442 3561 daemonibus,
2474 3496 2528 3551 in
2557 3510 2783 3567 corpore
2803 3497 3054 3552 videlicet
3083 3499 3269 3569 generi
3300 3507 3492 3554 nostro

1913 3586 2117 3643 inﬂicta
2147 3596 2249 3654 est,
2282 3596 2335 3643 et
2360 3588 2635 3658 corruptio
2663 3589 2913 3643 humanae
2932 3597 3015 3645 est
3040 3589 3229 3644 a'tlecta
3257 3601 3489 3645 naturae.

1928 3687 2035 3743 Sed
2054 3702 2109 3741 et
2128 3699 2367 3753 tempora
2393 3702 2719 3739 denuntians
2743 3686 2793 3739 in
2808 3702 3009 3753 quinos
3028 3694 3263 3735 iuniotall
3280 3702 3326 3733 ia
3351 3689 3493 3732 υιοιιο

1924 3784 2066 3838 nuit.
2100 3781 2341 3850 Denique
2368 3776 2566 3832 Paulus
2596 3777 2810 3831 dicebat
2828 3777 2969 3844 (Act.
2992 3776 3127 3842 xvn)
3151 3790 3168 3829 :
3190 3775 3256 3828 Et
3279 3776 3493 3845 quidem

1924 3884 2157 3945 tempora
2176 3873 2489 3945 ignorantiae
2506 3871 2795 3938 despiciens
2822 3868 2979 3935 Deus,
3014 3885 3154 3924 nunc
3200 3868 3488 3922 annuntiat

1912 3968 2090 4007 omnes
2126 3952 2316 4024 ubique
2344 3951 2699 4023 paenitentiam
2729 3966 2903 4022 agere.
2932 3947 3084 4016 Quod
3111 3948 3265 4011 dixit,
3297 3958 3491 4017 septem

1910 4042 2091 4098 diebus
2111 4042 2469 4115 separabitur;
2493 4042 2635 4112 quod
2655 4042 2781 4106 alii,
2805 4042 2902 4095 erit
2936 4041 2991 4095 in
3018 4039 3325 4111 purgatione
3357 4052 3492 4101 sua;

1909 4134 2002 4190 alii
2031 4151 2160 4191 vero
2190 4136 2542 4205 interpretes,
2583 4135 2638 4187 in
2672 4134 3000 4205 separatione
3032 4131 3322 4202 iniquitatis
3343 4142 3493 4193 sum;

1911 4226 1999 4280 alii
2034 4234 2234 4290 autem,
2277 4224 2534 4290 miserita,
2563 4223 2876 4284 ediderunt,
2915 4236 2975 4275 ιιι
3000 4237 3097 4290 per
3123 4216 3491 4287 septenariunt

1910 4315 2119 4370 dierum
2150 4329 2433 4368 numerum
2465 4321 2708 4382 tempora
2737 4309 3065 4381 signiﬁcaret
3095 4308 3336 4376 spiritus,
3368 4318 3491 4373 quae

1908 4420 2080 4476 usque
2133 4405 2200 4460 ad
2248 4403 2664 4473 complctionem
2720 4410 3020 4471 temporum
3080 4406 3224 4463 sunt,
3276 4398 3331 4452 in
3383 4409 3490 4465 qua

1908 4495 2283 4566 complctione,
2324 4494 2631 4566 evangelica
2671 4491 2921 4561 provenit
2945 4490 3277 4560 praedicatio.
3317 4488 3374 4542 lu
3402 4487 3491 4542 his

1907 4588 2051 4642 enim
2099 4587 2333 4657 separati
2376 4602 2407 4641 a
2449 4588 2560 4642 Deo
2603 4602 2700 4656 per
2737 4584 3093 4641 idololatriam
3132 4583 3383 4638 homines
3431 4597 3489 4635 ιιι

1909 4679 2247 4749 separatione
2284 4678 2584 4748 iniquitatis
2608 4685 2664 4732 et
2695 4677 2926 4731 miseria:
2966 4674 3275 4730 necessario
3302 4679 3484 4735 erant,

1908 4785 2077 4840 usque
2122 4770 2248 4823 dum
2298 4768 2408 4823 Deo
2451 4783 2548 4838 per
2592 4766 2962 4837 evangelicam
3011 4763 3486 4820 conversationem

1908 4861 2380 4931 conjungercmur,
2414 4875 2533 4930 qua:
2567 4859 2622 4913 in
2660 4867 2849 4914 octava
2895 4856 2982 4912 die
3026 4857 3316 4928 accipitur,
3354 4855 3482 4924 quia

1907 4954 2118 5025 signum
2148 4961 2204 5007 et
2237 4952 2559 5022 principium
2592 4962 2647 5012 et
2676 4950 2837 5005 arrha
2873 4950 3268 5021 quodammodo
3302 4945 3488 5003 sazculi

1908 5056 1991 5102 cst
2017 5045 2211 5111 futuri;
2236 5053 2456 5115 propter
2476 5043 2618 5113 quod
2641 5052 2698 5098 et
2717 5052 2907 5098 octava
2936 5043 3023 5098 die
3039 5042 3338 5097 Salvatoris
3363 5055 3489 5112 pro-

1908 5138 2072 5191 cessit
2107 5134 2452 5190 resurrectio.
2492 5132 2606 5188 Non
2639 5133 2811 5189 solum
2841 5141 3019 5189 autem
3054 5133 3211 5187 idolis
3241 5132 3484 5186 serviens

1906 5230 2108 5293 anima,
2139 5228 2232 5283 sed
2256 5236 2312 5281 et
2352 5227 2398 5281 is
2426 5226 2517 5296 qui
2546 5241 2668 5280 eam
2712 5225 2910 5297 tangit,
2948 5226 3000 5279 id
3034 5237 3147 5289 est,
3187 5224 3277 5292 qui
3308 5221 3476 5291 parti-

1906 5333 2032 5386 ceps
2061 5316 2178 5385 ejus
2215 5315 2461 5381 edicitur,
2513 5323 2567 5369 et
2596 5315 2765 5370 multo
2801 5316 2973 5385 magis
3021 5316 3107 5369 hic
3142 5315 3229 5382 qui
3280 5313 3332 5365 in
3369 5322 3477 5377 quo

1905 5408 2127 5473 dormit,
2168 5407 2251 5461 vel
2285 5408 2339 5461 in
2368 5421 2476 5476 quo
2511 5409 2679 5472 sedet,
2717 5416 2775 5461 ut
2808 5416 2933 5477 pote
2957 5408 3045 5473 qui
3079 5403 3332 5459 doctrinae
3359 5399 3477 5467 ejus

1905 5507 1961 5554 et
2003 5498 2306 5553 traditionis
2340 5497 2400 5550 tit
2428 5498 2729 5567 particeps;
2770 5496 2855 5551 vel
2882 5498 2973 5566 qui
3001 5495 3189 5549 wierit
3227 5506 3347 5545 eum
3385 5507 3473 5557 es,

1906 5590 2213 5645 immundus
2232 5591 2356 5654 erit,
2385 5598 2441 5643 et
2462 5589 2809 5643 mundalione
2833 5603 2965 5658 Opus
2985 5588 3160 5645 habet,
3191 5599 3290 5638 nec
3313 5584 3477 5639 aliter

1907 5679 2218 5741 mundatur,
2248 5679 2349 5733 nisi
2386 5679 2593 5733 lavatus
2628 5695 2787 5749 aqua.
2829 5676 2965 5744 Quid
2995 5678 3064 5729 sit
3098 5680 3276 5727 autem
3307 5691 3472 5746 aqua,

1906 5771 1957 5827 in
1988 5771 2415 5842 prmcclcntibus
2450 5770 2704 5825 diximus.
2734 5769 2790 5823 in
2823 5774 3026 5823 tantum
3056 5773 3234 5821 autem
3262 5774 3478 5836 oportet
