3956 6176
466 362 553 421 ιιι

1096 357 1155 413 Β.
1194 354 1447 413 RABANI
1486 353 1703 413 MAIJRI
1741 356 2059 414 ARCIIIEP.
2103 351 2410 413 MOGL'NT.
2451 346 2734 411 OPEBUM
2772 351 2951 407 PARS
2981 350 3021 408 l.

3596 349 3705 403 4ιί

462 484 531 538 ab
571 477 715 534 omni
764 475 1077 530 idololatriae
1111 473 1315 537 malitia
1364 473 1656 536 abstinuere,
1700 481 1755 526 et
1793 489 1891 528 nec
1936 488 2030 527 eos
2056 473 2098 530 Α
2134 470 2265 524 min
2297 479 2440 524 retro
2470 480 2715 537 tangens,
2743 466 2966 519 liberata
2992 474 3073 517 est
3096 479 3125 516 a
3155 461 3317 515 ﬂuxu.
3352 462 3590 517 Dicimus
3612 481 3704 519 au-

463 576 552 645 qni
582 573 737 628 idolis
762 570 1001 625 serviunt
1019 610 1033 632 ,
1062 584 1161 622 nec
1185 568 1284 622 bos
1306 567 1499 637 quibus
1519 566 1593 621 illi
1613 568 1768 637 quasi
1794 569 2029 636 organis,

465 666 545 720 vel
582 661 736 731 quasi
776 660 929 713 lectis
960 665 1052 712 aut
1072 658 1214 711 vasis
1243 664 1467 710 utuntur
1490 657 1821 727 contingere,
1847 657 1897 711 id
1925 666 2028 721 est,

467 758 518 811 in
569 754 713 808 nullo
776 767 897 807 cum
954 751 1033 804 eis
1086 751 1520 805 communionem
1566 751 1787 806 habere.
1845 750 2036 820 Sequi-

465 856 556 899 tur
588 865 600 898 :

538 934 731 987 Mulier
754 948 869 1002 qua!
890 930 1088 999 patitur
1110 929 1286 981 multis
1308 929 1491 983 diebus
1512 927 1711 997 ﬂuxum
1740 930 2032 1000 sanguinis,

469 1043 570 1080 non
602 1027 653 1077 in
685 1033 910 1092 tempore
940 1020 1247 1074 menstruali
1264 1061 1278 1080 ,
1312 1020 1387 1074 vel
1421 1038 1537 1091 qum
1569 1032 1682 1091 post
1715 1033 2034 1075 menstruam

470 1115 773 1184 sanguinem
812 1113 974 1181 fluere
1015 1128 1118 1164 non
1148 1121 1348 1172 cessat,
1378 1111 1613 1179 quandiu
1647 1112 1767 1164 huic
1803 1111 2039 1180 subjacet

470 1202 717 1274 passiani,
742 1200 1010 1254 immunda
1037 1201 1154 1260 ar't,
1177 1200 1328 1268 quasi
1342 1198 1408 1251 sit
1427 1199 1482 1251 in
1506 1209 1729 1269 tempore
1751 1209 2036 1253 menstruo.

474 1290 638 1346 Omne
676 1300 896 1343 stratum
928 1293 982 1343 in
1016 1306 1118 1360 qua
1149 1289 1452 1354 darmierit,
1491 1299 1539 1343 et
1577 1307 1665 1343 ras
1696 1290 1751 1344 in
1770 1306 1870 1359 qua
1899 1288 2044 1343 sedeo

474 1387 560 1451 rit,
584 1384 835 1455 pollutum
857 1384 954 1437 erit
977 1400 994 1447 ;
1023 1382 1310 1452 quicunque
1330 1382 1549 1451 tetigerit
1572 1398 1651 1445 ea,
1673 1380 1863 1435 lavabit
1893 1380 2043 1434 resti-

473 1486 645 1528 menta
666 1492 783 1536 sua,
813 1483 858 1525 et
887 1474 993 1539 ipse
1017 1472 1151 1524 lotus
1177 1488 1312 1542 aqua
1334 1470 1634 1525 immundus
1662 1473 1759 1524 erit
1783 1487 1943 1541 usque
1972 1469 2042 1523 ad

476 1579 759 1632 vesperum.
790 1561 897 1633 (Ea;
920 1560 1226 1629 Hesychia.)
1257 1559 1528 1624 Quantum
1558 1560 1796 1615 vindicet
1821 1560 2044 1630 spiritus

477 1654 572 1709 Dei
610 1653 741 1723 legis
787 1650 1289 1719 contemplationem
1321 1659 1376 1705 et
1399 1650 1685 1706 lectionem
1708 1651 1933 1717 litterae,
1960 1653 2044 1707 his

473 1761 597 1813 qua:
640 1760 735 1814 per
780 1752 961 1814 partes
1018 1744 1364 1806 sanciantur,
1417 1746 1671 1799 ostendit.
1720 1744 1852 1811 Quia
1898 1746 2043 1801 enim

479 1833 677 1887 ﬂuxum
705 1835 928 1888 seminis
964 1833 1255 1902 patientem
1295 1832 1539 1904 intelligit
1583 1835 1636 1889 in
1674 1835 1791 1905 lege
1815 1835 2047 1890 obscena

481 1932 536 1977 et
585 1922 982 1990 eorrumpentia
1032 1922 1345 1985 docentem,
1389 1920 1517 1975 olim
1557 1922 1821 1987 diximus,
1875 1930 1933 1977 et
1984 1924 2051 1979 de

483 2029 588 2082 quo
604 2013 776 2067 coitus
798 2026 1006 2081 semper
1021 2011 1312 2080 egreditur,
1333 2008 1555 2066 Judaiea
1573 2020 1758 2067 utente
1783 2013 2048 2068 doctrina.

486 2102 781 2158 Restabant
825 2110 1005 2156 autem
1038 2102 1089 2155 hi
1122 2102 1211 2172 qui
1245 2117 1575 2173 paganorum
1608 2103 1912 2157 doctrinam
1959 2104 2054 2159 do-

480 2200 639 2257 cent;
665 2206 791 2247 ecce
832 2191 993 2246 etiam
1046 2191 1192 2262 ipsos
1233 2207 1375 2247 nunc
1404 2201 1703 2262 opportune
1735 2192 2003 2248 subinfert
2035 2210 2051 2248 :

487 2298 607 2338 esse
638 2298 765 2352 ergo
802 2281 1002 2335 ﬂuxum
1038 2281 1343 2351 sanguinis,
1384 2280 1649 2335 idolorum
1680 2280 2055 2336 seductionem

486 2380 545 2425 et
591 2386 828 2425 errorem
877 2370 1128 2435 diximus,
1179 2377 1388 2438 utpote
1429 2386 1624 2439 genere
1667 2371 2054 2425 daemoniorum

489 2461 748 2530 sanguine
784 2460 1076 2528 gaudente,
1108 2466 1163 2514 et
1192 2475 1293 2513 non
1318 2459 1488 2513 solum
1521 2474 1775 2529 pecorum
1804 2459 2057 2513 aliorum-

491 2565 596 2615 que
621 2550 931 2603 animalium
956 2550 1422 2612 irrationabilium,
1453 2551 1544 2605 sed
1571 2551 1733 2604 etiam
1770 2550 2048 2604 hominum

490 2639 753 2692 sacriﬁcia
790 2639 1132 2708 praecipiente
1157 2680 1171 2703 ,
1216 2639 1286 2693 ita
1318 2649 1375 2693 ut
1422 2642 1473 2693 in
1521 2641 1705 2695 multis
1745 2642 1876 2695 locis
1905 2642 2048 2709 apud

485 2744 584 2784 eos
610 2728 732 2783 talia
763 2729 1166 2783 celebrarentur
1201 2732 1454 2800 mysteria
1488 2769 1499 2789 .
1531 2731 1692 2785 veluti
1730 2732 1968 2802 Dionysii
1997 2740 2055 2787 et

489 2817 672 2873 Dianae
709 2818 1041 2888 aliorumque
1070 2820 1458 2882 dmmonumdn
1491 2829 1697 2875 tantum
1731 2822 1908 2877 ﬂuxus
1935 2838 2061 2877 san-

492 2910 669 2978 guinis
718 2911 856 2979 apud
915 2927 1009 2966 eos
1052 2912 1363 2967 inoleverat.
1414 2912 1647 2968 Attende
1696 2923 1875 2968 autem
1923 2928 2062 2970 nunc

484 2998 685 3065 quibus
710 2999 890 3052 verbis
924 2999 1195 3071 legislator
1223 3018 1354 3056 usus
1391 3010 1475 3056 est
1512 3017 1526 3056 :
1565 3000 1761 3056 Mulier
1783 3020 1899 3073 qum
1927 3003 2062 3067 pati-

491 3098 578 3141 tur
604 3087 783 3141 multis
820 3088 1000 3141 diebus
1026 3092 1227 3158 [luxum
1270 3091 1561 3160 sanguinis,
1608 3092 1795 3145 nonin
1835 3102 2061 3161 tempore

491 3177 818 3230 menstruali.
849 3178 999 3243 Quod
1027 3179 1375 3249 Septuaginta
1406 3181 1484 3235 sic
1510 3180 1795 3235 ediderunt
1823 3199 1836 3234 :
1868 3181 2063 3235 Mulier

486 3271 538 3322 si
576 3271 706 3337 ﬂuat
752 3272 1064 3339 proﬂuvium
1110 3271 1378 3341 sanguinis
1423 3271 1532 3326 dies
1582 3271 1904 3340 complures,
1955 3288 2061 3327 non

490 3358 737 3412 dixitzsi
775 3360 891 3427 [luit
922 3360 1258 3430 sanguinem,
1289 3362 1429 3429 quod
1471 3370 1591 3424 est,
1637 3361 1793 3415 idolis
1837 3364 2060 3426 servire,

492 3447 608 3502 sive
647 3447 953 3512 immolare;
1004 3448 1096 3502 sed
1119 3448 1164 3503 si
1197 3449 1408 3519 ﬂuxerit
1446 3451 1647 3520 [iuxtim
1677 3452 1973 3520 sanguinis,
2007 3453 2064 3507 id

484 3544 597 3600 est,
628 3536 672 3591 si
716 3535 834 3589 ﬂuit
875 3537 1140 3590 maculam
1183 3544 1240 3590 et
1271 3552 1510 3593 errorem
1553 3537 1895 3600 idololatrias.
1937 3539 2064 3594 facit

496 3637 676 3681 autem
719 3627 822 3681 hoc
851 3642 955 3680 non
986 3627 1042 3680 in
1084 3635 1322 3696 tempore
1349 3628 1697 3691 menstruali,
1735 3628 1786 3681 id
1824 3636 1924 3690 est,
1958 3645 2062 3686 non

494 3717 549 3771 ib
574 3718 903 3787 temporibus
932 3717 985 3770 in
1009 3718 1202 3784 quibus
1226 3718 1492 3771 idolorum
1519 3719 1752 3773 servitus
1766 3719 2061 3784 obtinebat,

495 3807 612 3861 haec
644 3807 789 3861 enim
821 3821 941 3862 esse
967 3807 1313 3861 menstrualia
1343 3814 1617 3876 tempora,
1658 3807 1709 3860 in
1748 3807 1852 3861 illis
1889 3808 2066 3863 verbis

496 3895 550 3949 in
590 3895 785 3965 quibus
821 3896 887 3949 de
923 3912 985 3949 ea
1013 3895 1364 3964 loquebamur
1400 3904 1673 3950 ostensum
1718 3904 1822 3962 est,
1873 3897 1967 3950 sed
2013 3903 2068 3950 et

495 3994 778 4055 postquam
806 3987 971 4056 cmpit
999 3986 1248 4049 scientia,
1277 3994 1332 4040 et
1355 4002 1452 4055 per
1474 3986 1838 4056 evangelieam
1867 3985 2068 4041 doctri-

496 4091 621 4130 nam
667 4076 845 4129 lumen
894 4076 1110 4144 pietatis
1165 4075 1356 4130 illuxit.
1400 4075 1515 4145 Ipse
1570 4084 1743 4130 tamen
1792 4077 2067 4131 immunda

495 4165 649 4231 ﬁuit,
692 4173 746 4219 et
793 4167 951 4219 docet
994 4165 1240 4234 quaedam
1286 4166 1457 4219 errori
1495 4165 1758 4219 idolorum
1797 4167 2062 4236 proxima,

496 4255 805 4310 immundus
837 4263 950 4319 est;
988 4254 1127 4309 sicut
1167 4254 1239 4308 illi
1276 4255 1486 4309 illorum
1525 4263 1824 4324 temporum
1854 4256 1909 4310 in
1950 4256 2069 4325 qui-

501 4350 599 4401 bus
626 4344 777 4400 furor
805 4345 1067 4399 idolorum
1090 4346 1385 4410 obtinebat,
1419 4345 1507 4400 illa
1539 4347 1792 4402 docentes
1817 4362 2068 4416 quascun-

490 4451 603 4505 que
649 4437 713 4491 ad
760 4437 975 4490 illorum
1022 4437 1360 4505 pertinebant
1402 4451 1663 4491 errorem.
1708 4437 1878 4492 Erant
1921 4438 2064 4491 enim

2134 568 2240 613 tem
2269 558 2532 613 ﬁmbriam
2560 555 2693 624 ejus,
2729 555 2885 610 ﬁdem
2919 550 3055 623 ejus,
3088 566 3209 605 nam
3243 549 3392 618 cujus
3421 551 3498 605 rei
3526 556 3704 622 gratia

2132 649 2396 703 fimbriam
2437 647 2612 703 facere
2648 648 2887 701 vestibus
2926 644 3133 715 Moyses
3173 644 3527 714 prz‘eciperet?
3567 644 3706 710 Quia

2134 741 2277 796 enim
2306 739 2560 793 divinitas
2589 736 2747 792 debet
2788 734 3006 803 intelligi
3043 735 3096 788 in
3128 734 3518 795 anterioribus,
3561 741 3710 787 retro

2134 832 2521 888 humanitatem
2550 829 2911 898 intelligimus.
2943 827 3093 880 llane
3120 837 3307 896 gentes
3332 840 3450 892 quae
3479 824 3531 877 in
3560 824 3708 876 ﬂuxu

2136 920 2441 975 constituta:
2473 927 2629 975 erant
2661 916 2937 987 sanguinis
2962 914 3249 974 idolorum,
3282 913 3555 981 proposito
3587 914 3713 965 teti-

2137 1011 2279 1080 gisse
2298 1008 2557 1071 dicimus;
2611 1007 2753 1075 quod
2793 1007 2835 1059 si
2864 1021 2967 1059 non
3006 1004 3176 1058 solum
3203 1019 3297 1057 eos
3319 1003 3407 1071 qui
3438 1003 3504 1054 a-l
3532 1003 3707 1055 eﬁ'uu-

2138 1099 2368 1154 dentium
2414 1096 2730 1151 idololatria:
2774 1094 3090 1163 sanguinem
3135 1098 3361 1155 vacant,
3411 1092 3503 1144 sed
3544 1093 3712 1143 etiam

2138 1203 2233 1245 eos
2264 1187 2356 1257 qui
2385 1188 2579 1241 docent
2598 1200 2661 1238 ea
2686 1198 2805 1252 qua:
2834 1181 2901 1235 ad
2928 1181 3224 1236 doctrinam
3254 1181 3521 1248 pertinent
3550 1194 3718 1249 paga-

2141 1296 2355 1344 norum,
2402 1280 2601 1333 tluxum
2641 1275 2917 1348 sanguinis
2956 1273 3332 1342 exposuimus,
3365 1287 3468 1324 non
3501 1281 3585 1324 est
3622 1271 3720 1323 ad-

2142 1372 2388 1428 mirabile
2426 1388 2443 1424 :
2481 1385 2601 1425 mos
2651 1369 2843 1437 quippe
2885 1375 2970 1420 est
3020 1365 3179 1418 etiam
3229 1363 3366 1431 apud
3416 1363 3720 1417 exteriores

2145 1463 2368 1517 alllncus
2398 1460 2669 1528 eloquium
2711 1456 3118 1527 largissimeque
3153 1468 3210 1507 se
3240 1468 3304 1507 ae
3338 1452 3492 1507 facile
3525 1453 3593 1506 ad
3622 1452 3696 1507 de

2146 1555 2372 1610 etrinam
2397 1551 2699 1615 eﬁ‘uudens,
2730 1548 2929 1603 ﬂuxum
2958 1545 3044 1600 vel
3076 1544 3396 1599 rhetoricam
3422 1543 3718 1613 appellare.

2147 1645 2403 1715 Sequitur
2440 1661 2456 1697 :

2078 1813 2125 1872 Β
2220 1776 2280 1834 Si
2332 1771 2528 1831 steterit
2560 1770 2774 1844 sanguis
2802 1780 2849 1826 et
2887 1770 3049 1840 ﬂuere
3078 1768 3373 1831 cessaverit,
3426 1768 3724 1821 numerabit

2151 1879 2340 1939 septem
2365 1867 2474 1921 dies
2514 1864 2897 1936 puriﬁcationis
2925 1879 3066 1924 sum,
3098 1870 3146 1914 et
3190 1868 3367 1912 octava
3409 1860 3492 1913 αἱ·
3540 1860 3726 1927 οΙῙετει

2150 1977 2243 2031 pro
2272 1975 2326 2013 se
2352 1955 2612 2012 sacerdoti
2644 1956 2776 2008 duos
2811 1964 3039 2007 turtures
3062 1954 3141 2008 vel
3168 1954 3299 2008 duas
3322 1952 3493 2023 pullos
3518 1950 3727 2004 calum-

2153 2051 2355 2113 barum,
2388 2048 2458 2102 ad
2505 2048 2695 2101 ostium
2730 2046 3054 2098 tabernaculi
3093 2045 3406 2108 testimonii,
3444 2044 3534 2115 qui
3560 2058 3729 2095 unum

2152 2137 2305 2207 facie't
2327 2152 2418 2206 pro
2440 2144 2668 2205 peccato,
2696 2132 2919 2186 alterum
2941 2132 2995 2187 in
3015 2131 3398 2196 holocaustum,
3424 2131 3737 2200 rogabitque

2152 2242 2246 2298 pro
2274 2244 2334 2281 ea
2357 2242 2533 2281 caram
2552 2225 2797 2292 Domino,
2824 2234 2871 2278 et
2901 2242 2995 2295 pro
3029 2226 3177 2294 ﬂuxu
3208 2225 3555 2279 immunditim
3576 2224 3734 2292 ejus;

2154 2317 2400 2371 docebitis
2439 2331 2560 2385 ergo
2587 2315 2726 2385 ﬁlias
2754 2314 2944 2380 Israel,
2986 2325 3040 2368 ut
3069 2323 3284 2368 careant
3313 2313 3733 2375 immunditiam,

2155 2418 2202 2463 et
2243 2424 2346 2463 non
2382 2408 2676 2462 moriantur
2711 2412 2768 2461 in
2796 2406 3037 2460 sordibus
3070 2408 3178 2461 suis
3201 2422 3316 2460 cum
3348 2406 3631 2477 polluerint
3652 2417 3740 2460 ta-

2158 2499 2494 2554 bernaculum
2518 2515 2711 2562 meum,
2727 2498 2865 2569 quod
2886 2509 2960 2552 est
2991 2499 3130 2551 inter
3155 2515 3259 2552 eos.
3286 2498 3394 2566 (Ea:
3416 2494 3740 2567 Hesychia.)

2158 2590 2287 2656 Qum
2325 2588 2497 2642 virtus
2540 2585 2699 2655 hujus
2731 2588 2980 2641 sacriﬁcii
3016 2588 3084 2642 sit
3125 2596 3180 2641 et
3222 2587 3396 2656 qualis
3443 2587 3497 2641 in
3525 2587 3613 2641 bis
3640 2587 3741 2656 qui

2158 2679 2357 2733 ﬂuxum
2387 2678 2610 2733 seminis
2632 2679 2939 2747 patiuntur,
2978 2677 3030 2731 in
3067 2684 3327 2746 quantum
3357 2691 3577 2731 necesse
3614 2685 3741 2730 erat

2160 2770 2411 2823 diximus.
2450 2766 2656 2822 Similia
2698 2768 2839 2822 enim
2881 2775 2936 2821 et
2976 2767 3084 2821 illic
3125 2765 3209 2819 lex
3243 2767 3498 2835 praecepit
3535 2784 3549 2819 :
3590 2767 3747 2820 sicut

2160 2861 2303 2914 enim
2340 2858 2411 2912 ibi
2442 2858 2790 2927 semetipsum
2817 2871 3031 2911 sumere
3064 2863 3299 2910 turtures
3336 2863 3428 2910 aut
3456 2853 3748 2911 columbas

2163 2950 2214 3004 in
2254 2948 2577 3003 sacriﬁcium
2619 2946 2820 3000 ﬂuxum
2866 2946 3088 3000 seminis
3127 2947 3417 3016 patientem
3454 2945 3748 3016 legislator

2161 3041 2439 3110 prmeepit,
2465 3039 2589 3108 quia
2616 3038 2858 3106 magistri
2907 3037 3081 3093 locum
3115 3038 3329 3092 tenebat
3363 3046 3523 3107 atque
3548 3052 3749 3106 pet-so.

2088 3158 2133 3220 ϐ
2164 3144 2307 3190 nam,
2347 3129 2424 3183 sic
2456 3136 2511 3182 et
2550 3142 2690 3182 nunc
2724 3127 2863 3180 bane
2888 3141 3007 3196 quae
3038 3126 3156 3180 ﬂuit
3180 3125 3381 3181 ﬂuxum
3423 3128 3745 3197 sanguinis:

2168 3219 2396 3289 ﬁgurare
2419 3218 2561 3273 enim
2587 3233 2707 3273 eam
2738 3218 2968 3272 diximus
2987 3217 3240 3272 docentes
3267 3231 3385 3285 qua:
3404 3216 3470 3270 ad
3490 3230 3750 3273 errorem

2166 3309 2480 3363 idololatria!
2510 3310 2801 3379 pertinent.
2844 3308 3205 3375 Quamobrem
3247 3308 3612 3378 eloquentiam
3647 3310 3752 3364 do—

2165 3414 2316 3462 cens,
2355 3407 2409 3454 et
2434 3400 2753 3468 eloquentiae
2780 3399 3137 3470 participans,
3167 3399 3486 3469 sibimetipsi
3519 3416 3752 3457 sumere

2164 3504 2283 3561 qua:
2319 3492 2385 3546 ad
2423 3491 2851 3561 puriﬁcationem
2880 3492 3168 3562 proﬁciunt
3195 3499 3390 3561 potest.
3436 3492 3567 3560 Quae
3609 3508 3752 3564 ergo

2166 3583 2233 3637 ad
2255 3582 2757 3651 interpretationem
2788 3582 3010 3643 desunt,
3041 3581 3157 3636 [nec
3194 3582 3248 3634 in
3278 3582 3754 3651 subsequentibus

2165 3690 2262 3745 per
2325 3675 2566 3729 ordinem
2636 3673 2895 3728 dicemus.
2968 3669 3267 3739 Dacsbitis,
3330 3673 3541 3742 inquit,
3599 3673 3753 3742 ﬁlias

2166 3765 2357 3831 Israel,
2392 3775 2448 3820 ut
2480 3774 2691 3820 careant
2720 3765 3125 3829 immunditiam,
3152 3777 3201 3819 et
3233 3782 3336 3820 nan
3362 3766 3662 3820 moriantur
3690 3768 3753 3820 in

2166 3857 2406 3913 sordibus
2428 3858 2537 3911 suis
2559 3873 2674 3910 cum
2696 3855 2975 3926 palluerint
2998 3855 3389 3910 tabernaculum
3413 3873 3585 3910 meum
3600 3858 3756 3928 quod

2165 3956 2239 4001 est
2266 3950 2402 4001 inter
2429 3963 2536 4001 eos.

2237 4077 2344 4148 (Ex
2371 4075 2674 4147 Hesychia.)
2707 4076 2960 4143 Quamvis
2998 4091 3160 4131 omne
3192 4084 3471 4145 peccatum
3512 4076 3759 4133 immun-

2166 4169 2296 4224 ditia
2334 4169 2403 4222 sit
2434 4168 2643 4230 animae,
2675 4169 2908 4222 maxime
2938 4176 3116 4223 tamen
3155 4168 3492 4232 idololatriae,
3528 4176 3587 4222 et
3621 4186 3759 4238 qute

2168 4260 2232 4313 ad
2257 4274 2379 4314 eam
2420 4257 2707 4327 pertinent.
2756 4256 2880 4311 Haec
2918 4271 3109 4312 cavere
3150 4265 3206 4311 et
3253 4256 3304 4311 in
3335 4257 3420 4312 bis
3455 4257 3759 4312 timoratos

2167 4349 2306 4405 ﬁlios
2328 4347 2490 4403 lsrael
2529 4347 2805 4417 legislator
2842 4362 2965 4402 esse
2994 4346 3290 4413 desiderat,
3331 4356 3391 4401 ut
3415 4364 3521 4402 non
3545 4349 3763 4403 crude-

2170 4440 2372 4496 lissima
2401 4439 2691 4510 impietatis
2724 4438 3026 4511 moriantur
3057 4446 3227 4492 morte
3263 4456 3274 4491 :
3313 4438 3554 4507 polluant
3596 4439 3759 4494 enim

492 4500 625 4581 tunc
645 4528 807 4582 etiam
838 4500 1094 4581 immundi
1115 4567 1130 4591 ,
1167 4527 1260 4581 sed
1290 4536 1345 4581 et
1369 4543 1510 4582 nunc
1540 4527 1707 4581 multo
1740 4528 1926 4598 magis,
1958 4538 2067 4581 tam
2095 4500 2144 4558 D
2173 4531 2319 4601 impii
2342 4500 2742 4585 tabernaculum
2772 4508 2886 4589 Dei,
2915 4528 3055 4598 quod
3081 4530 3134 4582 in
3162 4528 3293 4598 ipsis
3312 4500 3588 4597 est;atqui
3618 4546 3762 4585 cor-

490 4617 620 4685 quia
663 4620 774 4684 jam
819 4619 1013 4673 nudata
1054 4628 1138 4674 est
1178 4620 1514 4674 immunditia
1560 4635 1768 4685 eorum,
1815 4630 1869 4674 et
1917 4634 2070 4676 error

494 4707 774 4760 «obvietus
793 4747 807 4771 ,
833 4724 996 4778 quam
1018 4709 1142 4777 quia
1166 4709 1452 4764 noluerunt
1470 4709 1651 4765 oculos
1677 4726 1801 4764 suos
1829 4710 2069 4778 prtuliere

492 4793 601 4848 luci
648 4812 787 4851 verte
821 4798 1205 4864 intelligentiae.
1241 4797 1407 4867 Hujus
1433 4798 1575 4853 enim
1608 4799 1848 4854 mulieris
1881 4800 2067 4871 imagi-

488 4899 619 4939 nem
673 4902 860 4957 gerere
918 4890 1264 4958 intelligimus
1317 4906 1437 4946 eam
1491 4904 1610 4960 qua:
1672 4892 1724 4945 in
1774 4893 2066 4963 evangeliis

495 4978 699 5031 ﬂuxum
741 4980 946 5048 patitur
978 4980 1256 5049 sanguinis
1296 4981 1509 5051 (Matth.
1556 4980 1654 5053 ix),
1696 4999 1815 5053 qua:
1852 5000 2066 5039 omnem

489 5068 711 5137 quidem
760 5073 1115 5127 substantiam
1176 5075 1288 5129 sive
1335 5076 1499 5130 vitam
1541 5093 1693 5131 suam
1744 5078 1796 5133 in
1847 5081 2069 5136 medicis

491 5160 780 5230 expendit,
813 5160 862 5215 id
903 5171 985 5217 est
1006 5203 1019 5225 ,
1072 5164 1125 5218 in
1156 5164 1238 5219 eis
1273 5166 1361 5234 qui
1390 5166 1529 5235 apud
1569 5182 1662 5221 eos
1689 5177 1843 5222 erant
1889 5169 2066 5239 philo—

490 5250 680 5320 sophis
707 5264 722 5303 :
755 5265 859 5304 non
891 5261 1068 5306 tamen
1093 5263 1278 5308 sanata
1312 5265 1394 5309 est
1419 5271 1514 5324 per
1541 5272 1634 5313 eos
1662 5260 1729 5313 ab
1750 5260 2067 5329 aegritudine

487 5341 699 5398 erroris
733 5341 815 5395 sui
847 5356 860 5394 :
896 5340 1030 5407 Quia
1055 5344 1279 5397 dicentes
1301 5363 1355 5399 se
1382 5363 1490 5400 esse
1518 5349 1792 5417 sapientes,
1819 5348 1964 5402 stulti
1989 5349 2069 5418 [a-

488 5430 565 5484 cti
587 5440 708 5485 sunt
744 5429 922 5501 (Rom.
959 5436 1019 5498 I).
1061 5431 1193 5487 Cum
1228 5437 1370 5488 enim
1410 5437 1719 5491 viderentur
1757 5439 2069 5493 simulacro-

492 5533 617 5574 rum
649 5519 797 5576 cultu
841 5529 896 5575 et
938 5520 1119 5577 furore
1148 5523 1384 5589 alienati,
1432 5535 1630 5581 terram
1671 5537 1847 5583 tamen
1879 5532 2067 5583 metie-

493 5606 714 5675 bantur,
749 5625 928 5668 aercm
958 5621 1012 5667 et
1046 5613 1273 5679 malum,
1315 5630 1541 5684 quorum
1591 5616 1731 5671 scire
1770 5615 1935 5671 solius
1971 5617 2063 5671 Dei

488 5706 579 5750 est
620 5702 839 5756 exordia
888 5703 1271 5776 terminosque.
1310 5704 1434 5761 [late
1467 5721 1597 5776 ergo
1648 5704 1913 5759 ﬁmbriam
1959 5708 2060 5760 Do-

2169 4638 2270 4692 pus
2305 4630 2387 4677 est
2412 4638 2519 4692 quo
2553 4620 2694 4674 ﬂuxu
2722 4620 2998 4689 sanguinis
3029 4628 3121 4673 aut
3151 4620 3372 4674 seminis
3404 4620 3760 4688 inquinatur.

2172 4711 2275 4769 Sed
2315 4714 2437 4782 quia
2485 4711 2807 4780 impietatem
2852 4726 3030 4765 sermo
3062 4710 3255 4774 innuit,
3306 4725 3425 4780 quae
3466 4710 3766 4766 hominem

2166 4811 2339 4858 totum
2365 4801 2603 4872 polluere
2637 4801 2933 4865 consuevit,
2972 4809 3256 4870 propterea
3288 4810 3502 4861 cautos,
3538 4801 3659 4855 sive
3693 4812 3765 4856 ut

2171 4896 2539 4964 Septuaginta,
2577 4893 2868 4957 timaratos,
2905 4894 3095 4962 inquit,
3137 4893 3340 4962 facietis
3373 4893 3511 4960 ﬁlios
3543 4893 3766 4953 Israel.

2168 4986 2232 5039 ab
2254 4983 2585 5037 immunditia
2618 5000 2714 5036 sua
2756 5000 2769 5035 :
2805 4984 2945 5051 quod
2977 4997 3151 5051 neque
3188 4984 3255 5037 de
3281 4982 3527 5051 leprosis.
3565 5000 3769 5053 neque

2168 5074 2233 5127 de
2276 5072 2359 5126 bis
2385 5070 2474 5140 qui
2517 5072 2808 5140 tetigerunt
2844 5071 3126 5126 morticina
3163 5072 3409 5136 sancivit,
3450 5073 3543 5127 sed
3574 5082 3632 5127 et
3665 5084 3769 5127 ta-

2166 5160 2439 5216 bernaculi
2484 5160 2576 5214 Dei
2624 5160 2763 5228 quod
2801 5161 2853 5213 in
2898 5159 3052 5214 nobis
3093 5170 3177 5214 est
3220 5162 3549 5215 mentionem
3593 5161 3768 5225 fecit,

2171 5251 2568 5307 tabernaculum
2612 5252 2755 5306 enim
2789 5251 2883 5306 Dei
2920 5260 3005 5305 est
3028 5251 3203 5304 omnis
3231 5260 3411 5306 noster
3451 5252 3647 5317 homo,
3693 5252 3771 5308 in

2166 5355 2274 5410 quo
2320 5339 2460 5394 Deus
2499 5339 2741 5395 habitare
2772 5340 3015 5394 creditur
3057 5356 3070 5393 :
3107 5340 3338 5408 primum
3384 5339 3605 5408 quidem
3643 5356 3777 5410 per

2169 5431 2454 5502 imaginem
2477 5446 2637 5498 quam
2668 5430 2822 5484 nobis
2846 5430 3095 5494 donavit,
3124 5430 3317 5484 deinde
3336 5443 3436 5496 per
3468 5427 3776 5499 primitias

2164 5534 2301 5589 quas
2326 5535 2356 5573 a
2382 5519 2538 5573 nobis
2557 5518 2787 5587 sumpsit
2816 5535 2828 5568 :
2871 5516 3092 5572 Verbum
3118 5517 3256 5570 enim
3287 5533 3410 5569 caro
3436 5517 3634 5584 factum
3669 5532 3778 5574 es:

2166 5610 2348 5681 (Joan.
2381 5609 2445 5679 t),
2473 5609 2615 5677 quod
2640 5624 2736 5675 per
2764 5608 2909 5662 illam
2947 5608 3301 5662 munitionem
3332 5604 3741 5677 [minutionem
3752 5631 3777 5682 ι

2164 5706 2323 5758 etiam
2361 5702 2413 5755 iu
2452 5699 2671 5771 reliquis
2708 5699 2954 5754 habitare
2996 5698 3301 5753 hominibus
3329 5696 3553 5760 dicitur,
3595 5701 3780 5766 quod
