3956 6176
243 374 335 432 413

1153 367 1649 429 EXPOSITIONES
1687 375 1754 429 IN
1792 371 2189 434 LEVITICUM.
2222 408 2291 418 -——
2330 375 2453 434 LIB.
2500 377 2562 436 ν.

3362 393 3466 449 ιιι

242 491 415 563 probat
448 480 689 541 Joannes
714 485 900 540 dicens
933 502 945 537 :
989 482 1211 539 Verbum
1238 502 1359 541 caro
1389 486 1586 556 factum
1610 497 1719 552 est,
1741 496 1788 541 ct
1819 498 1867 557 Α
1893 496 1948 541 et
1980 489 2157 558 iniqua
2204 501 2327 544 sunt
2370 492 2564 546 docent
2600 532 2612 545 .
2655 491 2721 577 Et
2761 495 2999 564 pra’cepit
3040 498 3086 551 ei
3115 499 3324 556 dicens:
3366 503 3468 558 L64

242 579 472 636 habitarit
504 578 559 631 in
591 577 756 631 nobis.
946 646 949 647 ν

304 672 407 724 Ista
419 679 495 724 est
509 669 717 739 lerejus
739 671 827 741 qui
838 672 1037 739 patitur
1045 670 1244 738 ﬂuxum
1270 670 1500 733 seminis,
1519 679 1565 722 et
1580 669 1670 740 qui
1687 668 1795 741 pol.

242 761 387 814 luitur
420 760 584 821 coitu,
611 769 657 812 et
693 776 810 829 qua'
842 759 1118 812 menstruis
1154 757 1464 827 temporibus
1497 769 1793 829 separatur,

242 850 310 905 νει
332 865 445 918 qua:
460 848 583 917 jngi
610 847 725 916 ﬂuit
755 849 1027 918 sanguine,
1076 858 1123 902 et
1157 848 1385 904 hominis
1412 848 1502 919 qui
1528 850 1797 918 dormierit

242 956 345 993 cum
367 956 450 991 ea.
485 938 596 1010 (Ea:
632 937 933 1009 Hesychia.)
967 938 1091 993 Ilaec
1126 939 1343 992 sibimet
1369 925 1644 1010 legislator
1670 954 1798 993 eon-

242 1038 442 1084 nectere
468 1029 765 1090 consuevit,
794 1038 852 1081 ut
873 1029 919 1083 ei
936 1030 1027 1098 qui
1052 1029 1383 1083 meditationi
1407 1029 1538 1099 legis
1559 1030 1795 1083 studium

242 1122 449 1190 pnrlset,
483 1118 813 1177 manifestet.
843 1120 1110 1189 quomodo
1138 1124 1383 1189 oporteat
1411 1120 1523 1173 htec
1553 1120 1792 1189 intelligi,

240 1222 281 1265 et
301 1228 414 1281 qua:
443 1226 569 1265 cum
596 1210 789 1279 quibus
817 1212 1190 1280 cognationem
1221 1211 1514 1265 secundum
1549 1207 1798 1265 similitu-

239 1299 397 1354 dinem
444 1301 754 1358 intellectus
800 1302 1051 1354 habeant.
1087 1301 1221 1366 Quia
1265 1315 1392 1368 ergo
1435 1315 1555 1355 esse
1596 1300 1795 1353 ﬂuxum

237 1391 448 1446 seminis
478 1392 719 1461 patiens,
757 1393 942 1445 doctor
967 1389 1293 1462 [doctorum]
1338 1405 1687 1459 corrumpens
1714 1406 1799 1444 se-

239 1497 363 1543 men,
403 1490 466 1536 et
514 1481 691 1551 turpia
721 1490 879 1549 atque
922 1481 1319 1550 eorrumpentia
1366 1481 1687 1542 admonens,
1716 1488 1801 1533 est

237 1569 512 1638 probatus,
549 1575 605 1623 et
630 1568 696 1621 de
725 1583 829 1636 quo
857 1568 1130 1639 egreditur
1171 1583 1354 1623 semen
1383 1569 1557 1624 coitus
1593 1577 1647 1621 ut
1687 1567 1799 1637 pul-

239 1660 416 1720 luatur,
459 1658 507 1711 is
528 1658 619 1727 qui
646 1652 860 1712 Judaica
883 1666 1146 1727 pnccepta
1174 1659 1353 1722 docet,
1382 1659 1434 1712 in
1462 1658 1656 1727 quibus
1682 1657 1799 1726 ipse

240 1758 286 1799 ut
309 1748 446 1801 mala
473 1749 612 1800 bona
649 1748 865 1810 docens,
896 1758 949 1801 et
979 1747 1111 1818 legis
1145 1748 1495 1803 intentionem
1527 1755 1800 1816 transgre-

1897 597 2051 651 quere
2073 580 2141 647 ad
2170 583 2344 636 Aaron
2374 583 2592 652 fratrem
2616 594 2783 649 tuum,
2810 602 2871 639 ne
2892 589 3031 640 omni
3058 599 3280 660 tempore
3303 596 3470 665 ingre-

1898 671 2076 722 diatur
2105 674 2482 736 sattctnarinm,
2520 674 2657 744 quod
2685 685 2759 728 est
2789 677 2927 729 intra
2959 678 3123 731 velum
3149 698 3323 736 coram
3349 703 3470 753 prae

1896 760 2179 829 pitiatorio,
2212 778 2312 833 quo
2339 764 2529 831 tegitur
2558 782 2682 818 arca
2703 804 2716 828 ,
2743 775 2795 818 nt
2824 783 2923 820 non
2951 770 3207 822 moriatur
3225 811 3239 836 ,
3263 774 3386 839 quia
3416 774 3468 829 in

1899 848 2031 902 nube
2055 849 2308 919 apparebo
2338 867 2491 920 super
2516 852 2807 906 oraculum.
2837 854 2942 924 (Ex
2972 854 3275 929 Hesychia.)
3294 858 3474 925 Quan-

1897 944 2011 991 tum
2038 947 2225 1006 parcat
2247 937 2388 993 Deus
2416 939 2573 994 saluti
2604 950 2802 1005 nostrae
2830 960 2895 996 ex
2928 945 3109 999 multis
3136 962 3254 1014 qum
3277 948 3329 1002 in
3356 948 3474 1020 lege

1899 1028 2037 1084 dicta
2067 1039 2193 1083 sunt
2215 1031 2540 1085 considerari
2568 1040 2622 1085 et
2650 1032 2782 1087 disci
2809 1043 3005 1103 potest,
3030 1037 3095 1090 de
3125 1038 3319 1106 quibus
3339 1039 3474 1096 nihil

1899 1117 2259 1188 negligentes,
2306 1118 2490 1173 oculos
2530 1120 2723 1174 mentis
2753 1135 2849 1189 per
2871 1121 3078 1191 singula
3112 1124 3471 1182 intendamus.

1901 1206 2066 1260 Recte
2100 1208 2390 1261 maximam
2437 1208 2764 1278 diligentiam
2812 1210 3084 1280 legislator
3130 1213 3370 1279 exhibet,
3414 1222 3476 1270 ut

1898 1311 2004 1349 non
2033 1296 2203 1350 solum
2230 1296 2280 1349 in
2310 1297 2486 1351 verbis
2511 1299 2775 1368 turpibus,
2803 1301 2966 1353 autin
2997 1300 3189 1356 fabulis
3211 1301 3471 1369 Judaicis,

1898 1398 1989 1441 aut
2023 1389 2074 1441 in
2100 1387 2280 1455 aliquo
2308 1388 2622 1442 idololatriae
2647 1390 3056 1457 phantasmate,
3088 1392 3336 1447 doctores
3367 1408 3473 1448 non

1899 1476 2197 1543 excedant;
2239 1478 2332 1532 sed
2362 1493 2461 1531 nec
2494 1479 2772 1533 occasione
2818 1479 3095 1550 theologia:
3137 1483 3191 1535 in
3226 1482 3474 1551 impieta-

1901 1577 2005 1621 tem
2038 1569 2266 1634 cadant,
2314 1568 2454 1637 quod
2484 1584 2598 1624 mos
2626 1579 2709 1623 est
2740 1572 3009 1625 bteretieis
3042 1573 3171 1641 pati.
3212 1571 3475 1627 Substan-

1901 1659 2026 1711 tiam
2056 1659 2197 1712 enim
2238 1660 2587 1713 discutientes
2628 1660 2754 1725 Dei,
2801 1669 2910 1715 tam
2955 1661 3130 1716 Patris
3173 1663 3239 1716 ad
3280 1662 3475 1716 Filium

1899 1762 2059 1816 quam
2088 1747 2206 1801 Filii
2236 1749 2303 1801 ad
2334 1746 2593 1817 Spiritum
2632 1756 2877 1804 sanctum
2920 1750 3273 1806 differentiam
3302 1753 3474 1808 intro.

239 1839 372 1893 dicos
408 1838 695 1911 polluitur,
734 1839 858 1892 dum
886 1854 946 1891 ea
978 1854 1096 1907 qum
1125 1840 1190 1892 ad
1230 1839 1466 1893 litteram
1506 1836 1795 1907 pertinent,
1826 1839 1872 1898 B
1901 1837 2126 1902 ducunt,
2152 1845 2207 1891 et
2229 1838 2332 1891 alia
2360 1838 2552 1891 similia
2580 1853 2699 1908 quae
2726 1847 2965 1893 nostram
3004 1841 3269 1895 excedunt
3299 1842 3475 1897 scien-

239 1940 371 1984 cxlra
399 1939 618 2000 tempus
642 1927 867 1998 profert,
905 1937 953 1982 et
983 1929 1139 1983 modo
1165 1930 1396 1999 quodam
1428 1928 1644 1983 mundis
1658 1927 1796 1982 sicut

238 2020 515 2076 inmundis
568 2022 754 2082 utitur,
806 2021 870 2073 de
919 2021 1115 2089 quibus
1164 2021 1367 2075 dictum
1416 2028 1499 2075 est
1541 2036 1554 2072 :
1607 2017 1798 2072 Omnia

239 2114 413 2166 munda
441 2113 675 2173 mundis,
710 2112 1054 2183 coinquinatis
1078 2121 1255 2166 autem
1281 2121 1327 2166 et
1351 2110 1646 2181 inﬁdelibus
1667 2109 1798 2164 nihil

237 2206 475 2257 mundum
524 2219 542 2256 :
598 2205 687 2257 sed
741 2204 941 2274 polluta
984 2213 1106 2259 sunt
1162 2222 1340 2259 eorum
1382 2222 1528 2258 mens
1583 2213 1631 2259 et
1670 2220 1797 2258 con-

237 2298 435 2349 scientia
465 2296 605 2368 (Tit.
648 2295 730 2368 I),
768 2295 1044 2366 sanguinis
1083 2305 1261 2350 autem
1302 2293 1501 2348 ﬂuxum
1536 2294 1799 2364 patientes

238 2391 283 2441 in
323 2388 612 2442 menstruis
637 2387 771 2450 suis,
819 2388 869 2439 bi
902 2401 1020 2441 esse
1046 2386 1402 2441 demonstrati
1429 2392 1588 2449 sunt,
1618 2384 1708 2454 qui
1734 2398 1797 2438 ea

238 2493 346 2546 quzc
380 2479 442 2530 ad
482 2477 814 2546 impietatem
867 2476 1118 2539 tendunt,
1163 2475 1252 2530 illo
1289 2476 1482 2530 docent
1535 2484 1795 2544 tempore,

240 2569 290 2622 in
314 2584 413 2636 quo
438 2583 604 2638 genus
634 2568 911 2621 hominum
937 2566 1107 2620 errori
1144 2565 1404 2619 idolorum
1437 2565 1709 2619 detentum
1741 2564 1797 2618 in

246 2656 523 2709 menstruis
544 2656 673 2721 suis,
699 2655 751 2709 id
779 2663 862 2709 est
891 2655 942 2708 in
965 2654 1305 2725 separatione
1333 2653 1571 2717 malitia},
1599 2668 1627 2706 a
1655 2652 1796 2708 malo

242 2745 381 2798 enim
410 2746 629 2814 separati
673 2761 781 2800 non
808 2751 996 2808 erant,
1035 2752 1094 2798 ut
1119 2744 1430 2798 ostenderet
1457 2743 1581 2812 quia
1608 2742 1795 2796 eadem

236 2834 300 2891 de
335 2835 416 2888 bis
443 2835 533 2903 qui
568 2850 732 2904 prava
766 2833 961 2889 docent
984 2833 1069 2888 lex
1103 2832 1358 2901 loquitur,
1404 2832 1469 2886 de
1496 2830 1612 2886 solo
1652 2829 1798 2885 fluxu

236 2925 444 2978 seminis
464 2925 702 2994 patiente
722 2923 963 2978 masculo
985 2923 1136 2989 dicit,
1161 2922 1372 2976 femina:
1395 2931 1574 2976 autem
1597 2920 1797 2977 ﬂuxum

233 3014 442 3067 seminis
470 3012 732 3084 patientis
757 3012 1072 3066 memoriam
1104 3012 1396 3067 secundum
1425 3010 1664 3065 litteram
1705 3025 1801 3080 pc-

233 3102 364 3158 nitus
396 3120 503 3159 non
544 3101 693 3168 fecit,
740 3103 830 3157 sed
858 3119 954 3173 per
985 3103 1260 3157 mulierem
1290 3117 1408 3171 qua:
1452 3100 1570 3155 ﬂuit
1594 3101 1797 3156 ﬂuxum

1904 1924 2056 1990 tiam,
2082 1926 2503 1994 absconditaque
2527 1935 2652 1980 sunt
2680 1928 2851 1989 nobis,
2883 1928 3022 1982 sicut
3048 1929 3208 1983 nimis
3233 1929 3363 1995 alta,
3393 1937 3476 1984 at-

1902 2030 2008 2085 que
2038 2015 2255 2079 similia,
2284 2030 2389 2069 non
2418 2031 2481 2069 ex
2515 2016 2711 2070 divinis
2739 2017 3108 2088 dogmatibus,
3148 2019 3241 2073 sed
3271 2035 3334 2073 ex
3363 2019 3475 2075 suis

1898 2106 2313 2177 cogitationibus
2359 2108 2646 2176 exquirere
2690 2107 2962 2172 volentes,
3016 2123 3046 2160 a
3092 2109 3476 2164 moderationis

1898 2196 2280 2253 ecclesiasticae
2302 2198 2469 2252 excisi
2502 2206 2626 2252 sunt
2648 2213 2892 2267 corpore.
2917 2196 3028 2252 Hoc
3055 2213 3183 2268 ergo
3214 2213 3281 2251 ne
3305 2199 3476 2268 patia-

1896 2301 2040 2351 mur,
2068 2285 2155 2340 lex
2178 2287 2538 2356 praesentibus
2566 2302 2665 2342 nos
2684 2295 2979 2357 praemonet
3001 2288 3196 2342 verbis.
3219 2286 3311 2342 Ait
3330 2289 3473 2343 enim

1897 2376 2013 2430 sic:
2054 2374 2122 2429 Et
2152 2375 2284 2430 dixit
2311 2374 2565 2430 Dominus
2590 2375 2661 2429 ad
2687 2375 2935 2447 Moysen:
2957 2376 3188 2448 Loquere
3212 2377 3279 2430 ad
3300 2375 3475 2430 Aaron

1897 2465 2115 2535 fratrem
2153 2474 2323 2532 tuum,
2354 2466 2409 2521 id
2437 2476 2538 2531 est,
2570 2475 2635 2521 ut
2654 2468 2960 2522 sacerdotes
2982 2468 3083 2522 sibi
3112 2467 3339 2521 invicem
3362 2467 3478 2521 bmc

1896 2554 2276 2625 praeiperent,
2304 2561 2359 2609 et
2381 2555 2751 2625 unusquisque
2774 2555 3054 2611 doctorum
3082 2556 3209 2609 talia
3230 2555 3478 2626 proximo

1899 2646 2162 2709 sanciret,
2206 2645 2384 2714 qualia
2428 2660 2569 2700 nunc
2610 2644 2751 2700 Deus
2779 2645 2922 2715 loqui
2955 2645 3021 2700 ad
3047 2645 3225 2700 Aaron
3256 2645 3475 2716 Moysen

1897 2734 2185 2802 praecepit;
2216 2749 2335 2802 qute
2364 2744 2491 2787 sunt
2518 2743 2697 2788 autem
2731 2734 2887 2788 haec?
2924 2734 3047 2788 Non
3079 2734 3219 2787 omni
3248 2743 3478 2803 tempore

1899 2821 2229 2891 ingrediatur
2256 2825 2635 2887 sattrtnarium,
2667 2827 2804 2894 quod
2831 2834 2903 2878 est
2933 2825 3071 2878 intra
3101 2823 3265 2878 velum
3298 2839 3477 2877 coram

1898 2911 2262 2981 propitiatorio
2308 2930 2409 2983 quo
2457 2915 2648 2982 tegitur
2691 2931 2835 2967 arca.
2883 2913 3178 2968 Commune
3227 2913 3478 2968 omnibus

1886 3001 2235 3065 mandatum,
2260 3009 2315 3055 et
2342 3018 2681 3056 communem
2712 3004 2801 3057 bic
2830 3003 3109 3073 proposuit
3140 3002 3331 3073 legem,
3368 3001 3479 3073 pri-

1901 3105 2047 3143 mum
2071 3091 2287 3160 quidem
2312 3093 2685 3147 sacerdotibus
2712 3102 2925 3163 aptam,
2966 3093 3160 3148 deinde
3204 3094 3350 3148 omni
3389 3093 3479 3163 qui

231 3195 530 3263 sanguinis,
576 3207 700 3246 cum
740 3192 832 3263 qui
869 3191 1095 3247 ρίτυηαίι
1138 3192 1437 3247 doctrinam
1486 3192 1798 3248 idololatria;
1828 3203 1869 3262 (ς
1903 3181 2014 3235 vult
2042 3180 2312 3236 discutere
2351 3182 2529 3236 divina
2581 3184 2859 3254 mysteria.
2897 3183 3258 3250 Quamobrem
3292 3198 3478 3237 secun-

233 3283 506 3347 intellexit,
559 3295 612 3339 et
653 3294 937 3354 propterea
977 3300 1118 3339 nunc
1164 3300 1282 3339 eam
1328 3284 1528 3338 ﬂuxum
1576 3285 1799 3340 seminis

227 3376 508 3445 patientem
554 3377 873 3446 appellavit,
902 3384 961 3430 ιιι
1017 3393 1113 3431 nos
1142 3376 1473 3431 disceremus
1516 3378 1643 3446 quia
1674 3393 1799 3433 eum

230 3466 310 3536 qui
353 3468 661 3536 corrumpit
702 3468 900 3521 bonam
939 3467 1262 3531 doctrinam,
1316 3468 1545 3572 turpiter
1581 3483 1701 3522 eam
1747 3477 1803 3522 et

228 3561 353 3616 male
390 3560 701 3632 proferens,
744 3559 902 3614 talem
941 3560 1117 3628 qualis
1142 3567 1224 3613 est
1255 3559 1300 3614 is
1326 3559 1416 3629 qui
1462 3560 1800 3629 impietatem

230 3652 362 3707 docet
380 3653 465 3706 lex
495 3658 732 3722 reputet.
756 3649 1114 3720 Utrorumque
1127 3650 1267 3704 enim
1282 3649 1440 3703 verba
1459 3650 1802 3720 corruptione

225 3742 365 3813 plena
391 3751 544 3798 sunt.

837 3819 1065 3877 CAPUT
1114 3819 1235 3905 ut,

228 3928 300 3986 Νι
318 3932 499 3988 Aaron
524 3942 573 3987 et
600 3931 699 4002 filii
725 3930 838 4003 ejus
862 3932 1003 3986 omni
1033 3941 1259 4003 tempore
1291 3930 1651 4003 ingrediantur
1679 3947 1802 3984 san-

299 4005 587 4067 ctuarium,
602 4000 664 4056 et
687 4000 815 4066 quid
832 4012 950 4055 ante
967 4000 1255 4073 ingressum
1277 4000 1357 4056 sit
1370 4000 1710 4071 offerendum.

287 4110 434 4181 (Car.
472 4112 612 4182 xvr.)
629 4111 857 4165 Locutus
880 4119 952 4165 est
978 4110 1231 4165 Dominus
1265 4111 1335 4165 ad
1361 4109 1573 4181 Moysen
1680 4118 1796 4176 post

226 4217 433 4261 mortem
467 4215 698 4259 duorum
846 4201 1076 4269 filiorum
1094 4202 1290 4268 Aaron,
1309 4201 1516 4272 quando
1532 4201 1802 4270 offerentes

224 4289 380 4359 ignem
406 4292 646 4345 alienum
674 4292 936 4362 interfecti
957 4301 1096 4346 sunt.
1128 4293 1266 4348 Ecce
1288 4303 1341 4348 et
1365 4309 1506 4348 nunc
1530 4292 1623 4347 Dei
1642 4293 1804 4363 spiri-

224 4389 302 4435 tus
330 4399 504 4437 unum
534 4398 734 4452 corpus
758 4382 888 4454 legis
912 4382 1063 4448 facit,
1088 4395 1143 4439 et
1168 4386 1233 4439 ad
1256 4401 1421 4439 unum
1452 4385 1645 4456 redigit
1668 4384 1806 4438 invi-

221 4485 331 4526 cem
359 4474 465 4527 sibi
498 4473 852 4528 cohaerentia.
884 4474 990 4545 (Ea:
1023 4474 1327 4545 Hesychia.)
1356 4476 1568 4531 Etcum
1603 4466 1802 4529 dudum

220 4565 629 4619 manifestasset
681 4579 744 4617 ea
794 4580 914 4633 qua:
955 4566 1022 4620 ad
1071 4568 1369 4621 doctrinam
1396 4607 1411 4632 ,
1453 4583 1572 4636 qum
1614 4574 1799 4621 contra

220 4652 386 4724 legem
444 4665 536 4710 cst
564 4695 580 4719 ,
622 4656 934 4724 pertinent,
994 4657 1286 4727 modosque
1327 4655 1443 4725 eius
1483 4657 1803 4726 multiplices

218 4748 481 4811 quosdam
537 4752 699 4812 atque
746 4743 1050 4799 differentes
1094 4746 1463 4815 exposuisset:
1505 4760 1607 4799 una
1659 4761 1802 4800 nunc

218 4845 329 4886 eam
358 4835 513 4887 reda‘
533 4833 648 4902 guit
670 4832 804 4902 lege,
823 4841 878 4888 et
897 4850 1179 4889 commune
1204 4834 1593 4902 quodammodo
1616 4844 1800 4887 contra

218 4938 331 4977 eam
371 4923 625 4978 sublidit
668 4931 1024 4992 prmceptum,
1067 4931 1123 4978 et
1164 4940 1379 4978 causam
1419 4924 1590 4978 morbi
1636 4923 1803 4994 ipsius

220 5013 572 5066 manifestam
604 5012 747 5075 fecit,
775 5012 825 5064 id
857 5020 960 5077 est,
992 5012 1133 5066 unde.
1160 5012 1441 5083 contingit,
1469 5023 1523 5067 et
1547 5014 1685 5067 unde
1708 5028 1800 5068 su-

218 5105 490 5170 pervenit.
540 5104 750 5158 Audisti
798 5105 941 5157 enim
977 5105 1187 5174 quando
1215 5105 1442 5159 filiorum
1472 5106 1672 5171 Aaron,
1714 5120 1805 5161 eo-

218 5208 335 5248 rum
362 5196 462 5264 qui
511 5194 691 5247 divino
728 5193 850 5262 igne
892 5196 1190 5264 consumpti
1239 5203 1384 5260 sunt,
1436 5194 1806 5265 qua-rebamus

218 5292 479 5347 mortem,
509 5285 633 5352 quia
665 5299 786 5338 cum
819 5284 1039 5337 verbum
1068 5283 1173 5339 illic
1205 5284 1388 5355 legalis
1419 5285 1724 5340 traditionis
1752 5294 1806 5339 et

220 5374 467 5429 historia:
502 5374 839 5439 faceremus,
882 5375 1058 5444 ignem
1088 5376 1345 5439 alienum,
1379 5376 1606 5431 alienam
1636 5393 1665 5430 a
1698 5377 1806 5431 Deo

218 5464 532 5520 doctrinam
563 5467 836 5529 diximus;
868 5475 922 5519 et
952 5477 1230 5537 propterea
1258 5484 1287 5522 a
1317 5467 1496 5521 divino
1518 5468 1658 5538 igne,
1682 5467 1808 5538 igne

223 5554 480 5611 videlicet
527 5554 793 5626 Spiritus,
839 5571 934 5611 eos
977 5559 1067 5627 qui
1117 5558 1294 5629 ignem
1338 5559 1483 5614 illum
1512 5559 1809 5614 offerebant

216 5660 339 5701 esse
365 5657 765 5717 consurrrptas:
807 5647 934 5715 quia
965 5648 1143 5703 divino
1179 5649 1287 5719 igni
1326 5658 1508 5718 aperte
1536 5651 1807 5705 contradi-

220 5744 366 5802 cunt,
400 5743 464 5791 et
483 5744 674 5791 contra
706 5735 963 5806 Spiritum
1002 5747 1195 5808 agunt,
1223 5738 1274 5792 hi
1306 5738 1394 5808 qui
1426 5753 1487 5792 ea
1517 5755 1637 5809 qua:
1665 5739 1803 5794 mala

1901 3272 2027 3325 dum
2059 3271 2198 3325 LXX
2242 3272 2676 3341 impersonaliter
2698 3273 2954 3342 praecepit
2985 3273 3171 3328 dicens
3197 3290 3210 3325 :
3254 3270 3378 3326 Non
3404 3271 3474 3325 in-

1902 3361 2214 3431 grediantur
2258 3363 2398 3415 omni
2441 3370 2668 3433 tempore
2710 3364 2765 3417 in
2808 3373 3047 3417 sanctum
3089 3363 3308 3416 interius
3349 3362 3481 3415 vela-

1900 3450 2086 3514 minis,
2126 3450 2251 3521 qui,
2296 3466 2401 3505 non
2431 3452 2666 3518 addidit,
2709 3468 2897 3508 omnes
2940 3453 3230 3522 prohibere
3272 3452 3340 3506 ab
3383 3452 3483 3506 hor

1903 3541 2184 3595 manifeste
2218 3544 2478 3611 cupiens;
2521 3544 2645 3611 quia
2678 3543 2820 3597 enim
2864 3544 3106 3597 velamen
3139 3558 3336 3612 corpus
3367 3541 3482 3595 Sal-

1900 3630 2104 3682 vatoris
2134 3630 2466 3699 intelligitur.
2502 3632 2654 3684 Sicut
2682 3630 2882 3683 Paulus
2912 3630 3191 3683 evidenter
3219 3630 3296 3682 ait
3321 3646 3335 3682 :
3369 3628 3484 3682 lla-

1903 3720 2073 3774 bentes
2131 3731 2303 3773 autem
2362 3722 2730 3789 confidentiam
2780 3724 2835 3775 in
2884 3723 3102 3775 introitu
3149 3731 3483 3786 sanctorum,

1903 3828 2057 3881 quant
2094 3812 2314 3865 initiavit
2353 3813 2498 3865 nobis
2532 3813 2664 3866 riam
2695 3829 2902 3875 novam,
2937 3822 2984 3866 et
3014 3813 3259 3865 viventem
3285 3828 3377 3881 per
3404 3829 3483 3866 re-

1903 3902 2094 3966 lamen,
2122 3902 2177 3955 id
2216 3910 2291 3955 est
2315 3918 2407 3971 per
2435 3918 2643 3956 carnem
2688 3919 2838 3956 suam
2883 3901 3079 3973 (Hebr.
3112 3903 3201 3973 χ).
3242 3902 3359 3971 lpse
3402 3910 3484 3957 est

1903 3993 2047 4048 enim
2077 4007 2263 4047 verum
2299 4000 2355 4047 et
2380 3992 2708 4062 intelligibile
2736 3993 3189 4063 propitiatorium,
3240 4001 3297 4046 ut
3335 4000 3482 4061 pote,

1903 4084 2027 4154 quia
2057 4085 2172 4154 ipse
2204 4085 2359 4138 nobis
2388 4094 2729 4153 peccatorum
2762 4085 3197 4154 propitiationem
3239 4091 3480 4153 praestat.

1902 4177 1993 4229 Ait
2019 4176 2219 4230 etenim
2249 4176 2387 4228 idem
2417 4175 2639 4228 Paulus:
2673 4173 2863 4228 Omnes
2887 4183 3243 4244 peccaverunt,
3267 4184 3313 4226 et
3335 4181 3484 4241 egent

1904 4266 2071 4337 gloria
2094 4265 2211 4330 Dei,
2232 4265 2512 4333 justiﬁcati
2541 4265 2703 4334 gratis
2725 4280 2816 4334 per
2840 4265 3063 4334 gratiam
3090 4264 3223 4331 ejus,
3248 4278 3340 4330 per
3359 4261 3485 4316 libe-

1907 4356 2183 4419 rationem,
2214 4370 2331 4425 qua:
2375 4365 2448 4407 est
2478 4355 2532 4407 in
2575 4352 2780 4406 Christo
2820 4353 2982 4415 Jesu,
3025 4367 3177 4420 quem
3215 4352 3485 4420 proposuit

1906 4445 2045 4498 Deus
2078 4443 2496 4514 propitiationem
2526 4459 2618 4513 per
2647 4443 2951 4510 sanguinem
2977 4441 3140 4511 ipsius
3167 4439 3339 4512 (Rom.
3373 4440 3479 4512 ιιι).

1835 4543 1878 4600 0
1903 4538 2101 4608 Aperte
2132 4552 2262 4606 ergo
2292 4538 2540 4592 doctores
2566 4538 2755 4603 vetuit,
2783 4544 2837 4590 et
2856 4536 3165 4591 sacerdotes
3184 4534 3482 4605 prohibuit,

1908 4644 1961 4686 et
1988 4646 2333 4701 quoscunque
2361 4630 2426 4684 de
2461 4630 2569 4684 Deo
2598 4629 2741 4698 loqui
2773 4629 2854 4683 fas
2884 4637 2985 4692 est,
3014 4628 3300 4696 exquirere
3349 4627 3481 4682 sub-

1908 4722 2163 4778 stantiam
2195 4721 2323 4784 Dei,
2364 4728 2422 4775 et
2458 4720 2727 4774 discutere
2768 4718 2965 4773 Christi
3012 4718 3368 4784 divinitatem,
3399 4718 3482 4771 in-

1908 4815 2058 4883 gredi
2085 4813 2341 4868 interiora
2364 4810 2643 4866 velaminis
2667 4808 3049 4879 intelligibilis;
3075 4808 3318 4864 velamen
3339 4810 3484 4864 enim

1907 4917 2154 4972 Christus
2176 4915 2337 4971 habet
2365 4929 2602 4979 carnem,
2636 4921 3000 4983 tegumentum
3032 4914 3329 4968 divinitatis
3350 4928 3484 4978 sum,

1911 5015 2362 5085 quemadmodum
2391 5022 2445 5067 et
2474 5014 2575 5069 hoc
2601 5013 2744 5083 quod
2772 5020 2891 5067 erat
2926 5011 3178 5068 sensibile
3207 5011 3479 5075 velamen,

1912 5114 2278 5176 tegumentum
2306 5105 2511 5158 sanctis
2534 5111 2840 5159 sanctorum
2878 5103 2998 5157 fuit.
3032 5102 3145 5157 Non
3180 5102 3350 5157 solum
3388 5117 3484 5155 au-

1913 5207 2022 5251 tem
2046 5196 2289 5252 velamen
2307 5236 2321 5260 ,
2362 5197 2455 5251 sed
2482 5206 2537 5250 et
2572 5196 2862 5251 testimonii
2896 5211 3105 5258 arcam,
3134 5209 3349 5248 carnem
3377 5192 3483 5245 Do-

1912 5289 2041 5343 mini
2090 5288 2414 5357 appellavit,
2449 5287 2633 5342 multis
2669 5287 2814 5341 illam
2860 5286 3166 5341 necessario
3207 5282 3479 5353 appellans

1912 5379 2240 5443 nominibus,
2272 5378 2397 5447 quia
2435 5377 2615 5431 multae
2639 5393 2705 5432 ex
2729 5392 2792 5432 ea
2822 5385 2980 5431 erant
3006 5374 3343 5445 operationcs
3363 5407 3379 5432 ,
3410 5366 3480 5422 ad

1908 5484 2069 5537 quam
2106 5484 2291 5523 aream
2327 5468 2475 5522 omni
2521 5477 2757 5537 tempore
2806 5482 2910 5521 non
2951 5463 3193 5534 prmeipit
3230 5459 3478 5513 doctores

1907 5560 2140 5629 ίηετοιιι,
2190 5569 2250 5614 ut
2294 5562 2504 5615 curiose
2543 5544 2727 5627 utique
2764 5575 2869 5612 non
2898 5556 3188 5625 inquirant,
3221 5549 3479 5618 quemad-

1910 5650 2124 5703 modum
2168 5648 2391 5703 Verbum
2418 5666 2540 5703 caro
2570 5649 2767 5716 factum
2803 5656 2877 5699 est
2906 5643 3084 5713 (Joan.
3118 5640 3178 5711 ι),
3210 5639 3477 5708 quomodo

1904 5741 1993 5810 qui
2017 5739 2068 5794 in
2098 5739 2268 5810 forma
2299 5739 2396 5793 Dei
2422 5749 2553 5801 erat,
2579 5738 2629 5789 in
2658 5737 2827 5804 forma
2857 5732 2990 5786 servi
3016 5731 3185 5800 factus
3212 5738 3307 5794 est,
3340 5743 3445 5796 quo
