3926 6176
465 384 566 442 M5

1086 353 1161 427 u.‘
1187 366 1440 428 RABANI
1484 368 1707 429 MAURI
1748 362 2022 426 ARClllEl

2124 364 2424 425 HOGUNT.
2467 362 2756 424 OPERUM
2789 367 2967 421 PARS
3001 365 3041 422 ι.

3579 369 3675 428 Hb

443 485 604 540 modo
630 484 911 538 exinanirit
940 487 1265 554 semetipsum
1314 483 1485 555 (Phil.
1520 483 1626 555 ιι),
1669 492 1723 539 et
1765 483 1820 538 in
1865 481 2015 537 cmlis
2042 485 2089 543 Α
2117 484 2205 536 sit.
2236 481 2348 538 lloc
2385 483 2528 537 enim
2561 481 2733 535 Aaron
2777 483 3164 550 interpretatur
3188 521 3201 544 ,
3246 478 3333 534 hic
3377 481 3677 551 ingrediens

446 572 666 626 mansit.
698 571 897 626 [lorum
923 574 1065 626 enim
1095 573 1225 627 fides
1253 574 1500 638 salutem,
1528 573 1823 644 periculum
1858 571 2015 627 affert

441 663 737 733 inquisitio.
766 663 878 717 Hoc
902 678 1031 733 ergo
1058 664 1150 731 qui
1192 664 1393 728 credit,
1440 672 1494 717 et
1521 680 1626 717 non
1658 662 1874 732 quaerit,
1906 678 2011 717 non

442 751 723 814 tuorietur,
755 752 877 820 quia
909 752 962 804 in
990 752 1140 814 nube,
1176 752 1381 821 inquit,
1426 753 1683 821 apparebo
1709 769 1865 822 super
1895 768 2015 805 ora-

443 839 638 904 culum,
669 841 781 895 sive
804 842 1254 911 propitiatorium.
1285 836 1435 896 Nube
1462 857 1651 897 rursus
1680 841 2011 895 Dominicam

443 946 658 986 carnem
679 942 734 987 ct
751 933 1116 1003 evangelicum
1138 928 1368 1003 appellat
1386 934 1605 988 verbum
1626 951 1639 997 ;
1661 933 1846 987 eadem
1870 934 2012 987 extim

443 1022 626 1077 multis
653 1031 806 1076 vocat
834 1022 1157 1081 nominibus.
1200 1039 1297 1079 nec
1322 1033 1407 1079 est
1430 1023 1737 1094 tautologia,
1764 1026 1856 1078 sed
1883 1040 2016 1095 ope-

444 1114 669 1168 rationis
704 1129 882 1168 rerum
918 1130 1037 1184 quae
1070 1116 1441 1187 significantur
1488 1127 1609 1186 apta
1658 1115 1914 1185 imponit,
1964 1122 2021 1169 et

446 1203 716 1259 distribuit
744 1207 979 1259 nomina.
1017 1204 1320 1276 Aliquando
1345 1208 1487 1261 enim
1516 1205 1756 1261 velamen
1797 1218 2016 1262 carnem

443 1295 595 1360 dicit,
620 1304 981 1366 tegamentum
1008 1299 1146 1352 hanc
1172 1314 1290 1353 esse
1312 1296 1606 1353 divinitatis
1628 1296 1824 1352 Christi
1851 1294 2017 1367 signi-

445 1383 650 1452 ﬁcans;
688 1383 975 1456 aliquando
1002 1398 1180 1444 autem
1220 1405 1402 1443 arcam
1444 1389 1711 1443 hominem
1741 1388 2017 1453 videlicet,

446 1490 603 1544 quem
636 1470 749 1547 ipse
772 1477 1030 1532 Dominus
1055 1494 1328 1549 exponens
1355 1475 1551 1533 Iudaeis
1570 1520 1584 1544 ,
1619 1477 1783 1533 dixit:
1828 1476 2021 1533 Solrite

444 1564 689 1636 templum
717 1567 835 1631 hoc,
865 1578 912 1620 et
937 1568 989 1622 in
1017 1567 1181 1622 tribus
1211 1566 1389 1622 diebus
1420 1568 1654 1621 excitabo
1685 1564 1815 1621 illud
1840 1567 2018 1639 (Joan‘.

446 1656 529 1728 ιι).
563 1657 715 1724 Quod
755 1656 954 1713 Judmis
1001 1660 1371 1726 ignorantibus
1407 1668 1462 1715 ct
1505 1660 1841 1714 dicentibus:
1879 1657 2023 1724 Qua-

446 1747 693 1819 draginta
722 1758 768 1802 et
795 1766 884 1803 sex
911 1750 1063 1803 annis
1090 1751 1407 1820 redi/iculum
1435 1761 1508 1805 est
1546 1750 1791 1821 templum
1817 1752 1912 1804 hoc
1930 1791 1944 1814 ,
1973 1760 2021 1803 et

443 1836 501 1892 in
547 1838 711 1892 tribus
757 1834 938 1893 diebus
968 1841 1217 1895 excitabit;
1259 1841 1391 1894 illud
1414 1843 1448 1894 ?'
1475 1840 1800 1911 evangelista
1840 1838 2025 1909 expla—
2051 1821 2095 1879 Β

446 1927 614 1992 navit,
648 1928 871 1983 dicens:
905 1927 1005 1982 Ille
1046 1940 1222 1983 autem
1245 1927 1445 1983 diccbat
1476 1929 1540 1983 de
1562 1928 1750 1995 templo
1789 1930 2025 1999 corporis

444 2017 548 2070 sui.
578 2016 880 2087 Aliquando
905 2034 1032 2073 vero
1069 2020 1296 2085 nubem,
1329 2021 1454 2089 quia
1492 2021 1649 2074 nubis
1678 2036 1874 2090 corpus
1897 2020 2019 2089 qui-

447 2104 568 2163 dem
605 2118 722 2175 est,
763 2111 858 2166 sed
902 2112 1159 2166 mundum
1194 2120 1248 2167 et
1279 2114 1689 2169 subsistentiam
1717 2129 1783 2167 ex
1817 2112 2021 2181 Spiritu

444 2210 635 2256 sancto
663 2202 947 2259 habentem
975 2223 989 2271 ;
1032 2221 1096 2261 ex
1130 2202 1405 2277 spiritibus
1436 2208 1601 2271 enim,
1632 2207 1681 2260 id
1711 2214 1802 2261 est
1818 2206 2018 2269 ventis,

445 2294 619 2348 nubes
643 2296 961 2350 subsistunt.
995 2295 1221 2366 Propter
1248 2299 1391 2368 quod
1421 2295 1536 2365 ejus
1563 2296 1940 2360 subtilitatem,
1968 2306 2024 2352 et

446 2375 741 2448 levitatem,
761 2394 921 2454 atque
946 2384 1261 2440 munditiam
1284 2385 1447 2442 lsaias
1470 2388 1757 2442 ostendens
1779 2382 2019 2441 dicebat:

448 2470 587 2527 Ecce
618 2472 868 2529 Dominus
893 2476 1127 2530 ascendit
1152 2494 1307 2547 super
1336 2477 1521 2531 nubem
1549 2476 1706 2531 levem
1728 2517 1742 2541 ,
1780 2487 1827 2531 et
1856 2478 2025 2547 ingre-

447 2563 943 2635 dietur/Egyptum,
961 2576 1007 2620 et
1033 2568 1483 2623 commovebuntur
1502 2568 1786 2623 simulacra
1805 2568 1879 2622 1E
1883 2570 2025 2639 θυριὶ

450 2644 584 2723 (Isa.
614 2650 688 2724 v).
714 2653 916 2708 Nnbem
942 2655 1192 2711 similiter
1212 2673 1317 2711 non
1342 2658 1636 2728 incongrue
1655 2654 2025 2725 evangelicum

449 2744 780 2813 appellamus
803 2748 1024 2800 verbum
1042 2787 1059 2812 ,
1098 2747 1220 2817 quia
1258 2764 1372 2803 mos
1399 2756 1483 2803 est
1512 2750 1705 2803 divina:
1733 2748 2026 2819 Scriptum

452 2834 624 2888 sancti
652 2833 889 2904 Spiritus
914 2836 1212 2891 doctrinam
1239 2836 1433 2893 nubem
1463 2839 1761 2910 appellare,
1797 2838 1938 2894 unde
1972 2846 2028 2894 et

450 2922 662 2977 vineam
684 2922 989 2981 Judaeorum
1020 2927 1157 2982 sicut
1177 2927 1562 2984 infructuosam
1586 2928 1852 2994 auferens,
1884 2927 2029 2984 dice-

450 3011 571 3067 bat:
602 3013 867 3069 Mandabo
897 3016 1118 3072 nubibus
1154 3034 1216 3073 ne
1248 3020 1428 3089 pluunt
1459 3036 1617 3090 super
1658 3036 1773 3074 eam
1808 3021 2025 3074 imbrem

450 3099 587 3175 (Isa.
613 3104 689 3176 v).
718 3103 779 3160 In
819 3104 923 3160 hac
966 3121 1094 3177 ergo
1140 3106 1282 3162 nube
1331 3110 1470 3163 Deus
1511 3094 1618 3163 tam
1660 3110 1714 3162 in
1746 3108 2023 3163 Dominica

2113 572 2334 626 vitulum
2383 572 2573 625 offeret
2614 587 2710 640 pro
2757 580 3010 640 peccato,
3036 570 3288 625 videlicet
3329 572 3381 623 in
3419 573 3680 628 sacrificio

2112 662 2414 735 ingreditur
2438 662 2639 718 Christi
2664 704 2675 714 .
2716 662 2807 732 qui
2846 663 2971 732 quia
3001 677 3105 715 non
3133 661 3302 715 solum
3329 677 3427 730 pro
3452 665 3681 731 peccatis

2113 758 2314 809 nostris
2353 753 2662 806 immolatus
2702 761 2804 816 est,
2848 754 2941 806 sed
2974 758 3031 806 et
3070 751 3236 804 vitam
3277 752 3429 806 nobis
3469 760 3682 820 praestat

2113 842 2438 913 perfectam,
2480 851 2589 895 tam
2634 842 2688 896 in
2736 850 3081 910 peccatorum
3118 840 3273 895 nobis
3297 840 3682 896 absolutionem

2115 948 2274 1003 quam
2300 934 2557 987 virtutum
2597 932 3014 1003 perfectionem,
3061 929 3154 985 Dei
3197 931 3521 986 sacriﬁcium
3561 946 3682 985 con-

2115 1026 2313 1094 quirit,
2353 1034 2408 1078 et
2449 1025 2686 1096 apponit.
2734 1024 2895 1078 Addit
2938 1023 3246 1093 legislator:
3290 1022 3354 1075 Et
3388 1024 3603 1075 arietem
3638 1024 3685 1076 in

2115 1116 2494 1179 holocaustum,
2528 1115 2663 1169 LXX
2695 1124 2874 1169 autem
2905 1115 3210 1177 ediderunt,
3239 1114 3303 1167 de
3332 1114 3491 1167 vitulo
3517 1131 3584 1167 ex
3609 1114 3689 1165 bo-

2118 1206 2252 1263 bus:
2290 1207 2414 1277 quia
2446 1204 2694 1263 Christus
2722 1218 2783 1260 ex
2815 1202 2986 1260 bobus
3008 1204 3112 1259 illis
3135 1207 3515 1274 nperalorihus
3536 1202 3690 1269 justi-

2118 1300 2206 1354 tia:
2232 1299 2523 1353 secundum
2555 1314 2770 1353 carnem
2803 1295 2975 1351 factus
2998 1304 3080 1349 est
3100 1336 3115 1358 ,
3147 1297 3293 1349 verbi
3323 1296 3493 1366 gratia
3526 1295 3692 1347 Abra-

2118 1389 2276 1445 ham.
2321 1386 2501 1451 lsaac,
2548 1386 2733 1449 Iacob,
2766 1386 2895 1438 Davi
2922 1387 2952 1439 l.
2992 1385 3124 1438 Nam
3158 1382 3319 1438 boves
3348 1384 3429 1437 lwx
3463 1400 3559 1439 eos
3604 1385 3689 1453 qui

2112 1474 2378 1547 justitiam
2413 1481 2701 1547 operantur
2730 1476 2897 1538 novit,
2921 1474 3042 1544 quia
3073 1475 3216 1529 enim
3240 1475 3382 1528 aries
3408 1490 3474 1527 ex
3502 1485 3695 1544 genere

2119 1569 2297 1623 ovium
2321 1575 2423 1632 est,
2448 1575 2815 1620 verumtamen
2840 1575 2922 1620 est
2946 1565 3269 1634 praecipuus,
3294 1573 3346 1618 et
3368 1565 3550 1634 gregis
3572 1565 3691 1625 dux,

2122 1667 2266 1712 recte
2294 1655 2562 1722 significat
2598 1655 2889 1718 Christum,
2929 1655 3016 1721 qui
3059 1663 3142 1708 est
3174 1669 3238 1708 ex
3271 1669 3447 1708 massa
3488 1663 3695 1717 nostra,

2123 1749 2215 1804 sed
2247 1749 2547 1818 praecipuus
2577 1756 2632 1802 et
2662 1745 2928 1801 excellens
2961 1760 3058 1799 nos
3078 1786 3092 1808 ,
3133 1752 3187 1798 et
3217 1744 3322 1798 dux
3352 1745 3574 1813 generis
3599 1745 3697 1797 hu-

2124 1840 2266 1893 mani
2298 1849 2457 1908 atque
2484 1853 2580 1891 rexr
2618 1846 2718 1891 est.
2751 1830 2807 1889 lit
2838 1836 2967 1899 hoc,
3001 1834 3053 1888 id
3094 1843 3176 1888 est
3210 1834 3263 1887 in
3304 1832 3560 1895 Christo,
3592 1835 3697 1887 vult

2122 1944 2221 1984 nos
2252 1924 2467 1997 ingredi
2484 1928 2535 1980 in
2564 1935 2778 1991 sancta;
2806 1926 3016 1979 initium
3047 1925 3191 1977 enim
3218 1923 3283 1978 de
3312 1921 3424 1975 Deo
3448 1921 3698 1990 loquendi

2122 2019 2372 2075 Christus
2400 2028 2483 2073 est
2513 2026 2568 2072 et
2591 2016 2708 2086 ejus
2738 2017 2937 2088 passio,
2961 2030 3079 2085 qua:
3108 2016 3150 2068 si
3190 2029 3296 2067 non
3326 2022 3446 2066 aeta
3480 2011 3699 2075 fuisset,

2123 2119 2178 2165 et
2207 2119 2313 2163 tam
2340 2124 2669 2179 paganorum
2703 2123 2802 2162 nos
2825 2122 3011 2160 errore
3029 2147 3044 2167 ,
3067 2121 3230 2173 quam
3253 2104 3321 2156 ab
3342 2103 3535 2157 umbra
3578 2103 3702 2171 legis

2123 2211 2178 2256 ct
2199 2203 2430 2273 caligine
2457 2202 2760 2261 liberasset,
2800 2214 2900 2253 nos
2945 2198 3011 2252 de
3046 2197 3225 2251 Patris
3251 2196 3531 2249 divinitate
3561 2194 3702 2263 loqui

2124 2292 2345 2346 minime
2372 2290 2772 2360 potuissemus:
2815 2286 2983 2341 Nemo
3023 2287 3158 2340 enim
3204 2287 3300 2340 scit
3346 2284 3566 2337 Putrem
3610 2283 3704 2336 nisi

2125 2378 2320 2450 Filius,
2372 2392 2417 2435 et
2442 2380 2525 2434 cui
2549 2380 2763 2434 voluerit
2808 2378 2980 2432 Filius
3011 2376 3232 2431 revelare
3275 2375 3436 2444 (Luc.
3471 2375 3560 2443 ι).
3606 2374 3707 2429 Sed

2125 2471 2371 2543 quisquis
2422 2473 2487 2527 de
2522 2473 2630 2526 Deo
2673 2471 2949 2526 locuturus
2982 2477 3066 2525 est
3098 2476 3151 2523 et
3179 2468 3373 2523 intueri
3403 2465 3617 2531 Deum,
3656 2466 3704 2521 in

2126 2573 2386 2633 quantum
2415 2562 2667 2632 possibile
2695 2570 2781 2617 est
2817 2562 3157 2624 hominibus,
3185 2560 3327 2625 vult,
3360 2573 3595 2614 necesse
3630 2567 3708 2613 est

2125 2662 2186 2711 ut
2211 2655 2461 2709 omnibus
2483 2651 2768 2709 virtutibus
2787 2662 3044 2707 armetur.
3068 2651 3297 2706 Attende
3320 2650 3499 2705 ethoc
3520 2666 3713 2720 quem-

2126 2747 2415 2801 admodum
2456 2740 2799 2816 approbavit;
2834 2744 3061 2798 virtutes
3098 2741 3239 2797 enim
3278 2748 3514 2810 quatuor
3544 2753 3702 2811 gene-

2128 2839 2273 2894 rales
2306 2849 2463 2901 sunt,
2496 2837 2742 2907 justitia,
2787 2837 3029 2901 castitas,
3077 2835 3367 2894 fortitudo,
3415 2834 3706 2902 sapientia.

2128 2923 2439 2995 Propterea,
2467 2926 2661 2995 inquit,
2691 2925 2865 2978 tunica
2887 2923 3023 2977 linea
3050 2923 3316 2983 induatur,
3350 2922 3529 2984 idest,
3555 2919 3712 2989 justi-

2129 3019 2232 3091 tia,
2320 3018 2461 3071 unde
2487 3016 2745 3085 scriptum
2772 3024 2890 3070 est:
2945 3012 3252 3067 Sacerdotes
3296 3013 3371 3065 tui
3410 3011 3713 3065 induantur

2120 3108 2381 3178 justitiam
2404 3105 2575 3177 (Psal.
2589 3105 2794 3162 cum.
2810 3106 3064 3160 Induetur
3084 3115 3140 3157 et
3158 3101 3501 3157 feminalibus
3530 3101 3712 3160 lineis.

450 3203 616 3247 carne
641 3208 802 3262 quam
840 3195 894 3249 in
926 3195 1234 3268 evangelica
1266 3197 1646 3267 praedicatione
1684 3199 2019 3264 insinuatur;
2051 3167 2095 3228 Ο
2129 3202 2231 3254 hoc
2272 3207 2374 3261 est,
2406 3198 2679 3266 castitate;
2714 3197 2975 3252 vestietur
3011 3210 3170 3257 zona,
3200 3209 3296 3264 per
3325 3208 3522 3246 zonam
3568 3192 3709 3247 enim

450 3288 510 3336 et
537 3280 671 3336 nihil
697 3283 926 3351 amplius
967 3300 1269 3354 qumramus
1296 3302 1392 3341 nos
1422 3289 1512 3356 qui
1556 3287 1757 3357 aliquid
1804 3286 1870 3341 de
1916 3287 2025 3341 Deo

451 3371 686 3426 scrutari
725 3373 1002 3439 volumus,
1045 3376 1139 3431 sed
1186 3386 1444 3444 quantum
1492 3377 1645 3433 nobis
1685 3378 2028 3448 evangelicus

451 3474 634 3518 sermo
664 3463 845 3527 tradit,
876 3472 1076 3534 quanta
1102 3480 1169 3520 ex
1190 3465 1465 3521 Dominica
1490 3481 1653 3522 carne
1675 3468 2023 3538 percipimus.

456 3548 717 3620 Sequitur
742 3571 754 3606 :
802 3551 1241 3626 Vitulum'o/feret
1265 3573 1359 3626 pro
1387 3567 1617 3626 peccato,
1644 3567 1691 3611 et
1721 3558 1935 3611 arietem
1970 3558 2026 3611 in

453 3640 832 3697 holocaustum.
884 3643 1082 3698 Tunica
1120 3644 1257 3700 linea
1297 3648 1536 3701 vestietur
1559 3687 1573 3712 ,
1609 3656 1656 3700 et
1696 3646 2027 3716 feminalibus

453 3730 604 3787 lineis
633 3734 921 3788 verecunda
949 3735 1156 3791 celabit.
1188 3735 1495 3807 Accingetur
1521 3754 1652 3792 zona
1682 3737 1840 3803 linea,
1862 3737 2025 3807 cyda-

455 3823 554 3875 rim
577 3823 766 3878 lineam
790 3826 1018 3895 imponet
1075 3828 1263 3897 capiti:
1292 3829 1404 3881 Ita’c
1430 3828 1567 3881 enim
1591 3829 1887 3882 uestimenta
1907 3836 2026 3881 sunt

452 3924 659 3980 saltata,
693 3916 878 3985 quibus
908 3917 1107 3970 cunctis
1136 3934 1253 3970 cum
1285 3916 1421 3971 lotus
1447 3917 1603 3986 fuerit
1627 3918 1891 3972 induatur.
1921 3917 2029 3987 (Ea:

454 4002 680 4077 eodem.)
718 4004 1034 4060 Admirabili
1073 4007 1262 4062 ordine
1289 4007 1450 4062 etiam
1485 4024 1627 4064 nunc
1660 4008 1933 4079 legislator
1959 4009 2028 4063 ad

454 4109 518 4149 ea
541 4110 661 4164 qua:
679 4095 869 4163 juvare
891 4105 1183 4167 possuntet
1201 4099 1351 4152 utilia
1374 4114 1433 4154 es
1449 4115 1492 4154 xc
1513 4099 1812 4170 legentibus
1832 4098 2023 4171 legem,

455 4194 511 4240 et
555 4187 646 4257 qui
689 4188 999 4243 thesaurum
1035 4191 1372 4245 reconditum
1417 4192 1469 4245 in
1512 4208 1576 4247 ea
1620 4201 2029 4262 perscrutantur

456 4278 646 4332 utitur.
675 4277 808 4333 Cum
835 4282 979 4334 enim
1015 4281 1240 4336 dixisset
1270 4298 1373 4337 non
1404 4282 1567 4337 licere
1604 4283 1749 4336 omni
1779 4284 1940 4346 hora,
1974 4282 2027 4336 id

455 4376 542 4423 est
566 4385 670 4424 non
700 4369 980 4435 continue,
1010 4372 1063 4427 id
1089 4382 1203 4438 est,
1245 4373 1361 4429 sine
1396 4374 1793 4430 intermissione
1820 4375 2026 4446 ingredi

456 4456 513 4511 in
545 4456 742 4512 Sancta
770 4468 1097 4523 sanctorum,
1132 4478 1199 4517 ne
1227 4462 1366 4519 forte
1391 4464 1507 4517 sine
1546 4473 1686 4518 metu
1717 4472 1770 4518 et
1797 4464 2024 4519 circum-

2128 3290 2387 3345 fortitudo
2425 3288 2761 3359 intelligitur.
2813 3285 2969 3344 Unde
3011 3288 3078 3341 ad
3108 3284 3208 3341 Job
3236 3285 3499 3341 Dominus
3540 3282 3712 3339 dicit:

2125 3380 2348 3451 Accinge
2374 3380 2507 3434 sicut
2534 3381 2611 3434 vir
2646 3379 2845 3433 lumbos
2878 3391 2993 3434 tuos
3023 3376 3166 3448 (Job.
3197 3374 3447 3446 xxxvm).
3475 3374 3594 3430 Per
3620 3388 3715 3446 cy-

2126 3467 2297 3524 darim
2328 3484 2559 3538 quoque,
2586 3484 2706 3538 qua:
2738 3469 3106 3522 indumentum
3138 3466 3330 3536 capitis
3358 3473 3464 3529 est,
3504 3464 3715 3519 intelli-

2125 3561 2269 3630 gitur
2290 3560 2460 3613 modis
2481 3559 2729 3614 omnibus
2751 3558 3046 3628 sapientia;
3070 3572 3197 3611 nam
3218 3556 3271 3610 in
3294 3556 3469 3625 capite
3492 3556 3720 3625 sapien-

2126 3650 2215 3703 tire
2240 3663 2362 3704 esse
2395 3661 2657 3719 organum
2688 3662 2793 3702 non
2816 3649 3148 3718 ignoramus,
3178 3646 3319 3715 quod
3344 3654 3397 3700 et
3416 3648 3717 3701 cerebrum

2127 3741 2344 3806 dicitur,
2372 3740 2514 3795 unde
2542 3746 2597 3793 et
2624 3738 2769 3793 omni
2806 3746 2887 3793 est
2911 3736 3282 3793 honorabilius
3309 3751 3570 3806 corpore.
3613 3734 3721 3790 Sed

2127 3840 2181 3886 et
2203 3831 2317 3886 haec
2338 3830 2519 3885 omnia
2541 3829 2682 3883 linea
2701 3844 2820 3888 esse
2842 3839 3128 3898 propterea
3150 3828 3426 3897 praecepit,
3449 3836 3512 3881 ιιι
3534 3836 3722 3882 osten-

2127 3921 2280 3975 deret
2300 3920 2557 3973 virtutum
2588 3918 2899 3973 facilitatem
2918 3927 2973 3973 et
2997 3918 3231 3974 celerem
3256 3918 3722 3986 conquisitionem

2126 4008 2208 4063 vel
2236 4011 2468 4065 habilem
2499 4017 2812 4080 gratamque
2849 4007 3166 4079 adipiscenti
3214 4020 3353 4071 esse,
3384 4004 3534 4062 sicut
3567 4018 3629 4063 et
3656 4022 3724 4061 ea

2127 4116 2245 4170 qum
2276 4102 2415 4156 linea
2443 4110 2566 4156 sunt
2587 4102 2821 4171 corpori.
2849 4100 2982 4168 Quia
3016 4101 3180 4156 etiam
3212 4114 3333 4155 cum
3361 4099 3626 4154 sublimis
3653 4099 3727 4154 sit

2127 4194 2462 4246 conversatio
2485 4206 2694 4255 earum,
2718 4200 2897 4261 potest
2922 4206 3041 4246 esse
3068 4191 3121 4245 in
3146 4189 3326 4253 terris,
3347 4204 3592 4258 quarum
3619 4190 3729 4243 sin-

2127 4283 2248 4354 gula
2276 4283 2327 4335 in
2350 4282 2514 4335 linum
2540 4282 2898 4352 proveniunt,
2928 4282 3071 4351 quod
3099 4281 3266 4335 altum
3304 4280 3526 4349 quidem
3573 4279 3729 4334 cala-

2128 4389 2273 4427 mum
2301 4371 2486 4433 habet.
2516 4372 2610 4427 sed
2651 4373 2875 4426 multum
2903 4387 2932 4425 a
2963 4380 3104 4426 terra
3144 4368 3413 4431 ascendit,
3443 4368 3730 4437 facileque

2129 4464 2349 4531 congrui
2377 4470 2555 4529 potest
2576 4460 2738 4541 etiam
2830 4460 3171 4530 pauperibus,
3209 4467 3264 4513 et
3291 4459 3337 4512 ei
3367 4462 3459 4526 qui
3497 4457 3615 4511 hoc
3647 4459 3732 4511 in-

457 4548 737 4616 spectione
771 4550 837 4603 ad
862 4563 925 4603 ea
957 4564 1076 4618 qua:
1111 4548 1288 4605 divina
1337 4560 1461 4606 sunt
1507 4568 1896 4622 praesumamus
1935 4563 2027 4607 aut
2051 4518 2104 4577 Β
2130 4549 2325 4603 duetur
2360 4534 2643 4619 acceptum
2671 4556 2986 4618 gratumque
3020 4558 3131 4611 est,
3186 4549 3325 4603 sicut
3371 4563 3543 4616 supra
3580 4548 3734 4601 dixi-

457 4636 807 4704 accedamus,
854 4656 953 4694 nec
990 4639 1249 4709 majorem
1284 4644 1763 4711 perscrutationem
1806 4643 2026 4699 omnino

454 4726 751 4798 prohibuit,
783 4730 874 4784 sed
909 4732 1121 4799 quando
1147 4747 1244 4785 nos
1273 4732 1393 4793 hoc,
1430 4740 1522 4785 aut
1556 4729 2027 4800 quomodo,jubct

456 4817 575 4870 uti?
598 4819 809 4886 quando
838 4820 1193 4889 nosmetipsos
1219 4822 1620 4890 perfecerimus,
1646 4823 1759 4876 sive
1779 4837 2025 4878 consum-

460 4906 817 4971 tuaverimus,
852 4910 1297 4977 quemadmodum
1335 4927 1479 4965 nunc
1510 4910 1760 4977 tradidit,
1808 4911 1860 4966 id
1906 4923 2023 4979 est,

458 5011 566 5052 non
586 4997 918 5068 ingrediatur
938 4999 1115 5054 Aaron
1134 5001 1184 5054 in
1213 5013 1418 5065 sancta,
1438 5002 1538 5055 nisi
1567 5001 1682 5056 haac
1705 5001 1909 5057 fecerit.
1927 5001 2026 5059 Hic

456 5088 694 5142 ostendit
731 5090 855 5158 quia
893 5105 1001 5145 non
1036 5091 1207 5146 solum
1243 5107 1347 5146 non
1392 5091 1734 5162 frequenter,
1787 5092 1882 5148 sed
1926 5108 2029 5148 nec

457 5177 677 5233 omnino
704 5192 807 5232 non
836 5179 1038 5250 ingredi
1061 5181 1111 5234 in
1141 5182 1503 5236 sublimiorem
1527 5183 1764 5236 divinam
1788 5190 2002 5238 contem

462 5268 748 5340 plationem
776 5270 1048 5341 prmeepit,
1073 5285 1232 5340 quam
1257 5280 1312 5326 et
1332 5273 1617 5343 appellavit
1638 5274 2025 5337 sanctuarium,

458 5371 519 5414 ιιι
547 5370 672 5431 pote
698 5374 816 5431 quae
847 5360 910 5414 de
941 5361 1048 5415 Deo
1072 5370 1172 5427 est,
1201 5363 1291 5431 qui
1323 5361 1555 5418 Sanctus
1580 5373 1890 5418 sanctorum
1921 5372 2025 5429 est,

455 5460 512 5507 ct
541 5467 661 5507 cum
692 5453 782 5522 qui
812 5452 947 5508 bene
973 5465 1037 5507 ea
1061 5454 1231 5508 utitur
1255 5455 1574 5521 sanctificat,
1605 5456 1698 5511 sed
1724 5457 1819 5525 qui
1846 5454 2029 5525 utique

456 5540 637 5597 Aaron
666 5552 780 5608 est,
812 5543 864 5599 id
901 5551 984 5599 est
1012 5542 1174 5598 altam
1200 5546 1661 5600 conversationem
1693 5546 1936 5611 habens;
1975 5554 2030 5601 et

458 5632 550 5700 qui
579 5635 631 5688 in
659 5644 864 5692 tantum
896 5647 1181 5710 provectus
1210 5647 1312 5705 est,
1349 5641 1643 5695 ascendens
1679 5641 1744 5695 ad
1771 5640 1863 5693 Dei
1904 5655 2029 5693 sau-

459 5726 857 5797 cttlicationem,
888 5738 964 5799 ut,
994 5729 1133 5785 sicut
1166 5729 1342 5784 divina
1377 5745 1523 5800 arca,
1554 5712 1878 5802 respondere
1906 5745 2030 5800 pos-

2129 4654 2288 4706 mus;
2329 4648 2646 4695 mstuantem
2688 4640 2851 4695 etiam
2896 4640 3202 4709 refrigerat,
3250 4640 3345 4693 sed
3385 4649 3441 4691 ct
3489 4639 3551 4692 in
3602 4638 3733 4706 gelu

2126 4730 2309 4796 lovet;
2346 4732 2486 4800 quod
2525 4740 2610 4786 est
2642 4731 2860 4785 virtutis
2900 4730 3174 4800 proprium
3199 4769 3214 4791 ,
3263 4743 3382 4797 qua:
3423 4727 3740 4797 refrigerat

2129 4821 2346 4890 quidem
2376 4822 2428 4874 in
2451 4832 2583 4875 testu
2611 4819 3188 4890 concupiscentiarum,
3219 4818 3271 4871 in
3305 4816 3504 4886 frigore
3534 4825 3735 4868 autem

2131 4916 2485 4970 tentatiouum
2514 4910 2790 4979 calefacit,
2814 4923 2975 4982 atque
2998 4914 3063 4967 ad
3092 4912 3263 4966 zelum
3290 4908 3481 4977 erigit,
3514 4922 3577 4964 et
3622 4925 3739 4962 non

2129 5007 2393 5075 permittit
2417 5006 2603 5060 sentiri
2626 5014 3022 5075 persecutores.
3070 5002 3176 5058 Sed
3203 5009 3262 5055 ut
3287 5013 3394 5055 non
3433 5011 3618 5055 etiam
3648 5018 3740 5053 sa-

2129 5092 2257 5150 lutis
2282 5095 2476 5163 perdas
2504 5095 2818 5164 capitulum,
2844 5094 2985 5163 quod
3005 5101 3090 5147 est
3118 5093 3412 5162 baptisma,
3444 5105 3557 5144 nec
3583 5090 3743 5145 msti-

2131 5201 2246 5242 mes
2291 5185 2385 5240 tibi
2432 5185 2675 5241 sufficere
2716 5184 2942 5242 virtutes
2988 5184 3107 5237 sine
3149 5182 3291 5235 dono
3336 5179 3736 5249 baptismatis.

2130 5273 2369 5331 addidit:
2412 5274 2541 5330 lla'c
2580 5277 2716 5329 enim
2761 5284 2881 5327 sunt
2924 5282 3223 5327 uestimenta
3260 5280 3472 5331 sancta,
3529 5270 3747 5335 quibus

2130 5367 2329 5420 cunctis
2346 5382 2461 5419 cum
2479 5365 2613 5418 lotus
2635 5363 2791 5433 fuerit
2808 5363 3074 5417 induatur.
3101 5360 3207 5415 (Ea:
3227 5357 3450 5413 eodem.‘
3473 5356 3751 5413 Lavatur

2128 5470 2287 5511 omne
2315 5471 2511 5522 corpus
2538 5470 2634 5525 per
2658 5469 2851 5523 aquam
2878 5452 3238 5522 baptismatis,
3266 5451 3391 5520 quia
3419 5455 3616 5503 totum
3644 5464 3753 5505 uo-

2129 5555 2301 5600 strum
2348 5552 2523 5610 lavat,
2559 5551 2615 5598 et
2656 5550 2880 5596 renovat
2914 5542 3204 5596 hominem.
3253 5539 3390 5609 Ergo
3437 5537 3756 5606 baptizari

2130 5644 2340 5708 oportet
2365 5636 2539 5705 prius,
2568 5643 2622 5689 et
2645 5649 2711 5688 ex
2741 5649 2878 5703 aqua
2911 5632 3158 5704 generari
3190 5646 3252 5685 ac
3284 5629 3518 5701 Spiritu,
3556 5645 3634 5684 ac.
3666 5631 3762 5686 sic

2132 5727 2402 5797 praedictis
2430 5725 2718 5781 virtutibus
2743 5725 2916 5791 indui,
2945 5732 3105 5795 atque
3132 5738 3230 5795 per
3266 5736 3359 5777 eas
3386 5719 3712 5777 Christum
3737 5738 3759 5790 ί
