3918 6180
309 197 395 255 U7

1208 196 1712 257 EXPOSI‘I'IONES
1746 199 1815 256 IN
1857 200 2250 260 LEVITICUM.
2290 232 2362 245 --
2399 204 2526 262 LIB.
2566 203 2629 261 γ.

3419 208 3529 267 ιιι

313 297 399 353 hoc
429 295 574 390 enim
612 305 668 353 et
712 299 827 370 ipse
860 310 1144 362 contextus
1176 306 1427 379 legalium
1456 311 1635 380 signat
1664 313 1857 368 verbo-
1886 320 1937 379 Α
1962 322 2126 383 atque
2151 314 2428 386 explanari
2449 323 2647 386 potest,
2674 316 2799 387 quia
2830 331 2937 372 non
2973 318 3134 374 unius
3165 320 3409 390 generis,
3435 322 3534 381 sed

312 405 432 445 rum.
463 389 756 460 Postquam
787 395 934 450 enim
961 396 1100 451 dixit
1126 397 1420 468 legislator,
1454 417 1527 457 ne
1554 403 1702 457 omni
1726 412 1861 457 tem-

310 491 420 548 pore
445 478 775 548 ingrediatur
807 485 1196 551 sanctuarium,
1225 488 1326 543 nisi
1351 489 1466 544 haec
1497 499 1620 545 ante
1648 490 1858 557 fecerit,

319 563 531 619 Vitulum
562 568 742 637 o/feret
765 587 860 639 pro
883 584 1130 642 peccato,
1170 576 1436 643 subdidit,
1470 588 1521 633 et
1560 581 1773 634 arietem
1805 582 1860 635 in

306 656 671 722 holocaustum,
701 662 879 717 tunica
915 660 1054 716 linea
1081 664 1355 728 vestietur,
1384 674 1440 719 et
1476 666 1702 736 reliqua.
1741 666 1858 724 Non

306 747 459 799 solum
488 744 762 803 Christum
785 748 1172 821 intelligihilem
1199 753 1449 820 arietem,
1474 763 1530 809 et
1552 771 1737 812 verum
1762 757 1860 811 ho‘

304 835 605 901 locaustum,
646 837 906 895 virtutum
938 842 1189 898 videlicet
1228 845 1611 915 perfectin
1643 846 1856 918 (Ipsum

303 927 425 982 enim
474 927 639 980 cirum
679 929 966 997 perfectum
1004 942 1054 987 et
1098 950 1395 990 mensuram
1443 939 1613 992 (etatis
1659 939 1857 995 Paulus

300 1016 599 1087 appellavit)
642 1019 916 1091 suscipere
960 1036 1060 1078 nos
1095 1031 1152 1077 et
1192 1024 1340 1081 indui
1388 1026 1603 1089 volens.
1634 1038 1857 1099 propter

299 1107 423 1175 quod
467 1116 522 1160 et
563 1106 900 1175 baptismatis
942 1111 1172 1179 gratiam
1220 1114 1540 1177 introduxit.
1584 1118 1709 1187 quia
1758 1135 1855 1188 per

299 1196 449 1263 ipsam
477 1197 712 1253 maxime
737 1198 1029 1253 induimur.
1063 1200 1285 1267 Quando
1322 1214 1502 1260 autem
1530 1207 1644 1261 hazc
1673 1209 1853 1277 adepti

296 1289 571 1353 fuerimus,
618 1290 672 1344 in
722 1289 922 1347 Sancta
969 1304 1278 1350 sanctorum
1318 1297 1712 1368 iugrcdiemur,
1745 1317 1851 1356 non

294 1382 631 1435 substantiam
660 1392 1068 1450 perscrutantes
1092 1385 1208 1451 Dei,
1241 1388 1325 1442 vel
1351 1389 1721 1456 disc'utientes,
1751 1391 1854 1448 hoc

292 1471 420 1524 enim
444 1470 770 1540 prohibitum
799 1480 904 1536 est,
938 1475 1033 1530 sed
1055 1475 1122 1529 ad
1144 1491 1208 1530 ea
1242 1493 1362 1547 qua:
1391 1487 1517 1533 sunt
1542 1479 1611 1534 de
1636 1481 1853 1551 dispen-

291 1560 484 1615 satione
510 1560 731 1627 Christi,
757 1563 1131 1635 sacriiicioque
1158 1567 1273 1637 ejus
1298 1583 1398 1641 pro
1419 1570 1599 1636 nobis,
1623 1579 1677 1626 et
1695 1571 1852 1628 bonis

1964 415 2072 461 tam
2102 418 2447 477 peccatorum
2475 423 2635 479 quam
2657 409 2925 479 iustorum
2953 418 3037 465 est
3072 411 3340 482 Unigeniti
3361 413 3533 470 sacri-

1959 495 2140 551 ﬁcium
2165 513 2181 563 ;
2221 506 2277 553 et
2299 505 2583 567 propterea
2611 498 2748 553 hirci
2778 513 2876 569 pro
2912 513 3109 570 genere
3138 503 3532 569 quodammodo

1957 595 2302 658 peccatorum
2327 587 2508 644 oﬂerri
2540 590 2955 660 praecipiuntur;
3000 590 3196 646 vitulus
3219 601 3397 646 autem
3430 607 3532 663 pro

1950 676 2133 746 justis,
2169 678 2296 747 quia
2323 679 2452 744 bos,
2479 693 2601 733 cum
2633 681 2706 733 sit
2731 679 2797 733 ad
2826 680 3157 750 operandam
3186 679 3386 736 factum
3416 682 3534 736 ani-

1955 764 2097 829 mal,
2127 765 2180 819 in
2228 779 2455 834 persona
2501 767 2636 837 justi
2679 770 2975 825 secundum
3024 769 3196 839 legem
3246 770 3531 839 accipitur.

1957 853 2113 909 Unde
2142 863 2200 909 et
2225 856 2281 908 in
2308 855 2477 911 vitulo
2507 857 2613 910 ait:
2641 855 2824 911 Orabit
2848 875 2941 928 pro
2962 876 3017 913 se
3036 869 3084 913 et
3108 876 3204 929 pro
3232 861 3387 915 domo
3409 879 3533 927 sua,

1954 944 2171 998 domum
2203 944 2296 1000 Dei
2317 946 2521 1014 justum
2557 946 2866 1016 appellans;
2906 947 3106 1000 habitat
3139 951 3277 1002 enim
3300 949 3354 1003 in
3385 950 3460 1003 eis
3484 960 3534 1006 et

1952 1034 2263 1099 inambulat,
2296 1051 2409 1105 ipse
2436 1044 2521 1089 est
2547 1051 2735 1090 eorum
2762 1037 2925 1101 Deus,
2955 1047 3009 1090 et
3042 1037 3116 1092 illi
3145 1038 3263 1105 ejus
3282 1038 3529 1108 populus.

1953 1123 2324 1193 Deprecabitur
2336 1133 2383 1178 et
2394 1141 2488 1195 pro
2501 1141 2582 1189 eo,
2600 1126 2650 1179 id
2664 1134 2768 1190 est,
2785 1142 2884 1196 pro
2900 1127 3058 1181 domo
3073 1129 3304 1196 prepria:
3317 1128 3498 1183 carnis
3513 1146 3528 1183 ε

1955 1210 2099 1265 Nam
2127 1213 2241 1265 etsi
2264 1223 2531 1282 peccatum
2556 1230 2660 1267 non
2685 1215 2829 1282 fecit,
2845 1231 2937 1269 nec
2962 1214 3113 1269 dotus
3135 1216 3370 1270 inventus
3388 1216 3532 1270 estin

1951 1319 2040 1357 ore
2058 1303 2174 1372 ejus
2191 1303 2241 1373 (ι
2259 1302 2376 1356 Pet.
2395 1304 2477 1374 ιι),
2494 1315 2861 1361 verumtamen
2883 1303 3057 1359 Adam
3080 1304 3296 1360 indutus
3317 1314 3418 1369 est,
3435 1304 3531 1375 qui

1952 1393 2389 1460 propinationem
2412 1403 2633 1462 propter
2671 1394 3039 1460 maledictum,
3061 1394 3205 1464 quod
3231 1394 3396 1450 semel
3430 1396 3532 1450 hn-
3626 1414 3637 1423 ’

1951 1495 2115 1536 mane
2135 1496 2300 1550 super
2323 1482 2602 1538 inductum
2629 1492 2714 1541 est
2738 1485 2943 1554 generi,
2959 1499 3095 1555 opus
3125 1486 3368 1540 haberet.
3389 1485 3529 1542 Audi

1951 1586 2080 1641 ergo
2102 1572 2325 1627 Paulum
2341 1574 2409 1627 ad
2432 1574 2684 1630 Hebraeos
2706 1575 2774 1630 de
2795 1575 3010 1632 Christo
3032 1576 3156 1631 talia
3172 1576 3525 1631 scribentem:

287 1674 399 1755 quae
421 1673 517 1728 per
544 1674 607 1713 ea
638 1660 899 1727 fruimur,
934 1662 1212 1732 sapientia:
1240 1663 1580 1733 dogmatibus
1612 1662 1848 1718 studium
1882 1697 1924 1755 Β
1955 1661 2058 1726 Qui
2083 1681 2187 1720 non
2232 1664 2385 1719 habet
2430 1666 2661 1735 quotidie
2693 1668 3071 1732 necessitatem,
3093 1667 3532 1739 quemadmodum

286 1749 486 1805 dantes.
526 1750 638 1806 lloc
663 1752 807 1806 enim
848 1751 1194 1813 manifestum
1220 1754 1423 1813 faciunt
1462 1753 1697 1812 maximo
1727 1768 1849 1827 qua:
1882 1749 1921 1755 ⁷
1949 1756 2245 1811 sacerdotes
2288 1758 2515 1828 primunt
2558 1775 2651 1828 pro
2696 1759 2807 1814 suis
2852 1760 3053 1814 delictis
3095 1760 3291 1814 hostias
3317 1760 3529 1833 ojferre,

287 1850 597 1908 sequmuur.

349 1932 704 2002 Suscipietque
723 1934 788 1988 ab
811 1936 1050 1990 uniuersa
1072 1935 1402 1990 multitudine
1419 1935 1651 2005 ﬁliorum
1675 1932 1846 1990 Israel

281 2023 405 2076 duos
433 2024 603 2078 hircos
627 2042 720 2095 pro
746 2036 974 2095 peccato,
1000 2036 1049 2081 et
1073 2043 1234 2080 unum
1264 2030 1478 2083 arietem
1506 2028 1561 2080 in
1586 2027 1845 2080 holocau-

279 2121 430 2165 stum.
461 2110 693 2182 Cumque
720 2114 960 2169 obtulerit
986 2115 1225 2181 vitulum,
1254 2126 1300 2169 et
1337 2117 1559 2169 oraverit
1588 2131 1683 2185 pro
1714 2131 1770 2169 se
1801 2124 1844 2170 et

277 2221 367 2273 pro
390 2205 543 2258 domo
562 2221 682 2269 sua,
711 2215 814 2260 etc.
846 2205 1007 2260 Multa
1037 2208 1124 2261 hic
1151 2208 1377 2263 intentio
1404 2208 1654 2272 dicentis,
1683 2206 1845 2267 simul

276 2305 325 2349 et
348 2295 616 2350 amtientis
640 2306 719 2351 est
747 2297 1082 2364 necessaria,
1131 2306 1189 2353 ut
1230 2315 1335 2354 non
1376 2300 1628 2355 recedant
1671 2300 1739 2353 ab
1779 2313 1846 2354 eo

274 2385 413 2452 quod
445 2394 649 2440 rectum
678 2397 783 2453 est,
803 2390 929 2459 quia
960 2392 1193 2446 maxima
1216 2400 1343 2446 sunt
1366 2394 1619 2462 mysteria
1642 2406 1704 2446 ea
1726 2407 1846 2460 qua:

273 2490 417 2529 nunc
441 2477 661 2544 exponit
683 2477 789 2543 les,
814 2487 868 2533 et
890 2479 1106 2549 quidam
1128 2482 1181 2535 in
1212 2482 1346 2551 ipsis
1367 2481 1665 2547 attendunt,
1693 2483 1846 2551 igno-

272 2575 455 2618 rantes
483 2579 669 2621 eorum
700 2568 950 2626 virtutem
973 2571 1262 2637 dictorum,
1285 2572 1380 2627 sed
1410 2574 1524 2629 haec
1546 2574 1762 2641 quidem
1787 2573 1845 2627 in

269 2654 467 2722 quibus
495 2654 773 2710 oﬁ‘endmtt
804 2658 1055 2714 subtilius
1086 2659 1139 2715 in
1175 2661 1623 2730 subsequentibus
1657 2660 1844 2714 dicen-

270 2754 380 2797 tur.
410 2746 545 2812 Quia
570 2756 750 2807 autem
777 2750 844 2803 ad
876 2750 1049 2820 ipsum
1076 2750 1349 2809 Christum
1373 2767 1438 2806 ea
1463 2751 1529 2806 de
1550 2750 1746 2819 quibus
1770 2749 1847 2804 lo-

265 2846 428 2891 cutus
454 2845 541 2890 est
565 2836 840 2906 legislator
866 2840 917 2894 iu
942 2841 1194 2910 praesenti
1221 2841 1497 2895 evidenter
1519 2840 1842 2904 referuntur,

266 2927 621 2983 manifestam
647 2931 855 3000 species
880 2932 1269 2989 sacriﬁciorum
1298 2941 1351 2987 et
1378 2931 1602 2992 elleth
1621 2972 1637 2999 ,
1666 2933 1759 2988 sed
1791 2942 1847 2987 et

266 3020 384 3117 hi‘a
413 3020 610 3117 quibus
636 3023 902 3083 sacriﬁcia
930 3024 1284 3094 accipiuntur.
1322 3024 1367 3085 Α
1396 3039 1663 3095 synagoga
1698 3023 1844 3081 enim
1872 3056 1915 3117 C

266 3110 352 3162 vel
385 3110 636 3165 universa
667 3113 1010 3169 multitudine
1035 3113 1268 3173 ﬁliorum
1295 3114 1458 3173 Israel
1487 3115 1655 3184 accipi
1679 3115 1847 3175 sacri-

273 3202 399 3255 ﬁcia
423 3202 714 3273 praecepit:
756 3204 881 3273 quia
908 3205 1177 3270 Christus,
1218 3205 1309 3275 qui
1354 3221 1452 3274 pro
1479 3205 1632 3261 nobis
1658 3205 1847 3264 inuno-

272 3293 417 3347 latus
442 3302 543 3356 est,
573 3309 640 3354 ex
673 3294 796 3354 ﬁliis
833 3294 994 3353 Israel
1028 3299 1324 3355 secundum
1365 3313 1583 3356 carnem
1616 3296 1731 3351 fuit.
1768 3296 1848 3357 Ita

280 3394 338 3437 ut
366 3384 562 3439 Paulus
587 3387 819 3442 diceret:
846 3386 929 3442 E1
953 3388 1139 3459 quibus
1155 3385 1398 3443 Christus
1425 3387 1710 3443 secundum
1732 3404 1849 3441 car-

286 3492 415 3541 nem,
439 3480 528 3546 qui
554 3489 631 3535 est
670 3478 805 3533 Deus
829 3480 1127 3535 benedictus
1154 3480 1209 3534 in
1233 3479 1452 3545 swcula,
1479 3480 1641 3535 Amen
1668 3477 1845 3550 (Rom.

288 3566 379 3634 ιχ).
412 3566 609 3622 Deinde
630 3569 1025 3626 sacriﬁciorum
1054 3569 1157 3627 alia
1190 3569 1412 3638 quidem
1440 3583 1540 3639 pro
1573 3567 1811 3638 peccatis
1830 3606 1846 3633 ,

290 3654 384 3708 alia
414 3667 590 3713 autem
623 3657 678 3713 in
711 3658 1081 3713 holocaustum
1124 3657 1278 3727 jubet
1322 3658 1534 3721 offerri,
1582 3657 1847 3727 ﬁgurans,

288 3744 418 3800 sicut
454 3748 739 3817 oportebat
777 3747 978 3803 Christi
1021 3748 1276 3803 sacriﬁcii
1314 3748 1600 3811 virtutem,
1632 3745 1722 3814 qui
1750 3758 1850 3814 pro

288 3837 476 3894 nostris
500 3838 740 3906 peccatis
762 3835 1021 3903 oﬁertur;
1049 3837 1173 3895 andi
1194 3837 1391 3907 quippe
1417 3835 1644 3890 Paulum
1670 3834 1852 3889 dicen-

288 3933 389 3979 tem
416 3946 430 3984 :
468 3928 703 3988 Christus
731 3930 867 3983 enim
894 3928 1052 3985 scatet
1080 3928 1285 3983 oblatus
1329 3928 1398 3982 ad
1435 3926 1721 3981 multorum
1755 3942 1850 3980 ea:-

288 4015 567 4074 ltaurienda
605 4029 839 4089 peccata,
880 4019 1154 4073 novissime
1193 4020 1304 4075 sine
1336 4026 1547 4090 peccato
1584 4015 1851 4088 apparebit

285 4109 684 4176 exspectantibus
708 4126 762 4163 se
790 4108 977 4178 (Hebr.
1012 4108 1112 4183 ix).
1138 4110 1272 4176 Quia
1304 4118 1483 4165 autem
1508 4109 1577 4164 ad
1600 4108 1854 4164 holocau-

286 4201 443 4259 stum,
469 4204 521 4251 et
547 4199 615 4252 ad
634 4198 1020 4267 perfectionem
1044 4199 1289 4255 videlicet
1309 4209 1364 4255 et
1386 4208 1701 4269 provectum
1726 4199 1852 4254 vita

1947 1846 2134 1899 deinde
2157 1862 2251 1916 pro
2269 1847 2469 1917 populi,
2485 1850 2582 1901 hoc
2606 1850 2744 1902 enim
2771 1848 2891 1918 fecit
2915 1849 3073 1904 semel
3093 1866 3149 1905 se
3169 1850 3454 1919 eliciendo.

2545 1953 2772 2013 CAPUT
2825 1957 2913 2013 IV.

1944 2045 2026 2100 De
2050 2047 2250 2103 duobus
2275 2049 2431 2119 hircis
2457 2066 2676 2119 quorum
2705 2066 2839 2104 unus
2861 2049 2915 2102 in
2941 2060 3129 2103 sortem
3160 2049 3257 2103 Dei
3284 2049 3525 2119 pertinet,

2278 2118 2414 2171 alter
2443 2121 2501 2172 in
2535 2120 2863 2173 emissarium
2900 2119 3195 2172 dimittitur.

2018 2207 2195 2278 (imm)
2226 2207 2458 2279 Cumque
2499 2207 2740 2262 obtulerit
2767 2207 2990 2262 vitulum
3016 2218 3063 2261 et
3095 2209 3319 2261 oraverit
3345 2223 3439 2277 pro
3470 2223 3526 2262 se

1946 2306 1994 2350 et
2028 2313 2121 2366 pro
2151 2297 2306 2351 domo
2333 2314 2451 2363 sua,
2479 2297 2611 2353 duos
2636 2298 2808 2352 hircos
2834 2298 2989 2367 faciet
3024 2306 3166 2351 stare
3201 2314 3378 2352 eorum
3415 2297 3525 2352 Dan

1947 2388 2089 2440 mino
2116 2387 2173 2441 in
2200 2388 2333 2441 ostio
2366 2388 2690 2442 tabernaculi
2721 2388 3034 2452 testimonii,
3075 2388 3338 2456 mittetque
3369 2402 3528 2457 super

1947 2485 2224 2545 utrumque
2245 2486 2430 2541 sortes,
2462 2492 2623 2529 unam
2642 2476 2889 2539 Domino,
2922 2485 2970 2529 et
2997 2474 3156 2531 aliam
3179 2492 3335 2547 capro
3367 2476 3527 2530 ensis-

1945 2567 2109 2623 sario.
2136 2566 2302 2637 Cujus
2324 2584 2437 2623 sors
2465 2570 2647 2625 exierit
2662 2567 2908 2633 Domino,
2934 2568 3114 2637 olfcret
3140 2566 3289 2621 illum
3310 2583 3404 2637 pro
3416 2582 3532 2637 ρεστ

1946 2665 2097 2720 cato;
2124 2657 2276 2726 cujus
2301 2667 2473 2711 autem
2496 2658 2551 2710 in
2575 2672 2789 2727 caprum
2817 2657 3165 2720 emissarium,
3194 2664 3382 2710 statuet
3405 2671 3526 2710 eum

1945 2761 2111 2798 unum
2129 2761 2305 2799 eorum
2320 2746 2564 2811 Domino,
2579 2756 2636 2799 ut
2661 2746 2848 2815 fundat
2874 2762 3049 2816 preces
3070 2763 3225 2816 super
3244 2763 3324 2810 eo,
3337 2756 3384 2800 et
3407 2748 3528 2801 mit-

1948 2845 2023 2890 tat
2049 2835 2198 2891 illum
2229 2837 2286 2889 in
2309 2836 2662 2890 solitudinem.
2696 2835 2796 2889 His
2819 2837 2916 2889 rite
2941 2835 3233 2901 celebratis,
3254 2837 3435 2904 o/feret
3452 2836 3529 2889 ui-

1946 2926 2116 2982 tulum
2130 2941 2317 2996 rogans
2335 2942 2429 2995 pro
2453 2942 2527 2989 se,
2551 2933 2600 2978 et
2621 2942 2715 2994 pro
2741 2924 2894 2980 domo
2922 2940 3042 2981 sua.
3065 2923 3174 2995 (Ea:
3188 2923 3525 2995 Augustino.)

1946 3014 2025 3070 De
2052 3016 2259 3071 duobus
2284 3014 2473 3079 hircis,
2504 3030 2612 3069 uno
2638 3012 2993 3077 immolando,
3032 3021 3090 3069 et
3116 3013 3222 3067 alio
3263 3014 3317 3067 in
3344 3014 3530 3068 deser-

1949 3113 2063 3159 tum
2109 3105 2462 3171 dimittenda,
2510 3119 2670 3173 quem
2709 3118 3095 3174 apopompcnm
3130 3111 3359 3168 vocant,
3390 3101 3530 3157 solet

1947 3212 2067 3252 esse
2094 3198 2450 3266 disceptatio;
2490 3204 2548 3251 et
2573 3212 2601 3250 a
2627 3196 2947 3266 quibusdam
2976 3195 3065 3249 hic
3090 3194 3450 3249 immolandas
3469 3193 3525 3249 in

1947 3289 2089 3344 bono
2112 3288 2399 3359 accipitur,
2432 3288 2521 3343 ille
2545 3296 2727 3343 autem
2756 3287 3108 3343 dimittendus
3132 3286 3187 3340 in
3216 3286 3380 3341 malo.
3407 3284 3526 3339 Non

1948 3387 2129 3433 ωηιξη
2160 3377 2262 3432 iste
2289 3392 2485 3431 sensus
2511 3376 2633 3432 ideo
2654 3376 3061 3431 conﬁrmandus
3079 3384 3180 3439 est,
3210 3375 3336 3443 quia
3365 3375 3531 3429 homo

1948 3468 2004 3522 in
2045 3467 2199 3537 cujus
2244 3481 2407 3520 manu
2453 3466 2509 3520 in
2556 3480 2797 3524 eremum
2834 3465 3017 3519 hircus
3046 3463 3368 3528 dimittitur,
3402 3477 3527 3518 cum

1949 3558 2191 3621 redierit,
2224 3557 2406 3611 lavare
2428 3556 2615 3626 jussus
2642 3565 2727 3611 est
2752 3556 3075 3610 vestimenta
3108 3570 3226 3619 sua,
3251 3563 3309 3610 et
3331 3570 3529 3625 corpus

1949 3663 2105 3704 suum
2126 3661 2288 3715 aqua,
2317 3656 2373 3700 et
2401 3648 2479 3701 sic
2503 3647 2706 3716 ingredi
2734 3647 2790 3701 in
2817 3655 3017 3711 castra,
3059 3655 3310 3715 tanquam
3339 3656 3396 3701 et
3426 3647 3530 3700 hoe

1950 3738 2023 3793 sit
2050 3737 2331 3804 indicium,
2362 3752 2461 3793 cur
2487 3736 2540 3798 in
2565 3736 2708 3795 male
2736 3737 2810 3793 sit
2835 3736 2927 3792 ille
2953 3737 3138 3795 hircus
3161 3735 3526 3811 accipiendas,

1947 3838 1976 3878 a
1994 3822 2152 3892 cuius
2169 3824 2491 3894 contagione
2511 3826 2673 3880 homo
2689 3825 2988 3879 abluendns
3005 3833 3110 3890 est;
3131 3822 3211 3878 sic
3226 3824 3371 3877 enim
3386 3822 3521 3877 dicit

1946 3913 2291 3979 diluendum,
2309 3924 2358 3970 et
2377 3914 2467 3985 qui
2486 3914 2708 3971 alterius
2730 3916 2887 3981 hirci,
2908 3914 2993 3981 qui
3017 3914 3068 3967 in
3091 3914 3206 3969 loco
3222 3917 3516 3983 acceperit,

1946 4019 2143 4063 carnes
2170 4015 2322 4062 extra
2348 4000 2540 4062 castra
2564 4008 2950 4072 coiuhusserit,
2966 4006 3092 4076 quia
3111 4006 3252 4061 etde
3270 4007 3363 4061 illa
3381 4016 3433 4059 et
3449 4003 3520 4059 de

1943 4102 2120 4158 vitulo
2150 4102 2266 4157 lteri
2283 4102 2455 4171 jubet.
2480 4103 2552 4156 De
2570 4117 2802 4172 quorum
2823 4103 3222 4154 immolatarum
3247 4096 3512 4167 sanguine

1947 4193 2006 4248 ﬁt
2037 4184 2307 4263 aspersit),
2330 4203 2516 4249 etsunt
2546 4209 2641 4263 pro
2669 4195 2925 4262 peccatis,
2947 4210 3011 4247 ac
3037 4209 3125 4259 per
3156 4192 3259 4246 hoc
3285 4207 3391 4245 non
3421 4205 3519 4244 ne-

285 4292 441 4352 atque
486 4286 743 4347 virtutum
799 4289 1068 4358 ιξηὶμηὶιί
1117 4290 1442 4345 sacriﬁcium
1486 4289 1689 4347 factum
1730 4298 1849 4356 est,
1945 4284 2450 4353 gligeuteristorum
2468 4284 2695 4339 duorum
2716 4284 2987 4338 hircorum
3007 4283 3287 4337 distinctio
3312 4280 3520 4335 inslle-

285 4376 544 4463 quomodo
563 4377 801 4436 dubitari
830 4379 978 4444 licet,
1004 4387 1188 4449 aperte
1217 4379 1382 4437 Paulo
1411 4380 1623 4437 dicente
1651 4397 1666 4434 :
1707 4377 1849 4450 Ergo
1877 4404 1925 4463 D
1946 4378 2129 4447 gorica
2165 4376 2565 4445 signiﬁcatione
2596 4380 2881 4432 tractanda
2920 4390 3021 4432 est.
3059 4376 3168 4443 (Ex
3206 4374 3511 4445 Hesychia).

284 4462 469 4529 fratres
489 4478 535 4522 et
558 4485 649 4523 vos
674 4470 973 4538 morti/icati
998 4471 1119 4525 estis
1145 4469 1245 4542 legi
1272 4486 1365 4541 per
1399 4486 1585 4541 corpus
1619 4468 1845 4533 Christi,
1880 4462 1907 4463 η
1949 4468 2133 4523 Solent
2164 4469 2291 4523 (εειεοί
2317 4469 2368 4522 iu
2404 4468 2608 4523 lumine
2632 4468 2931 4532 offendere,
2962 4482 3013 4522 ut
3041 4470 3285 4522 inﬁdeles
3309 4468 3360 4520 in
3395 4466 3511 4535 lege

284 4564 338 4607 ut
360 4559 471 4619 sitis
495 4558 732 4625 alterius,
756 4560 846 4631 qui
870 4576 934 4618 ea:
959 4562 1180 4617 mortuis
1214 4560 1516 4627 resurrexit,
1548 4571 1601 4613 ut
1626 4559 1850 4629 fructiﬁ—
1947 4560 2041 4617 Del
2059 4561 2411 4618 scandalizari
2435 4579 2451 4628 ;
2473 4561 2613 4630 quod
2636 4561 2829 4615 Petrus
2847 4562 3024 4616 sciens
3044 4571 3149 4613 tam
3166 4562 3229 4613 de
3256 4559 3406 4614 Pauli
3426 4575 3522 4612 νας-

284 4661 451 4704 remus
482 4649 589 4705 Deo
611 4649 789 4720 (Rom.
816 4651 933 4724 vn).
967 4651 1207 4719 Haedum,
1233 4652 1325 4722 qui
1351 4650 1538 4707 Graece
1572 4652 1851 4706 chimarus
1949 4653 2026 4710 sis
2042 4651 3517 4724 ciﬂClioniSEpiSIOIiS,quamtietllllltiditillascripllll'a

284 4731 579 4816 [χείμαρος]
608 4740 821 4803 dicitur,
859 4748 1003 4797 recte
1041 4742 1311 4798 immolari
1353 4743 1421 4797 ab
1457 4754 1522 4797 eo
1549 4741 1642 4812 qui
1672 4741 1850 4813 pani-

284 4828 502 4886 tentiam
549 4832 661 4900 agit
702 4832 1062 4896 ostendimus,
1100 4840 1162 4889 ut
1185 4842 1309 4902 pote
1346 4831 1399 4887 in
1445 4839 1766 4901 tempestate
1800 4837 1856 4885 et

285 4915 450 4974 ﬂuctu
476 4922 784 4987 constituti,
808 4937 980 4993 usque
1015 4922 1141 4977 dum
1169 4922 1498 4992 paenitentia:
1531 4920 1645 4990 ejus
1687 4921 1857 4976 susci-

287 5008 468 5077 piatur
502 5014 858 5081 sacriiicium;
903 5013 1046 5069 aries
1090 5021 1298 5079 autem,
1339 5022 1397 5067 ut
1438 5021 1563 5084 pote
1602 5012 1855 5068 ducatum

285 5104 433 5172 εωςὶ
463 5105 727 5174 praebens,
767 5106 1053 5175 deputatus
1084 5114 1226 5160 recte
1260 5105 1313 5159 in
1362 5104 1757 5169 holocaustum,
1803 5104 1858 5159 id

284 5200 392 5255 est,
422 5192 474 5246 in
501 5194 699 5249 virtute
726 5202 781 5248 et
814 5193 1141 5264 perfectione
1171 5196 1291 5251 vita!
1311 5195 1587 5264 accipitur.
1619 5195 1857 5261 Quorum

280 5289 368 5335 est
394 5283 561 5348 enim,
585 5284 690 5343 nisi
723 5284 1129 5355 prmpositorum
1152 5324 1166 5349 ,
1206 5284 1399 5339 docere
1445 5272 1727 5355 perfecta?
1763 5283 1859 5340 llis

276 5374 354 5428 ita
387 5390 452 5430 se
477 5377 797 5433 habentibus
817 5378 1125 5434 omnimodo
1151 5377 1288 5432 dicis
1314 5396 1327 5431 :
1352 5378 1461 5433 Cur
1485 5378 1529 5433 si
1560 5379 1738 5432 hircos
1762 5391 1860 5446 pro

270 5478 513 5532 peccato
536 5468 618 5522 lex
649 5470 906 5539 put-cepit
928 5467 1131 5535 oll‘crri,
1160 5485 1301 5525 nunc
1335 5471 1498 5524 etiam
1528 5469 1752 5523 vitulum
1782 5470 1862 5523 of.-

258 5555 420 5619 lerri
454 5559 751 5634 praecepit?
788 5558 905 5614 Una
936 5568 1114 5615 autem
1148 5560 1354 5615 ratione
1377 5599 1394 5622 .
1446 5558 1699 5637 brevique
1728 5558 1859 5615 solvi

1950 4747 2085 4804 dixit
2106 4763 2121 4802 :
2149 4748 2208 4801 In
2221 4746 2407 4814 quibus
2426 4758 2544 4802 sunt
2568 4750 2809 4818 quaedam
2830 4747 3078 4816 difﬁcilia
3099 4747 3383 4809 intellectu,
3402 4759 3520 4814 qua:

1951 4840 2203 4895 indoctiet
2223 4838 2490 4894 instabiles
2506 4840 2814 4909 depravant,
2829 4840 2961 4893 sicut
2979 4850 3027 4894 et
3046 4853 3262 4894 emeras
3279 4836 3522 4904 Scripta.

1956 4947 2071 4993 ras,
2104 4930 2173 4983 ad
2192 4946 2343 4984 suam
2373 4931 2607 5000 ipsorum
2659 4932 3023 4996 rerditinuem.
3089 4928 3175 4988 (11
3234 4928 3377 4982 Petr.
3411 4926 3518 4995 ιιι).

1959 5013 2075 5068 Hoc
2095 5020 2151 5067 et
2179 5025 2321 5065 nunc
2348 5010 2643 5078 patiuntur,
2675 5008 2766 5075 qui
2796 5008 2863 5070 ad
2896 5019 3052 5059 suam
3080 5005 3443 5064 voluntatem,
3477 5006 3534 5057 οι

1959 5120 2067 5159 non
2097 5104 2165 5158 ad
2191 5117 2373 5156 verum
2406 5099 2755 5154 intentionem
2788 5095 3089 5165 intelligunt
3120 5095 3288 5163 legem
3320 5090 3413 5145 Dei
3432 5130 3446 5152 ,
3478 5096 3535 5147 et

1962 5196 2181 5251 noxium
2218 5193 2410 5248 animae
2437 5208 2500 5247 ac.
2524 5190 2860 5261 pestilentem
2885 5187 3147 5243 idolorum
3175 5185 3374 5241 cultum
3404 5195 3536 5236 con-

1961 5286 2208 5348 stituere,
2238 5282 2305 5336 ab
2333 5282 2419 5337 bis
2440 5297 2560 5351 qua:
2586 5280 2728 5334 dicta
2752 5287 2874 5333 sunt
2906 5293 2936 5331 a
2971 5276 3277 5347 legislature
3306 5268 3536 5324 inaniter

1963 5377 2221 5446 cogitant.
2252 5374 2384 5428 Nam
2413 5374 2629 5428 dicunt:
2658 5369 2834 5440 Super
2863 5369 2995 5424 duos
3020 5368 3198 5421 hircos
3222 5363 3304 5415 les
3336 5366 3535 5446 sortem

1967 5445 2104 5521 mitti
2143 5464 2432 5536 pratccpit,
2465 5478 2628 5515 unum
2676 5461 2933 5523 Domino,
2981 5456 3207 5510 alterum
3246 5457 3427 5501 autem
3470 5445 3538 5500 κδ

1967 5558 2313 5612 emissionem
2361 5552 2601 5626 scparuzi
2647 5566 2807 5625 prccc;
2821 5548 2935 5621 pit;
2976 5539 3319 5600 emissarium
3358 5548 3541 5595 autem
