3926 6176
456 263 565 320 H9

1098 254 1162 308 B.
1204 247 1460 306 RABANI
1496 243 1719 301 MAUR!
1754 239 2076 297 ARCIIIEP.
2118 236 2426 294 MOGUNT.
2469 228 2751 292 OPERUM
2786 230 2963 290 PARS
2998 232 3036 286 l.

3542 237 3630 292 420

460 372 729 446 swallant
755 365 1049 429 diabolum,
1082 370 1142 418 ut
1165 376 1233 418 ex
1261 362 1366 416 hoc
1391 355 1730 414 occasionem
1758 350 2032 446 praebeant
2060 351 2111 412 Α
2134 348 2364 403 Domino
2389 348 2442 401 in
2472 345 2614 400 ostio
2657 341 2985 400 tabernaculi
3028 340 3326 407 testimonii,
3354 346 3409 396 ut
3437 341 3496 396 ad
3521 345 3636 399 ima-

460 438 837 521 ad-coleudum
864 452 1180 524 malignum,
1210 450 1265 505 in
1292 455 1501 503 tantum
1525 458 1687 499 aures
1711 438 2031 496 obstruden-

467 564 544 636 ἐς
567 550 702 625 [Αιη
727 548 1096 606 obstrucntes;
1125 542 1179 594 in
1203 540 1451 609 impresso
1472 542 1572 598 est,
1597 526 1954 597 obturantes],
1976 535 2033 581 et

466 620 519 704 in
532 620 735 700 tantum
757 645 938 693 mente
951 633 1098 690 caici.
1116 628 1393 697 Quomodo
1404 626 1547 681 enim
1564 624 1726 679 habet
1747 620 2031 682 rationem,

462 744 559 789 aut
581 728 837 788 credibile
864 733 965 788 est,
1000 723 1142 792 quod
1167 721 1308 774 Deus
1335 718 1451 787 ipsc
1476 712 1797 770 sacriﬁcium
1824 705 2035 762 diabolo

462 824 643 881 oil‘crri
673 819 972 894 praecipiat,
996 814 1088 884 qui
1114 826 1212 882 per
1235 811 1409 879 ipsum
1441 805 1679 875 Moysen,
1706 810 1761 857 et
1788 800 2033 863 fratrem,

463 928 519 973 et
547 888 747 977 lilium,
777 921 830 965 ct
861 909 1047 968 tiliam,
1088 912 1145 958 et
1184 901 1460 956 civitatem
1501 896 1764 965 integram
1804 906 1924 961 qua:
1966 888 2036 944 ad

464 1008 607 1064 idola
630 1000 979 1062 convertitur,
1009 992 1245 1063 disperdi
1271 987 1542 1060 praecepit,
1570 993 1625 1039 et
1651 983 1880 1038 clamat:
1914 978 2036 1035 Non

465 1105 613 1151 erunt
641 1092 733 1146 tibi
756 1090 831 1143 dii
865 1086 958 1141 alii
991 1084 1183 1153 absque
1211 1096 1293 1136 me
1317 1076 1511 1151 (Exod.
1537 1072 1667 1145 xx)?
1691 1072 1749 1127 Si
1777 1081 1956 1126 autem
1981 1068 2036 1125 in

469 1182 695 1251 alicujus
738 1177 959 1248 maligni
1005 1185 1292 1245 personam
1332 1165 1670 1223 emissarium
1707 1162 2036 1229 accepisset,

468 1285 807 1344 nequaquam
834 1267 901 1322 de
927 1280 1013 1329 eo,
1044 1278 1167 1319 cum
1196 1275 1262 1315 eo
1286 1259 1378 1328 qui
1405 1256 1497 1311 Dei
1533 1263 1682 1319 erat,
1712 1267 1830 1307 sors
1860 1251 2041 1305 mitte-

469 1340 642 1427 retur,
662 1340 796 1429 quia
824 1371 929 1410 nec
961 1370 1081 1408 cum
1105 1349 1343 1420 quolibet
1368 1345 1509 1401 malo
1529 1343 1824 1413 quemlibet
1842 1340 2039 1395 bonum

473 1428 923 1510 sortemibabere
966 1443 1020 1497 in
1054 1441 1252 1495 divinis
1298 1435 1594 1504 Scripturis
1637 1430 1911 1491 invenies,
1948 1428 2042 1482 sed

474 1540 685 1611 quoties
713 1550 832 1591 sors
868 1532 1182 1587 mittebatur
1207 1526 1441 1597 aequales
1464 1540 1585 1579 cum
1608 1521 1905 1592 aequalibus
1922 1519 2044 1572 mit-

2129 438 2308 508 giuem
2350 434 2550 491 Christi
2584 434 2702 488 haec
2728 434 2787 487 in
2813 432 2892 486 eis
2917 438 3228 501 agerentur;
3257 430 3365 499 ipse
3402 438 3478 485 est
3515 433 3637 487 enim

2129 530 2326 586 ostium
2353 541 2563 591 verum,
2586 525 2729 596 quod
2767 525 2834 578 ad
2868 524 3059 577 ostium
3088 520 3402 576 tabernaculi
3430 523 3640 577 testiino-

2131 620 2212 674 nii
2231 658 2246 685 ,
2278 618 2421 688 quod
2451 625 2532 671 est
2560 617 2614 669 in
2642 614 2815 678 caelis,
2838 613 3002 668 ducit.
3043 611 3111 665 Et
3154 611 3305 665 mittet
3328 611 3489 665 Aaron
3514 629 3644 682 super

2131 718 2409 779 utrumque
2451 708 2655 759 hircum
2698 713 3114 758 sortem:unum
3147 700 3375 769 quidem,
3398 709 3454 754 ut
3478 703 3647 756 virtute

2133 807 2191 855 et
2215 796 2609 868 signiﬁcatione
2653 794 2883 849 sortium
2911 790 3096 852 dividi,
3129 789 3494 858 dispensationi
3533 790 3646 843 divi-

2133 891 2291 948 nitati
2351 889 2549 945 Christi
2597 896 2652 943 et
2710 884 3029 942 humanitati
3084 883 3465 951 intelligamus,
3512 882 3650 935 dividi

2133 998 2266 1038 vero
2294 989 2402 1036 tam
2433 994 2552 1050 qua:
2590 978 2716 1033 huic
2745 991 2905 1046 quam
2941 975 3015 1029 illi
3050 982 3173 1029 sunt
3218 972 3441 1042 propria,
3469 979 3522 1025 ιιι
3558 971 3652 1025 hac

2137 1074 2354 1149 quidem
2387 1073 2642 1142 patiatur,
2672 1071 2763 1124 illa
2808 1076 2989 1136 autem
3015 1065 3278 1120 confortet
3302 1063 3585 1133 patientem,
3610 1070 3654 1115 et

2136 1181 2235 1236 per
2261 1164 2538 1235 passiones
2562 1176 2683 1231 quae
2723 1159 2778 1213 in
2808 1174 2870 1214 ea
2901 1156 3261 1226 operalzantur
3289 1160 3391 1206 tam
3420 1151 3656 1206 contraria

2137 1258 2296 1315 nobis
2321 1256 2732 1311 moderarentur
2772 1249 3049 1322 passiones
3077 1258 3236 1317 quam
3282 1256 3427 1300 suam
3459 1238 3647 1294 manife-

2139 1358 2309 1407 staret
2351 1344 2858 1416 impassibilitatem.
2923 1338 3126 1395 Deinde
3176 1342 3367 1390 sortem
3414 1346 3559 1386 unam
3599 1330 3660 1383 ait

2142 1440 2389 1502 Domino,
2439 1444 2494 1491 et
2542 1435 2701 1489 aliam
2755 1444 2918 1502 capro
2965 1426 3262 1490 emissario,
3309 1437 3410 1477 non
3456 1422 3535 1474 alii
3576 1420 3659 1473 nisi

2142 1531 2380 1592 Christo,
2410 1527 2552 1583 sicut
2580 1523 2825 1594 superius
2870 1521 3143 1576 diximus:
3170 1516 3358 1584 Oﬁ'eret
3396 1512 3557 1565 Aaron
3591 1526 3664 1562 ca-

476 1604 661 1687 tebant
683 1633 879 1689 sortes,
909 1623 1050 1677 sicut
1072 1628 1126 1675 et
1152 1619 1325 1674 tribus
1349 1614 1513 1671 lsrael
1545 1613 1873 1669 dividebant.
1909 1607 2041 1663 Nam

2168 1636 2293 1674 trum
2321 1620 2376 1672 in
2392 1634 2495 1688 quo
2515 1615 2710 1670 venerit
2737 1614 2785 1667 ei
2805 1627 2919 1666 sors
2942 1609 3186 1672 Domino,
3209 1616 3254 1660 et
3281 1604 3448 1673 offeret
3471 1615 3572 1655 eum
3590 1615 3663 1668 pro

474 1731 532 1777 ει
576 1716 791 1789 quando
825 1727 921 1784 P70
962 1710 1100 1766 ‘uda
1132 1709 1200 1765 ad
1249 1705 1606 1778 ³Ρ⁰8ι⁰¹³ω¹η
1652 1702 1814 1756 alium
1849 1699 2047 1789 θιῑεθτε
2072 1690 2120 1751 Β
2143 1688 2375 1783 peccato.
2416 1704 2765 1773 lnteliigibilis
2810 1702 2953 1761 enim
2981 1698 3162 1755 Aaron
3192 1698 3265 1760 is,
3295 1695 3382 1764 qui
3409 1688 3666 1747 sacerdotio

478 1788 701 1866 necesse
741 1804 896 1860 habet
915 1810 1039 1866 ant,
1084 1812 1246 1868 super
1270 1798 1403 1852 duos
1432 1795 1581 1849 viros
1606 1790 1841 1861 aequales
1873 1788 2047 1847 virtu-

479 1903 621 1962 tibus
644 1906 702 1954 et
721 1895 983 1956 doctrina,
1003 1890 1255 1945 blathiam
1279 1886 1524 1942 videlicet
1546 1881 1806 1951 etloseph
1822 1880 2047 1950 justum,

483 1996 657 2045 sortes
696 1985 971 2043 miserunt,
1006 1980 1078 2033 ita
1105 1987 1165 2033 ut
1190 1978 1378 2031 Petrus
1406 1971 1773 2029 coneionando
1807 1968 2008 2022 diceret
2034 1983 2046 2018 :

483 2080 579 2142 Tu,
612 2076 864 2137 Domine,
895 2071 984 2142 qui
1012 2068 1181 2123 corda
1207 2067 1340 2120 nosti
1366 2065 1595 2118 omnium
1614 2100 1628 2125 ,
1666 2057 1875 2115 ostende
1900 2070 2052 2127 quem

481 2168 693 2238 elegeris
719 2181 783 2218 ea:
808 2163 888 2216 Itis
917 2159 1118 2213 duobus
1143 2156 1373 2225 accipere
1398 2153 1571 2211 locum
1600 2147 1870 2204 ministerii
1894 2144 2052 2213 hujus

484 2267 534 2315 et
581 2252 902 2327 apostolatus
941 2251 1078 2318 (Act.
1108 2247 1171 2319 ι).
1200 2244 1318 2301 Non
1359 2242 1530 2301 solum
1555 2248 1734 2297 autem
1768 2244 2053 2307 antequam

483 2325 948 2405 sorsmitteretur
987 2339 1043 2392 in
1085 2337 1218 2391 duos
1256 2333 1438 2389 hircos
1474 2345 1660 2386 coram
1698 2325 1923 2381 Domino
1961 2334 2057 2375 eos

494 2433 613 2491 sisti
639 2431 909 2503 prazcepit,
937 2427 1031 2483 sed
1074 2434 1129 2479 et
1166 2423 1313 2478 illum
1352 2422 1407 2476 in
1442 2434 1548 2491 quo
1590 2432 1708 2471 sors
1754 2410 2059 2469 omissionis

490 2501 656 2578 venit.
684 2520 978 2587 Postquam
1004 2514 1193 2568 eadem
1221 2526 1341 2567 sors
1368 2523 1527 2579 super
1555 2521 1676 2562 eum
1705 2501 1980 2561 ceciderit.
2004 2507 2058 2553 et

488 2612 833 2673 manifestum
875 2607 1071 2670 fuerit,
1112 2604 1274 2660 statui
1304 2616 1485 2657 coram
1518 2598 1746 2657 Domino
1774 2593 2059 2666 prmtepit,

489 2702 796 2771 eil'undique
819 2714 980 2768 super
1013 2711 1079 2752 eo
1107 2709 1315 2765 preces.
1348 2690 1627 2759 Quomodo
1658 2702 1786 2757 ergo
1815 2685 1905 2755 qui
1937 2691 2061 2742 ante

488 2793 682 2856 faciem
727 2789 822 2844 Dei
870 2795 1106 2843 statutus
1146 2792 1262 2848 est,
1303 2782 1460 2851 eique
1491 2776 1887 2853 quodammodo
1933 2788 2063 2830 con»

491 2891 770 2947 sectatus,
821 2881 936 2951 ipse
982 2892 1171 2932 rursus
1218 2874 1434 2929 diabolo
1477 2867 1754 2924 mittitur?
1799 2865 1881 2922 vel
1929 2879 2064 2935 quo-

492 2974 653 3030 modo
687 2969 1124 3042 pr0pitiationem
1171 2970 1514 3034 peccatorum
1561 2959 1667 3015 hoc
1700 2956 1843 3028 quod
1880 2955 2065 3025 iniquo

493 3026 879 3121 transtriittiiur
908 3026 1229 3114 sacrificium
1260 3050 1510 3123 peragit?
1540 3049 1597 3104 Si
1634 3026 1777 3105 enim
1822 3047 1939 3116 ejus
1978 3045 2063 3099 in-
2091 3026 2136 3088 C

497 3153 667 3211 lentio
723 3159 808 3207 est
849 3150 1012 3205 etiam
1056 3146 1233 3216 justus
1273 3148 1589 3211 peccatores
1633 3136 1882 3199 edicere,
1928 3149 2065 3203 quo-

499 3243 660 3305 modo
680 3240 1053 3311 peccatoribus
1072 3232 1503 3306 propitiationem
1524 3235 1733 3298 poterat
1754 3224 2070 3297 proﬂigare?

499 3333 778 3401 Quomodo
801 3338 979 3384 autem
1011 3328 1058 3382 is
1086 3327 1201 3396 ipse
1241 3330 1495 3393 peccator
1522 3321 1589 3377 de
1618 3334 1725 3389 quo
1753 3319 1831 3373 ait
1862 3316 2031 3372 David
2054 3332 2067 3372 :

501 3424 766 3480 Constitue
788 3429 1109 3493 peccatorem
1136 3416 1385 3475 adversus
1430 3430 1571 3478 eum,
1597 3422 1645 3467 ct
1686 3410 1925 3467 d'abolus
1975 3418 2072 3466 stet

504 3532 538 3571 α
571 3513 767 3569 dextris
812 3511 925 3581 ejus
971 3506 1154 3581 (Psal.
1204 3506 1389 3579 cvm),
1423 3504 1854 3576 propitiationem
1897 3510 2075 3572 potest

504 3604 827 3673 conquirere
872 3598 1251 3670 peccatorum?
1278 3595 1457 3653 Solius
1498 3595 1695 3664 quippe
1720 3594 1824 3648 hoc
1850 3591 1945 3645 Dei
1968 3600 2075 3656 est,

508 3699 578 3755 ad
607 3711 768 3767 quem
796 3693 967 3751 David
995 3690 1241 3748 diccbat:
1266 3688 1334 3743 Et
1379 3687 1662 3758 propitiare
1704 3692 1911 3755 peccato
1942 3697 2075 3746 utea,

508 3789 773 3860 copiosum
799 3794 874 3842 est
915 3784 1053 3842 enim
1080 3779 1253 3851 (Psal.
1283 3778 1455 3851 xxtv).
1494 3777 1589 3833 His
1618 3792 1748 3846 ergo
1787 3775 1861 3828 ita
1892 3789 1950 3829 se
1978 3774 2079 3827 ha-

508 3880 782 3943 bentibus,
808 3885 865 3932 et
895 3875 1131 3941 undique
1163 3872 1457 3941 incongrue
1486 3870 1591 3922 hoc
1625 3877 1843 3921 ostenso
1871 3865 2082 3923 intelle-

511 3978 622 4033 ctu,
662 3981 771 4022 non
815 3966 1125 4036 ignoremus
1169 3977 1286 4024 nos,
1319 3958 1442 4028 quia
1472 3958 1539 4012 de
1569 3956 1771 4015 Christi
1810 3955 2083 4010 sacriﬁcio

511 4056 704 4129 procul
746 4053 908 4111 dubio
943 4051 1176 4107 maxime
1219 4050 1337 4104 haec
1364 4046 1638 4119 legislator
1680 4044 1896 4100 dixerit.
1934 4043 2085 4100 [inde

514 4147 726 4211 aestimo
769 4143 898 4201 mali
949 4140 1252 4199 intellectus
1294 4138 1556 4197 zizaniam
1587 4136 1943 4191 disseminaro
1982 4134 2086 4189 ini.

517 4239 643 4302 inici
694 4235 939 4293 veritatis
995 4232 1180 4289 volunt
1197 4271 1217 4296 ,
1242 4229 1427 4302 gloriae
1473 4228 1713 4298 mysterii
1762 4225 2085 4290 invidentes,

518 4331 831 4396 clarumque
861 4324 976 4394 ejus
1004 4322 1373 4384 testimonium
1419 4335 1485 4376 ex
1517 4320 1632 4391 lege
1661 4319 2086 4381 considerantes,

521 4421 645 4492 quia
671 4419 814 4473 enim
859 4417 999 4470 Deus
1026 4422 1082 4469 et
1119 4414 1279 4469 homo
1305 4419 1442 4477 erat,
1474 4412 1563 4481 qui
1594 4427 1689 4481 pro
1720 4411 1876 4465 nobis
1906 4410 2088 4465 incar-

530 4517 680 4565 tatus
709 4515 793 4562 est
834 4505 1083 4561 Christus
1117 4502 1275 4557 .lcsus
1323 4501 1710 4570 impassibilem
1751 4499 2091 4555 divinitatem

529 4595 1033 4662 rustodiens,solam
1060 4592 1400 4662 passionibus
1429 4590 1820 4645 humanitatem
1842 4589 2091 4658 praebuit.

530 4686 760 4751 rill‘ectus
787 4695 966 4740 autem
1005 4682 1271 4753 passionis
1317 4679 1465 4748 ejus,
1496 4679 1547 4734 id
1577 4688 1659 4733 est
1687 4686 1870 4732 nostra
1918 4677 2096 4752 propi-

2149 1778 2336 1855 nostro
2364 1805 2583 1867 pricest,
2603 1794 2671 1849 de
2694 1789 3024 1867 quoPauius
3204 1803 3217 1838 :
3239 1784 3378 1867 Sicut
3407 1783 3582 1867 daren.
3600 1778 3667 1867 sic

2153 1853 2205 1924 et
2230 1853 2473 1923 Chriitus
2506 1853 2610 1917 non
2632 1853 2967 1927 semetipsum
3013 1853 3347 1925 glori/ienuit,
3375 1859 3427 1900 ut
3464 1857 3671 1899 sacerdos

2155 1962 2304 2029 ﬁeret
2326 1959 2514 2027 (Hebr.
2551 1954 2626 2023 v).
2661 1952 2762 2008 Hic
2792 1964 2946 2004 suam
2972 1960 3195 2003 carnem
3220 1942 3405 1997 oll‘eret
3440 1936 3590 1993 Patri.
3628 1946 3672 1985 et

2153 2052 2206 2104 in
2245 2036 2360 2119 ipsa
2396 2047 2587 2101 cieret
2618 2059 2716 2111 pro
2744 2050 2989 2112 peccato,
3026 2039 3093 2092 de
3114 2051 3221 2104 quo
3256 2033 3442 2087 Paulus
3466 2028 3674 2082 Hebraeis

2154 2146 2376 2214 srripsit
2412 2162 2425 2197 :
2462 2142 2563 2195 llic
2597 2157 2758 2194 tttmm
2788 2154 2881 2205 pro
2899 2142 3110 2203 peccato
3138 2132 3358 2201 olferens
3410 2127 3608 2181 hostiam
3632 2122 3677 2173 in

2154 2252 2457 2309 perpetuum
2484 2234 2625 2288 sedet
2644 2232 2715 2286 ad
2740 2234 3010 2285 dexteram
3037 2226 3143 2280 Dei
3166 2223 3346 2282 (Hebr.
3377 2220 3430 2289 ι)
3478 2218 3559 2277 Ca;
3581 2229 3678 2268 run

2156 2347 2286 2385 vero
2310 2343 2483 2399 super
2505 2340 2665 2394 quem
2698 2324 2905 2378 venerit
2959 2319 3273 2374 omissionis
3324 2328 3455 2374 sors,
3504 2316 3674 2362 statuet

2159 2427 2338 2480 vivum
2366 2432 2493 2476 ante
2528 2418 2841 2480 Dominum,
2871 2423 2930 2469 ut
2988 2411 3183 2466 fundat
3211 2420 3395 2479 preces
3426 2415 3574 2470 super
3598 2410 3679 2461 eo;

2157 2520 2286 2588 quia
2321 2517 2466 2570 enim
2490 2522 2697 2569 sortem
2716 2506 2987 2565 emissarii
3006 2505 3270 2569 diximus,
3289 2498 3507 2567 ﬁgurate
3525 2490 3683 2546 re'erri

2160 2613 2225 2667 ad
2257 2609 2459 2666 Christi
2493 2606 2859 2668 divinitatem,
2891 2608 3096 2655 Statuet
3135 2597 3277 2651 hanc
3307 2593 3495 2651 vivam,
3522 2587 3688 2651 impas-

2162 2705 2371 2760 sibilem
2408 2700 2740 2760 custodiens,
2773 2703 2831 2748 nt
2865 2707 2965 2762 per
2988 2706 3106 2747 eam
3162 2691 3474 2755 deprecetur
3506 2696 3521 2734 :
3552 2675 3688 2731 Nemo

2163 2801 2297 2854 enim
2328 2802 2499 2864 potest
2524 2792 2787 2848 dimittere
2809 2794 3043 2856 peccata,
3085 2783 3198 2837 nisi
3226 2780 3369 2834 solus
3414 2776 3536 2828 Dens
3565 2769 3689 2841 (Lac.

2166 2896 2244 2963 v).
2291 2886 2521 2944 Dimittit
2581 2891 2763 2938 autem
2810 2894 2935 2935 eum
2995 2878 3047 2930 in
3090 2870 3429 2935 solitudine;
3464 2871 3691 2919 desertam

2166 2961 2313 3038 enim
2340 2996 2369 3034 a
2405 2978 2547 3032 malo
2575 2974 2726 3038 dicit,
2754 2983 2808 3026 et
2858 2969 3167 3025 solitariam
3206 2968 3320 3017 sive
3366 2961 3569 3017 inviam,
3601 2964 3693 3020 σιιιω

2168 3078 2235 3129 ab
2259 3068 2694 3139 intelligibilibus
2728 3064 2978 3117 hostibus
3012 3057 3286 3112 ambulari
3322 3069 3423 3107 non
3454 3056 3625 3119 pateat,
3652 3044 3692 3092 in

2168 3182 2272 3235 qua
2305 3130 2680 3217 Deus'hahitat
2707 3166 2756 3209 et
2782 3162 3026 3222 apparet.
3059 3148 3217 3215 Quod
3241 3142 3536 3200 manifestat
3559 3130 3695 3235 David

2169 3225 2267 3313 duc.
2293 3271 2354 3309 ns
2389 3271 2403 3308 :
2442 3251 2599 3315 Deus,
2627 3248 2765 3301 Deus
2785 3261 2951 3306 meus,
2977 3243 3045 3294 ad
3066 3251 3115 3293 te
3135 3244 3202 3293 de
3226 3238 3339 3292 luce
3360 3233 3528 3304 vigilo.
3552 3225 3697 3282 Sititit

2168 3358 2297 3404 tri/te
2322 3347 2505 3401 animo
2541 3358 2677 3401 mea.
2713 3352 2870 3407 quam
2907 3331 3276 3399 multipliciter
3303 3337 3352 3383 et
3384 3342 3502 3380 caro
3524 3317 3698 3376 metuit!

2169 3442 2395 3499 deserto,
2423 3444 2470 3491 et
2499 3437 2553 3489 in
2587 3435 2728 3487 invio
2745 3440 2791 3484 et
2818 3430 2874 3482 in
2903 3428 3184 3493 inaquoso,
3205 3423 3280 3477 sic
3303 3421 3354 3472 in
3374 3422 3545 3471 sancto
3561 3423 3699 3477 apau-

2171 3532 2256 3587 ι’ιεὶ
2289 3531 2403 3591 ubi,
2432 3538 2487 3581 ut
2515 3527 2742 3580 viderent
2781 3523 3021 3576 virtutem
3055 3527 3206 3568 tuam
3242 3527 3289 3567 et
3320 3509 3530 3580 gloriam
3574 3512 3692 3554 tuam

2174 3623 2286 3675 (Ps.
2322 3625 2477 3675 nul.
2517 3621 2657 3672 Ergo
2689 3620 2964 3668 desertum
2995 3623 3043 3663 et
3069 3610 3280 3661 invium
3303 3610 3539 3675 sttncltttil
3563 3595 3699 3675 estet

2181 3667 2698 3744 Sancittsanc-torum
2720 3680 3218 3743 habitaculum,ubi
3239 3679 3293 3733 in
3318 3676 3480 3733 caelos
3498 3667 3707 3728 divinitas

2181 3788 2422 3849 tempore
2468 3776 2732 3848 passionis
2774 3773 2972 3828 abiisse
3018 3771 3224 3826 dicitur
3249 3809 3264 3835 ,
3300 3783 3403 3823 non
3445 3766 3508 3820 de
3534 3763 3634 3817 loco
3656 3753 3708 3808 ad

2182 3871 2359 3925 locum
2387 3868 2647 3938 migrans,
2675 3866 2767 3920 sed
2794 3864 3052 3919 cohibens
3091 3861 3373 3929 propriam
3414 3857 3641 3912 virtutem
3658 3859 3712 3900 ex

2183 3960 2540 4021 humanitate,
2571 3967 2629 4011 ut
2662 3959 2816 4012 daret
2862 3954 3097 4023 spatium
3120 3951 3399 4021 passiOni;
3426 3946 3606 4003 inloco
3638 3953 3715 3993 au-

2186 4058 2294 4107 tem
2320 4051 2480 4120 digno
2507 4048 2642 4114 sibi,
2674 4047 2725 4102 in
2758 4048 2877 4100 sinu
2921 4043 3098 4098 Patris
3124 4041 3381 4096 videlicet
3423 4046 3640 4095 malens,
3664 4024 3716 4079 ad

2186 4156 2307 4211 qum
2348 4140 2525 4193 nullus
2553 4137 2779 4199 accedit,
2823 4130 2925 4194 nisi
2954 4135 3068 4203 ipse
3090 4139 3147 4187 et
3181 4140 3404 4187 sanctus
3428 4125 3654 4196 Spiritus,
3675 4122 3717 4169 ei

2188 4209 2313 4301 quia
2364 4229 2477 4302 ipse
2525 4228 2579 4281 in
2627 4226 2789 4289 Patre
2833 4233 2917 4279 est
2967 4233 3022 4277 et
3071 4222 3311 4294 Spiritus
3358 4226 3581 4278 sanctus,
3609 4209 3721 4263 sicut

2191 4293 2529 4391 Evaugéticis
2566 4316 2851 4371 didicimus
2897 4293 3123 4366 litteris.
3160 4312 3303 4382 Ergo
3329 4309 3495 4370 abire,
3521 4293 3720 4360 cohiberi

2194 4409 2459 4481 intellige;
2491 4408 2569 4463 sic
2595 4406 2737 4466 enim
2784 4405 2923 4463 Deus
2967 4402 3146 4464 abire,
3181 4402 3273 4469 qui
3304 4400 3498 4470 ubique
3522 4399 3721 4464 persons

2195 4510 2298 4565 est,
2323 4480 2443 4556 cum
2480 4515 2635 4555 suam
2675 4497 2891 4555 cohibet
2921 4494 3292 4566 operationem
3323 4490 3534 4547 dicitur.
3572 4480 3727 4537 Pottal

2197 4593 2360 4646 etiam
2400 4589 2710 4659 iniquitates
2756 4596 2987 4648 nostras,
3016 4586 3144 4654 quia
3195 4584 3340 4654 ignis
3385 4578 3639 4651 proprium
3663 4573 3729 4622 est

2197 4684 2379 4745 fenum
2406 4697 2744 4745 consumere,
2767 4687 2823 4733 et
2849 4677 3143 4736 divinitatis
3164 4685 3449 4750 peccatum
3471 4668 3730 4742 perimere:

528 4776 701 4839 tiatio,
733 4790 838 4828 non
888 4771 1059 4827 solum
1105 4784 1276 4840 passm
1325 4768 1526 4832 carnis,
1553 4767 1649 4821 sed
1701 4765 1870 4819 multo
1926 4765 2098 4835 magis
2200 4773 2344 4829 unde
2366 4779 2421 4825 et
2448 4771 2588 4841 ignis
2615 4782 2936 4827 consumens
2966 4765 3107 4818 Deus
3133 4764 3352 4821 dicitur.

531 4868 872 4939 impassibilis
921 4866 1219 4921 divinitatis
1257 4862 1378 4919 fuit.
1428 4861 1581 4928 Quod
1626 4867 1857 4914 testatur
1903 4859 2100 4917 Paulus

530 4959 750 5015 dicens:
778 4938 889 5022 Qui.
916 4970 1033 5009 cum
1062 4964 1191 5007 esset
1216 4950 1462 5022 splendor
1491 4949 1672 5020 gloria:
1700 4959 1745 5003 et
1773 4950 1944 5019 ﬁgura
1981 4949 2103 5003 sub.-

530 5048 737 5104 stantiw
785 5046 934 5116 ejus,
964 5053 1276 5112 portamque
1324 5041 1497 5099 omnia
1541 5038 1689 5093 verbo
1742 5039 1944 5092 virtutis
1993 5056 2103 5095 sua:

536 5138 724 5213 (Hebr.
755 5136 817 5207 ι).
856 5137 1240 5190 Demonstraus
1273 5139 1451 5184 autem
1500 5129 1640 5201 quod
1670 5130 1787 5183 haec
1828 5130 2008 5183 omnia
2039 5130 2105 5184 de

538 5227 807 5299 Uuigeuiti
825 5222 1107 5281 divinitate
1134 5222 1400 5285 dicantur,
1431 5219 1668 5278 subdidit
1692 5236 1704 5277 ;
1732 5215 2106 5288 Purgationem

537 5328 860 5397 peccatorum
905 5314 1125 5384 faciem,
1154 5313 1290 5369 sedet
1323 5311 1389 5366 ad
1419 5312 1686 5367 dexteram
1729 5309 2015 5383 tttajcstatis
2052 5311 2108 5362 in

539 5408 777 5476 excelsis,
803 5407 901 5478 ipsi
949 5404 1060 5458 Deo
1102 5405 1265 5457 verbo
1294 5403 1457 5457 etiam
1487 5418 1548 5456 ea
1577 5417 1697 5470 qua:
1737 5400 1969 5473 propria:
1993 5400 2110 5471 ejus

543 5515 700 5554 erant
722 5498 869 5555 carni
895 5493 1246 5564 coniungens.
1279 5492 1334 5546 Si
1356 5508 1483 5561 ergo
1504 5493 1619 5548 haec
1639 5500 1763 5560 apte
1789 5491 1930 5545 dicta
1961 5498 2107 5556 sunt,

546 5602 828 5660 ιςυιτιυτρει
863 5588 968 5650 duo
1014 5595 1298 5646 sumuntur
1327 5585 1462 5645 hirci
1496 5594 1551 5640 et
1582 5594 1890 5643 statuuntur
1926 5600 2110 5643 coram

2274 4863 2340 4917 Et
2369 4862 2549 4931 oﬂ'eret
2589 4859 2769 4912 Aaron
2808 4855 3026 4911 vitulum
3058 4870 3151 4924 pro
3189 4862 3423 4923 peccato,
3452 4861 3626 4919 rogans
3660 4853 3734 4910 pro

2203 4971 2258 5008 se
2301 4963 2349 5006 et
2404 4968 2498 5020 pro
2541 4951 2695 5004 domo
2738 4966 2854 5012 sua,
2898 4946 3184 5000 iumolabit
3224 4960 3343 4997 eum
3369 4982 3385 5008 ,
3414 4941 3736 5003 assumptum“

2205 5042 2471 5103 tlturibulo
2515 5042 2652 5112 quod
2682 5040 2746 5093 de
2769 5040 2954 5112 prunis
2994 5037 3175 5095 altaris
3213 5033 3531 5104 impleverit,
3553 5038 3597 5082 et
3633 5026 3739 5077 Imu-

2208 5138 2347 5191 riens
2376 5149 2534 5189 manu
2557 5132 2898 5202 compositum
2920 5130 3203 5199 thymium
3224 5126 3280 5180 in
3306 5128 3594 5182 incensum.
3627 5112 3737 5171 '1‘"

2209 5227 2395 5291 uelum,
2417 5225 2631 5283 intrabit
2648 5225 2702 5280 in
2721 5237 2927 5288 sancta,
2945 5231 2997 5274 ut
3015 5220 3195 5291 positis
3205 5233 3364 5287 super
3382 5216 3549 5285 ignem
3569 5218 3744 5263 arantur

2209 5319 2369 5384 tibus,
2403 5316 2590 5373 nebula
2626 5332 2805 5372 eorum
2834 5324 2880 5369 et
2911 5330 3072 5384 uapor
3091 5312 3290 5383 aperiat
3323 5305 3607 5362 oraculum.
3632 5290 3743 5367 φιυά

2209 5420 2285 5464 est
2328 5424 2484 5478 super
2528 5406 2898 5468 testimonium,
2937 5413 2984 5457 et
3027 5419 3130 5459 non
3165 5400 3447 5455 moriatur.
3484 5393 3586 5464 (Ea:
3612 5386 3748 5449 Hesy-

2211 5497 2375 5571 chio.)
2393 5469 2649 5552 immolat
2683 5510 2811 5565 ergo
2836 5492 3188 5563 intelligibilis
3227 5489 3414 5543 Aaron
3456 5469 3750 5571 vitulumtid

2213 5595 2295 5642 est
2331 5558 2607 5659 propriam
2653 5558 2902 5640 carnem,
2936 5558 3090 5653 cuius
3142 5575 3323 5635 hostia
3359 5577 3574 5647 quando
3599 5566 3649 5621 in
3672 5558 3753 5617 Ju-
