3926 6176
289 208 374 275 tsi

281 424 583 482 necessarie
627 431 951 496 assumitur;
1000 434 1233 490 balebat
1274 440 1418 493 enim
1468 441 1583 510 ipse
1626 443 1850 513 legalem

276 515 711 585 [ustiﬁcatiouem
743 522 994 587 maxime,
1026 532 1085 578 ut
1117 536 1305 595 aperte
1341 533 1696 597 prmiicarct:
1727 534 1850 590 Non

276 610 386 661 veni
423 607 621 662 solvere
666 608 854 680 legem,
884 615 975 667 sed
1024 615 1240 685 implere
1282 619 1494 689 (Matth.
1529 625 1602 687 v).
1654 624 1850 679 Paulus

273 705 449 751 autem
494 698 709 752 diccbat
738 718 750 753 :
775 700 920 754 Misit
950 703 1088 758 Deus
1129 705 1175 757 F
1178 707 1326 761 ilium
1355 726 1504 763 suum
1549 712 1746 780 factum
1783 731 1848 767 ea:

270 789 505 853 muliere,
530 789 729 858 factum
756 793 852 846 sub
895 793 1022 864 lege,
1055 807 1113 849 ut
1152 814 1239 852 eos
1270 801 1359 870 qui
1401 802 1498 855 sub
1539 802 1651 872 lege
1695 815 1843 859 erant

270 879 541 934 redimeret
582 880 724 953 (Gal.
758 885 855 955 tv).
907 884 1034 941 [late
1077 898 1259 943 autem
1288 892 1487 946 vitulus
1518 904 1738 964 propter
1755 896 1843 966 ju-

266 984 385 1039 gum
432 971 815 1026 mandatorum
865 982 992 1044 apte
1030 976 1368 1048 intelligitur.
1405 979 1614 1053 Rogans
1643 1001 1737 1055 pro
1762 1003 1837 1052 se,

263 1064 513 1119 videlicet
550 1080 648 1135 pro
682 1065 1020 1122 humanitate
1064 1079 1085 1119 :
1116 1069 1275 1138 hujus
1296 1071 1441 1124 enim
1466 1074 1521 1126 in
1541 1075 1838 1142 semetipso

264 1152 484 1225 ﬁguram
505 1156 731 1226 gerebat
762 1174 777 1212 :
811 1159 907 1213 sed
940 1168 990 1212 et
1019 1174 1117 1229 pro
1133 1163 1287 1213 domo
1303 1178 1425 1224 sua,
1457 1163 1678 1232 proprie
1714 1181 1837 1218 eum

263 1248 345 1315 qui
361 1247 471 1301 sub
495 1249 614 1318 lege
635 1251 850 1305 virebat
869 1253 1146 1323 populum,
1165 1257 1257 1321 qui
1275 1255 1467 1310 domus
1485 1257 1654 1325 ipsius
1676 1271 1839 1326 ντηρ-

261 1350 338 1393 ter
360 1345 739 1411 cognitionem
794 1344 917 1410 fuit,
960 1347 1103 1401 venit
1136 1349 1392 1404 liberare.
1435 1348 1662 1418 Propter
1688 1352 1837 1420 quod

258 1430 524 1500 Cleopbas
539 1433 757 1493 dicebat
780 1436 857 1492 :N
861 1455 918 1492 os
936 1448 1110 1494 autem
1128 1443 1471 1510 sperabamus
1489 1444 1613 1509 quia
1636 1445 1747 1512 ipse
1763 1462 1840 1498 es-

260 1534 328 1575 set
350 1528 721 1590 rednnptnrus
740 1528 913 1584 Israel
930 1530 1084 1597 (Luc.
1107 1550 1168 1586 xv
1183 1537 1278 1587 ml
1300 1534 1705 1596 Immolobitque
1721 1554 1838 1590 emit

253 1604 357 1675 ipse
385 1607 533 1660 enim
561 1608 838 1679 propriam
882 1627 1101 1669 carnem
1133 1616 1451 1683 immolavit,
1492 1618 1607 1687 ipse
1633 1620 1717 1674 sui
1745 1635 1830 1674 sa-

1204 233 1701 294 EXPOSTTIONES
1740 238 1808 294 IN
1847 239 2237 300 LEVITICUM.
2275 274 2349 287 --
2382 248 2508 304 LIB.
2553 251 2614 305 Υ.

282 336 443 392 daica:
460 334 638 404 plebis
661 336 1036 395 liberationem
1061 344 1342 413 accipitur,
1356 350 1681 405 sacriﬁcium
1700 351 1855 405 vituli
1883 356 1928 413 Α

3427 267 3535 335 ηε

1958 350 2122 406 selum
2144 354 2356 411 intrabit
2384 359 2437 413 in
2459 370 2677 427 sancta;
2698 364 2801 429 vel,
2833 365 2974 425 sicut
2996 368 3168 429 LXX:
3189 373 3260 430 Et
3300 377 3530 450 implebit

1952 457 2140 496 manus
2176 462 2302 501 suas
2329 449 2677 525 tltgtuiamatev
2697 460 3085 525 compositionis
3121 465 3348 536 subtilis,
3371 449 3420 525 et
3446 472 3528 540 of-

1942 542 2074 611 feret
2089 547 2382 603 iuterittsiu
2412 549 2668 605 interiora
2702 554 2996 608 voluminis.
3018 558 3152 612 Dicit
3179 575 3359 618 autem
3393 582 3518 623 ora-

1942 637 2700 710 tiouctn.dcq1mdititDaiid
2726 665 2736 697 :
2761 645 3036 716 Dirigatur
3053 653 3225 705 oratio
3246 672 3358 708 mea
3377 657 3515 713 sicut

1939 728 2204 782 incensum
2225 733 2276 784 in
2296 748 2567 798 consperlu
2592 737 2961 791 luotl’s.c.vt.l
3010 742 3097 791 ILP
3150 750 3516 815 ergoquando

1942 801 2215 857 saecularia
2244 814 2482 867 oramus,
2511 821 2693 863 crassa
2719 814 3115 880 quodammodo
3139 830 3193 874 et
3216 801 3328 877 noni
3354 801 3517 881 subti-

1940 883 2008 940 lis
2058 897 2139 942 est
2179 906 2192 954 ;
2231 895 2446 960 quando
2500 908 2677 953 autem
2726 904 2985 972 spiritalia
3025 911 3293 979 petimus,
3340 916 3391 969 id
3439 928 3521 973 est

1939 976 2219 1033 scientiam
2250 982 2503 1047 divinam,
2543 1004 2765 1059 regnum
2816 995 3074 1050 caelorum
3099 1039 3113 1064 ,
3143 1004 3517 1061 remissionem

1934 1078 2300 1138 peccatorum,
2335 1076 2547 1131 subtilis
2589 1082 2831 1148 quasdam
2865 1093 2968 1151 est,
3001 1098 3059 1142 ut
3085 1099 3211 1159 pote
3261 1095 3518 1164 spiritalis

1936 1167 1990 1212 et
2024 1159 2390 1232 iutelligibilis,
2428 1182 2588 1234 quam
2635 1171 2985 1245 intelligibilis
3018 1183 3269 1237 sacerdos
3287 1159 3392 1254 pro
3419 1204 3516 1242 no-

1932 1244 2017 1301 bis
2061 1249 2271 1305 oﬁeret.
2345 1254 2684 1313 Manifestum
2736 1244 2915 1318 autem
2966 1278 3080 1334 est,
3132 1285 3194 1325 ex
3248 1244 3312 1327 eo
3368 1281 3512 1345 quod

1931 1352 2030 1406 pro
2071 1340 2349 1413 discipulis
2395 1346 2641 1404 Christus
2683 1368 2861 1416 orans,
2897 1360 3380 1420 sanctiﬁcationem
3429 1370 3508 1423 eis

1929 1439 1983 1486 ct
2011 1435 2269 1492 unitatem
2306 1455 2509 1508 secum,
2547 1444 2959 1520 libertatemque
2991 1454 3044 1509 in
3072 1461 3292 1523 mundo,
3323 1471 3374 1516 et
3401 1465 3502 1518 alia

1930 1520 2055 1575 talia
2084 1522 2423 1595 deposcebat.
2471 1531 2698 1589 Intrabit
2741 1538 2794 1592 in
2839 1552 3045 1608 sancta,
3068 1547 3180 1600 sive
3211 1520 3505 1611 secundum

1925 1610 2090 1679 LXX,
2117 1625 2166 1669 et
2202 1620 2380 1688 oﬂ'eret
2426 1623 2480 1677 in
2516 1626 2767 1683 interiora
2817 1632 3104 1701 salaminis,
3132 1642 3313 1696 carnis
3358 1644 3505 1700 vide-

250 1697 428 1753 criﬁcii
476 1700 727 1768 pontifex
763 1703 817 1756 in
850 1703 979 1759 Sion
1030 1704 1203 1763 lactus
1232 1717 1334 1773 est,
1365 1713 1581 1779 quando
1610 1717 1827 1784 sangui-
1855 1714 1900 1770 ll
1928 1705 2052 1762 licet
2097 1725 2229 1767 81133-
2262 1712 2463 1772 Οσθῖθι
2500 1728 2679 1776 autem
2729 1725 2852 1779 ϐυίῗ
2890 1726 3035 1783 Ρίιῑτί
3081 1732 3349 1801 Videlicet:
3374 1738 3499 1807 ειυὶτι

251 1788 326 1842 nis
368 1788 503 1843 Novi
554 1790 886 1848 Testamenti
934 1797 1092 1851 dabat
1144 1799 1386 1853 calicem.
1442 1801 1821 1876 Assumptoque

248 1878 508 1932 thuribulo
536 1882 676 1950 quod
705 1882 768 1936 de
796 1886 978 1954 prunis
1001 1887 1189 1942 altaris
1208 1889 1511 1960 impleverit.
1554 1893 1821 1951 Thuribu-

249 1970 345 2025 lum
370 1972 615 2042 linguam
645 1974 978 2031 Dominicam
1007 1979 1093 2035 hic
1121 1981 1284 2046 dicit;
1314 1984 1365 2037 in
1391 1983 1505 2053 ipsa
1529 1986 1672 2039 enim
1700 1996 1819 2043 erat

248 2058 491 2129 Spiritus.
530 2062 711 2120 Sumit
730 2080 859 2135 ergo
877 2066 1092 2138 plenum
1116 2069 1442 2125 thuribulum
1466 2074 1814 2141 carbonibus,

245 2150 358 2218 quia
404 2150 680 2207 sacriﬁcio
729 2168 827 2208 suo
873 2156 1167 2215 doctor-alia
1198 2163 1382 2227 verba,
1408 2179 1527 2235 qua:
1553 2175 1707 2221 erant
1736 2168 1816 2222 di-

241 2242 354 2294 vina
382 2250 437 2295 et
463 2244 736 2309 cmlestia,
760 2247 1006 2315 protinus
1051 2251 1277 2317 addidit,
1305 2253 1370 2307 de
1402 2255 1597 2324 quibus
1646 2258 1811 2313 David

243 2332 443 2389 dicebat
468 2351 484 2388 :
511 2332 776 2392 Carbones
798 2342 1035 2395 succensi
1054 2352 1173 2396 sunt
1199 2343 1263 2397 ab
1284 2361 1343 2398 eo
1367 2343 1540 2416 (Psal.
1569 2363 1700 2413 xvn,
1730 2349 1805 2423 9).

242 2423 344 2480 llos
394 2426 634 2483 Joannes
685 2430 740 2485 in
794 2446 948 2486 omna
1006 2442 1144 2493 acta.
1180 2444 1459 2505 postquim
1511 2438 1674 2495 ludas
1727 2451 1811 2496 est

246 2528 478 2582 egreSsus
502 2519 743 2587 scripsit,
778 2522 829 2573 in
862 2522 1072 2595 quibus,
1108 2525 1374 2595 quomodo
1400 2529 1616 2596 quidem
1647 2530 1809 2585 Pater

252 2603 305 2657 in
334 2605 460 2675 ipso,
484 2610 752 2676 quomodo
783 2620 965 2667 autem
994 2612 1108 2684 ipse
1137 2631 1259 2670 cum
1289 2617 1360 2670 sit
1388 2618 1439 2670 in
1473 2618 1654 2682 Patre,
1683 2638 1712 2673 ιι
1739 2623 1804 2676 it-

248 2704 324 2752 tat
372 2700 560 2754 donum
593 2700 858 2772 SpiriLus;
895 2709 1161 2775 quomodo
1207 2708 1368 2764 Pater
1413 2722 1496 2765 est
1545 2714 1800 2782 agricola,

242 2788 351 2857 ipse
376 2791 515 2856 vitis,
544 2794 770 2861 apostoli
798 2811 921 2849 vero
942 2797 1218 2866 palmites;
1254 2802 1523 2867 quomodo
1552 2803 1801 2874 princeps

236 2881 408 2935 mundi
456 2881 620 2951 hujus
660 2885 951 2956 iudicetur,
992 2888 1202 2958 aliaque
1250 2894 1475 2962 exponit
1517 2895 1795 2963 miracula,

233 2986 341 3039 qua:
383 2982 512 3030 sunt
557 2979 824 3033 carbones
870 2981 1025 3047 ignis,
1058 2990 1114 3035 ut
1141 2993 1265 3053 pore
1294 2984 1666 3041 calefacientia
1699 3004 1798 3045 nos

1923 1797 2039 1852 ilth
2063 1800 2279 1868 quidem
2301 1807 2587 1863 manifesta
2605 1823 2822 1883 aspectu
2846 1819 3085 1872 omnium
3107 1797 3498 1895 proferebatur,

1920 1890 2035 1961 ipsa
2078 1900 2261 1949 autem
2292 1908 2411 1953 erat
2438 1900 2742 1960 invisibilis.
2794 1905 2860 1962 Ut
2900 1913 3082 1980 positis
3127 1932 3285 1986 super
3330 1890 3497 1989 ignem

1918 1983 2261 2049 aromatibus,
2296 1989 2485 2044 nebulo
2514 2009 2692 2048 eorum
2719 2008 2766 2051 et
2794 2016 2955 2070 vapor
2983 2007 3184 2074 aperiat
3226 2012 3497 2070 oraculum

1916 2072 2055 2140 quod
2076 2085 2150 2127 est
2179 2092 2335 2146 super
2359 2081 2734 2153 testimonium,
2755 2100 2802 2142 et
2833 2108 2937 2146 non
2954 2072 3231 2151 moriatur.
3261 2102 3498 2170 Duplici-

1916 2168 1999 2216 ter
2020 2164 2108 2219 hic
2141 2169 2285 2236 quod
2315 2169 2446 2224 dicit
2476 2173 2732 2247 intelligo,
2756 2181 2883 2248 quia
2913 2184 3054 2238 enim
3102 2186 3280 2243 Aaron
3328 2164 3495 2261 ipsius

1913 2250 2111 2350 libristi
2142 2258 2367 2329 ﬁguram
2410 2264 2548 2333 gerit
2584 2278 2805 2337 propter
2833 2277 3122 2330 sacerdotii
3151 2250 3489 2350 dignitatem,

1911 2342 2135 2416 ﬁguram
2162 2350 2323 2406 etiam
2354 2355 2493 2422 gerit
2520 2361 2763 2425 corporis
2808 2365 3169 2441 sacerdotum.
3209 2342 3492 2441 buperint;

1908 2436 2063 2504 ponit
2096 2439 2312 2508 quidem
2342 2442 2587 2500 Christus
2616 2463 2779 2518 super
2818 2452 2995 2522 ignem
3024 2436 3306 2525 aromata;
3321 2462 3376 2516 id
3402 2473 3487 2518 est

1907 2528 2207 2584 orationem
2235 2546 2397 2601 super
2420 2535 2751 2603 doctrinam;
2783 2549 2839 2596 et
2885 2545 3061 2612 operit
3098 2562 3350 2618 vaporem
3395 2569 3489 2609 nev

1906 2615 2030 2670 bula
2076 2632 2285 2687 eorum,
2314 2622 2367 2676 id
2392 2631 2477 2678 est
2502 2628 2762 2683 orationis
2803 2633 3006 2699 virtus;
3036 2615 3313 2695 oraculum
3342 2645 3486 2711 quod

1904 2716 1987 2761 est
2020 2724 2182 2778 super
2209 2713 2594 2782 testimonium,
2623 2719 2675 2774 id
2704 2730 2788 2775 est
2815 2737 3033 2780 carnem
3061 2742 3235 2795 suam,
3265 2747 3330 2787 es
3373 2750 3481 2802 qua

1901 2798 2209 2866 propitiatio
2253 2804 2409 2858 nobis
2446 2808 2749 2878 conquisita
2774 2822 2854 2866 est
2884 2826 3248 2885 peccatorum,
3278 2798 3480 2891 quat—in

1902 2889 2123 2944 salutari
2155 2902 2238 2946 est
2265 2895 2513 2951 videlicet
2534 2902 2815 2969 passione;
2847 2905 2949 2960 hoc
2974 2918 3154 2963 autem
3184 2889 3311 2968 esse
3330 2918 3480 2971 testi,

1900 2981 2165 3048 monium,
2192 2985 2353 3052 paulo
2382 2989 2635 3057 superius
2658 2994 3009 3050 ostendimus.
3045 2998 3113 3055 Et
3152 3017 3256 3055 non
3281 3007 3474 3059 morie.

232 3062 288 3113 ad
311 3063 566 3131 pietatem
592 3108 609 3132 ,
634 3083 755 3121 cum
805 3070 913 3125 sint
957 3072 1279 3140 generaliter
1323 3074 1584 3142 spiritalia
1612 3074 1792 3146 (Joan.
1824 3052 1867 3114 C
1898 3077 2005 3135 ιιιν,
2035 3075 2399 3144 corruptionis
2443 3078 2695 3136 Videlicet
2729 3090 2921 3139 morie.
2956 3084 3136 3157 Neque
3166 3092 3309 3145 enim
3350 3108 3480 3150 caro

233 3155 329 3225 xv).
361 3157 464 3213 Sed
496 3169 557 3215 ct
587 3161 658 3214 ab
697 3162 873 3228 altari,
903 3165 1044 3232 quod
1069 3167 1360 3221 secundum
1395 3168 1530 3223 LXX
1559 3177 1643 3225 est
1670 3179 1796 3227 ante

230 3241 523 3314 Dominum,
560 3250 669 3303 hoc
701 3259 897 3306 autem.
924 3268 1045 3308 esse
1072 3256 1227 3310 sedes
1255 3257 1532 3323 cherubin,
1580 3261 1634 3317 in
1665 3262 1796 3332 ipsis

226 3340 483 3407 prooemiis
512 3330 643 3395 libri
672 3341 827 3410 hujus
848 3346 1210 3411 ostendimus;
1230 3347 1338 3403 illic
1362 3350 1508 3404 enim
1532 3352 1794 3409 carbones

226 3429 561 3502 intelligibilis
593 3433 735 3504 ignis
763 3437 1085 3492 constitutos
1112 3453 1233 3493 esse
1256 3440 1507 3496 Ezechiel
1530 3445 1791 3513 propheta

225 3527 635 3593 demonstravit;
677 3530 961 3586 Dominum
1005 3536 1202 3605 quippe
1242 3537 1416 3606 ipsum
1444 3541 1534 3608 qui
1563 3549 1684 3595 erat
1708 3543 1789 3596 in-

223 3615 363 3670 dutus
392 3618 623 3687 poderc,
656 3628 707 3673 et
737 3622 1007 3677 accinctos
1032 3623 1261 3680 habebat
1290 3626 1513 3689 lumbos,
1540 3633 1788 3699 proponit

222 3705 463 3764 dicentem
492 3728 506 3768 :
535 3708 826 3780 Ingredere
852 3712 905 3765 in
927 3715 1155 3767 medium
1193 3725 1426 3770 rotarum
1465 3719 1643 3772 subter
1672 3721 1789 3774 che-

219 3799 373 3865 rubin,
397 3811 448 3853 et
474 3801 643 3871 imple
667 3819 852 3857 mamts
872 3813 991 3859 tuas
1013 3807 1077 3860 de
1103 3810 1270 3863 medio
1292 3811 1536 3865 cherubin
1566 3814 1779 3884 (Ezech.

223 3888 284 3956 ι).
340 3891 473 3959 Quia
516 3894 672 3949 enim
720 3894 890 3959 altare
935 3897 1271 3968 intelligibilc
1313 3901 1498 3972 inquo
1523 3907 1782 3963 carbones

218 3982 336 4048 .guis
365 3999 513 4048 sunt,
549 3988 739 4042 sedem
763 3999 786 4029 ⁸
816 3989 1075 4045 cherubin
1110 4002 1356 4062 oporteat
1386 3996 1629 4069 intelligi,
1656 4017 1720 4055 au
1745 4002 1779 4057 fi

214 4069 384 4129 Isaiam
413 4080 501 4133 dic
539 4088 694 4133 mem
717 4078 813 4133 :Et
839 4082 973 4134 venit
999 4083 1068 4137 ad
1094 4102 1174 4137 me
1194 4101 1329 4140 unus
1350 4087 1414 4139 de
1442 4092 1706 4158 seraphin,
1731 4103 1777 4146 et

212 4169 256 4220 in
280 4187 430 4222 manu
456 4170 581 4239 ejus
612 4169 845 4224 calculus
872 4188 1025 4241 quem
1065 4174 1261 4244 forcipe
1291 4176 1482 4230 tulerat
1509 4179 1572 4233 de
1596 4181 1774 4246 altari,

210 4269 251 4312 et
288 4263 447 4333 tetigit
476 4280 536 4316 os
566 4279 741 4315 meum
778 4262 910 4330 (Isa.
940 4265 1037 4333 vt).
1083 4266 1233 4332 Quoi
1262 4283 1390 4337 ergo
1420 4269 1473 4323 in
1515 4272 1653 4326 ctelo
1693 4282 1778 4327 est

211 4348 364 4405 altare
413 4352 571 4406 aliud
614 4352 717 4404 nisi
753 4353 1012 4407 cherubin
1077 4357 1254 4411 sedis?
1300 4358 1439 4411 sicut
1482 4360 1625 4413 enim
1666 4368 1772 4414 tam

209 4440 426 4508 pumiles
460 4457 635 4509 quam
668 4457 759 4495 rex
802 4444 941 4497 idem
991 4454 1049 4499 et»
1090 4447 1273 4500 sedem
1305 4448 1468 4502 habet
1495 4459 1552 4503 et
1579 4450 1770 4505 altare.

204 4525 305 4585 Hoc
333 4547 465 4604 ergo
494 4532 703 4587 Paulus
739 4533 975 4591 Hebraais
1006 4539 1317 4608 signiﬁcans
1345 4542 1418 4594 ait
1443 4555 1459 4595 :
1485 4539 1603 4596 Non
1635 4545 1772 4599 enim

205 4620 433 4679 habemus
462 4623 769 4695 pontiﬁcem
789 4628 879 4696 qui
907 4644 1008 4681 non
1042 4638 1207 4698 potest
1241 4633 1464 4700 compnti
1493 4632 1775 4700 inﬁrmita-

202 4713 319 4767 tibus
348 4717 572 4779 nostris,
604 4725 855 4769 tentatum
883 4727 1050 4770 autem
1079 4733 1171 4788 per
1193 4721 1367 4773 omnia
1398 4737 1493 4790 pro
1528 4721 1772 4776 similitu-

202 4801 306 4856 dine
347 4805 551 4877 absque
593 4815 823 4875 peccato.
871 4804 1132 4860 Adeamus
1179 4823 1294 4860 cum
1343 4809 1660 4876 confidentia
1700 4810 1770 4863 ad

201 4892 426 4947 thronum
474 4893 666 4963 gloria:
694 4895 808 4964 ejus
840 4894 1025 4965 (Hebr.
1064 4895 1157 4967 iv).
1208 4897 1319 4952 Hoc
1361 4912 1491 4968 ergo
1522 4897 1773 4969 intelligi-

200 4979 291 5035 bilc
310 4986 531 5040 dicebat
554 4984 746 5050 altare,
769 4988 909 5055 quod
932 4988 1277 5044 manifestam
1299 5004 1418 5060 qua:
1440 4999 1767 5059 sequuntur;

199 5073 265 5126 ait
288 5077 429 5129 enim
458 5094 472 5128 :
504 5072 579 5127 Ut
616 5075 932 5144 accipiamus
963 5079 1463 5143 misericordiam,“
1503 5081 1726 5150 gratiam

197 5167 511 5223 inveniamus
580 5170 636 5222 in
682 5169 881 5223 auxilio
937 5181 1246 5240 opportuno.
1324 5173 1525 5228 Horum
1584 5185 1764 5229 autem

198 5264 477 5328 utrumque
520 5261 597 5313 ab
631 5260 788 5313 altari
819 5261 935 5316 sine
980 5263 1161 5330 aliqua
1207 5263 1483 5319 dubietate
1528 5266 1763 5336 percipi.

195 5360 321 5401 mus.
353 5348 460 5403 Sed
493 5348 632 5418 quid
661 5349 713 5401 in
758 5349 838 5402 his
860 5366 978 5418 qum
1006 5362 1307 5421 sequuntur
1340 5354 1614 5421 legislator
1638 5358 1767 5410 sub.

194 5437 442 5491 malum
473 5438 731 5491 hauriens
768 5454 926 5492 manu
974 5440 1264 5511 thymiama
1309 5442 1577 5497 incensum
1622 5442 1763 5498 ultra

1894 3164 2015 3234 eius
2070 3169 2208 3225 vidit
2256 3175 2679 3243 corruptionem,
2729 3180 2857 3247 quia
2901 3197 3099 3253 vapore
3149 3198 3475 3257 aromatum,

1894 3256 2096 3313 virtute
2128 3259 2314 3331 utique
2341 3264 2604 3321 orationis
2634 3267 2777 3324 illius
2805 3274 3150 3343 operiebatur
3178 3295 3343 3349 quam
3370 3256 3476 3345 Da-

1892 3351 1980 3404 vid
2009 3354 2089 3407 a3t
2116 3354 2387 3412 Christum
2410 3359 2623 3415 Patrem
2644 3364 3025 3433 deprecantem
3050 3387 3065 3423 :
3091 3369 3229 3433 Quia
3250 3389 3355 3425 nou
3374 3356 3487 3427 tle--

1891 3442 2155 3507 relinques
2176 3451 2411 3502 animam
2445 3468 2614 3507 nteant
2644 3456 2700 3508 in
2723 3457 3011 3526 infernum,
3044 3477 3136 3514 nec
3158 3463 3309 3516 dabis
3330 3479 3464 3518 sau-

1887 3547 2030 3591 ctam
2052 3549 2197 3591 tuum
2219 3543 2389 3595 viuere
2404 3548 2790 3614 corruptionem
2815 3550 2931 3617 (Ps.
2956 3557 3069 3620 xv).
3085 3555 3249 3606 Ponit
3282 3567 3463 3609 autem

1887 3638 1941 3683 et
1965 3632 2338 3702 unusquisque
2366 3638 2643 3700 sacerdos,
2663 3640 2728 3691 de
2745 3640 2967 3695 Christ"
2993 3645 3240 3706 loquens.
3263 3647 3314 3697 in
3339 3647 3465 3709 igne

1887 3713 2131 3759 aromata
2158 3709 2415 3777 spiritalis
2444 3712 2729 3781 doctrinae,
2762 3721 3097 3791 orationem;
3125 3734 3183 3782 et
3207 3731 3470 3791 orationis

1884 3794 2058 3849 virtus
2076 3798 2254 3865 operit
2273 3802 2575 3869 oraculum,
2597 3809 2741 3874 quod
2766 3818 2850 3865 est
2873 3825 3039 3881 super
3065 3817 3463 3879 testimonium:

1882 3901 1989 3941 non
2020 3889 2283 3959 permittit
2304 3891 2447 3946 enim
2474 3908 2598 3949 eum
2620 3912 2866 3967 quaerere
2893 3902 2958 3956 de
2988 3906 3330 3975 passionibus
3354 3912 3461 3968 Do—

1882 3982 2093 4038 minicte
2142 3985 2324 4041 carnis
2375 4002 2461 4052 ea,
2490 4004 2610 4059 qua:
2656 4007 2821 4061 super
2859 3996 3114 4053 virtutem
3169 4007 3467 4072 quaerent's.

1879 4078 2025 4127 sunt.
2054 4071 2125 4126 Et
2158 4088 2262 4127 non
2288 4076 2539 4132 morietur
2572 4095 2655 4143 ea,
2688 4096 2809 4151 qua:
2838 4083 3055 4140 deﬁnita
3086 4071 3459 4148 estimmode.

1882 4162 2013 4216 ratis
2042 4163 2479 4233 inquisitoribus,
2511 4168 2603 4237 qui
2637 4184 2699 4223 ea
2729 4183 2977 4240 quierunt
3003 4191 3124 4245 qua:
3151 4180 3459 4237 hominibus

1877 4263 1982 4302 non
2014 4249 2138 4304 licet
2163 4266 2425 4321 quaerere,
2455 4267 2645 4311 morte.
2689 4259 2851 4314 Tollet
2874 4279 3078 4334 quoque
3111 4267 3176 4320 de
3203 4272 3455 4339 sanguine

1880 4340 2025 4392 vituli
2053 4350 2102 4394 et
2129 4352 2362 4411 asperget
2384 4344 2546 4413 digito
2573 4363 2669 4399 suo
2697 4350 2904 4418 septies,
2932 4362 3114 4409 contra
3140 4359 3455 4425 propitiatm

1878 4428 2012 4482 rium
2039 4430 2109 4483 ad
2134 4432 2419 4497 orientem;
2446 4434 2559 4488 sive
2577 4474 2592 4499 ,
2624 4448 2681 4489 ut
2711 4436 2847 4495 LXX
2865 4479 2881 4505 ,
2910 4453 3140 4511 aspergat
3169 4445 3331 4514 digito
3354 4466 3453 4513 suo

1872 4534 2029 4588 super
2054 4522 2474 4590 propitiatorium
2501 4525 2569 4579 ad
2595 4528 2863 4585 orientem.
2886 4531 3030 4591 Ante
3055 4534 3245 4595 facient
3272 4541 3451 4612 propi-

1874 4610 2073 4669 tiatorii
2096 4622 2346 4682 asperget
2371 4616 2570 4684 septies
2589 4618 2753 4688 digito
2769 4636 2886 4677 suo.
2907 4622 3241 4683 Sacriﬁcium
3265 4610 3451 4704 unigo-t

1871 4701 1971 4759 niti
1991 4716 2112 4755 oSse
2131 4704 2345 4771 quidem
2369 4703 2485 4777 ejus
2508 4710 2706 4774 carnis,
2731 4727 2827 4780 per
2848 4712 3098 4772 virtutem
3119 4728 3299 4781 autem
3328 4701 3453 4779 rura

1872 4810 1965 4850 sus
1986 4796 2283 4853 divinitatis
2305 4798 2442 4867 ejus,
2466 4808 2520 4856 et
2540 4818 2638 4871 per
2656 4802 3049 4880 beneplacitum
3069 4808 3244 4868 Patris
3262 4817 3329 4870 ad
3363 4833 3447 4873 res

1874 4891 2185 4949 missionem
2228 4902 2572 4960 peccatorum
2618 4905 2930 4954 nostrorum
2981 4910 3035 4956 et
3079 4908 3443 4976 ereptionem,

1872 4979 2135 5048 simulque
2157 4982 2225 5035 ad
2251 4982 2468 5037 domum
2500 4985 3019 5046 subtniuistrationis
3061 4992 3297 5065 Spiritus
3321 5014 3443 5068 per-

1870 5068 1955 5138 agi
1979 5108 1993 5132 ,
2022 5080 2205 5138 aperte
2237 5084 2305 5131 ex
2352 5072 2437 5127 his
2462 5088 2582 5142 quae
2610 5091 2754 5130 nunc
2778 5079 2910 5135 dicit
2935 5080 3232 5155 legislator,
3268 5090 3434 5145 mani.

1868 5159 2125 5226 testatur;
2161 5161 2361 5232 digitus
2388 5165 2534 5218 enim
2556 5167 2822 5237 signiﬁcat
2845 5172 3097 5231 virtutem
3120 5176 3438 5246 divinitatis,

1866 5254 2008 5308 unde
2036 5254 2203 5309 David
2236 5255 2410 5311 dixit:
2437 5257 2699 5322 Quoniam
2732 5261 2910 5316 videbo
2941 5264 3093 5319 oculos
3120 5283 3276 5335 opera
3300 5270 3437 5338 digi-

1861 5353 2031 5401 torum
2059 5354 2290 5411 tuorum,
2318 5346 2499 5402 lunam
2519 5358 2567 5402 et
2589 5349 2768 5405 stellas
2796 5368 2924 5421 quas
2957 5364 3014 5407 tu
3049 5355 3284 5423 fundasti
3312 5357 3431 5426 (Ps,

1862 5437 2003 5509 vui).
2053 5437 2351 5507 Utrumque
2380 5448 2559 5495 autem
2586 5441 2652 5496 ad
2682 5441 2976 5503 divinitatis
3003 5444 3297 5514 accipimus
3322 5449 3433 5506 νᾶες

252 5581 277 5607 ο
304 5570 519 5625 Sedem.
557 5566 619 5631 ιιι
650 5569 907 5633 impresso
947 5585 1068 5643 post.
1101 5576 1363 5633 cherubim
1388 5585 1472 5633 est
1498 5578 1789 5644 distinctio,
1821 5587 1875 5635 et
1904 5578 2180 5649 sequitur:
2208 5577 2313 5639 Sed
2339 5578 2380 5633 is
2403 5579 2606 5636 duabus
2633 5578 3077 5635 distinctionibus.
