3926 6176
455 259 562 318 ωε

460 386 649 438 tutem,
686 371 912 439 ipseque
941 364 1166 433 sanguis
1197 361 1351 415 vituli
1375 373 1540 425 super
1592 350 2025 425 propitiatorinm

459 467 525 521 ad
542 466 809 521 orientem
831 458 1159 528 aspergitur,
1190 455 1255 509 ad
1278 450 1718 521 propi'intionem
1734 449 1877 498 enim
1904 455 2028 495 uos-

460 570 603 612 tram
627 553 897 620 simulque
917 530 1582 611 illuminationem,passio
1599 536 1850 591 salutaris
1871 548 2030 603 pera-

461 659 543 704 cta
564 656 668 707 est,
693 645 836 699 unde
858 646 970 710 ipsa
997 640 1179 711 passio
1195 620 1393 693 diclittr
1409 630 1849 704 propitiatnriutn
1861 668 1873 687 .
1889 630 2034 681 sicut

432 741 774 807 'I‘reqnenter
796 736 1166 798 ostendimus;
1203 730 1404 785 dicitur
1421 735 1597 779 autem
1629 735 1678 775 et
1711 727 1890 774 oriens
1912 735 1931 781 ;
1957 718 2027 773 ait

465 832 608 885 enim
631 832 695 883 dc
716 845 782 884 eo
807 826 1099 881 Zacharias
1128 822 1390 892 propheta
1420 815 1540 888 (vi),
1584 814 1714 868 Ecce
1737 808 2033 884 uit,0ricus

467 938 650 976 nomen
676 922 811 989 ejus,
833 931 878 972 et
898 919 1075 971 subter
1091 933 1149 970 eo
1168 916 1385 969 orietur.
1412 911 1501 964 Ait
1529 917 1708 962 autem
1733 914 1786 959 et
1822 904 2036 957 Zacha-

468 1014 577 1067 rias
612 1009 864 1066 sacerdos
903 1018 1055 1076 pater
1081 1005 1307 1061 Joannis
1341 1020 1355 1057 :
1390 1002 1453 1056 In
1477 1000 1662 1067 quibus
1686 997 1910 1053 uisitauit
1941 1008 2035 1048 nos

472 1105 659 1159 Oriens
687 1119 748 1157 ex
770 1104 897 1164 alto,
919 1101 1219 1154 illuminare
1235 1098 1313 1151 his
1341 1096 1430 1166 qui
1462 1090 1756 1147 intenebris
1784 1087 1961 1142 sedent
1987 1091 2038 1139 et

469 1198 523 1251 in
540 1195 724 1248 umbra
741 1191 1082 1263 mortis(an.
1104 1190 1166 1258 I).
1190 1187 1294 1243 Sed
1312 1196 1365 1241 et
1383 1194 1571 1242 contra
1585 1176 2038 1251 propitiatorium,

475 1290 525 1344 id
554 1302 635 1344 est
667 1288 718 1342 iit
752 1296 1043 1357 conspectu
1079 1283 1275 1344 Patris,
1298 1286 1555 1349 aspergat,
1592 1273 1790 1345 inquit,
1826 1268 2038 1342 septies,

476 1393 536 1436 ut
555 1391 661 1435 tam
683 1380 1062 1435 remissionem
1087 1382 1459 1445 peccatorum,
1482 1385 1639 1439 quam
1665 1365 1891 1432 Spirim:
1917 1375 2042 1415 san.

478 1466 550 1519 eti
594 1467 791 1518 donum
821 1463 887 1517 de
910 1459 1192 1514 Domiulco
1210 1456 1473 1526 sanguine
1499 1450 1775 1507 hominum
1803 1445 2044 1509 suscipe-

478 1558 584 1608 ret.
625 1558 915 1616 utrumque
933 1544 1078 1599 enim
1104 1539 1448 1611 septenarius
1471 1545 1730 1589 numerus
1756 1527 2045 1616 signiticet,

483 1632 609 1702 quia
638 1612 891 1685 videlicet
919 1637 1046 1683 sunt
1074 1638 1281 1697 septem
1314 1626 1453 1682 dona
1489 1620 1777 1702 Spiritus,
1797 1622 1858 1702 et
1904 1612 2044 1666 idem

1080 244 1143 301 Β.
1173 241 1426 301 RABANI
1460 236 1675 297 MAURI
1706 231 2022 292 ARCHYEP.

2142 217 2420 277 ιοουκτ,
2459 216 2745 276 οΡΕῑὶυΜ
2783 212 2964 272 PARS
3001 215 3041 273 I.

3555 222 3643 279 Hi

2064 341 2114 399 Α
2139 338 2313 385 totam
2338 329 2471 384 dicit
2490 329 2771 385 hominum
2818 326 3083 396 speciem;
3122 332 3296 379 sancta
3324 326 3455 382 enim
3486 327 3572 385 fuit
3589 334 3648 388 ab

2132 422 2292 476 initio
2327 436 2504 476 utassa
2533 428 2750 485 nostra,
2781 419 2857 473 ita
2884 426 2946 473 ut
2973 417 3064 472 Dei
3093 416 3146 472 in
3175 431 3237 470 ea
3265 416 3509 473 habitaret
3548 419 3648 491 Spi-

2138 516 2276 568 ritus
2302 530 2314 565 :
2336 512 2480 582 quod
2527 510 2930 566 demnstratur
2955 522 3021 562 ex
3048 521 3112 562 eo
3138 506 3279 577 quod
3319 506 3515 563 auferre
3541 509 3650 565 illud

2132 602 2381 657 irascens
2423 600 2658 655 minatus
2705 608 2789 654 est
2834 599 2996 661 Deus,
3023 598 3232 666 quando
3258 596 3310 651 lii
3337 599 3421 666 qui
3444 614 3505 652 ex
3539 596 3652 655 Setlt

2139 692 2578 754 descendebant,
2609 705 2734 746 cum
2776 699 2963 745 essent
2983 686 3114 757 justi
3138 696 3197 741 et
3226 687 3315 742 lilii
3342 688 3428 742 Dei
3456 690 3655 759 appella-

2134 791 2350 848 rentur,
2374 783 2820 852 concupiscentes
2841 794 2954 844 eas,
2976 794 3095 849 qua:
3121 777 3238 833 lilia:
3263 777 3516 832 hominum
3536 778 3656 833 dice-

2139 875 2371 938 bantur,
2405 873 2566 930 unius
2603 870 2818 943 generis
2854 885 2977 925 cum
3022 868 3179 925 malis
3203 880 3258 922 et
3284 868 3467 935 iniquis
3506 866 3655 923 eﬂ'ecti

2140 972 2294 1029 sunt;
2325 961 2463 1019 dixit
2492 960 2639 1016 enim
2668 960 2790 1015 sic:
2831 958 3073 1013 Videntes
3106 958 3202 1027 ﬁlii
3242 956 3333 1014 Dei
3355 956 3484 1024 ﬁlias
3520 956 3659 1010 benti-

2142 1066 2269 1108 mmt
2290 1050 2433 1122 quod
2462 1059 2631 1105 essent
2661 1047 2919 1120 pulchra,
2955 1054 3258 1117 acceperunt
3297 1046 3390 1101 sibi
3418 1061 3582 1101 uxores
3606 1060 3659 1100 es

2138 1144 2381 1198 omnibus
2398 1160 2530 1213 quas
2548 1140 2833 1212 elegerant.
2852 1139 2922 1194 Et
2948 1138 3081 1193 dixit
3106 1138 3353 1196 Dominus
3376 1135 3538 1194 Deus:
3560 1134 3659 1189 Non

2140 1233 2461 1303 permanebit
2489 1230 2720 1301 Spiritus
2745 1246 2890 1285 meus
2911 1230 2965 1283 in
2989 1228 3195 1283 homine
3218 1228 3270 1281 in
3290 1234 3539 1290 aternuut,
3559 1226 3659 1292 quia

2140 1338 2267 1376 caro
2293 1332 2416 1376 sunt
2447 1320 2602 1391 (Gen.
2645 1319 2743 1391 γι).
2775 1320 2918 1390 Ergo
2951 1319 2998 1377 si
3037 1318 3313 1373 habitabat
3345 1316 3556 1383 Spiritus
3583 1315 3659 1369 Dei

2142 1411 2198 1468 in
2223 1414 2530 1471 hominibus
2569 1420 2861 1483 antequam
2893 1426 3083 1469 omnes
3115 1410 3264 1480 sequi
3291 1410 3543 1481 passiones
3564 1424 3662 1464 car-

2141 1506 2229 1562 nis
2255 1506 2559 1576 ineipcrent
2579 1545 2597 1571 ,
2626 1513 2818 1560 sancta
2847 1510 2995 1558 recte
3020 1511 3141 1559 erat
3179 1501 3443 1558 hominum
3484 1515 3659 1564 massa;

2144 1611 2271 1652 nam
2319 1610 2421 1653 nec
2445 1595 2714 1666 primitias
2755 1610 2824 1650 ex
2857 1609 2922 1649 ea
2952 1600 3175 1648 sanctus
3217 1598 3510 1648 sanctorum
3540 1605 3664 1647 assu-

486 1679 1611 1782 ievtiamfpeccatrorumsigniticet
1649 1699 2046 1755 remissionem.
2067 1694 2114 1752 Β
2145 1694 2338 1782 P'emt'
2372 1685 2511 1753 Qui“
2539 1694 2718 1782 ³Β¹¹⁸¹¹¹
2763 1684 3038 1782 59mm?“
3081 1689 3184 1747 ea,
3211 1681 3439 1780 amavi}
3471 1694 3574 1735 eam
3608 1679 3665 1737 ab

484 1800 618 1855 Nam
639 1799 801 1855 Petro
819 1799 1096 1854 Christum
1115 1800 1511 1863 interrogante:
1529 1790 1591 1846 Si
1609 1785 1894 1856 peccaverit
1906 1782 1961 1835 in
1975 1795 2055 1863 me

488 1885 658 1954 frater
679 1901 846 1951 meus,
875 1884 1076 1952 quoties
1094 1861 1355 1937 dimittatis
1378 1878 1449 1941 ei,
1464 1891 1629 1944 usque
1648 1872 1831 1954 septies
1851 1868 1877 1921 .9
1893 1861 2055 1954 Citri-

486 1948 685 2026 slusait
708 1988 722 2023 :
747 1948 871 2023 Non
887 1948 1005 2022 dico
1021 1967 1229 2033 septies,
1249 1964 1340 2017 sed
1365 1975 1524 2028 usque
1537 1953 1828 2026 septuagies
1844 1948 2050 2033 σιριίεξι

489 2052 856 2124 multiplicans
895 2030 1178 2106 numerum
1216 2030 1584 2115 rscptenarium
1616 2037 1841 2112 (Matth.
1878 2030 2053 2104 svnt).

1098 2147 1324 2203 CAPUT
1357 2147 1416 2199 V.

464 2221 543 2283 De
582 2221 878 2292 expiatione
916 2219 1205 2277 sanctuarii
1249 2233 1341 2292 per
1387 2216 1692 2289 sanguinem
1724 2212 1855 2266 hirci
1890 2221 2044 2285 atque

1201 2287 1350 2338 ntuli.

1201 2298 1250 2339 ut
1274 2298 1350 2338 ιη.

535 2361 715 2431 (ιω.)
757 2358 989 2430 Cumque
1015 2303 1320 2413 mactatae-iit
1349 2356 1552 2409 hircum
1585 2369 1680 2424 pro
1709 2360 1920 2423 peccato
1948 2368 2043 2419 po-

457 2450 598 2521 puli,
627 2450 813 2519 inferet
846 2449 1157 2519 sanguinem
1199 2447 1313 2516 ejus
1345 2446 1485 2501 intra
1527 2445 1717 2508 velum,
1739 2444 1873 2499 sicut
1901 2463 2042 2514 prcr-

460 2526 664 2609 ‘t'eptum
693 2548 789 2603 est,
831 2539 894 2591 de
927 2537 1179 2607 sanguine
1208 2534 1370 2597 vituli,
1414 2544 1469 2587 ut
1506 2543 1747 2604 aspergat
1775 2550 1802 2587 e
1837 2536 2045 2604 regione

464 2628 688 2694 oraculi,
713 2637 760 2682 et
785 2630 951 2697 expiet
970 2626 1330 2685 sanctuarium
1351 2624 1415 2677 ab
1443 2623 1788 2678 immunditiis
1812 2622 2045 2697 filiorum

466 2718 661 2784 Israel,
692 2729 740 2773 et
770 2736 802 2772 a
825 2715 1344 2789 prwuaricationibus
1368 2730 1570 2780 eorum,
1597 2718 1896 2786 cunctisque
1920 2730 2044 2784 pec-

464 2810 619 2864 catis.
647 2808 758 2881 (Ea;
781 2806 1089 2878 Hesychia.)
1122 2806 1257 2873 Quia
1294 2804 1438 2858 enim
1465 2803 1717 2858 Christus
1757 2804 1823 2857 de
1847 2801 2047 2857 Iuda-is

410 2928 411 2931 η
461 2901 758 2955 secundum
783 2912 1003 2953 carnem
1034 2897 1126 2966 qui
1155 2896 1256 2950 sub
1275 2895 1405 2965 jugo
1430 2893 1568 2964 legis
1594 2892 1868 2958 vivebant,
1892 2903 2046 2947 ortus

461 3000 566 3057 est,
597 2999 747 3046 recte
780 2989 931 3043 vituli
967 2987 1296 3043 sacriﬁcium
1328 2986 1676 3050 nominatur;
1705 2984 1834 3054 quia
1862 2991 2044 3039 autem

473 3083 770 3143 secundum
816 3080 959 3148 quod
989 3079 1300 3133 incarnatus
1327 3085 1447 3129 erat
1471 3076 1538 3129 de
1564 3075 1833 3130 communi
1864 3089 2045 3129 massa

464 3175 745 3228 hominum
787 3173 964 3227 factus
991 3179 1096 3235 est,
1137 3177 1422 3245 propterea
1453 3185 1643 3224 rursus
1672 3169 1834 3237 igitur
1860 3170 2047 3224 hircus

429 3319 439 3329 ,
465 3264 770 3334 appellatur
790 3280 808 3315 ι
832 3275 1083 3331 asperum
1125 3262 1269 3314 enim
1316 3261 1420 3313 hoc
1455 3259 1676 3322 animal,
1705 3257 1939 3328 pilorum
1968 3258 2049 3312 in-

466 3354 781 3408 dumentum
826 3350 989 3423 gerit,
1016 3364 1268 3419 asperum
1321 3357 1501 3403 autem
1547 3356 1608 3402 ut
1646 3356 1774 3419 pote
1826 3355 2048 3418 peccato

466 3443 727 3500 refertum
755 3457 916 3498 omne
940 3443 1233 3497 viventium
1263 3455 1452 3512 genus,
1487 3441 1614 3511 quia
1641 3439 1773 3495 nihil
1801 3447 1893 3495 est
1922 3454 2050 3509 pec~

466 3543 590 3589 cato
619 3533 898 3602 asperius;
925 3531 1068 3586 unde
1094 3531 1199 3585 hoc
1226 3531 1524 3601 approbare
1559 3539 1746 3599 aperte
1776 3528 2051 3599 legislntor

468 3625 655 3680 volens
680 3608 693 3677 ἐ
720 3622 950 3693 Cumque
984 3622 1312 3685 mactaverit,
1346 3620 1543 3689 inquit,
1571 3619 1776 3673 hircum
1800 3633 1896 3687 pro
1934 3632 2051 3687 pec-

465 3723 583 3767 cato
615 3712 814 3783 populi.
852 3711 1045 3767 Totum
1076 3711 1164 3765 hic
1194 3710 1500 3781 intelligens
1526 3710 1818 3764 humanum
1856 3723 2046 3778 genus,

465 3803 609 3871 quod
635 3802 905 3872 quondam
934 3815 1037 3853 non
1068 3798 1316 3873 populus,
1348 3813 1489 3855 uuuc
1508 3795 1734 3869 populus
1757 3811 1821 3849 ex
1849 3810 1955 3864 quo
1984 3796 2049 3850 de

468 3892 623 3946 nobis
651 3891 919 3960 primitias
958 3887 1114 3942 Iesus
1157 3886 1417 3956 suscepit.
1467 3887 1608 3952 Ergo
1639 3896 1696 3939 ut
1721 3886 2050 3939 demonstra-

470 3991 555 4035 ret
578 3980 646 4034 de
669 3979 868 4034 ludatis
894 3978 1111 4048 quidem
1138 3976 1506 4047 principaliter
1529 3976 1802 4030 Christum
1831 3985 2052 4044 propter

470 4072 744 4128 Abraham
769 4069 1145 4141 cognationem
1173 4082 1311 4130 esse,
1337 4067 1431 4120 scd
1456 4077 1634 4124 tamen
1655 4066 1831 4120 omnis
1852 4074 2052 4121 nostra:

471 4172 678 4218 naturae
707 4175 827 4230 qua:
854 4160 906 4218 in
937 4166 1161 4238 Peccato
1182 4166 1265 4213 est
1288 4157 1553 4233 primitias
1575 4167 1810 4227 portare,
1833 4164 2052 4231 propter

470 4255 613 4323 quod
643 4260 700 4307 et
722 4252 893 4307 Adam
927 4249 1227 4321 appellatus
1259 4257 1359 4308 est,
1395 4248 1622 4304 vitulum
1649 4247 1809 4301 simul
1847 4256 1903 4301 et
1933 4246 2048 4301 hir-

471 4357 594 4396 cum
639 4341 723 4395 lex
755 4340 821 4399 ad
853 4340 1077 4410 ﬁguram
1106 4339 1359 4393 sacrillcii
1403 4337 1519 4404 ejus
1562 4337 1873 4408 assumpsit.
1913 4335 2048 4391 Cum

471 4445 652 4488 autem
687 4448 850 4487 unum
882 4416 953 4488 sit
985 4431 1334 4497 sacriﬁcium,
1363 4430 1477 4484 sive
1502 4430 1701 4484 vitulus
1722 4430 1835 4484 sive
1865 4429 2049 4484 hircus

476 4526 807 4587 nominetur,
835 4522 1164 4593 eli’ectnsqne
1214 4537 1353 4575 unus
1389 4520 1443 4574 iu
1486 4531 1774 4588 utrumque
1801 4520 1894 4583 sit,
1925 4533 2051 4589 pec-

478 4626 721 4671 catorum
747 4616 891 4669 enim
918 4628 984 4667 ex
1012 4628 1076 4667 eo
1099 4612 1412 4682 proliigatnr
1434 4612 1716 4674 absolutio,
1746 4611 2051 4667 necessario

478 4703 780 4758 communia
812 4710 936 4757 sunt
964 4717 1027 4755 ea
1054 4717 1173 4770 quae
1204 4702 1255 4754 in
1286 4701 1439 4758 hirco
1483 4709 1714 4770 aguntur
1753 4706 1809 4755 et
1848 4698 2048 4764 vitulo;

479 4793 658 4847 cernis
696 4793 841 4845 enim
882 4792 1008 4861 quia
1049 4792 1211 4846 etiam
1256 4791 1466 4848 hircum
1507 4790 1760 4843 occidens
1789 4796 1916 4843 ante
1945 4786 2053 4847 Do-

479 4882 684 4937 minum
728 4881 979 4935 videlicet
1011 4879 1247 4945 Patrem,
1275 4887 1330 4933 et
1373 4879 1687 4946 sanguinem
1719 4876 1957 4933 inferens
1993 4878 2049 4932 in

482 4974 737 5030 interiora
766 4971 1069 5036 velaminis,
1096 4971 1150 5024 id
1179 4980 1259 5024 est
1288 4970 1353 5023 ad
1377 4969 1614 5022 Patrem.
1645 4966 1711 5021 Et
1735 4968 1904 5038 expiet
1928 4985 2052 5023 san—

479 5066 739 5122 ctuarium
771 5063 834 5117 ab
866 5061 1207 5117 immunditiis
1249 5059 1482 5130 ﬁliorum
1516 5057 1686 5112 Israel
1712 5068 1761 5111 et
1793 5075 1826 5111 a
1855 5075 2054 5127 prama-

483 5161 816 5218 ricationibus
858 5172 1036 5211 eorum
1066 5159 1363 5226 cunctisque
1408 5153 1630 5223 peccatis
1668 5153 1910 5209 :vidctur
1933 5152 2051 5222 qui-

482 5260 604 5315 dem
650 5255 715 5310 de
756 5250 1100 5308 ethernaculo
1127 5250 1339 5313 dicere;
1371 5247 1501 5303 dicit
1545 5255 1723 5300 autem
1753 5261 1857 5301 non
1897 5246 1962 5300 de
1987 5260 2051 5299 eo

484 5349 574 5419 qui
602 5345 783 5401 sensui
811 5340 1051 5409 subiacet
1076 5359 1088 5394 :
1114 5341 1241 5411 quid
1277 5341 1419 5394 enim
1460 5337 1781 5408 expiationis
1803 5350 1896 5391 seu
1926 5352 2052 5406 pro-

482 5439 780 5510 pitiationis
818 5435 958 5505 ligna
988 5432 1243 5503 egerent?
1285 5431 1481 5501 quidve
1507 5429 1695 5499 pelles,
1722 5428 1806 5483 vel
1851 5428 2052 5497 reliqua

485 5545 551 5584 ex
616 5531 812 5600 quibus
865 5523 1269 5585 tabcr..acnlum
1327 5520 1631 5575 Judasorum
1683 5519 1826 5590 quod
1873 5519 2054 5573 sensui

489 5622 800 5696 gul'jacebat
832 5619 1134 5677 coniectum
1178 5616 1326 5671 erat?
1356 5611 1447 5669 sed
1478 5604 1914 5685 generalitatem,
1943 5613 2056 5668 sive

2144 1775 2499 1833 immunditiis
2530 1774 2764 1831 ﬁliorum
2801 1772 2989 1839 Israel,
3014 1772 3306 1828 secundum
3325 1769 3563 1823 rationem
3587 1783 3665 1837 pro

2143 1866 2389 1923 sensibili
2418 1865 2584 1923 Israel
2626 1864 2785 1921 Iesus
2825 1863 3152 1926 immolatus,
3179 1860 3232 1916 id
3256 1868 3337 1915 est
3360 1857 3662 1933 sacrificium,

2143 1964 2197 2010 et
2224 1972 2322 2026 pro
2345 1958 2492 2010 omni
2514 1958 2749 2015 humano
2771 1969 2991 2024 genere,
3014 1954 3082 2007 ad
3105 1952 3451 2023 expiationem
3477 1950 3667 2005 immun-

2144 2045 2398 2099 ditiarum
2468 2055 2786 2102 naturarum
2843 2042 3075 2107 obtulit,
3133 2055 3356 2112 quarum
3420 2036 3667 2097 itumuudi-

2146 2133 2383 2192 tiarum?
2424 2133 2477 2188 id
2504 2142 2591 2188 est
2634 2148 2665 2187 a
2709 2131 3243 2202 pmvaricationibus
3281 2144 3476 2193 eorum,
3525 2125 3682 2195 inquit,

2143 2224 2463 2292 cunctisque
2490 2224 2758 2297 peccatis;
2787 2222 2981 2279 animm
3005 2223 3203 2294 quippe
3228 2219 3561 2280 itnmuuditia,
3583 2230 3668 2270 non

2145 2314 2342 2367 mortui
2386 2313 2632 2384 pollutio,
2664 2328 2772 2368 non
2814 2313 3071 2383 porciuus
3114 2311 3284 2373 cibus,
3309 2323 3410 2364 non
3436 2305 3670 2379 quidpiam

2145 2403 2290 2457 aliud
2341 2404 2535 2468 simile,
2568 2404 2660 2459 sed
2690 2418 2887 2459 nocere
2932 2402 3182 2472 proximo
3208 2409 3308 2466 est,
3336 2409 3386 2452 et
3410 2409 3607 2466 peccare
3628 2393 3671 2449 in

2147 2494 2317 2551 Deum
2347 2493 2430 2546 vel
2464 2495 2716 2548 mandata
2749 2495 2864 2550 Dei.
2893 2492 3061 2548 Juxta
3089 2494 3226 2546 hunc
3256 2491 3408 2544 ritum
3443 2486 3576 2557 faciet
3609 2492 3674 2536 ta-

2146 2585 2424 2643 bernaculo
2464 2587 2766 2652 testimonii,
2784 2585 2924 2658 quod
2953 2585 3125 2654 ﬁxum
3154 2593 3226 2638 est
3251 2584 3385 2637 inter
3410 2594 3489 2634 eos
3511 2578 3558 2631 in
3590 2589 3676 2629 mc—

2146 2676 2234 2729 dio
2276 2678 2493 2733 sortium
2540 2675 2879 2730 habitationis
2903 2692 3117 2739 eorum;
3162 2672 3337 2729 nullus
3363 2665 3676 2725 hominumsit

2150 2768 2200 2822 in
2224 2766 2560 2822 tabernaculo
2583 2767 2793 2841 quando
2820 2765 3056 2837 pontifex
3077 2764 3373 2835 ingreditur
3398 2762 3450 2815 in
3474 2768 3678 2814 unctae-

2149 2862 2309 2926 riunt,
2338 2868 2392 2913 ut
2420 2869 2556 2930 roget
2586 2876 2680 2930 pro
2708 2876 2762 2914 se
2786 2869 2833 2913 et
2860 2875 2953 2933 pro
2981 2858 3140 2915 doma
3163 2874 3281 2920 sua,
3301 2864 3347 2909 et
3371 2870 3457 2929 pro
3479 2851 3677 2910 unirerso

2148 2962 2285 3009 ctetu
2315 2950 2508 3006 Israel.
2540 2950 2901 3036 (ExeodcntJ
2926 2950 3079 3020 Quod
3104 2949 3196 3006 lex
3225 2947 3460 3022 superius
3487 2940 3679 3015 appella

2073 3044 2119 3106 C
2150 3046 2230 3103 vit
2276 3055 2490 3111 sancta,
2516 3062 2643 3103 cccc
2673 3061 2818 3105 nunc
2860 3042 3273 3099 taLernaculum
3317 3036 3586 3096 testimonii
3605 3048 3681 3104 ap-

2149 3138 2332 3209 pellat,
2361 3139 2503 3208 quod
2556 3137 2724 3197 ﬁxum
2770 3145 2855 3194 est
2896 3138 3037 3195 inter
3081 3151 3181 3192 eos
3208 3136 3261 3196 in
3288 3133 3456 3189 medio
3494 3127 3682 3185 sortium

2148 3229 2499 3289 habitationis
2520 3243 2741 3294 eorum;
2767 3230 2957 3289 eadem
2997 3228 3203 3301 quippe
3229 3226 3432 3282 ratione
3458 3231 3508 3278 et
3528 3226 3683 3276 sancta

2146 3335 2286 3382 esse.
2314 3329 2372 3376 et
2419 3320 2714 3377 testimonii
2775 3318 3033 3389 appellari
3088 3314 3493 3375 tabernaculum
3539 3320 3684 3365 massa

2148 3419 2334 3468 nostra
2364 3418 2560 3483 potest.
2599 3410 2656 3465 Si
2681 3409 2825 3464 enim
2857 3409 3267 3466 tabernaculum
3299 3401 3571 3464 testimonii
3596 3410 3683 3454 cte-

2149 3504 2258 3561 lum
2307 3502 2626 3566 dixerimus,
2676 3509 2823 3559 recte
2876 3509 3060 3557 Sancta
3119 3500 3446 3559 nominatur,
3493 3487 3689 3549 ccclesiis

2149 3602 2333 3649 noster
2361 3593 2526 3649 homo
2550 3632 2565 3661 ,
2597 3592 2664 3647 de
2704 3606 2810 3666 quo
2849 3591 2926 3646 ait
2971 3589 3386 3647 Paulus:Sicut
3412 3581 3688 3658 portavimus

2148 3686 2427 3755 imaginem
2478 3684 2709 3748 terreni,
2750 3692 3011 3754 portemus
3063 3690 3111 3739 et
3180 3682 3455 3752 imaginem
3509 3668 3691 3729 celestis

2152 3774 2203 3845 (I
2232 3774 2356 3833 Cor.
2384 3784 2495 3847 xv).
2518 3773 2728 3833 Rursus
2753 3791 2765 3826 :
2792 3771 2851 3829 Si
2874 3781 3134 3827 terrestris
3159 3773 3346 3825 domus
3370 3775 3535 3825 nostra
3560 3759 3689 3830 hujus

2149 3865 2487 3922 habitationis
2513 3863 2854 3928 dissolvatur,
2885 3863 3133 3917 habemus
3167 3859 3576 3933 a-‘diﬁcatiouetu.
3597 3860 3693 3920 ρυλε

2150 3969 2214 4007 ex
2246 3952 2352 4007 Deo
2383 3962 2478 4017 est,
2504 3953 2716 4010 domum
2735 3967 2839 4007 non
2863 3966 3025 4008 manu
3047 3950 3272 4020 factam,
3294 3957 3532 4002 a-ternant
3549 3943 3594 3993 in
3619 3950 3691 3990 ca"

2149 4044 2215 4097 lis
2252 4043 2333 4115 (II
2367 4042 2491 4099 Cor.
2522 4044 2599 4115 τ).
2643 4043 2868 4112 Quando
2897 4043 3039 4100 enim
3069 4040 3324 4099 Christus
3355 4035 3631 4110 ingreditur
3651 4028 3694 4087 in

2150 4144 2419 4199 sanctum,
2448 4135 2501 4190 id
2535 4144 2618 4190 est
2661 4136 2878 4207 quando
2915 4135 3309 4193 incarnaLatnr
3336 4132 3591 4187 cmleslcm
3617 4123 3695 4176 1ιο-

2152 4236 2380 4300 minem,
2412 4243 2574 4305 atque
2620 4249 2688 4290 ex
2740 4234 2898 4291 nobis
2949 4234 3224 4307 primitias
3267 4231 3527 4296 sumebat,
3568 4237 3697 4281 nemo

2151 4345 2271 4388 erat
2311 4334 2365 4388 in
2400 4333 2718 4404 iutelligibili
2748 4333 3095 4390 tabernaculo
3128 4332 3452 4397 testimonii,
3480 4342 3571 4384 nec
3591 4338 3697 4395 gett—

2076 4395 2127 4455 D
2155 4425 2283 4490 tilis,
2308 4440 2408 4479 uec
2427 4424 2805 4489 circumcisus,
2833 4438 2934 4481 nec
2960 4423 3142 4488 levita,
3157 4439 3262 4481 nec
3282 4422 3529 4480 sacerdos
3550 4435 3563 4472 :
3584 4412 3700 4484 Quid

2150 4533 2327 4576 omnes
2346 4516 2930 4582 declinaverunt,simul
2952 4514 3165 4573 inutiles
3187 4516 3319 4585 facti
3340 4524 3459 4571 sunt
3472 4510 3579 4582 (Ps.
3600 4502 3697 4571 Lit)-

2150 4605 2319 4662 Netuo
2365 4606 2643 4664 cmlestetu
2698 4606 3164 4665 conversationem
3214 4615 3345 4659 tunc
3387 4598 3701 4674 sequebatur.

2152 4714 2250 4755 nec
2295 4700 2511 4768 dignam
2560 4698 2770 4755 catlch
2802 4697 3007 4755 homini
3052 4696 3379 4769 sapientiam
3411 4688 3702 4762 usquedum

2154 4789 2207 4846 iu
2252 4800 2442 4848 saucto
2485 4788 2718 4857 propria:
2760 4790 2941 4843 carnis
2988 4797 3201 4858 rogaret
3249 4802 3350 4857 per
3396 4780 3703 4843 crucem.el

2153 4893 2405 4949 cgtcssus
2434 4887 2605 4936 estex
2634 4893 2696 4932 ea
2726 4877 2844 4949 lege
2891 4879 3192 4935 communis
3233 4876 3451 4938 mortis,
3482 4871 3704 4927 eminens

2153 4972 2399 5041 spiritum
2426 5010 2442 5033 ,
2482 4979 2536 5025 et
2582 4985 2802 5028 carnem
2845 4970 3065 5039 quidem
3113 4969 3427 5038 relinquens
3467 4960 3702 5033 sepulcro.

2154 5064 2296 5132 quod
2322 5063 2439 5133 ejus
2464 5061 2741 5118 evidenter
2771 5062 2950 5117 exitus
2974 5062 3307 5119 nominatur.
3343 5057 3539 5117 Nullus
3561 5047 3706 5104 hosti-

2156 5170 2301 5215 nam,
2348 5153 2540 5221 inquit,
2574 5153 2639 5206 sit
2687 5153 2741 5209 in
2774 5152 3113 5210 tabernaculo
3143 5151 3357 5224 quando
3392 5145 3618 5220 pontifex
3640 5140 3710 5193 itt-

2152 5245 2388 5313 greditur
2423 5244 2478 5299 in
2531 5244 2914 5306 sanctuarium,
2947 5253 3002 5298 ut
3032 5252 3192 5313 roget.
3237 5240 3360 5296 Non
3407 5249 3582 5296 autem
3622 5232 3708 5285 hoc

2154 5335 2408 5405 exprimit
2446 5335 2589 5404 quod
2628 5335 2807 5390 omnis
2842 5335 3003 5389 homo
3044 5335 3111 5392 de
3142 5328 3517 5387 tabernaculo.
3543 5333 3689 5379 sccun

2156 5427 2282 5484 dum
2314 5435 2525 5495 tempus
2546 5426 2817 5491 sacriﬁcii,
2849 5426 2992 5495 quod
3020 5441 3166 5484 nunc
3190 5424 3396 5480 dictum
3425 5428 3529 5483 est,
3554 5411 3691 5471 exclu

2157 5518 2396 5582 dcrctur,
2420 5519 2513 5573 sed
2540 5517 2810 5587 signiﬁcat
2835 5532 2992 5572 omne
3017 5517 3292 5574 hominum
3321 5526 3493 5585 genus
3519 5515 3706 5563 terrent

2159 5619 2286 5667 tunc
2314 5625 2503 5683 sapere
2533 5618 2586 5669 ct
2614 5609 2665 5665 in
2692 5612 2930 5678 peccatis
2976 5625 3115 5675 esse,
3149 5625 3212 5666 ac
3252 5612 3541 5679 propterea
3566 5598 3621 5658 in
3642 5591 3719 5655 it.
