3926 6176
268 221 363 279 1‘35

1184 216 1681 278 EXPOSITIONES
1717 211 1781 275 IN
1823 220 2216 277 LEV’lTICliM.
2260 252 2326 261 —
2364 220 2486 276 LIB.
2527 216 2586 277 ν.

3354 205 3371 223 ⁵
3406 228 3510 284 sas

270 338 515 411 relligibili
554 339 902 393 tabernaculo
949 337 1237 391 testimonii
1269 346 1412 391 recte
1445 353 1549 390 non
1582 336 1833 390 inveniri.
1867 344 1913 401 Α
1943 335 2201 404 unigeniti
2248 336 2574 399 salvaretur,
2608 338 2732 406 quia
2783 340 2924 393 enim
2954 356 2981 393 a
3014 340 3230 396 Christo
3260 346 3508 401 sacerdo-

266 435 383 490 Cum
424 443 601 487 autent
642 434 823 486 exierit
865 432 937 485 ad
968 432 1164 495 altare,
1199 434 1338 502 quod
1377 449 1553 486 coram
1607 432 1829 485 Domino

263 538 345 588 est,
375 535 484 580 oret
524 541 621 594 pro
660 541 734 589 se,
761 532 807 577 et
844 532 1107 594 sumptura
1152 525 1456 595 sanguinem
1494 522 1640 577 vituli
1677 533 1830 593 atque

261 621 397 681 hirci,
426 620 619 687 fundat
656 634 810 688 super
842 633 1038 670 cornua
1081 617 1195 686 ejus
1229 632 1321 686 per
1355 632 1563 687 gyrum,
1592 624 1826 685 sparget-

258 729 344 781 que
384 710 550 779 digito
590 708 1004 779 scpties:e.rpiet
1041 715 1090 759 et
1124 706 1413 773 sanctiﬁcet
1453 703 1586 757 illud
1624 704 1688 757 ab
1730 704 1828 756 im-

256 801 515 856 munditiis
563 797 797 867 ﬁliorum
847 795 1040 850 Israel.
1087 795 1195 867 (Ea:
1233 792 1457 864 eodem.)
1509 792 1640 848 Post
1680 794 1825 846 enim

256 898 488 945 nostrum
544 901 822 956 egressum
867 884 937 940 ad
971 884 1175 948 altare,
1211 883 1355 953 quod
1384 894 1468 937 est
1496 897 1679 936 coram
1715 882 1822 935 Do-

253 982 401 1045 mino,
447 980 584 1034 dicit
632 986 811 1032 autem
843 992 989 1041 eum,
1021 975 1114 1045 qui
1151 985 1233 1031 est
1264 974 1647 1047 thymiamatis,
1681 974 1823 1044 quod

251 1087 356 1128 esse
380 1070 573 1126 sedem
600 1069 868 1124 cherubin
901 1067 1260 1131 ostendimus,
1292 1078 1415 1119 cum
1443 1080 1607 1120 carne
1635 1080 1822 1120 ascen-

249 1163 365 1219 dens
388 1170 447 1217 et
473 1169 718 1216 nostram
756 1159 809 1214 in
837 1174 903 1213 eo
929 1157 1297 1226 captivitatem
1328 1154 1629 1210 sublevavit
1661 1155 1819 1209 simul

248 1270 333 1309 nos
357 1252 634 1308 suscitans
661 1257 716 1303 et
738 1250 926 1305 sedere
952 1248 1158 1302 faciens
1181 1247 1235 1301 in
1260 1248 1481 1301 dextera
1509 1246 1562 1300 in
1578 1246 1813 1301 cmlestiv

246 1345 351 1398 bus.
398 1341 476 1395 Et
504 1349 768 1410 sumptum
815 1338 1122 1409 sanguinem
1160 1335 1397 1405 effundat
1426 1352 1583 1405 super
1619 1352 1818 1390 cornua

245 1432 341 1501 ejus
364 1447 464 1499 per
503 1445 714 1501 gyrum,
752 1442 1128 1497 aspergensque
1163 1425 1325 1496 digito
1350 1426 1555 1494 septies,
1578 1427 1747 1497 expiet
1769 1436 1816 1480 et

244 1523 518 1590 sanctificet
550 1519 685 1574 illud
716 1521 781 1573 ab
822 1518 1167 1573 immunditiis
1212 1516 1443 1586 ﬁliorum
1472 1515 1663 1581 Israel,
1688 1518 1815 1586 quia

244 1614 444 1685 propria
485 1610 739 1682 passione
766 1624 872 1663 non
901 1607 1077 1662 solum
1120 1622 1325 1662 cornua
1361 1606 1480 1676 ejus
1522 1608 1613 1676 qui
1646 1615 1730 1662 est
1760 1608 1811 1660 in

1937 424 2067 477 tium
2109 427 2305 480 chorus
2349 428 2710 495 apostolorum
2750 431 2973 485 sortitus
3005 443 3112 495 est,
3164 437 3252 504 qui
3284 448 3337 491 et
3383 453 3507 507 pars

1933 527 2087 572 erant
2118 520 2335 573 humani
2358 522 2591 589 generis,
2616 538 2714 591 pro
2740 539 2848 591 quo
2879 525 3135 581 Dominus
3161 533 3506 601 semetipsum

1929 611 2136 675 obtulit,
2165 613 2258 667 sed
2279 621 2456 667 tamen
2485 615 2716 684 speciale
2737 618 3131 685 quodammodo
3150 631 3503 690 unguentum,

1929 711 1983 756 et
2009 703 2334 773 pnecipuum
2383 706 2706 760 sacriﬁcium
2756 706 2969 761 Domini
3013 709 3334 778 appellavit,
3363 715 3506 781 quod

1928 792 2264 848 demonstrat
2288 794 2546 849 Dominus
2580 796 2645 850 ad
2674 796 2889 851 Patrem
2927 799 3113 855 dicens
3138 817 3151 854 :
3179 799 3286 854 Pro
3313 802 3386 857 eis
3410 800 3503 872 ego

1925 883 2196 951 sanctiﬁco
2218 885 2493 953 meipsum,
2517 896 2572 939 ut
2601 887 2704 941 sint
2739 898 2786 941 et
2809 889 2907 957 ipsi
2934 891 3246 959 sanctificati
3284 894 3339 946 in
3368 894 3503 947 verit

1924 983 2047 1027 tate.
2075 974 2139 1029 Et
2164 991 2350 1032 rursus
2372 977 2439 1031 ad
2463 992 2583 1031 eos:
2604 978 2861 1048 Majorem
2884 981 2983 1033 hac
3004 980 3332 1035 dilectionem
3352 999 3502 1037 nemo

1923 1065 2072 1120 habet
2087 1083 2244 1136 quam
2264 1077 2318 1120 ut
2335 1069 2564 1123 animant
2579 1086 2728 1124 suam
2747 1082 2905 1141 ponat
2925 1072 3040 1143 quis
3058 1089 3152 1142 pro
3172 1074 3354 1127 amicis
3370 1074 3505 1145 suis;

1920 1172 2010 1209 eos
2038 1156 2195 1209 amici
2218 1158 2318 1210 mei
2342 1158 2483 1223 estis,
2498 1159 2542 1211 si
2569 1158 2798 1227 feceritis
2819 1176 2936 1230 qua:
2952 1177 3044 1232 ego
3065 1163 3312 1233 pra’cipio
3334 1163 3497 1218 vobis.

1921 1245 2148 1316 Respice
2170 1255 2348 1301 autem
2377 1255 2431 1302 et
2453 1247 2641 1319 legalis
2664 1248 2848 1319 ﬁgura:
2867 1250 3135 1315 ordinem,
3151 1253 3418 1320 quomodo
3432 1253 3500 1306 ad

1920 1341 2089 1408 ipsam
2122 1339 2339 1394 deducit
2366 1340 2669 1395 veritatem.
2699 1340 3004 1396 Secundum
3034 1341 3177 1395 LXX
3201 1343 3346 1397 enim
3374 1343 3453 1398 ait
3480 1366 3494 1396 :

1919 1428 2148 1498 Deﬁniet
2188 1445 2414 1485 exorans
2443 1440 2682 1484 sanctum
2706 1441 2753 1485 et
2784 1431 3177 1485 tabernaculum
3216 1434 3500 1488 testimonii

1917 1528 1964 1570 et
1992 1517 2178 1583 altare,
2220 1519 2274 1573 id
2303 1529 2405 1586 est,
2440 1520 2588 1575 ﬁniet
2612 1529 2666 1575 et
2699 1523 3010 1576 terminabit
3035 1523 3493 1591 deprecationem,

1919 1621 2037 1676 qua:
2062 1616 2179 1661 acta
2206 1615 2290 1663 est
2316 1623 2411 1678 per
2438 1623 2652 1663 crucem
2673 1626 2771 1679 pro
2799 1612 2945 1665 omni
2967 1627 3163 1682 genere
3190 1613 3492 1673 hominum.

242 1706 363 1761 CtBIO
400 1701 620 1767 altaris,
646 1700 875 1755 virtutes
920 1698 1126 1753 scilicet
1150 1698 1471 1768 praecipuas,
1497 1705 1553 1751 et
1589 1711 1813 1767 genera-
1842 1703 1887 1762 Β
1914 1704 1971 1751 et
2012 1711 2133 1751 eam
2179 1714 2299 1768 qua:
2347 1700 2399 1753 in
2444 1700 2602 1755 altari
2642 1701 2994 1773 intelligibilis
3039 1701 3159 1768 fuit,
3209 1713 3492 1773 postquam

241 1793 326 1859 les,
347 1791 695 1862 sapientiam,
721 1787 1117 1854 fortitudinem,
1156 1787 1440 1855 justitiam,
1481 1788 1804 1849 castitatem,

241 1882 603 1947 sanctiﬁcavit,
621 1897 741 1952 quae
754 1894 957 1935 cornua
968 1920 981 1945 ,
997 1880 1256 1935 cherubin
1278 1887 1425 1935 recte
1438 1888 1563 1934 sunt
1577 1896 1591 1946 ;
1611 1879 1811 1948 ﬁguras

239 1977 366 2032 enim
393 1992 587 2032 eorum
611 1974 833 2031 caeleste
852 1976 953 2031 hoc
978 1974 1177 2029 animal
1205 1974 1256 2028 in
1280 1975 1528 2044 personis
1558 1990 1678 2045 qua:
1715 1976 1809 2028 ha-

240 2068 316 2123 bet
356 2068 594 2123 hominis
620 2076 676 2122 et
716 2066 908 2131 leonis,
935 2075 991 2121 et
1025 2066 1178 2120 vituli
1214 2073 1267 2120 et
1309 2066 1504 2135 aquila:
1533 2066 1695 2136 gerit,
1723 2080 1808 2119 sa-

237 2158 434 2228 pientiae
485 2156 706 2228 quidem
756 2156 810 2210 in
856 2171 1088 2227 persona
1141 2157 1416 2222 hominis,
1472 2155 1807 2212 fortitudinis

237 2258 397 2304 autem
430 2249 483 2304 in
523 2262 756 2321 persona
790 2247 984 2313 leonis,
1020 2246 1247 2316 justitite
1283 2247 1336 2301 in
1366 2262 1600 2317 persona
1629 2246 1802 2311 vituli,

235 2342 486 2395 castitatis
507 2341 561 2394 in
581 2355 813 2410 persona
828 2336 1038 2409 aquilze.
1057 2339 1134 2394 De
1154 2340 1347 2409 quibus
1368 2339 1577 2409 plenius
1602 2339 1656 2393 in
1686 2355 1805 2409 pro-

234 2431 393 2500 phcm
428 2430 730 2485 Ezechielis
758 2429 1203 2499 interpretatione
1257 2430 1388 2484 olim
1433 2430 1803 2500 exposuimus.

236 2520 412 2591 Expiet
458 2533 504 2576 et
554 2523 841 2591 sanctiﬁcet
885 2520 1017 2575 illud
1068 2522 1132 2576 ab
1176 2523 1523 2577 immunditiis
1566 2523 1800 2593 ﬁliorum

240 2608 418 2662 Israel.
438 2611 629 2666 Christi
655 2611 798 2666 enim
831 2611 1099 2667 sacriﬁcio
1126 2612 1414 2682 expiantur
1437 2623 1492 2669 et
1536 2614 1796 2679 coelestia,

233 2698 304 2752 ita
338 2707 394 2752 ut
430 2698 619 2754 Paulus
644 2700 880 2767 diceret,
909 2699 1263 2757 diderentiam
1306 2700 1559 2773 legalium
1590 2704 1799 2758 sacriﬁ—

230 2788 426 2843 ciorum
472 2798 527 2845 et
571 2790 832 2861 unigeniti
870 2791 1154 2847 ostendere
1188 2790 1392 2847 volens.
1438 2791 1670 2848 Necesse
1715 2800 1801 2848 est

230 2896 349 2952 ergo
371 2881 700 2952 exemplaria
726 2882 1027 2939 crelestinm
1056 2883 1144 2938 his
1168 2883 1416 2937 mandari
1432 2924 1446 2949 ,
1475 2883 1592 2953 ipsa
1618 2892 1798 2939 autem

227 2971 455 3027 celestis
485 2973 786 3043 majoribus
810 2974 1004 3030 hostiis
1034 2989 1195 3044 quam
1226 2974 1363 3029 istis.
1397 2974 1504 3029 Sed
1534 2975 1688 3045 cujus
1716 2976 1795 3032 rei

1911 1795 2222 1856 assumptus
2241 1787 2408 1843 luerit
2432 1789 2486 1843 in
2510 1789 2667 1855 caelo,
2690 1800 2746 1845 et
2767 1792 2968 1846 sederit
2989 1792 3043 1846 in
3070 1795 3290 1848 dextera
3314 1794 3494 1849 Patris

1911 1873 1979 1928 de
2029 1876 2401 1932 sacerdotibus
2438 1880 2569 1945 suis,
2616 1881 2785 1935 mittit
2810 1883 3248 1938 emnndationem
3280 1899 3377 1953 per
3409 1884 3492 1937 in-

1912 1963 2242 2035 telligihilem
2272 1966 2472 2037 ignem,
2515 1978 2568 2023 et
2607 1985 2704 2038 per
2748 1972 2957 2042 linguas
3001 1975 3189 2044 igneas
3232 1974 3487 2043 Spiritus.

1909 2065 2130 2125 prepter
2173 2058 2315 2125 quod
2350 2060 2430 2113 eis
2469 2060 2718 2115 dicebat:
2762 2060 2862 2116 Vos
2890 2073 3066 2116 autem
3097 2064 3494 2133 baptizabimini

1910 2149 2113 2219 Spiritu
2139 2161 2320 2204 sancto
2341 2168 2445 2205 non
2464 2162 2578 2222 post
2602 2153 2793 2208 multos
2815 2155 2908 2208 hos
2928 2155 3061 2209 dies.

2518 2242 2746 2299 CAPUT
2788 2245 2875 2299 Vi.

2268 2334 2339 2387 De
2362 2336 2639 2389 emissione
2670 2337 2822 2400 hirci,
2851 2349 2896 2392 et
2924 2356 3129 2411 pompa.

1978 2422 2155 2493 (1810.)
2181 2422 2326 2478 Tunc
2352 2425 2531 2494 offeret
2564 2426 2767 2480 hircum
2789 2429 3059 2494 virentem,
3083 2441 3128 2483 et
3149 2435 3321 2501 posita
3344 2444 3490 2488 utra-

1908 2531 2009 2583 que
2028 2531 2189 2568 manu
2213 2531 2373 2586 super
2395 2525 2549 2586 caput
2578 2518 2715 2587 ejus,
2741 2519 3053 2587 conﬁteatur
3079 2538 3253 2575 omnes
3289 2524 3485 2593 iniqui-

1904 2612 2036 2657 tates
2064 2602 2299 2671 [iliorum
2324 2604 2495 2658 Israel
2517 2614 2566 2659 et
2587 2608 2830 2661 universa
2858 2608 3047 2662 delicta
3088 2620 3244 2680 atque
3271 2626 3484 2681 peccata

1904 2710 2115 2758 eorum;
2153 2712 2272 2764 qua:
2316 2697 2593 2769 increpans
2632 2700 2798 2769 capite
2827 2700 2942 2770 ejus
2964 2741 2979 2765 ,
3014 2703 3197 2755 emittit
3235 2720 3353 2758 eum
3391 2722 3484 2774 per

1902 2783 2164 2837 hominem
2208 2794 2454 2854 paratum
2500 2787 2554 2842 in
2592 2788 2874 2844 desertunt.
2923 2789 3156 2862 Cumque
3197 2797 3481 2863 portaverit

1901 2871 2080 2925 hircus
2100 2883 2319 2942 portans
2348 2890 2524 2929 omnes
2546 2876 2846 2947 iniquitates
2868 2895 3067 2943 eorum,
3099 2882 3152 2934 in
3180 2892 3373 2936 terram
3394 2900 3480 2937 so-

1900 2962 2155 3028 litariam,
2186 2975 2235 3018 et
2270 2965 2525 3021 demissus
2555 2967 2713 3036 fuerit
2738 2971 2795 3023 in
2816 2970 3056 3036 deserto,
3085 2982 3191 3028 etc.
3235 2974 3344 3044 (Ea:
3373 2974 3454 3029 Ile

223 3061 378 3130 gratia
404 3042 722 3133 expiatione
749 3079 884 3135 Opus
907 3042 1179 3119 habebant
1209 3064 1451 3120 cmlestia
1469 3106 1485 3130 ,
1520 3042 1795 3138 legislator

1899 3053 2122 3125 sycln'o.)
2151 3054 2350 3111 Eadem
2377 3057 2542 3112 etiam
2568 3075 2710 3115 nunc
2740 3061 2940 3117 iterare
2976 3071 3203 3133 propter
3243 3042 3338 3120 eos
3380 3066 3476 3135 qui

221 3153 444 3207 ostendit
464 3152 654 3209 dicens
676 3172 690 3208 :
716 3155 902 3224 Expiet
925 3166 973 3210 et
995 3158 1282 3227 sanctiﬁcet
1311 3158 1445 3211 illud
1481 3159 1544 3213 ab
1566 3161 1792 3215 immun-

221 3241 348 3295 ditiis
371 3243 610 3311 ﬁliorum
634 3243 823 3299 Israel.
851 3244 1122 3312 Quantum
1163 3249 1378 3317 quidem
1421 3250 1489 3303 ad
1530 3251 1791 3305 caelorum

224 3331 458 3397 \irtutes,
489 3349 597 3388 non
626 3348 848 3391 necesse
877 3346 996 3391 erat
1018 3334 1268 3407 quaelibet
1291 3339 1550 3410 expiatio,
1574 3342 1699 3412 quia
1737 3343 1791 3396 in

223 3422 641 3479 sanctificatione
668 3426 923 3480 continua
954 3439 1372 3495 conversantur,
1404 3433 1496 3486 sed
1526 3433 1650 3501 quia
1680 3431 1790 3488 fre-

219 3525 375 3582 quens
398 3514 471 3569 ad
498 3515 669 3570 cmlos
699 3525 1012 3573 nostrorum
1036 3529 1381 3590 peccatorum
1429 3523 1674 3577 ascendit
1700 3522 1788 3577 fa-

215 3623 344 3673 tuus,
370 3608 443 3663 de
465 3624 574 3678 quo
598 3608 738 3664 dixit
762 3609 934 3665 David
958 3626 973 3665 :
998 3612 1240 3668 Ascendit
1264 3612 1439 3683 fumus
1464 3616 1518 3668 in
1548 3617 1629 3669 ira
1649 3618 1785 3686 ejus,

211 3706 255 3751 et
276 3699 403 3768 ignis
432 3717 466 3753 a
490 3700 630 3769 facte
667 3699 784 3771 ejus
812 3702 1099 3757 exardescit
1122 3701 1237 3775 (1’s.
1266 3704 1425 3776 xvn),
1458 3706 1532 3759 ita
1562 3714 1620 3759 ut
1647 3706 1788 3760 Deus

216 3787 272 3842 ad
301 3787 496 3845 Jonam
543 3790 751 3846 diceret
778 3810 795 3845 τ
825 3789 969 3846 Vade
991 3793 1060 3847 ad
1087 3793 1329 3848 Ninivem
1377 3795 1633 3849 civitatem
1678 3812 1787 3850 ma-

211 3893 369 3946 gnam,
400 3890 455 3934 et
484 3881 720 3950 prrcdica
748 3882 801 3935 in
827 3899 889 3936 ea
916 3884 1363 3953 praedicationem,
1404 3902 1561 3956 quam
1591 3902 1682 3956 ego
1710 3886 1787 3940 lo—

210 3987 326 4035 quor
344 3972 415 4025 ad
449 3981 518 4038 te,
542 3971 670 4044 quia
692 3972 898 4026 malitia
928 3974 1043 4043 ejus
1076 3974 1309 4029 ascendit
1332 3992 1510 4030 coram
1531 3993 1612 4030 me
1634 3976 1779 4048 (Ion.

212 4062 264 4131 l).
291 4062 355 4116 Et
379 4078 575 4117 rursus
607 4063 674 4117 ad
701 4061 974 4117 Abraham
1011 4063 1088 4119 de
1116 4063 1366 4120 Sodomis
1410 4080 1424 4119 :
1462 4064 1783 4119 Descendunt

206 4162 247 4203 et
266 4152 447 4205 ridebo
466 4162 645 4206 utrum
666 4150 945 4206 clamorem
957 4152 1047 4222 qui
1065 4153 1197 4206 venit
1221 4154 1288 4207 ad
1303 4170 1383 4207 me
1395 4171 1544 4224 opere
1559 4155 1781 4225 comple—
1819 4161 1825 4167 '

208 4244 377 4308 ierint,
392 4260 468 4297 an
489 4259 593 4297 non
617 4240 770 4314 (Gen.
797 4243 975 4315 xvm).
998 4241 1165 4298 Recte
1180 4243 1247 4298 de
1276 4244 1477 4299 nostris
1496 4244 1783 4299 immundi-

205 4332 284 4387 tiis
295 4333 624 4399 sanctiﬁcat,
640 4342 695 4389 et
707 4334 887 4404 expiat
907 4348 1068 4404 super
1090 4348 1187 4388 nos
1201 4332 1365 4389 caelos
1379 4333 1486 4406 [AL
1498 4375 1514 4401 ,
1536 4333 1772 4405 choros],

205 4430 253 4474 ut
272 4422 487 4477 auferat
509 4438 574 4477 ex
607 4424 687 4478 eis
718 4424 1156 4478 circumstantem
1186 4424 1600 4479 abominabilem
1638 4426 1772 4480 odo-

204 4528 304 4569 rem
316 4525 373 4571 et
392 4516 771 4588 gloriationem
789 4514 1003 4580 falsam,
1022 4530 1181 4585 quam
1198 4524 1386 4570 contra
1407 4531 1501 4571 eos
1521 4516 1773 4585 deposui-

203 4621 330 4661 mus.
359 4607 654 4677 Propterea
674 4621 783 4660 non
812 4605 1129 4674 simpliciter
1153 4604 1530 4675 asperget,sed
1553 4606 1771 4675 septies,

201 4704 252 4750 at
274 4696 548 4767 intelligas
567 4695 695 4765 quia
722 4695 881 4749 venia
911 4702 1218 4749 nostrorum
1244 4702 1587 4764 peccatorum
1610 4694 1773 4765 (hanc

199 4786 333 4839 enim
378 4786 723 4856 septenarius
765 4799 1022 4838 numerus
1072 4783 1313 4855 ﬁgurat),
1363 4784 1477 4838 loca
1530 4783 1770 4839 cmlestia

199 4875 517 4929 mandantur
547 4872 896 4928 ahominaLili
941 4873 1107 4927 odore
1150 4883 1205 4926 et
1249 4873 1566 4944 gloriatione
1605 4890 1769 4943 quam

198 4964 573 5035 deposuimus:
601 4963 761 5033 hujus
805 4962 948 5015 enim
978 4963 1053 5017 rei
1084 4977 1245 5017 causa
1288 4963 1438 5032 prius
1483 4963 1785 5018 inimicitia.

195 5067 223 5105 a
245 5056 402 5108 nobis
425 5063 616 5109 contra
647 5067 711 5106 ca
738 5066 861 5121 qua:
883 5060 1007 5106 sunt
1029 5052 1081 5105 in
1112 5048 1427 5108 ccelestibus'
1447 5062 1636 5108 exorta
1662 5061 1762 5108 est.

196 5139 485 5209 Sequitur:
513 5139 799 5210 Postquam
843 5140 1196 5195 emundaeerit
1223 5143 1581 5196 sanctuarium
1609 5152 1658 5195 et
1684 5152 1765 5194 ta-

191 5230 530 5285 bernaculum
557 5239 607 5285 et
629 5230 816 5295 altare,
849 5230 931 5285 vel
955 5232 1095 5285 sicut
1129 5230 1293 5295 LXX,
1322 5240 1371 5284 et
1400 5233 1609 5301 definiet
1641 5249 1764 5286 exo-

191 5336 311 5375 rans
337 5333 576 5376 sanctum
603 5331 651 5375 et
680 5320 1070 5374 tabernaculum
1091 5322 1370 5375 testimonii
1401 5332 1449 5375 et
1489 5321 1761 5389 altarium,

188 5422 237 5466 et
256 5428 355 5483 pro
386 5412 742 5467 sacerdotibus
766 5410 1025 5480 purgabit.
1049 5409 1155 5481 (Ex
1183 5411 1407 5482 eodem.)
1459 5401 1764 5468 Secundum

188 5518 425 5574 quorum
468 5504 763 5559 editionem
811 5511 955 5556 recte
1000 5501 1085 5557 lex
1137 5503 1408 5573 pmcipue
1448 5506 1763 5559 memoriam

189 5594 529 5650 sacerdotum
576 5591 727 5656 fecit,
774 5600 833 5644 ut
882 5592 957 5649 in-
979 5592 1228 5648 omnibus
1289 5592 1458 5664 ﬁgura
1512 5595 1762 5652 sacriﬁcii

509 5687 786 5747 PATBOL.
832 5682 1049 5746 CVIII.

1897 3141 1951 3196 in
1969 3142 2088 3197 luce
2110 3143 2408 3211 offendunt,
2431 3162 2567 3216 opus
2587 3147 2867 3205 habemus.
2888 3150 3155 3207 Probatur
3175 3154 3321 3209 enim
3344 3155 3474 3225 quia

1894 3234 2026 3288 nulli
2057 3236 2241 3305 iniquo
2284 3238 2368 3294 vel
2411 3239 2668 3312 maligno,
2718 3244 2814 3297 sed
2863 3243 2967 3313 ipsi
3010 3244 3121 3300 Deo
3146 3245 3472 3314 eﬁlciuntur,

1893 3325 2057 3380 etiam
2083 3340 2151 3382 ea
2180 3343 2301 3398 qua:
2331 3344 2475 3384 nunc
2518 3330 2571 3384 in
2620 3331 2723 3387 hoc
2768 3332 2921 3387 hirco
2956 3334 3080 3390 vivo
3131 3337 3469 3392 sanciantur.

1892 3417 2131 3474 Primum
2156 3422 2403 3492 quidem,
2426 3424 2551 3492 quia
2575 3434 2860 3495 utramque
2891 3442 3110 3482 manum
3143 3430 3307 3499 capiti
3334 3430 3472 3486 hirci

1891 3514 2146 3569 sacerdos
2166 3515 2395 3590 imponit
2419 3534 2431 3569 :
2452 3514 2708 3572 Mannum
2731 3520 2875 3573 enim
2893 3519 3171 3590 impositio
3196 3522 3248 3576 in
3260 3523 3471 3577 sacriﬁ-

1891 3601 1976 3655 cio
2005 3582 2351 3658 ministrabat
2387 3604 2818 3662 benedictionem
2837 3648 2852 3673 ,
2884 3618 2978 3662 aut
3002 3619 3347 3677 peccatorum
3378 3627 3467 3666 rc-

1890 3692 2223 3757 missionem,
2254 3700 2348 3747 aut
2376 3694 2548 3749 sancti
2577 3694 2812 3765 Spiritus
2833 3700 3147 3762 adventum,
3170 3709 3265 3754 aut
3283 3702 3470 3769 expia-

1890 3781 2089 3835 tionem
2123 3780 2533 3852 intelligihilem.
2565 3781 2843 3850 Quomodo
2872 3801 3001 3858 ergo
3022 3788 3075 3841 in
3103 3788 3244 3844 hunc
3272 3789 3325 3843 in
3359 3806 3468 3871 quo

1887 3885 2005 3925 sors
2046 3871 2250 3926 inimici
2285 3883 2340 3927 et
2366 3873 2483 3943 ejus
2511 3875 2601 3943 qui
2632 3883 2819 3930 contra
2842 3875 3014 3931 Deum
3057 3878 3283 3944 militat,
3326 3880 3466 3935 sicut

1886 3963 2034 4016 aiunt
2061 3962 2113 4016 hi
2133 4003 2148 4027 ,
2179 3963 2270 4033 qui
2304 3964 2445 4020 illius
2470 3965 2642 4034 partis
2668 3976 2811 4031 sunt,
2843 3968 2956 4024 huic
2987 3986 3108 4039 qua:
3151 3971 3294 4026 dicta
3337 3983 3466 4028 sunt

1884 4056 2136 4110 sacerdos
2165 4064 2385 4111 acturus
2414 4059 2564 4113 erat?
2592 4059 2675 4115 vel
2702 4061 2972 4128 quomodo
3002 4067 3054 4116 in
3088 4047 3203 4133 ipso
3230 4064 3462 4118 ﬁliorum

1881 4145 2047 4201 Israel
2091 4148 2405 4217 iniquitates
2432 4158 2488 4204 et
2516 4150 2807 4221 injustitias
2845 4162 2900 4206 et
2946 4165 3169 4223 peccata
3198 4156 3459 4210 redemit?

1880 4236 2127 4291 conﬁteri
2154 4239 2351 4307 quippe
2377 4240 2630 4295 inimicus
2648 4250 2873 4309 peccata
2903 4257 3010 4297 non
3041 4244 3202 4308 sinit,
3227 4245 3323 4298 sed
3348 4245 3458 4299 imo

1881 4328 2118 4396 suggerit
2148 4335 2207 4381 ut
2231 4328 2564 4407 occultemus
2594 4330 2787 4385 animae
2815 4331 3067 4397 vulnera,
3094 4341 3278 4389 utnon
3309 4336 3461 4391 inve—

1880 4416 2093 4471 niamus
2126 4417 2529 4498 medicumpqui
2570 4420 3019 4475 medicamentum
3070 4424 3239 4493 possit
3287 4424 3459 4496 impo-

1881 4522 2033 4572 nere,
2063 4507 2400 4581 salutemque
2430 4519 2711 4581 prmstare,
2735 4522 3019 4582 propterea
3049 4530 3170 4568 mox
3197 4523 3258 4569 ut
3281 4516 3457 4571 inem-

1877 4607 2037 4668 patus
2082 4607 2168 4653 est
2203 4599 2373 4654 David
2407 4616 2437 4655 a
2476 4599 2727 4655 Nathau:
2763 4600 2984 4656 Peccavi
3006 4603 3255 4669 Domino,
3277 4605 3455 4661 excla—

1879 4690 2065 4755 mavit,
2088 4698 2144 4744 et
2166 4690 2308 4744 illico
2321 4689 2588 4760 Propheta
2607 4692 2844 4747 subdidit
2868 4712 2879 4744 :
2911 4692 2973 4747 Et
3002 4693 3258 4750 Dominus
3281 4705 3455 4752 trans-

1877 4780 1997 4835 tulit
2038 4792 2304 4852 peccatum
2351 4793 2529 4848 tuum,
2577 4801 2680 4838 non
2738 4785 2979 4840 morieris
3028 4786 3117 4859 (II
3157 4787 3281 4859 Reg.
3326 4792 3450 4862 xu).

1881 4872 2261 4927 Verumtamen
2289 4874 2414 4943 quia
2443 4874 2819 4944 blaSphemare
2849 4875 3026 4931 fecisti
3061 4877 3308 4933 inimicos
3340 4880 3449 4936 Do~

1875 4964 2026 5029 mini,
2042 4973 2147 5020 etc.
2176 4964 2328 5021 Unde
2349 4975 2405 5021 et
2424 4982 2523 5036 per
2538 4968 2809 5022 hominem
2833 4977 3081 5037 paratum
3105 4971 3278 5025 emitti
3296 4972 3449 5041 legis-

1873 5052 2014 5107 lator
2042 5055 2253 5110 hircum
2294 5055 2347 5109 in
2378 5056 2720 5110 solitudinem
2761 5058 2916 5111 dixit.
2957 5054 3321 5128 Prreparamm
3350 5076 3447 5114 att-

1876 5154 2002 5208 tem,
2037 5145 2216 5209 idest,
2250 5148 2617 5211 accedentem,
2647 5149 2760 5204 sive
2788 5149 3104 5213 adeuntem,
3146 5160 3199 5204 et
3238 5167 3337 5205 nec
3365 5154 3444 5205 di-

1871 5237 2131 5305 gnitatem
2176 5236 2334 5305 hujus
2378 5239 2509 5293 dicit
2542 5252 2557 5290 :
2595 5250 2779 5293 utrum
2822 5238 2980 5293 levita
3007 5279 3020 5304 ,
3052 5256 3119 5294 an
3163 5241 3438 5302 sacerdos,

1871 5334 1965 5378 aut
1991 5326 2258 5395 quispiam
2292 5328 2357 5382 de
2388 5327 2583 5396 populo
2609 5338 2782 5391 esset,
2810 5330 2902 5396 qui
2936 5330 3038 5383 hoc
3075 5336 3272 5396 ageret.
3299 5327 3438 5396 Ergo

1871 5430 1991 5470 cum
2011 5415 2261 5470 omnibus
2273 5415 2546 5470 Christum
2562 5426 2879 5486 prmsentem
2910 5429 3028 5470 esse
3048 5413 3314 5482 signiﬁcat
3332 5413 3440 5467 hir-

1871 5522 1987 5562 cus.
2019 5506 2480 5573 Quemadmodnm
2506 5509 2646 5562 enim
2673 5523 2768 5578 per
2796 5522 3012 5561 carnem
3045 5503 3098 5558 ln
3136 5502 3310 5572 primo
3340 5504 3439 5559 im-

1870 5596 2196 5663 molabatur,
2226 5598 2305 5653 sic
2340 5613 2481 5652 nunc
2508 5597 2689 5651 vivens
2724 5604 2946 5667 propter
2981 5591 3317 5646 divinitatem
3353 5592 3437 5648 di-

3046 5681 3118 5740 14
