3926 6176
478 220 580 276 4'27

1129 203 1191 257 Β.
1233 200 1487 261 RABANI
1528 199 1747 255 MAURI
1787 197 2109 253 ARClllEP.
2155 194 2464 252 MOGUNT.
2508 191 2791 250 OPERUM
2827 190 3007 247 PARS
3040 191 3081 248 Ι.
3572 199 3657 256 428

474 325 637 381 citur.
668 319 776 376 Sed
799 318 931 389 quia
960 330 1099 371 unus
1115 324 1179 371 et
1205 313 1552 386 impassibilis
1580 320 1635 367 et
1656 310 1930 383 passibilis
1949 317 2051 375 est,
2082 325 2130 383 Α
2159 315 2217 361 ιιι
2247 308 2373 377 quia
2413 304 2722 361 Iudaeorum
2767 303 3079 360 sacerdotes
3117 315 3218 358 non
3263 308 3515 374 poterant,
3545 309 3662 366 sicut

476 412 782 472 necessarie
822 419 880 467 et
922 409 1124 466 viventi
1168 423 1361 463 manus
1408 406 1662 462 sacerdos
1714 402 1942 474 imponit
1997 408 2054 455 ut

476 522 671 563 manus
701 502 1043 575 impositione
1071 500 1410 565 ostendatur,
1442 497 1569 568 quia
1598 496 1788 550 vivens
1815 501 1900 548 est
1937 507 2056 547 ver-

478 601 605 655 bum
646 597 777 662 Dei,
821 591 1185 664 impassibile,
1231 589 1565 655 immortale,
1608 588 1714 642 hoc
1755 600 1856 657 pro
1901 583 2058 640 nobis

477 703 701 746 carnem
742 685 1043 756 suscipiens
1087 681 1414 739 sacriﬁcium
1453 678 1718 748 suscepit;
1756 683 1903 732 recte
1927 687 2058 746 ergo

480 783 536 837 in
569 781 686 851 ipso
715 778 1031 847 iniquitates
1052 783 1108 829 et
1135 771 1429 842 injustitias
1456 778 1511 825 et
1542 776 1767 839 peccata
1802 765 2058 821 sacerdos

479 870 867 943 pronuntiavit.
893 865 991 921 llic
1009 872 1093 921 est
1112 863 1178 919 de
1209 877 1318 932 quo
1342 861 1507 917 Isaias
1531 859 1793 930 propheta
1814 855 2056 911 dicebat:

479 964 725 1027 Domine,
747 962 863 1032 quis
891 957 1111 1013 credidit
1133 955 1342 1009 auditui
1372 962 1570 1018 nostro,
1591 959 1639 1005 et
1661 948 1933 1003 brachium
1950 945 2059 999 Do-

478 1058 607 1110 mini
629 1056 714 1109 cui
744 1051 1027 1109 revelatum
1056 1057 1131 1104 est
1159 1046 1295 1119 (lea.
1331 1045 1472 1114 Llll).
1513 1037 1804 1097 Brachium
1847 1036 2059 1093 Domini

478 1148 676 1202 Filium
714 1143 990 1215 appellans
1025 1139 1176 1195 Patri
1211 1133 1750 1194 consubstantialem.
1773 1130 1849 1184 De
1879 1143 1985 1198 quo
2006 1134 2060 1181 et

477 1254 541 1293 ea
580 1252 699 1306 qua:
742 1240 1046 1304 sequuntur
1074 1228 1313 1285 subdidit
1344 1245 1358 1281 :
1396 1225 1701 1296 Languores
1728 1230 1928 1276 nostros
1953 1219 2061 1289 ipse

479 1326 636 1392 tulit,
680 1334 728 1379 et
770 1322 976 1377 dolores
1015 1329 1218 1376 nostros
1268 1320 1376 1390 ipse
1432 1315 1688 1389 portavit;
1728 1314 1836 1384 ipse
1887 1320 2062 1365 autem

477 1416 780 1472 vulneratus
803 1421 878 1467 est
905 1420 1116 1482 propter
1139 1410 1442 1481 iniquitates
1482 1414 1688 1460 nostras
1706 1444 1721 1470 ,
1754 1403 1964 1459 attritus
1990 1408 2061 1454 est

477 1516 687 1579 propter
726 1501 922 1558 scelera
955 1511 1154 1567 nostra,
1194 1498 1474 1570 disciplina
1511 1497 1656 1568 pacis
1690 1503 1882 1549 nostra:
1909 1508 2063 1562 super

478 1614 618 1661 eum,
644 1606 692 1651 et
718 1595 880 1650 livore
907 1594 1022 1664 ejus
1044 1593 1218 1649 sanati
1242 1608 1461 1657 sumus;
1492 1590 1576 1646 sic
1599 1596 1787 1661 aperte
1819 1602 1982 1657 super
2002 1600 2062 1641 se

2157 399 2235 453 ait
2253 397 2451 453 Paulus
2481 396 2666 469 (Hebr.
2690 396 2789 468 Ix),
2820 395 3133 451 accedentes
3151 432 3165 458 ,
3190 393 3441 465 perfectos
3470 396 3653 452 ficere:

2157 487 2488 559 impossibile
2523 487 2668 541 enim
2698 494 2818 541 erat
2843 484 3100 555 sanguine
3137 491 3399 538 taurorum
3428 491 3478 539 et
3513 485 3664 543 hirco-

2158 594 2278 632 rum
2304 577 2518 632 auferre
2543 586 2797 647 peccata;
2830 583 2977 631 recte
3011 574 3123 645 ipse
3147 572 3385 629 Christus
3425 574 3476 628 in
3517 590 3666 632 sacer-

2158 671 2361 727 dotium
2398 678 2593 726 unctus
2613 711 2628 737 ,
2656 678 2713 725 et
2738 683 2930 723 manus
2960 682 3056 738 per
3089 680 3303 721 crucem
3338 680 3669 724 consummans

2157 759 2340 827 expiat
2367 772 2491 823 nos,
2532 757 2601 811 de
2637 772 2746 827 quo
2772 756 2828 810 in
2864 754 2972 810 alio
2996 754 3113 809 loco
3146 760 3289 809 recte
3310 752 3392 807 lex
3415 753 3669 810 dicit:Sa-

2157 849 2339 904 cerdos
2364 865 2517 920 quem
2546 847 2793 903 auxerint
2820 855 2869 901 et
2897 843 3383 908 consummaverint,
3412 859 3578 897 manus
3601 860 3667 898 sa-

2159 940 2450 996 cerdotium
2501 939 2804 995 ministrare
2847 944 2964 1008 post
3008 943 3207 1006 patrem
3258 950 3423 988 suum.
3465 932 3670 989 Primum

2158 1031 2302 1086 enim
2344 1030 2487 1086 hunc
2516 1029 2681 1084 Pater
2715 1028 2892 1093 unxit,
2936 1024 3227 1080 secundum
3253 1022 3387 1092 quod
3407 1023 3476 1077 ait
3498 1022 3670 1077 David:

2159 1122 2447 1193 Propterea
2493 1122 2645 1176 unxit
2688 1131 2737 1175 te
2775 1119 2949 1183 Deus,
2980 1115 3119 1170 Deus
3158 1125 3278 1169 tuus
3318 1111 3477 1185 (Psal.
3515 1113 3671 1183 mv):

2163 1215 2329 1271 Unxit
2363 1222 2545 1271 autem
2569 1214 2756 1269 dicens
2781 1229 2796 1266 :
2824 1210 2901 1264 Tu
2929 1226 2982 1263 es
3013 1206 3253 1263 sacerdos
3280 1206 3332 1260 in
3365 1215 3589 1259 wtcrnum
3612 1221 3675 1259 se-

2160 1307 2391 1362 cundum
2419 1306 2655 1360 ordinem
2686 1299 3067 1358 Melchisedech
3093 1296 3261 1370 (Psal.
3284 1295 3411 1366 cu).
3430 1295 3495 1349 Et
3525 1304 3674 1364 postea

2159 1396 2227 1451 ab
2250 1393 2563 1450 hominibus
2589 1393 2681 1462 qui
2711 1391 3154 1446 ministraverunt
3201 1386 3426 1457 passioni
3465 1393 3515 1439 et
3538 1385 3676 1439 sacri-

2160 1485 2285 1542 ﬁcio
2309 1493 2506 1541 unctus
2533 1492 2636 1540 est.
2668 1481 2859 1538 Crucis
2895 1482 3040 1538 enim
3081 1478 3395 1535 sacriﬁcium
3430 1485 3481 1532 et
3515 1492 3677 1547 agnum

2159 1585 2215 1631 et
2246 1575 2583 1631 sacerdotem
2611 1582 2667 1628 et
2690 1572 3038 1627 liberatorem
3065 1576 3304 1624 nostrum
3326 1566 3555 1629 ostendit,
3580 1580 3680 1636 pro-

475 1656 696 1757 pcccata
722 1693 906 1740 nostra
924 1656 1288 1752 etinjustitias
1315 1689 1371 1738 et
1394 1656 1707 1750 iniquitates
1722 1677 2060 1749 portavit.Et
2086 1692 2132 1752 Β
2158 1677 2279 1738 pter
2300 1665 2446 1738 quod
2493 1665 2563 1720 ad
2607 1662 2724 1733 ejus
2772 1662 3077 1733 planiorem
3124 1656 3598 1714 demonstrationem
3637 1663 3680 1710 et

477 1787 764 1849 propterea
797 1778 1094 1833 secundum
1115 1775 1260 1831 LXX
1289 1775 1401 1830 ait:
1434 1773 1671 1845 Imponet
1692 1789 1781 1827 eas
1801 1788 1955 1846 super
1977 1787 2062 1826 ca-

478 1880 569 1941 put
592 1871 731 1924 haedi
754 1870 877 1925 vivi.
908 1867 1078 1937 Hujus
1104 1869 1252 1924 enim
1285 1868 1458 1938 ﬁgura
1474 1876 1581 1933 est,
1603 1865 1746 1936 quod
1773 1873 1830 1921 et
1854 1880 1924 1919 ex
1957 1865 2062 1935 spi-

479 1964 565 2018 nis
591 1977 846 2017 coronam
880 1962 1083 2031 imponi
1115 1959 1284 2032 capiti
1334 1974 1437 2016 suo
1478 1958 1730 2015 Christus
1776 1956 2057 2027 permisit,

478 2053 606 2123 quia
637 2053 693 2106 in
718 2052 890 2122 spinis
915 2057 1143 2122 peccata
1166 2049 1343 2105 solent
1362 2048 1554 2119 accipi.
1579 2047 1808 2118 Propter
1834 2046 1979 2116 quod
2007 2051 2062 2100 et

477 2144 649 2199 Adam
673 2143 857 2214 spinas
877 2143 1182 2214 germinare
1217 2149 1363 2198 terra
1391 2140 1724 2212 praecipitur,
1761 2138 1811 2194 si
1843 2137 2060 2207 quidem

481 2247 535 2293 et
570 2238 685 2307 ipse
708 2251 773 2292 ex
805 2235 1169 2292 inobedientia
1210 2240 1436 2304 peccata
1479 2229 1822 2303 germinavit.
1862 2227 1971 2283 Sed
2006 2236 2064 2283 et

479 2328 736 2383 Salomon
780 2324 1104 2395 ait:Spinte
1146 2331 1437 2378 nascuntur
1478 2322 1537 2376 in
1584 2335 1745 2376 manu
1790 2316 2061 2373 temulenti

478 2418 664 2491 (Prov.
694 2417 844 2488 xxvr)
864 2456 879 2483 ,
907 2417 1118 2486 peccati
1163 2416 1354 2486 plenas
1400 2428 1521 2470 esse
1555 2413 1800 2469 actiones
1842 2410 1960 2478 ejus
1989 2409 2061 2465 si—

479 2512 775 2581 gniﬁcans;
797 2509 877 2565 sic
898 2524 1026 2579 ergo
1051 2508 1186 2580 legis
1209 2508 1480 2577 accipiens
1500 2507 1690 2572 verba,
1711 2521 1819 2560 non
1846 2505 2064 2574 ignora-

479 2602 565 2657 bis
595 2601 949 2656 intentionem
980 2598 1095 2668 ejus
1120 2607 1284 2668 autne
1303 2599 1563 2653 virtutem
1588 2615 1601 2651 :
1628 2597 1724 2651 sed
1745 2604 1800 2651 et
1822 2595 2063 2650 invenies

478 2700 725 2763 paratum
749 2689 1019 2745 hominem
1047 2703 1145 2759 per
1172 2688 1327 2759 cujus
1347 2703 1564 2742 manum
1589 2687 1774 2742 hircus
1795 2686 1980 2740 vivens
2006 2684 2061 2740 in

477 2803 720 2844 eremum
748 2786 1013 2851 mittitur;
1036 2784 1288 2840 Christus
1311 2782 1457 2839 enim
1486 2783 1601 2852 ipse
1633 2781 1817 2836 omnia
1862 2781 1947 2836 sui
1974 2795 2064 2836 sa-

478 2878 671 2935 criﬁcii
700 2877 873 2932 factus
902 2882 986 2930 est
1012 2881 1068 2930 et
1101 2871 1355 2929 sacerdos
1385 2879 1443 2927 et
1472 2870 1818 2937 sacriﬁcium,
1851 2877 1908 2925 et
1941 2867 2057 2924 cul-

480 2979 624 3023 trum
650 2975 706 3021 et
730 2966 931 3032 altare;
958 2964 1074 3035 ipse
1093 2972 1180 3019 est
1202 2970 1256 3019 et
1276 2969 1615 3033 prteparatus
1639 2962 1821 3027 homo,
1841 2967 2062 3031 paratus

481 3076 579 3130 pro
608 3059 764 3114 nobis
783 3059 849 3113 ad
870 3052 1202 3127 passionem,
1224 3055 1300 3109 ita
1322 3064 1382 3108 ut
1404 3054 1519 3124 ipse
1536 3068 1637 3124 per
1661 3053 1854 3108 Isaiam
1882 3052 2057 3106 dicat:
2089 3036 2133 3099 C
2165 3036 2377 3130 ξ’θξηυτν

486 3152 600 3222 Ego
628 3161 799 3205 autem
828 3167 932 3204 non
953 3148 1344 3212 contradicunt;
1366 3159 1653 3200 retrorsum
1674 3161 1779 3199 non
1803 3144 1930 3210 abii,
1945 3159 2064 3196 cor-

454 3296 455 3299 η
480 3270 577 3324 pus
603 3268 774 3305 meum
807 3250 925 3304 dedi
951 3247 1376 3319 percutientibus,
1399 3258 1447 3302 et
1473 3263 1630 3317 genas
1653 3262 1794 3301 meas
1822 3242 2059 3298 vellenti-

483 3357 609 3411 bus,
660 3346 850 3415 [aciem
895 3362 1068 3401 meam
1114 3363 1218 3401 non
1270 3346 1434 3401 averti
1481 3346 1545 3401 ab
1586 3346 1974 3417 increpantibus
2012 3361 2064 3402 et

484 3436 887 3507 conspuentibus
913 3437 969 3491 in
996 3453 1077 3491 me
1107 3436 1262 3509 (Isai.
1293 3436 1367 3511 ι).
1395 3436 1477 3493 Ad
1514 3451 1675 3508 quem
1701 3446 1756 3492 et
1785 3437 1955 3494 David
1981 3438 2064 3493 di-

484 3527 559 3581 cit
619 3526 1009 3581 incarnationis
1051 3526 1168 3597 ejus
1217 3526 1536 3598 mysterium
1583 3527 1927 3598 signiﬁcans,
1966 3541 2065 3598 per

484 3617 626 3687 quod
654 3627 898 3671 nostrum
925 3632 1148 3687 regnum
1177 3618 1403 3691 adeptus
1433 3625 1517 3673 est
1541 3635 1555 3671 :
1585 3617 1844 3673 Dominus
1873 3635 2060 3690 regna-

484 3709 573 3773 rit,
607 3709 844 3762 decorem
874 3708 1078 3774 induit,
1119 3708 1289 3763 induit
1333 3708 1586 3765 Dominus
1624 3710 1985 3780 fortitudinem
2014 3723 2063 3767 et

483 3800 755 3871 prcecinxit
785 3816 839 3854 se
860 3800 1121 3854 virtutem.
1153 3799 1363 3854 Etenim
1404 3800 1632 3869 ﬁrmavit
1666 3802 1840 3856 orbem
1874 3812 2057 3867 term,

483 3894 572 3963 qui
598 3910 702 3946 non
730 3892 1162 3947 commovebitur:
1178 3902 1367 3963 parata
1389 3893 1534 3948 sedes
1556 3902 1648 3947 tua
1663 3910 1729 3949 ea:
1742 3904 1864 3949 tunc
1886 3892 2059 3967 (Psal.

488 3984 637 4054 seu).
668 3984 922 4039 Christus
949 3998 1078 4052 ergo
1113 3982 1464 4054 intelligibilis
1498 3984 1681 4039 Aaron
1714 3988 2061 4057 semetipsum

486 4073 650 4125 etiam
682 4085 826 4125 nunc
866 4086 964 4141 per
1001 4071 1212 4126 haedum
1242 4071 1424 4127 vivum
1463 4072 1802 4148 immolans;
1819 4074 1936 4145 ipse
1964 4066 2066 4146 per

486 4165 756 4220 hominem
787 4171 1055 4235 paratum,
1083 4162 1198 4217 sive
1224 4162 1279 4217 in
1310 4177 1474 4218 manu
1510 4163 1761 4239 hominis.
1774 4167 1982 4235 parati,
2009 4166 2065 4221 id

484 4269 589 4325 est,
621 4273 716 4330 per
745 4257 1019 4327 propriam
1065 4255 1354 4320 virtutem;
1395 4254 1513 4326 ipse
1551 4257 1701 4312 enim
1740 4273 1862 4313 etim
1901 4258 1972 4314 sit
2008 4266 2064 4313 et

485 4350 648 4404 homo
672 4355 911 4419 paratus,
933 4354 1185 4403 ostensus
1213 4350 1317 4401 est.
1334 4344 1403 4400 Et
1424 4346 1625 4401 emittit
1645 4346 1859 4405 hircum
1883 4351 2063 4407 viven-

491 4451 596 4495 tem
624 4441 678 4495 in
708 4426 1224 4505 solitudinem,sive
1256 4438 1311 4492 in
1342 4445 1544 4495 terram
1571 4440 1770 4495 inviam
1799 4450 1853 4497 et
1881 4442 2062 4499 deser-

491 4540 619 4598 tam,
662 4532 808 4586 viam
857 4546 1010 4586 suam
1064 4538 1119 4585 et
1169 4530 1528 4588 immortalem
1573 4540 1628 4586 et
1669 4533 2061 4602 impassibilem

489 4616 847 4686 divinitatem,
892 4621 960 4676 ad
992 4620 1135 4675 invia
1164 4619 1320 4674 nobis
1347 4620 1464 4675 loca
1493 4630 1548 4675 et
1572 4621 1641 4675 ab
1678 4623 1824 4676 omni
1858 4624 2062 4677 malitia

490 4714 719 4775 deserta,
750 4712 1044 4768 secundum
1075 4710 1218 4780 quod
1238 4708 1479 4766 Joannes
1503 4712 1581 4765 ait
1605 4730 1617 4764 :
1654 4702 1846 4766 Videris
1874 4713 2027 4769 Iesus
2045 4755 2058 4779 ,

490 4808 614 4878 quia
644 4805 819 4859 omnia
847 4803 992 4858 dedit
1018 4803 1065 4857 ei
1091 4801 1253 4856 Pater
1292 4800 1595 4877 inmumts,
1638 4812 1685 4856 et
1727 4792 1851 4874 quia
1891 4821 1923 4857 α
1953 4803 2073 4859 Deo‘

489 4897 663 4955 exivit,
691 4904 741 4949 et
765 4892 834 4947 ad
856 4892 1021 4947 Deum
1048 4891 1211 4945 vadit.
1243 4889 1493 4961 Expiabit
1525 4894 1661 4947 enim
1702 4894 1944 4948 sacerdos
1978 4896 2067 4965 qui

492 4994 677 5039 unctus
706 4984 899 5054 fuerit,
945 4992 993 5037 et
1031 4983 1183 5052 cujus
1211 4982 1432 5038 initiata:
1466 5001 1672 5050 manus,
1694 4995 1751 5038 ut
1778 4988 2068 5053 sacerdotio

493 5078 747 5147 fungatur
767 5092 860 5147 pro
889 5085 1036 5146 patre
1063 5091 1192 5140 suo;
1221 5075 1334 5130 sive
1368 5083 1426 5130 ut
1462 5075 1603 5131 LXX
1629 5095 1641 5130 :
1671 5076 2064 5148 Deprecabitur,

493 5167 703 5239 inquit,
734 5165 975 5220 sacerdos
1018 5182 1376 5237 quemcunque
1414 5169 1654 5236 unaerit,
1694 5177 1741 5223 et
1777 5170 2069 5242 quicunque

492 5266 882 5318 consummatus
925 5256 1105 5326 fuerit,
1146 5274 1332 5312 manus
1374 5274 1500 5313 suas
1538 5277 1844 5317 consecrare
1880 5264 1949 5317 ad
1971 5283 2066 5335 pa-

492 5360 625 5407 trem
647 5361 832 5406 suum:
854 5354 916 5402 ut
935 5345 1210 5402 Christum
1233 5349 1349 5403 sine
1388 5348 1565 5420 aliqua
1591 5350 1860 5407 dubietate
1884 5362 2067 5409 osten-

495 5442 676 5506 deret;
705 5439 831 5510 quia
859 5436 1006 5492 enim
1035 5435 1281 5493 Christus
1307 5449 1490 5507 patres
1515 5442 1807 5496 secundum
1845 5459 2063 5499 carnem

493 5531 800 5585 Judteorum
829 5527 1176 5585 sacerdotum
1200 5528 1472 5598 principes
1502 5530 1766 5596 habebat,
1796 5531 1887 5586 ﬁlii
1921 5534 2063 5587 enim

496 5628 554 5676 et
582 5619 682 5688 ipsi
716 5619 1014 5686 Abraham,
1040 5619 1178 5673 sicut
1203 5627 1257 5674 et
1285 5617 1532 5675 Christus
1554 5618 1670 5688 fuit,
1703 5623 1935 5677 ostendit
1956 5622 2061 5690 lex,

2163 1759 2499 1814 subtiliorem
2531 1755 2719 1827 ﬁgurae
2740 1751 3232 1809 maniiestationem
3253 1789 3268 1815 ,
3301 1747 3456 1804 semel
3472 1788 3487 1813 ,
3515 1745 3678 1816 inquit,

2163 1849 2221 1903 in
2249 1862 2391 1902 anno
2414 1846 2577 1901 faciet
2605 1845 2724 1909 hoc,
2754 1842 2899 1914 quod
2926 1840 3093 1897 semel
3117 1838 3314 1895 factum
3343 1846 3437 1901 est,
3465 1834 3681 1907 unigeniti

2163 1940 2489 1996 sacriﬁcium
2534 1936 2823 1994 ostendere
2852 1934 3095 2005 cupiens,
3142 1932 3195 1986 in
3232 1944 3336 2002 quo
3371 1928 3551 1983 dictum
3582 1934 3679 1980 est:

2162 2029 2403 2085 Christus
2425 2028 2584 2084 semel
2605 2027 2812 2083 oblatus
2834 2025 2904 2080 ad
2928 2023 3215 2079 multorum
3240 2017 3567 2077 exhauriendo
3588 2032 3679 2086 pec-

2162 2131 2303 2186 cata,
2328 2119 2558 2174 secundo
2583 2119 2695 2173 sine
2721 2126 2933 2188 peccato
2958 2114 3226 2186 apparebit
3249 2108 3622 2182 exspectantibus
3640 2125 3684 2162 se

2160 2212 2218 2264 in
2249 2210 2471 2265 salutem
2501 2206 2689 2281 (Hebr.
2720 2205 2821 2279 ιι).
2849 2205 3207 2261 Adamantius
3236 2203 3374 2257 enim
3404 2202 3452 2255 in
3481 2198 3685 2256 homeliis

2163 2317 2327 2372 super
2349 2300 2648 2356 Leviticum
2675 2299 2741 2355 de
2760 2298 2847 2354 his
2866 2297 3078 2354 duobus
3100 2296 3267 2353 hircis
3291 2295 3439 2350 aliter
3464 2293 3685 2361 interpre-

2165 2400 2310 2448 tatus
2358 2398 2461 2446 est.
2494 2390 2637 2445 Dicit
2670 2389 2816 2445 enim
2850 2388 3001 2444 illum
3044 2387 3260 2444 hircum
3300 2386 3389 2456 qui
3429 2381 3684 2438 immolatus

2163 2492 2245 2539 cst
2268 2482 2499 2537 Domino
2531 2490 2716 2552 typum
2755 2488 2942 2535 tenere
2981 2478 3200 2534 illorum
3226 2475 3317 2549 qui
3355 2474 3621 2537 salvantur,
3644 2478 3687 2525 et

2164 2575 2233 2629 ad
2258 2584 2465 2629 sortem
2491 2572 2703 2628 Domini
2726 2571 3019 2642 pertinent,
3053 2569 3201 2625 sicut
3222 2581 3421 2640 pauper
3446 2564 3526 2620 ille
3556 2563 3689 2618 Laza-

2163 2683 2278 2732 rus,
2323 2665 2415 2736 qui
2460 2665 2515 2720 in
2563 2664 2686 2720 sinu
2732 2661 2965 2719 Abrahze
3001 2661 3071 2717 ab
3103 2648 3313 2732 angelis
3344 2655 3604 2714 translatas
3627 2660 3691 2708 est

2165 2754 2315 2826 (Luc.
2346 2751 2481 2825 xvi).
2508 2753 2645 2808 Eum
2672 2767 2801 2807 vero
2828 2751 3040 2806 hircum
3067 2750 3170 2821 qui
3194 2750 3251 2804 in
3279 2762 3503 2803 eremum
3537 2743 3688 2799 diruis-

2163 2863 2257 2905 sus
2283 2857 2385 2913 est,
2414 2846 2677 2918 reprobos
2703 2843 3032 2915 signiﬁcare,
3053 2841 3145 2897 vel
3168 2840 3414 2913 populum
3434 2834 3688 2897 Judaicum,

2164 2940 2257 3010 qui
2287 2954 2386 3009 pro
2419 2939 2534 2994 suis
2557 2936 2797 3008 peccatis
2822 2951 2854 2990 a
2883 2942 3184 3005 conspectu
3217 2932 3420 2989 Domini
3446 2927 3584 2998 abjici
3605 2939 3691 2979 me

2407 3028 2550 3083 sicut
2575 3026 2665 3081 ille
2707 3026 2857 3080 dives
2883 3032 3250 3095 purpuratus,
3287 3029 3403 3093 post
3430 3026 3625 3074 mortem
3649 3014 3691 3067 in

2165 3117 2379 3173 inferno
2409 3116 2651 3186 sepultus
2678 3124 2781 3169 est.
2809 3112 3093 3169 Hominem
3126 3111 3348 3185 quidem
3374 3118 3593 3182 paratum
3620 3117 3694 3173 per

2166 3230 2327 3286 quem
2355 3215 2539 3270 hircus
2571 3227 2865 3284 apompeus
2903 3210 2959 3265 in
2989 3226 3240 3267 eremum
3282 3209 3466 3264 ductus
3495 3211 3586 3267 est,
3614 3200 3693 3254 Do-

2166 3308 2372 3366 minum
2416 3305 2757 3362 Salvatorem
2796 3301 2881 3358 vel
2924 3309 3143 3358 sanctos
3183 3300 3399 3372 angelos
3425 3298 3554 3369 ejus,
3581 3288 3692 3346 unde

2170 3380 2616 3467 recipitquisque
2637 3392 2818 3464 operis
2841 3392 2923 3448 sui
2952 3393 3262 3449 mercedem
3284 3390 3593 3459 condignam,
3609 3380 3696 3435 vult

2175 3485 2419 3557 intelligi.
2454 3483 2594 3539 Hinc
2631 3492 2687 3538 et
2727 3482 2918 3537 beatus
2944 3478 3269 3538 Ambrosius
3315 3481 3366 3535 in
3402 3473 3599 3548 epistola
3619 3485 3696 3523 sua

2166 3577 2236 3631 ad
2260 3574 2694 3647 Symplicianum
2727 3573 2804 3628 ait
2830 3591 2842 3626 ε
2875 3571 3030 3627 Sicut
3052 3571 3202 3627 enim
3236 3572 3338 3626 duo
3366 3566 3551 3624 suntin
3575 3573 3694 3632 θετον

2163 3677 2220 3723 et
2267 3682 2407 3722 unus
2447 3681 2635 3722 eorum
2680 3664 2998 3729 assumitur,
3046 3662 3190 3720 alius
3236 3659 3614 3731 derelinquitur,
3640 3653 3699 3706 ita

2166 3768 2293 3815 sunt
2327 3759 2433 3815 duo
2464 3756 2637 3823 hirci,
2680 3770 2821 3810 unus
2854 3755 2946 3824 qui
2972 3754 3040 3810 ad
3070 3754 3398 3811 sacriﬁcium
3442 3758 3520 3806 est
3561 3744 3696 3806 utiiiS.

2166 3850 2304 3904 alius
2331 3849 2424 3919 qui
2448 3848 2501 3902 in
2530 3848 2804 3903 desertum
2831 3846 3123 3901 dimittitur
3150 3863 3164 3898 :
3198 3846 3301 3901 hoc
3328 3841 3456 3899 nulli
3481 3837 3604 3901 usui,
3628 3848 3701 3888 nc-

2164 3956 2271 4011 que
2298 3939 2559 4007 edendus,
2584 3952 2760 4009 neque
2791 3937 3121 4008 epulandos,
3155 3953 3187 3992 a
3220 3935 3546 3993 sacerdotum
3582 3926 3697 3981 ﬁliis.

2166 4029 2322 4084 Sicut
2347 4032 2489 4086 enim
2523 4046 2591 4085 ex
2618 4029 2703 4084 his
2735 4043 2857 4098 quae
2887 4024 3274 4085 alimentorum
3301 4033 3445 4091 sunt,
3470 4020 3595 4094 quod
3626 4019 3702 4071 lto-

2165 4135 2293 4188 num
2318 4127 2401 4174 est
2434 4119 2635 4185 editur,
2666 4120 2810 4189 quod
2854 4118 3045 4174 inutile
3080 4128 3176 4174 aut
3209 4117 3407 4175 malum
3445 4110 3701 4186 projicitur.

2167 4209 2243 4276 ita
2267 4219 2324 4265 et
2343 4209 2483 4265 bona
2511 4225 2677 4281 opera
2704 4210 3005 4280 epulatoria
3035 4200 3295 4277 dicimus,
3320 4224 3437 4280 quae
3465 4207 3564 4263 sint
3590 4197 3702 4255 esui.

2167 4300 2284 4357 Non
2337 4301 2573 4371 placebit
2620 4317 2753 4373 ergo
2792 4303 3018 4358 Domino
3068 4303 3112 4358 si
3155 4303 3447 4359 manducet
3492 4293 3706 4354 sacerdcs

2086 4387 2140 4447 D
2174 4392 2501 4447 sacriﬁcium
2526 4392 2581 4447 in
2611 4407 2718 4462 quo
2748 4392 2900 4447 fraus
2937 4393 3009 4447 sit
3051 4392 3375 4457 oblationis,
3408 4405 3510 4445 non
3543 4379 3706 4440 sellula?

2171 4481 2527 4550 confessionis
2549 4482 2833 4537 sinceritas
2858 4500 2871 4537 :
2903 4490 2959 4537 et
2988 4482 3108 4539 ideo
3138 4481 3329 4539 hircus
3354 4483 3455 4537 iste
3480 4480 3530 4533 in
3554 4476 3708 4530 deser-

2171 4579 2286 4626 tum
2309 4572 2662 4628 dimittendus
2695 4581 2779 4628 est
2803 4613 2818 4638 ,
2846 4572 2936 4628 ubi
2973 4581 3299 4628 erraverunt
3335 4579 3511 4643 patres
3537 4560 3704 4623 nostri.

2170 4672 2491 4737 erraverunt
2511 4665 2566 4719 in
2585 4679 2673 4730 eo,
2698 4672 2751 4720 et
2778 4680 2885 4719 non
2905 4671 3196 4734 potuerunt
3232 4664 3300 4719 ad
3331 4652 3708 4718 resurrectionis

2173 4761 2373 4808 terram
2407 4753 2708 4823 pervenire,
2740 4754 2835 4808 sed
2868 4754 3075 4808 interiit
3107 4769 3138 4808 a
3182 4763 3327 4809 terra
3365 4747 3608 4807 memoria
3635 4756 3709 4796 eo-

2172 4858 2314 4898 rum.
2338 4844 2579 4912 Denique
2608 4852 2736 4898 sunt
2757 4843 3059 4914 epulatoria
3084 4860 3273 4914 opera.
3294 4843 3436 4900 Audi
3460 4861 3472 4896 :
3492 4841 3555 4895 Et
3578 4840 3710 4893 erunt

2173 4937 2394 5001 sabbata
2426 4944 2587 4990 terra:
2613 4934 2769 4991 vobis
2794 4950 2954 4991 escae.
2977 4936 3294 5006 Epulatoria
3337 4936 3482 4990 enim
3510 4939 3561 4986 et
3596 4924 3710 4981 rele-

2172 5027 2342 5099 Qtoria
2378 5026 2595 5095 requies
2622 5025 2677 5080 in
2704 5026 2834 5089 Deo,
2870 5042 2992 5095 quae
3025 5026 3155 5082 facit
3188 5027 3355 5081 animi
3388 5017 3712 5092 tranquillita—

2169 5128 2301 5184 tem,
2325 5118 2465 5172 undc
2491 5117 2657 5172 etiam
2697 5126 2753 5172 et
2798 5132 2897 5173 nos
2924 5118 2979 5172 in
3027 5131 3275 5172 sermone
3322 5114 3708 5184 requiescimus-

2172 5207 2281 5264 Scd
2324 5218 2425 5265 nos
2473 5208 2810 5264 diversorum
2864 5216 3147 5264 auctorum
3204 5221 3398 5264 sensus
3452 5206 3709 5276 ponentes.

2165 5316 2326 5371 quem
2373 5302 2714 5371 potissimum
2767 5301 2933 5373 eligat
2975 5301 3195 5358 lectoris
3237 5298 3447 5371 judicio
3501 5290 3711 5351 derelin-

2165 5396 2406 5466 quimus.

2769 5462 2999 5522 CAPUT
3036 5465 3145 5521 Vll.
3387 5501 3391 5504 ν

2162 5534 2238 5589 De
2261 5537 2445 5590 hostiis
2469 5551 2570 5588 non
2593 5519 3063 5589 immolandis‘nisi'
3094 5534 3164 5589 ad
3189 5532 3378 5589 ostium
3402 5519 3715 5583 tabernam“-

2234 5625 2386 5697 (Car.
2418 5625 2579 5697 xm.)
2613 5623 2680 5677 Et
2707 5623 2913 5682 locutus
2949 5637 3021 5681 est
3050 5626 3305 5682 Dominus
3329 5622 3400 5677 ad
3426 5616 3633 5690 Moysen
3655 5609 3723 5662 di-
