3918 6180
266 248 369 305 ΗΞ)

1172 261 1678 326 EXPOSITIONES
1715 271 1780 326 IN
1822 272 2220 337 LEVITICUM.
2261 313 2329 323 -
2367 284 2493 341 LIB.
2535 290 2595 344 γ.

3412 306 3516 361 450

257 395 377 432 εεηε
405 394 424 431 -‘
457 378 687 449 ιοιιαενε
730 382 909 438 Λαγοη
937 395 985 439 et
1024 388 1150 457 ﬁliis
1189 394 1334 461 ejus,
1376 405 1424 448 et
1469 400 1668 453 cunctis
1710 402 1838 470 βιίίε
1868 394 2309 471 A~sunt;sivent
2329 396 3070 463 LXX:Etuonimmolabuut
3094 412 3229 467 ultra
3251 420 3512 488 sacriﬁcia

265 465 427 488 1----41
493 479 527 488 -Δ
567 469 667 488 19--
773 473 787 488 ι
982 475 1002 488 π

254 465 445 531 Israel,
478 479 527 522 et
556 469 697 525 dices
717 473 787 526 ad
815 491 902 529 eos
926 489 944 527 :
972 475 1081 533 Iste
1108 491 1182 534 est
1205 498 1374 537 sermo
1395 501 1545 554 quem
1569 465 1835 546 mandavit

252 556 514 613 Dominus
553 561 733 616 dicens
753 577 773 614 :
795 563 969 620 Homo
998 568 1210 639 quilibet
1248 574 1314 627 de
1346 575 1500 628 domo
1536 575 1738 646 Israel,
1787 583 1834 635 si

249 647 500 701 occiderit
521 647 699 704 bovem
722 652 803 706 vel
823 670 1036 725 capram
1063 659 1118 713 in
1139 663 1324 716 castris
1348 664 1428 717 uel
1455 675 1605 720 extra
1634 678 1830 735 castra,

246 744 298 791 et
325 753 431 790 non
454 738 698 794 obtulerit
725 742 795 795 ad
820 745 1009 798 ostium
1029 748 1356 804 tabernaculi
1378 753 1693 809 oblationem
1723 758 1832 812 Do-

247 826 423 889 mino,
448 829 718 898 sanguinis
746 847 866 887 reus
907 835 1049 888 erit:
1081 835 1171 891 Sic
1201 840 1388 907 peribit
1423 843 1489 896 de
1526 846 1694 901 medio
1730 864 1828 917 po-

243 915 356 985 puli
381 918 483 970 sui.
514 917 644 973 Ideo
675 920 865 990 offerre
889 924 1073 978 debent
1098 928 1358 983 sacerdoti
1384 932 1487 999 ﬁlii
1524 936 1696 989 Israel
1729 915 1827 991 lto-

240 1006 373 1060 stias
406 1024 534 1062 suas
572 1027 704 1080 quas
746 1014 988 1068 occidunt
1029 1017 1085 1069 in
1128 1034 1288 1087 agro,
1338 1032 1392 1073 ut
1433 1026 1827 1093 sanctiﬁceutur

238 1092 470 1151 Domino
500 1109 620 1152 ante
641 1102 833 1155 ostium
863 1105 1190 1161 tabernaculi
1226 1111 1541 1177 testimonii,
1568 1092 1615 1168 et
1644 1118 1826 1171 intuta-

236 1184 344 1238 lent
368 1203 459 1240 eas
488 1187 684 1244 hostias
708 1193 958 1261 paciﬁcos
988 1196 1234 1265 Domino,
1260 1201 1545 1273 fundaque
1574 1209 1819 1263 sacerdos

234 1276 548 1344 sanguinem
583 1295 744 1350 super
780 1280 951 1337 altare
972 1284 1211 1353 Domini,
1241 1299 1289 1343 et
1328 1293 1398 1344 ad
1433 1297 1623 1349 ostium
1648 1299 1821 1353 taber-

234 1366 414 1419 naculi
439 1370 744 1436 testimonii,
774 1382 822 1426 et
847 1374 1074 1430 adolebit
1100 1378 1305 1449 adipem
1331 1383 1384 1435 in
1407 1384 1619 1440 odorem
1641 1392 1819 1443 suari-

231 1454 358 1507 tatis
384 1454 631 1522 Domino,
654 1469 703 1512 et
728 1476 1053 1533 nequaquam
1075 1466 1218 1522 ultra
1245 1471 1590 1528 immolabant
1616 1476 1814 1534 hostias

229 1561 356 1598 suas
375 1546 704 1603 daemonibus
723 1564 839 1605 cum
861 1554 1047 1622 quibus
1069 1557 1317 1624 fornicati
1336 1572 1477 1616 sunt.
1499 1563 1810 1638 Legitimum

229 1637 603 1706 sempiternum
630 1640 728 1694 erit
756 1634 891 1708 illis,
919 1654 966 1697 et
1005 1649 1227 1714 posteris
1264 1667 1465 1708 eorum.
1495 1634 1605 1725 (Ea:
1640 1655 1809 1727 Hesy-

229 1726 399 1797 chia.)
432 1729 680 1784 Praesens
704 1733 914 1788 sanctio
943 1735 1280 1793 demonstrat
1314 1757 1434 1813 quae
1465 1759 1575 1798 non
1605 1726 1810 1817 simpli-

228 1818 367 1873 citer
388 1819 457 1873 ad
483 1818 725 1891 Moysen,
742 1824 837 1878 sed
852 1825 1034 1881 Aaron
1061 1838 1117 1882 et
1145 1828 1283 1885 ﬁlios
1308 1830 1424 1899 ejus
1445 1843 1501 1888 et
1521 1835 1589 1889 ad
1611 1851 1802 1893 omnes

228 1908 373 1966 ﬁlios
407 1911 576 1967 Israel
600 1916 876 1985 prince-pit.
904 1915 1015 1973 Sed
1045 1928 1230 1989 aperte
1260 1924 1615 1981 manifestans
1636 1968 1651 1993 ,
1684 1930 1807 1998 quia

228 1999 341 2053 haec
370 2000 508 2071 legis
528 2005 841 2073 praeceptio,
864 2020 971 2060 non
993 2023 1268 2079 magnum,
1296 2028 1401 2067 non
1422 2015 1805 2083 perfectiorem

223 2090 564 2158 quempiam,
612 2108 719 2148 non
765 2095 1141 2164 imperfectum
1190 2102 1443 2172 ignorare
1483 2107 1627 2173 vult,
1659 2111 1803 2177 quod

220 2183 440 2250 expedit
468 2185 548 2239 eis
573 2186 746 2253 scire,
778 2188 831 2242 id
865 2199 980 2257 est,
1008 2192 1136 2261 quia
1162 2200 1475 2268 temporalis
1499 2212 1581 2256 est
1611 2202 1803 2260 Iittcrm

221 2270 323 2335 lex,
351 2279 413 2324 ut
439 2280 685 2342 tempore
709 2276 941 2346 expleto,
971 2295 1076 2335 non
1100 2278 1214 2349 jam
1234 2285 1381 2341 circa
1402 2287 1572 2358 ipsam
1598 2289 1800 2347 frustra

218 2368 269 2413 et
298 2376 638 2430 supervacue
675 2368 1035 2437 nosmetipsos
1066 2386 1411 2445 occupemus.
1441 2378 1573 2446 Quis
1615 2390 1798 2438 autem

217 2459 301 2505 est
335 2463 651 2522 temporum
681 2457 841 2512 ﬁnis?
860 2458 1181 2517 Omnimoda
1212 2464 1313 2520 loci
1342 2466 1511 2537 ipsius
1539 2474 1793 2542 perditio,

218 2542 265 2594 iu
289 2557 404 2611 quo
430 2544 697 2601 sacriﬁcia
723 2546 906 2604 oﬁ'erri
929 2555 1207 2624 praecepit,
1230 2560 1628 2627 comminando,
1658 2580 1796 2635 prie-

216 2632 425 2701 cipiens
453 2649 577 2689 eum
600 2637 692 2706 qui
720 2637 861 2694 intra
883 2650 1083 2709 castra,
1111 2644 1227 2701 sive
1252 2645 1402 2714 foris,
1431 2659 1585 2706 extra
1612 2661 1794 2711 tamen

215 2721 622 2778 tabernaculum
656 2728 949 2784 testimonii
975 2732 1304 2790 sacriﬁcium
1325 2736 1422 2793 Dei
1455 2741 1791 2813 explentem,

212 2808 441 2868 interire
462 2814 529 2869 de
553 2818 769 2886 populo,
793 2829 853 2875 ut
871 2824 1086 2891 quando
1111 2808 1793 2893 tabernaculumwtestimo;

211 2901 278 2954 nii
309 2912 371 2957 et
397 2905 680 2976 templum,
709 2912 853 2980 quod
880 2912 949 2967 ad
977 2914 1095 2982 ejus
1124 2915 1414 2990 imaginem
1444 2919 1643 2978 factum
1671 2936 1785 2994 est,

209 2990 573 3062 disperditum
606 2996 793 3066 fuerit,
829 3015 1188 3075 cognoscatur
1234 3010 1359 3078 quia
1388 3011 1550 3068 ﬁnem
1586 2990 1788 3073 habent

205 3084 390 3137 omnia
421 3100 545 3154 quae
572 3087 646 3142 ibi
675 3088 793 3145 ﬁeri
821 3091 905 3147 lex
926 3097 1199 3167 praecepit,
1232 3099 1397 3155 etiam
1426 3102 1515 3158 illa
1544 3104 1656 3161 Deo
1678 3123 1784 3164 non
1812 3107 1856 3169 C

205 3170 459 3238 placent?
494 3172 679 3245 Neque
721 3180 866 3234 enim
909 3182 1311 3254 disperdidisset
1344 3188 1552 3258 locum,
1582 3195 1636 3248 in
1679 3211 1787 3265 quo

203 3264 389 3334 peragi
419 3266 734 3324 omnimodo
774 3274 1069 3329 secundum
1115 3276 1286 3348 legem
1326 3281 1599 3339 debuisset
1642 3264 1785 3356 quod

204 3352 369 3409 discis
412 3356 580 3411 etiam
612 3360 720 3426 sic;
742 3360 921 3430 justas
945 3366 1091 3421 enim
1133 3371 1405 3438 actiones,
1444 3375 1496 3428 id
1531 3385 1644 3440 est,
1676 3395 1782 3435 non

202 3448 481 3513 occidere,
531 3465 640 3505 non
678 3454 1005 3524 adulterari,
1050 3475 1155 3516 non
1202 3460 1405 3530 furari,
1438 3481 1544 3522 non
1584 3467 1778 3528 falsum

198 3537 579 3594 testimonium
616 3542 831 3611 dicere,
874 3557 1085 3617 patrem
1122 3560 1177 3606 et
1215 3563 1444 3611 matrem
1480 3558 1775 3629 honorare,

202 3626 426 3700 diligere
455 3635 763 3705 proximos,
812 3656 998 3698 servos
1043 3645 1241 3703 liberos
1286 3648 1495 3719 facere,
1531 3653 1779 3724 jejunare

196 3717 518 3791 frequenter
559 3727 644 3781 vel
672 3744 857 3799 orare,
884 3749 989 3789 non
1018 3737 1414 3796 circumscribit
1455 3744 1604 3812 loco,
1649 3752 1775 3818 quia

198 3824 414 3883 semper
435 3825 561 3870 sunt
583 3818 731 3873 utilia
751 3862 765 3886 ,
793 3829 847 3899 et
881 3839 1002 3878 eum
1033 3828 1338 3899 evangelica
1366 3837 1777 3894 conversatione

197 3907 523 3962 communia.
544 3908 669 3966 Hinc
688 3896 864 3967 autem
888 3932 1007 3985 quae
1027 3920 1320 3975 secundum
1340 3927 1630 3996 semetipsa
1650 3941 1775 3985 sunt

196 3992 599 4063 superﬂua,sed
620 4013 797 4055 causie
823 4001 1101 4071 cujusdam
1130 4018 1256 4063 sunt
1280 3992 1550 4081 exquisita
1572 4020 1769 4086 gratia,

194 4088 470 4142 concludit
497 4088 649 4157 loco,
678 4100 739 4145 ut
763 4106 1091 4162 cognoscant
1114 4100 1239 4168 quia
1271 4107 1584 4173 temporalia
1612 4120 1766 4177 sunt,

194 4182 372 4234 omnia
403 4182 549 4236 enim
577 4198 697 4252 qua
725 4185 844 4241 loco
881 4189 1156 4255 serviunt,
1197 4195 1402 4251 servire
1426 4199 1587 4253 etiam
1624 4204 1771 4256 ordi-

193 4280 315 4327 nata
349 4282 486 4329 sunt
514 4278 763 4347 tempori.
787 4279 1050 4351 Deputata
1079 4295 1204 4340 sunt
1230 4287 1393 4357 igitur
1420 4290 1536 4345 loco
1564 4293 1770 4347 sacriﬁ-

193 4362 304 4429 cia,
333 4366 754 4425 emundationes
782 4381 1114 4429 mortuorum
1135 4415 1151 4439 ,
1194 4386 1248 4431 et
1299 4380 1520 4434 seminis
1566 4379 1766 4436 fluxum

1939 498 2037 537 sua
2064 491 2417 555 supervacuis.
2452 492 2560 565 (Ea:
2590 495 2811 570 eodem.)
2835 497 2969 553 Cum
3005 502 3144 569 (ἡδέι
3173 506 3281 564 Deo
3312 526 3510 581 prince-

1935 581 2087 641 ptum
2118 574 2349 634 fuisset:
2380 580 2498 636 Non
2544 582 2714 640 facies
2760 588 2853 642 tibi
2890 589 3121 659 idolum,
3161 613 3260 652 nec
3294 574 3510 659 omnem

1939 666 2345 726 similitudinem
2376 689 2565 730 eorum
2593 693 2716 748 quae
2751 680 2803 733 in
2830 682 2966 737 caelo
3007 696 3133 741 sunt
3171 705 3388 749 sursum
3409 737 3424 761 ,
3454 708 3510 753 ct

1938 756 1994 811 in
2021 767 2166 814 terra
2188 764 2459 830 deorsum,
2488 775 2545 822 et
2568 784 2901 842 quaecunque
2922 776 2976 830 in
3003 781 3158 849 aquis
3178 783 3368 842 subtus
3395 756 3501 842 ter-

1936 864 2071 910 ram.
2098 854 2325 909 vitulum
2351 855 2595 914 fecerunt
2621 862 2945 921 conﬂatilem
2965 910 2980 933 ,
3012 878 3065 924 et
3088 873 3258 929 vitulo
3297 881 3502 935 sacriﬁ-

1932 943 2074 997 cium
2103 946 2433 1016 obtulerunt,
2462 966 2626 1008 causa
2653 958 3065 1031 gastrimargiae,
3096 980 3311 1024 sumere
3338 975 3501 1027 sacri-

1930 1030 2049 1086 ﬁcia
2073 1035 2333 1104 volentes,
2361 1041 2682 1115 paedagogus
2710 1061 2895 1103 eorum
2922 1030 3029 1118 lex,
3054 1054 3165 1110 Deo
3191 1074 3284 1121 eos
3308 1062 3504 1119 oﬂ‘erre

1927 1124 2192 1180 sacriﬁcia
2220 1132 2496 1200 priscepit,
2528 1143 2587 1187 ut
2618 1135 2671 1189 in
2702 1137 2817 1194 haec
2838 1146 3104 1212 occupati,
3126 1149 3195 1204 ab
3215 1154 3362 1208 omni
3386 1154 3502 1211 ido-

1925 1208 2149 1268 lolatria:
2172 1217 2438 1274 sacrificio
2467 1224 2788 1295 semetipsos
2810 1229 3134 1299 abstineant,
3155 1246 3209 1291 et
3230 1239 3346 1295 haec
3368 1257 3497 1298 san-

1922 1301 2018 1367 cit,
2049 1317 2169 1371 quae
2197 1304 2282 1360 lex
2316 1323 2411 1365 eos
2439 1313 2734 1381 prohibens
2769 1316 2838 1372 ab
2872 1319 3137 1378 idolorum
3175 1330 3491 1399 sacrificiis,

1920 1392 2079 1447 simul
2108 1396 2301 1452 docere
2326 1401 2489 1455 etiam
2529 1402 2731 1474 ﬁguras
2769 1413 3148 1480 mysteriorum
3190 1417 3493 1480 futurorum

1918 1487 2239 1553 potuissent.
2272 1489 2417 1547 Bene
2443 1505 2624 1550 autem
2653 1500 2857 1557 servire
2892 1504 3049 1562 idolis
3076 1508 3489 1572 fornicationem

1918 1579 2238 1648 appellavit,
2283 1593 2469 1653 aperte
2496 1602 2597 1643 nos
2627 1591 2826 1647 docens
2862 1596 2988 1665 quia
3017 1608 3231 1657 nostras
3277 1607 3489 1683 animus

1912 1666 2057 1722 Deus
2085 1671 2187 1725 sibi
2223 1673 2292 1728 ad
2336 1675 2563 1731 salutem
2588 1678 2910 1751 despondit,
2941 1695 2997 1740 et
3044 1689 3166 1746 ideo
3200 1682 3487 1754 fornicatio

1839 1753 1885 1812 B
1911 1756 2113 1813 dicitur
2152 1763 2220 1817 ab
2253 1763 2343 1819 illo
2376 1765 2656 1824 discessio.
2686 1772 2912 1845 Insuper
2954 1785 3125 1835 terret
3167 1799 3259 1840 eos
3304 1790 3394 1857 qui
3431 1753 3484 1845 in

1913 1862 2078 1904 carne
2119 1849 2477 1922 fornicantur,
2502 1867 2558 1912 et
2594 1860 2749 1917 docet
2790 1867 2948 1935 quale
2987 1881 3070 1925 est
3108 1849 3485 1937 fornicationis

1909 1946 2213 2006 peccatum,
2238 1953 2297 1997 ut
2325 1945 2591 2003 idolorum
2620 1952 2824 2008 cultum
2862 1956 3299 2033 fornicationem,
3329 1980 3384 2024 et
3411 1973 3480 2028 ad

1906 2025 2181 2085 daemones
2209 2033 2519 2104 confugium
2549 2037 2961 2102 fornicationem
2984 2053 3308 2123 nominaret,
3334 2069 3390 2115 et
3411 2066 3478 2117 ad

1906 2115 2051 2184 ipsos
2081 2119 2302 2176 dicens:
2332 2122 2504 2180 Homo
2528 2129 2594 2206 de
2620 2130 2747 2198 ﬁliis
2773 2131 2961 2202 Israel,
2984 2148 3033 2192 et
3060 2142 3125 2194 de
3152 2115 3371 2203 adveni!
3388 2115 3480 2221 qui

1902 2212 2301 2280 peregrinantur
2318 2219 2460 2287 apud
2482 2238 2587 2289 vos,
2610 2226 2701 2294 qui
2724 2227 2963 2285 obtulerit
2984 2233 3347 2296 holocaustum
3373 2212 3477 2299 sive

1894 2297 2165 2354 ‘victintam
2190 2343 2202 2366 ,
2243 2314 2293 2358 et
2338 2308 2409 2361 ad
2441 2312 2631 2366 ostium
2673 2317 2996 2375 tabernaculi
3045 2329 3331 2386 testimonii
3371 2352 3473 2392 non

1902 2390 2182 2449 adduxerit
2204 2415 2338 2465 eam,
2359 2412 2415 2455 ut
2430 2404 2682 2473 oﬂ'eratur
2693 2409 2942 2481 Domino,
2964 2417 3191 2479 interibit
3207 2424 3270 2478 de
3281 2431 3471 2498 popqu

1898 2496 2014 2535 tuo.
2040 2483 2149 2554 (Ex
2175 2489 2398 2565 eodem.)
2426 2494 2493 2550 Et
2516 2497 2562 2551 si
2589 2500 2779 2556 eadem
2812 2504 2991 2562 dicere
3029 2483 3300 2581 legislator
3326 2483 3473 2573 vide-

1899 2576 2008 2638 tur,
2034 2586 2404 2637 verumtamen
2430 2587 2685 2655 populum
2704 2631 2720 2656 ,
2756 2593 2842 2647 cui
2875 2597 2944 2651 ah
2973 2613 3037 2653 eo
3067 2576 3150 2655 lex
3178 2603 3471 2675 imponitur

1896 2668 2110 2760 cautum
2154 2667 2364 2736 reddit,
2406 2675 2593 2730 eadem
2638 2681 2836 2751 quippe
2888 2683 3200 2758 frequenter
3248 2667 3463 2760 dicens.

1886 2752 2129 2808 ostendit
2152 2755 2256 2812 hoc
2284 2765 2597 2820 mandatum
2630 2776 2995 2831 necessarium
3018 2795 3167 2846 esse,
3196 2785 3467 2859 nimisque

1890 2839 2055 2905 utile;
2087 2857 2459 2906 verumtamen
2486 2870 2587 2910 nec
2616 2856 2821 2915 frustra
2850 2865 2918 2918 ad
2946 2866 3120 2935 ipsum
3157 2888 3344 2930 rursus
3365 2839 3454 2932 ἷίἰυ

1891 2930 1996 2997 cit,
2027 2935 2121 2989 sed
2162 2952 2325 3007 supra
2354 2945 2573 3012 quidem
2615 2951 2949 3011 occidentem
2994 2961 3363 3034 solummodo,
3402 2982 3460 3025 ut

1889 3022 2106 3092 aliquod
2134 3024 2338 3085 faceret
2363 3035 2708 3105 sacriﬁcium,
2735 3059 2840 3099 non
2872 3055 3051 3106 tamen
3073 3057 3382 3115 omnimodo
3402 3073 3457 3117 et

1888 3111 2094 3181 reliqua
2115 3119 2366 3176 sacriﬁcii
2394 3123 2674 3182 facientem
2697 3147 2871 3202 paena:
2894 3139 3146 3209 subjecit;
3166 3147 3241 3202 ait
3267 3152 3409 3206 enim
3438 3171 3452 3208 :

1890 3198 1995 3264 Qui
2019 3206 2265 3260 occiderit
2292 3209 2466 3266 bovem
2493 3226 2585 3268 aut
2613 3234 2774 3286 ovem,
2798 3225 2904 3280 sive
2932 3228 2986 3283 in
3006 3235 3192 3289 castris
3209 3240 3289 3294 vel
3309 3253 3456 3297 extra

1885 3301 2079 3358 castra,
2107 3305 2155 3348 et
2181 3313 2283 3352 non
2305 3300 2547 3358 obtulerit
2570 3309 2638 3360 ad
2668 3316 2857 3368 ostium
2886 3318 3215 3379 tabernaculi
3241 3329 3458 3387 oblatio-

1882 3397 1999 3435 nem
2045 3383 2288 3442 Domino.
2319 3390 2394 3446 Ibi
2426 3398 2730 3464 prohibitus
2759 3404 3078 3479 intelligitur
3107 3416 3175 3469 ab
3212 3433 3277 3473 eo
3315 3383 3455 3492 qia.

1877 3475 2130 3541 "tentavit,
2165 3476 2252 3534 hic
2278 3491 2460 3537 autem
2505 3503 2609 3543 non
2641 3490 2745 3557 ita;
2785 3496 2879 3550 sed
2917 3475 3010 3568 qui
3051 3502 3306 3560 obtulerit
3333 3475 3451 3564 lbo-

1876 3558 2180 3618 locaustum
2237 3569 2350 3624 sive
2400 3573 2710 3644 victimam,
2755 3591 2809 3637 et
2858 3558 3158 3644 ad-ostium
3197 3594 3449 3651 taberna-

1879 3651 1983 3704 culi
2022 3655 2313 3713 testimonii
2344 3677 2451 3716 non
2480 3667 2766 3725 adduxerit
2790 3688 2911 3728 eam
2931 3718 2944 3740 ,
2978 3686 3038 3733 ut
3065 3680 3322 3741 olieratur
3348 3689 3452 3743 Do~

1877 3739 2048 3807 mino,
2076 3757 2509 3807 consummatum
2542 3755 2653 3811 sive
2679 3762 2979 3828 perfectum
3010 3770 3337 3829 sacriﬁcium
3366 3780 3444 3833 di-

1876 3845 2025 3898 cens,
2046 3834 2312 3893 intantum
2337 3851 2395 3896 ut
2414 3844 2786 3906 holocaustum
2810 3853 2982 3921 ﬁeret,
3004 3864 3245 3919 eamdem
3268 3875 3446 3925 tamen

1872 3924 2007 3979 etin
2045 3927 2149 3982 hoc
2176 3945 2391 3999 poenam
2420 3943 2695 4010 princepit.
2725 3944 2827 4012 Qui
2871 3950 3015 4005 enim
3065 3954 3276 4012 initium
3320 3961 3447 4017 fecit

1874 4013 1975 4069 hoc
1996 4023 2320 4077 attrectandi
2349 4034 2403 4079 et
2426 4029 2730 4095 prohibitus
2758 4044 2862 4103 est,
2894 4039 3029 4093 nihil
3056 4044 3267 4101 differet
3290 4013 3364 4104 ab
3380 4067 3445 4106 eo

1873 4106 1965 4174 qui
1992 4111 2299 4181 complevit.
2331 4114 2437 4171 Sed
2481 4128 2534 4173 et
2576 4124 2857 4194 utriusque
2896 4142 3053 4197 paena
3102 4137 3332 4204 perditio
3375 4141 3440 4195 de

1872 4199 2068 4267 pepulo
2093 4211 2194 4266 est,
2222 4204 2295 4258 ita
2322 4215 2380 4261 ut
2411 4224 2515 4263 non
2544 4216 2714 4281 possit
2744 4218 2883 4272 ultra
2917 4221 3003 4276 hic
3037 4199 3318 4297 in-populo
3350 4231 3442 4285 tle-

1870 4303 2021 4357 gere,
2046 4307 2219 4361 neque
2243 4297 2307 4351 de
2334 4299 2748 4360 circumcisione
2788 4308 3007 4377 gloriari
3046 4330 3218 4384 neque
3249 4318 3313 4372 de
3349 4336 3441 4391 ge-

1870 4392 2001 4432 nere
2023 4380 2294 4438 Abraham
2317 4390 2664 4460 semetipsum
2684 4410 2902 4462 ornare,
2928 4409 3021 4455 aut
3046 4402 3285 4462 Israelita
3312 4410 3437 4478 dici,

2509 4453 2526 4460 _
2890 4453 2900 4462 .
3007 4453 3018 4455 -
3048 4453 3285 4462 η--τ--ν-
3313 4453 3437 4478 νιν-ι

191 4454 534 4523 patientium,
562 4466 618 4512 et
642 4459 976 4530 leprosorum
994 4506 1008 4530 ,
1038 4474 1093 4519 et
1123 4476 1576 4524 menstruatarum
1595 4512 1610 4536 ,
1638 4474 1763 4541 quia
1793 4453 1844 4513 D
1871 4466 1965 4520 sed
1992 4468 2136 4523 inter
2157 4476 2474 4544 praeputium
2505 4480 2766 4540 habentes
2797 4496 2852 4540 et
2878 4488 3210 4562 alienigenas
3234 4502 3437 4555 consti—

191 4550 242 4594 et
260 4544 381 4601 haec
402 4560 504 4617 per
529 4548 794 4606 sacriﬁcia
815 4551 1064 4609 effectum
1092 4557 1295 4612 habent
1312 4575 1327 4624 ;
1342 4560 1606 4617 similiter
1624 4562 1765 4636 Azy-

190 4647 292 4700 tua,
323 4644 385 4691 et
414 4636 703 4707 figuratum
733 4639 939 4697 Pascha
959 4685 972 4706 ,
1001 4644 1363 4718 Scenopegia,
1386 4648 1758 4718 Pentecosten,

187 4737 284 4778 nec
304 4739 419 4780 non
450 4724 756 4784 Neomenia:
779 4739 835 4785 et
856 4730 1123 4802 Sabbata;
1160 4739 1445 4807 oportebat
1467 4741 1611 4796 enim
1640 4757 1759 4797 om-

186 4818 407 4876 nimodo
445 4821 712 4878 sacrificia
744 4825 911 4881 etiam
940 4828 993 4882 in
1020 4828 1140 4885 istis
1174 4830 1356 4886 offerri
1380 4847 1394 4885 :
1419 4834 1546 4903 'quia
1578 4843 1759 4890 autem

188 4909 301 4967 hau:
335 4914 726 4984 mysteriorum
754 4915 984 4973 Domino
1020 4920 1409 4988 implendorum
1441 4922 1641 4996 ﬁguras
1669 4927 1762 4981 ha-

185 5002 408 5070 bebant,
433 5006 488 5060 in
510 5007 876 5076 superioribus
897 5010 1225 5069 sufficienter
1245 5017 1593 5073 ostendimus.
1621 5019 1761 5089 Ergo

186 5096 498 5164 quicunque
533 5104 591 5150 et
635 5112 778 5152 nunc
821 5098 1022 5170 ﬁguras
1061 5116 1318 5172 peragere
1364 5106 1620 5167 destructi
1664 5126 1745 5165 co-

188 5194 388 5241 nantur
412 5186 535 5251 loci,
570 5190 889 5260 sanguinem
915 5190 1210 5260 eﬂ‘undunt,
1234 5194 1404 5261 idest,
1423 5213 1763 5259 communem

186 5280 658 5335 conversationem
685 5283 949 5352 polluunt,
974 5286 1027 5340 in
1053 5290 1327 5344 communi
1353 5302 1598 5361 peccant,
1623 5295 1763 5349 sicut

185 5377 239 5420 et
256 5370 313 5424 hi
337 5373 429 5441 qui
453 5374 771 5445 sanguinem
793 5375 1043 5443 fundunt,
1069 5380 1423 5452 similiterque
1443 5385 1757 5455 sanguinem

185 5460 302 5528 eius
322 5465 416 5532 qui
443 5464 511 5518 ab
529 5465 609 5519 eis
633 5465 685 5519 in
706 5481 948 5522 errorem
966 5470 1214 5534 mittitur,
1234 5471 1483 5538 fundunt,
1499 5475 1759 5542 perditio-

186 5555 270 5607 nis
290 5556 438 5607 enim
459 5556 510 5609 ei
538 5571 700 5610 causa
724 5557 1044 5614 efficiuntur.
1074 5561 1139 5615 Et
1161 5580 1485 5634 nequaquam
1508 5565 1645 5619 ultra
1668 5567 1759 5621 im-

190 5645 461 5699 molabant
474 5648 669 5701 hostias
691 5663 814 5703 suas
830 5649 1169 5718 damonilrus,
1189 5668 1301 5705 cum
1316 5653 1501 5723 quibus
1513 5654 1758 5722 fornicati

1867 4562 2086 4611 tuatur:
2117 4558 2219 4615 hoc
2251 4572 2335 4617 est
2368 4566 2605 4639 disperdi
2644 4577 2948 4645 quempiam
2991 4558 3069 4635 de.
3092 4585 3289 4654 populo
3315 4604 3432 4644 suo.

1866 4643 1972 4701 Sed
2000 4649 2163 4703 etiam
2211 4652 2341 4709 illud
2373 4672 2483 4726 prae
2511 4663 2760 4720 omnibus
2804 4643 2980 4723 notari
3020 4643 3251 4742 oportet,
3289 4682 3430 4748 quod

1866 4750 1972 4791 non
2002 4738 2174 4793 solum
2197 4757 2290 4796 eos
2314 4746 2403 4813 qui
2429 4762 2495 4801 ex
2527 4748 2652 4805 ﬁliis
2676 4751 2838 4809 Israel
2870 4766 3016 4823 sunt,
3040 4738 3157 4815 hinc
3176 4738 3432 4837 praecepit

1869 4829 2169 4896 custodire,
2200 4833 2293 4887 sed
2318 4851 2441 4890 cum
2469 4838 2616 4908 ipsos
2656 4850 2711 4896 et
2737 4845 3072 4918 proselytos,
3117 4829 3231 4906 sive
3273 4829 3435 4909 adve-

1866 4931 1964 4972 nas
1996 4921 2085 4989 qui
2112 4925 2529 4994 peregrinantur
2557 4930 2698 4987 inter
2727 4948 2841 5000 eos,
2863 4935 2918 4991 id
2938 4948 3054 5006 est,
3086 4944 3342 5012 gentiles;
3375 4946 3431 5002 hi

1865 5009 2008 5063 enim
2030 5026 2135 5065 non
2162 5014 2242 5067 eis
2268 5014 2535 5084 conjuncti
2558 5030 2704 5088 sunt,
2729 5025 2823 5080 sed
2845 5027 2984 5097 apud
3010 5045 3103 5085 eos
3133 5043 3279 5102 sunt,
3306 5036 3428 5107 quia

1865 5099 2004 5167 apud
2044 5115 2137 5156 eos
2182 5105 2397 5171 quidem
2434 5122 2655 5177 sumus,
2692 5121 2752 5167 ut
2788 5126 2914 5185 pote
2961 5118 3132 5188 legem
3166 5139 3429 5181 eorumct

1862 5191 2172 5260 prophetas,
2198 5203 2253 5249 et
2275 5194 2595 5265 promissam
2623 5204 2701 5258 eis
2728 5205 3095 5265 [nereditatem
3134 5214 3393 5271 habentes
3412 5257 3424 5277 .

1862 5284 2197 5342 adhaeremus
2223 5297 2400 5345 autem
2443 5308 2548 5347 non
2573 5295 2705 5365 ipsis
2734 5300 2825 5353 sed
2856 5299 2986 5355 Deo.
3036 5302 3302 5359 Printerea
3340 5318 3425 5358 sc-

1862 5375 2094 5429 cundum
2119 5376 2259 5432 LXX
2281 5380 2434 5435 homo
2461 5383 2612 5437 homo
2633 5385 2781 5453 dicit,
2808 5404 2930 5443 cum
2955 5390 3143 5448 liceret
3171 5384 3429 5462 simplici;

1862 5477 1945 5522 ter
1991 5469 2171 5524 dicere
2206 5470 2507 5542 hominem;
2553 5476 2789 5546 duplicat
2833 5486 3039 5543 tamen,
3080 5488 3138 5533 ut
3179 5483 3428 5540 ostendat

1860 5568 1969 5614 tam
1991 5578 2113 5617 eum
2142 5564 2231 5633 qui
2258 5565 2310 5619 in
2341 5566 2756 5624 circumcisione
2782 5585 2941 5638 quam
2967 5569 3056 5636 qui
3084 5569 3136 5622 in
3160 5572 3426 5642 praeputio

1859 5657 2093 5713 adhaeret
2130 5658 2269 5723 Deo,
2300 5660 2403 5714 hoc
2431 5660 2628 5715 debere
2658 5662 2932 5717 custodire
2967 5662 3299 5719 mandatum.
3330 5665 3430 5721 Sc-
