3918 6180
441 269 541 324 431

1095 261 1157 315 Β.
1201 258 1452 314 RABANI
1495 254 1710 310 MAURI
1751 252 2066 309 ARCHIEP.
2111 249 2418 308 MOGUNT.
2459 248 2742 305 OPERUM
2781 245 2961 301 PARS
2995 246 3035 300 l.

3591 247 3692 300 £59.

437 379 671 435 cumtum
697 392 824 432 vero
850 375 1085 429 litteram
1114 373 1242 426 illud
1267 372 1409 441 quod
1434 371 1585 436 dicit,
1605 371 1906 440 quicunque
1935 384 2016 420 oc-
2043 371 2091 426 Α
2119 363 2362 419 mortalis
2393 363 2585 416 animre
2616 371 2828 423 natura,
2861 375 2980 429 qua:
3009 358 3187 414 ablata
3213 367 3294 412 est
3326 359 3395 411 ab
3421 357 3625 429 angelis
3646 360 3698 414 in

439 473 622 526 ciderit
655 469 852 533 bovem,
877 475 966 520 aut
997 481 1157 527 ovem,
1191 472 1282 516 aut
1315 478 1524 532 capram
1546 502 1560 525 ,
1585 463 1687 514 sive
1720 461 1771 513 in
1798 459 2008 522 castris,

438 566 543 619 sive
565 572 712 617 extra
737 569 929 625 castra,
957 567 1004 612 et
1035 574 1137 610 non
1167 553 1408 609 obtulerit
1437 555 1505 607 ad
1533 554 1719 607 ostium
1767 551 2012 604 taberna-

439 653 546 707 culi
572 651 883 705 oblationem
910 648 1158 712 Domino,
1187 654 1293 700 etc.
1326 644 1433 716 (Ea:
1453 642 1792 714 Augustino.)
1816 641 1932 696 Non
1949 642 2015 696 de

436 745 524 798 his
569 741 702 797 dicit
746 755 866 810 qua:
911 737 1234 792 occiduntur
1261 735 1330 789 ad
1364 750 1520 788 usum
1559 732 1811 787 vescendi
1840 730 1926 787 vel
1968 730 2015 785 si

441 834 570 902 quid
597 831 759 896 aliud,
785 831 880 884 sed
909 829 973 883 de
1004 826 1303 882 sacriﬁciis.
1329 824 1609 879 Prohibuit
1632 824 1776 876 enim
1803 822 2015 892 privata

437 923 726 987 sacriﬁcia,
751 937 816 976 ne
842 920 942 974 sibi
961 919 1186 988 quisque
1205 915 1600 986 quodammodo
1621 913 1875 968 sacerdos
1897 926 2018 966 esse

443 1014 665 1078 audeat,
712 1011 806 1066 sed
835 1009 960 1064 illuc
991 1007 1213 1072 ollerat,
1247 1006 1338 1060 ubi
1375 1020 1470 1074 per
1514 1004 1849 1058 sacerdotem
1887 1001 2018 1054 oll'e—

442 1112 635 1160 runtur
654 1102 797 1166 Deo;
828 1100 902 1154 ita
928 1099 1072 1152 enim
1112 1111 1212 1151 nec
1244 1096 1398 1149 vanis
1435 1093 1846 1162 sacriﬁcabunt,
1891 1107 2017 1145 nam

441 1205 496 1249 et
535 1195 637 1249 hoc
691 1191 744 1246 in
783 1205 846 1244 ea
895 1186 1282 1243 consuetudine
1317 1183 1617 1238 cavendum
1675 1180 2015 1250 prmmonuit.

441 1285 574 1341 Cum
602 1297 729 1353 ergo
757 1297 863 1336 non
895 1280 1083 1334 liceret
1104 1275 1283 1332 oll‘erri
1315 1272 1578 1330 sacriﬁcia
1610 1271 1714 1324 nisi
1759 1271 1811 1323 in
1842 1270 2021 1323 taber-

443 1374 664 1437 naculo,
692 1373 778 1428 cui
820 1369 1077 1440 templum
1121 1375 1306 1437 postea
1335 1364 1599 1436 successit
1626 1381 1637 1414 :
1666 1361 1806 1414 unde
1837 1368 1890 1413 et
1925 1373 2020 1412 rex

441 1467 608 1522 lsrael
630 1464 916 1520 Jeroboam
943 1461 1142 1515 vitulos
1173 1459 1354 1513 facere
1376 1471 1541 1510 ausus
1569 1462 1682 1518 est,
1705 1451 1899 1522 quibus
1927 1465 2022 1520 po-

437 1557 599 1626 pulus
636 1551 988 1616 sacrificaret,
1022 1567 1089 1604 ne
1112 1548 1273 1617 hujus
1305 1545 1440 1615 legis
1466 1543 1788 1598 necessitate
1822 1541 2020 1595 educe-

444 1655 632 1701 rentur
659 1643 724 1698 ab
751 1658 815 1697 eo
847 1641 936 1710 qui
961 1640 1060 1694 sub
1087 1653 1254 1707 regno
1283 1636 1399 1704 ejus
1422 1642 1610 1696 erant,
1641 1633 1765 1686 dum
1788 1637 2021 1701 pergunt

2115 455 2235 508 sinu
2269 453 2516 518 Abralue,
2549 463 2604 507 et
2651 453 2736 506 cui
2773 451 2992 515 dicitur,
3043 449 3214 502 Hodie
3256 465 3457 502 mecum
3502 449 3604 501 eris
3645 451 3698 501 in

2114 543 2386 612 paradiso,
2415 552 2468 597 et
2501 557 2620 612 quce
2670 541 2722 594 in
2759 539 3037 594 tormentis
3083 539 3308 593 ardebat
3352 537 3570 592 inferni.
3605 535 3700 592 Se-

2122 632 2358 686 cundum
2385 631 2545 685 istam
2595 643 2723 698 ergo
2752 626 3197 698 signiﬁcationem
3235 640 3340 695 qua
3387 625 3700 694 perhibetur

2118 721 2296 774 anima
2337 721 2498 777 etiam
2546 719 2660 772 haec
2709 717 3018 788 temporalis
3063 717 3198 782 vita,
3245 716 3382 770 dixit
3429 715 3703 786 apostolus

2117 811 2353 866 Paulus:
2396 810 2518 863 Non
2563 809 2700 862 enim
2747 809 2884 879 facio
2927 809 3159 862 animam
3203 824 3371 861 meam
3418 809 3698 877 pretiosam

2118 899 2246 954 mihi
2270 897 2409 968 (Act.
2439 897 2564 969 xx);
2615 898 2706 952 ubi
2739 913 2798 952 se
2837 896 3122 952 ostendere
3149 897 3393 951 voluitet
3425 897 3564 951 mori
3609 912 3702 965 pa-

2120 999 2297 1044 ratum
2325 1003 2424 1058 pro
2465 987 2757 1058 Evangelia
2803 1005 2816 1040 :
2865 1003 2989 1041 nam
3030 987 3326 1042 secundum
3356 987 3701 1057 signiﬁcatio-

2119 1097 2243 1136 nem
2271 1096 2373 1149 qua
2418 1080 2594 1134 anima
2631 1081 2827 1134 dicitur
2857 1079 2945 1132 illa
2975 1094 3094 1149 qua:
3133 1079 3328 1149 migrat
3356 1094 3422 1132 ex
3454 1092 3698 1147 corpore,

2120 1175 2293 1245 magis
2325 1189 2445 1228 eam
2485 1174 2787 1248 pretiosam
2819 1172 3070 1237 faciebat,
3101 1173 3188 1228 cui
3221 1180 3427 1227 tantum
3455 1175 3701 1227 meritum

2120 1265 2490 1335 conquirebat.
2554 1265 2663 1335 (Ea;
2697 1263 3004 1335 Hesychia.)
3060 1264 3330 1320 Praeterea
3389 1265 3701 1335 sanguinem

2120 1358 2336 1427 quidem
2375 1357 2592 1426 proprie
2623 1356 2994 1421 homicidium,
3026 1371 3242 1411 omnem
3266 1364 3445 1409 autem
3491 1354 3702 1425 sangui-

2120 1463 2243 1503 nem
2273 1462 2432 1502 omne
2473 1445 2771 1500 fraternum
2804 1446 2985 1500 odium
3012 1445 3410 1515 intelligamus:
3446 1444 3586 1509 Quia
3620 1444 3702 1513 qui

2120 1537 2229 1590 odit
2275 1535 2491 1604 fratrem
2520 1550 2674 1587 suum
2701 1534 2963 1587 homicida
2991 1543 3064 1587 est
3092 1533 3232 1587 sicut
3258 1531 3496 1588 Joannes
3539 1532 3704 1601 scrip-

2122 1627 2194 1682 sit
2241 1625 2291 1697 (I
2317 1624 2478 1679 Joan.
2525 1625 2628 1696 ιιι).
2681 1625 2920 1678 Dicimus
2966 1638 3095 1692 ergo
3129 1637 3344 1678 omnem
3391 1625 3703 1695 sanguinem

446 1736 806 1800 Hierusalem,
833 1741 893 1788 ut
914 1733 967 1787 in
997 1731 1194 1800 templo
1215 1729 1310 1783 Dei
1333 1726 1589 1781 oll‘errent
1609 1723 1874 1779 sacriﬁcia
1901 1736 2020 1787 sua,
2050 1711 2097 1769 B
2128 1715 2446 1785 injustitiam
2473 1714 2805 1778 dolosorum,
2833 1714 3002 1767 virum
3027 1713 3164 1766 enim
3188 1713 3503 1783 sanguinum
3535 1724 3583 1766 et
3611 1715 3705 1766 do-

447 1831 499 1883 in
537 1843 643 1898 quo
685 1825 846 1891 facto,
891 1840 921 1878 a
967 1823 1197 1876 Domino
1241 1819 1627 1874 condemnatus
1673 1815 1790 1870 est?
1835 1813 2026 1867 Merito

445 1919 706 1988 quaeritur
755 1915 1026 1986 quomodo
1072 1912 1220 1966 licite
1261 1907 1650 1964 sacriﬁcaverit
1688 1905 1834 1959 Elias
1870 1912 2025 1958 extra

449 2009 704 2078 templum
735 2007 852 2071 Dei,
886 2003 1102 2074 quando
1131 2009 1186 2056 et
1213 2002 1392 2070 ignem
1425 2000 1490 2053 de
1517 1998 1656 2054 cmlo
1683 1994 2022 2066 impetravit,

445 2109 499 2154 et
521 2100 812 2170 prophetas
837 2094 1224 2151 daemoniorum
1249 2089 1519 2145 convicit?
1554 2087 1706 2154 Quod
1745 2085 1876 2140 mihi
1918 2098 2026 2137 non

445 2193 660 2247 videtur
689 2190 793 2244 alia
825 2187 1035 2242 ratione
1067 2183 1304 2248 defendi,
1328 2197 1488 2251 quam
1527 2179 1614 2233 illa
1643 2193 1749 2248 qua
1780 2175 2027 2231 defendi-

447 2295 537 2339 tur
562 2292 616 2337 et
645 2281 877 2336 Abraba:
917 2279 1118 2333 factum
1140 2318 1155 2341 ,
1183 2275 1327 2346 quod
1366 2273 1536 2328 ﬁlium
1566 2272 1675 2326 Deo
1707 2271 1892 2341 jussus
1929 2284 2027 2324 vo-

447 2375 549 2428 luit
578 2372 877 2427 immolare.
901 2369 1036 2425 Cum
1060 2369 1204 2424 enim
1227 2367 1383 2437 jubet
1407 2365 1497 2420 ille
1516 2363 1607 2433 qui
1636 2363 1806 2434 legem
1829 2361 2030 2416 consti-

450 2462 552 2515 tuit
579 2461 782 2530 aliquid
819 2458 937 2514 ﬁeri
967 2457 1110 2528 quod
1145 2457 1198 2510 in
1234 2456 1352 2525 lege
1379 2452 1690 2524 prohibuit,
1713 2451 1887 2522 jussio
1912 2451 2029 2520 ipsa

449 2567 548 2621 pro
592 2552 707 2620 lege
756 2549 1001 2612 habetur,
1049 2547 1305 2617 quoniam
1352 2554 1542 2599 auctor
1589 2553 1673 2599 est
1719 2543 1870 2614 legis.
1914 2541 2031 2596 Non

449 2643 595 2696 enim
637 2641 828 2695 deesse
870 2645 1092 2710 possent
1136 2635 1397 2691 miracula
1445 2635 1549 2689 alia
1587 2643 1783 2704 prteter
1822 2631 2032 2688 sacriﬁ-

455 2731 598 2785 cium
629 2770 642 2794 ,
682 2729 876 2798 quibus
905 2735 1290 2797 superarentur
1315 2734 1371 2780 et
1405 2725 1856 2779 convincerentur
1901 2737 2033 2794 pro-

456 2822 634 2890 pheta:
661 2819 928 2883 lucorum,
957 2817 1052 2872 sed
1081 2816 1303 2887 spiritus
1332 2815 1425 2869 Dei
1453 2815 1545 2884 qui
1581 2813 1758 2868 fuerat
1792 2814 1846 2867 in
1881 2813 2029 2879 Elia,

450 2909 714 2980 quidquid
746 2910 800 2963 in
830 2909 931 2963 hac
965 2923 1024 2963 re
1051 2906 1198 2974 fecit,
1228 2914 1414 2962 contra
1454 2906 1625 2978 legem
1663 2919 1783 2961 esse
1807 2921 1915 2961 non
1941 2919 2034 2975 po-

457 3009 577 3066 test,
602 3001 727 3070 quia
750 2999 904 3055 dator
933 3007 1014 3054 est
1043 2997 1195 3069 legis.

1047 3087 1275 3143 CAPUT
1310 3087 1442 3142 Vill.

824 3179 899 3231 De
925 3178 1177 3246 sanguine
1201 3193 1304 3230 non
1329 3176 1664 3231 comedenda.

524 3269 700 3341 (Ιιιιυ.)
737 3269 903 3322 Homo
933 3267 1144 3336 quilibet
1175 3266 1238 3319 de
1260 3266 1414 3319 domo
1452 3264 1622 3319 Israel
1660 3273 1708 3318 et
1736 3265 1800 3317 de
1825 3264 2035 3318 advenis

453 3365 542 3433 qui
567 3361 963 3430 peregrinantur
1002 3359 1135 3411 inter
1163 3373 1270 3420 eos,
1315 3359 1362 3410 si
1405 3355 1681 3409 comederit
1709 3355 2034 3424 sanguinem,

455 3449 740 3520 obﬁrmabo
772 3448 958 3517 faciem
984 3462 1149 3500 meam
1187 3455 1367 3499 contra
1391 3445 1621 3498 animam
1651 3443 1813 3508 illius,
1838 3454 1886 3497 et
1923 3445 2035 3497 dis-

454 3543 668 3613 perdam
693 3556 807 3594 eam
834 3539 898 3592 de
916 3536 1105 3609 populo
1135 3553 1250 3602 suo,
1281 3537 1403 3606 quia
1430 3535 1606 3588 anima
1631 3534 1806 3588 carnis
1832 3535 1886 3586 in
1914 3551 2038 3587 san-

453 3633 610 3702 guine
631 3639 724 3694 est,
751 3638 798 3682 et
820 3645 911 3698 ego
950 3627 1070 3680 dedi
1097 3626 1240 3678 illam
1271 3625 1406 3679 vobis
1434 3635 1486 3678 ut
1512 3641 1669 3694 super
1697 3624 1866 3678 altare
1891 3624 1946 3677 in
1977 3641 2036 3678 eo

453 3721 668 3790 expietis
697 3734 789 3788 pro
819 3716 1091 3770 animabus
1135 3715 1334 3778 vestris,
1367 3722 1414 3767 et
1455 3712 1670 3782 sanguis
1714 3727 1807 3782 pro
1847 3713 2037 3765 anima:

454 3810 662 3881 piaculo
683 3809 770 3862 sit.
801 3807 1010 3860 Idcirco
1032 3805 1143 3859 dixi
1177 3805 1301 3872 filiis
1331 3802 1501 3857 Israel
1524 3817 1540 3854 :
1570 3799 1753 3856 Omnis
1776 3802 1953 3854 anima
1974 3817 2038 3855 ea:

455 3903 597 3955 vobis
627 3917 726 3954 non
755 3897 981 3952 comedet
1007 3897 1337 3965 sanguinem,
1361 3911 1450 3948 nec
1471 3910 1534 3946 ex
1555 3893 1766 3947 advenis
1783 3893 1872 3962 qui
1894 3909 2039 3961 pere-

456 3992 733 4063 grinantur
755 3990 888 4042 inter
911 4003 1016 4041 vos.
1043 3985 1150 4056 (Ex
1175 3983 1480 4055 Hesychia.)
1504 3982 1848 4054 Septuaginta
1873 3982 2052 4036 etiam

458 4079 733 4143 incedunt,
792 4075 984 4140 Homo,
1015 4075 1190 4140 homo,
1220 4073 1363 4144 quod
1392 4073 1660 4142 quomodo
1686 4080 1931 4143 oporteat
1959 4074 2039 4126 in-

457 4171 620 4241 telligi
647 4172 893 4240 superius
926 4168 1178 4223 diximus.
1210 4167 1351 4238 Ergo
1376 4173 1590 4236 Oportet
1616 4164 1853 4218 mandati
1882 4162 2038 4232 hujus

454 4263 618 4316 etiam
647 4260 878 4314 litteram
907 4257 1176 4312 custodire
1203 4265 1258 4310 et
1285 4255 1589 4310 nullatenus
1615 4253 1894 4308 comedere
1916 4269 2040 4308 san-

455 4349 670 4418 guinem
698 4348 834 4402 :hoc
861 4346 1005 4401 enim
1037 4353 1092 4399 et
1128 4345 1396 4415 apostolos
1425 4344 1663 4399 invenies
1698 4344 2037 4414 praecepisse,

457 4439 668 4508 quando
702 4437 767 4492 de
795 4435 1115 4505 quibusdam
1144 4433 1380 4489 Judaicis
1409 4435 1877 4490 observationibus
1904 4451 2035 4490 cono

458 4530 696 4583 tentione
723 4529 776 4582 in
801 4526 1149 4581 Antiochensi
1175 4527 1417 4581 Ecclesia
1452 4526 1590 4580 facta
1635 4527 1702 4581 ad
1739 4541 1834 4581 eos
1869 4527 2038 4580 relata

457 4625 541 4670 est
560 4616 806 4684 qumstiu,
840 4615 932 4684 qui
959 4615 1130 4685 legem
1154 4623 1464 4684 posuerunt,
1497 4615 1765 4670 solventes
1795 4616 2041 4684 quaestio-

458 4719 582 4758 nem
631 4706 768 4759 hanc
812 4716 866 4759 ct
917 4705 1275 4759 deﬁnientes:
1313 4701 1492 4757 Visum
1537 4714 1612 4758 est
1662 4721 1781 4773 ergo
1819 4703 2040 4774 Spiritui

459 4803 660 4858 sancto,
695 4802 740 4846 et
779 4794 946 4858 nobis,
984 4793 1110 4846 nihil
1139 4792 1362 4862 amplius
1405 4794 1665 4862 imponere
1693 4793 1830 4846 vobis
1870 4796 2040 4848 oneris

459 4896 616 4953 quam
643 4881 753 4935 hwc
775 4881 1085 4944 necessaria,
1129 4892 1183 4934 ut
1225 4881 1525 4934 abstineatis
1558 4898 1641 4934 vos
1669 4882 1732 4935 ab
1763 4882 2043 4939 immolatis

457 4967 859 5025 simulacrorum
886 4979 932 5023 et
961 4972 1234 5039 sanguine,
1255 4981 1302 5023 et
1328 4971 1604 5038 suﬂocato,
1629 4982 1676 5024 et
1697 4971 2042 5039 fornicatione

463 5058 602 5129 (Act.
629 5060 740 5130 xv).
774 5058 882 5130 [Ex
927 5058 1263 5130 Augustino.]
1303 5059 1472 5113 V'itale
1505 5060 1707 5129 aliquid
1733 5061 1891 5115 estin
1916 5077 2040 5117 san-

463 5149 644 5220 guine,
671 5147 794 5217 quia
820 5161 916 5216 per
943 5146 1116 5216 ipsum
1145 5147 1378 5201 maxime
1402 5147 1456 5201 in
1482 5147 1582 5202 hac
1615 5164 1780 5204 carne
1819 5149 2034 5217 vivitur,

463 5242 554 5311 qui
586 5242 638 5295 in
660 5239 911 5295 omnibus
931 5239 1081 5293 venis
1105 5254 1201 5308 per
1223 5240 1466 5307 corporis
1487 5248 1679 5295 cuncta
1700 5241 2030 5298 diﬁunditur.

463 5336 638 5406 Ipsam
667 5333 834 5387 vitam
883 5331 1128 5400 corporis
1165 5321 1392 5385 vocavit.
1422 5332 1682 5398 animam,
1728 5349 1833 5388 non
1870 5335 2033 5390 vitam

461 5441 580 5494 qure
608 5425 803 5494 migrat
831 5437 894 5477 ex
925 5437 1174 5491 corpore.
1203 5423 1296 5476 sed
1322 5437 1441 5491 qua:
1463 5432 1635 5478 morte
1675 5422 1896 5488 ﬁnitur;
1928 5439 2033 5492 qua

462 5517 728 5570 locutione
749 5515 976 5569 dicimus
1003 5514 1161 5568 istam
1189 5515 1356 5568 vitam
1383 5515 1730 5584 temporalem
1759 5531 1898 5581 esse,
1926 5533 2031 5572 non

464 5614 718 5660 aeternam
744 5625 756 5672 ;
795 5607 1098 5673 mortalem,
1141 5624 1245 5662 non
1281 5609 1656 5674 immortalem,
1686 5623 1808 5663 cum
1836 5609 1905 5664 sit
1935 5610 2034 5664 im-

2067 4395 2116 4453 D

2125 1807 2296 1861 losum
2323 1804 2708 1860 abominabitur
2729 1803 2984 1856 Dominus
3013 1799 3182 1873 (Psal.
3203 1801 3258 1873 v)
3281 1819 3297 1867 ;
3323 1811 3380 1856 et
3402 1803 3706 1872 quicunque

2125 1897 2495 1968 proximorum
2528 1901 2728 1948 nocent
2771 1894 2896 1948 vita:
2933 1908 3030 1964 per
3054 1893 3282 1948 insidias
3315 1894 3603 1964 quaslibet,
3635 1895 3703 1948 ita

2126 1997 2186 2043 ut
2223 1987 2513 2044 homicidio
2563 1986 2843 2057 sanguinis
2893 1994 3255 2055 comparetur.
3308 1986 3376 2040 Et
3425 1994 3705 2055 propterea

2127 2078 2195 2132 ab
2219 2077 2366 2132 omni
2421 2076 2679 2146 sanguine
2727 2075 2987 2129 abstineri
3034 2083 3265 2145 Oportet,
3315 2075 3551 2129 scientes
3580 2078 3700 2144 quia

2129 2186 2290 2240 super
2317 2169 2525 2224 animas
2568 2184 2687 2237 qua:
2736 2168 2898 2221 talem
2945 2167 3258 2237 sanguinem
3305 2167 3614 2231 comedunt,
3645 2169 3706 2221 de

2128 2263 2324 2332 quibus
2362 2261 2576 2317 dicebat
2618 2259 2824 2314 David:
2874 2259 2977 2325 Qui
3011 2259 3259 2312 devorant
3301 2257 3498 2327 plebem
3544 2275 3708 2311 meam

2129 2353 2264 2406 sicut
2290 2366 2461 2404 escam
2485 2349 2636 2420 panis
2667 2347 2838 2420 (Psal.
2863 2346 3009 2418 xm),
3040 2347 3232 2401 faciem
3275 2361 3428 2402 suam
3460 2347 3710 2400 obﬁrmat

2130 2440 2293 2504 Deus,
2330 2438 2578 2493 videlicet
2606 2436 2919 2492 Christum:
2956 2437 3069 2506 ipse
3103 2444 3186 2490 est
3213 2437 3356 2490 enim
3399 2436 3581 2506 imago
3608 2435 3705 2488 Pu-

2133 2530 2254 2595 tris,
2284 2528 2411 2598 quia
2449 2528 2539 2597 qui
2575 2528 2710 2581 vidit
2753 2527 2974 2591 Filium,
3026 2525 3170 2580 videt
3197 2534 3252 2579 et
3296 2525 3551 2578 Patrem:
3602 2525 3708 2594 ipse

2132 2618 2297 2672 etiam
2315 2615 2482 2685 judex
2507 2623 2610 2682 est,
2645 2624 2701 2671 et
2722 2614 3030 2670 necessario
3058 2614 3126 2668 ad
3155 2614 3594 2668 eomminandum
3632 2615 3708 2667 his

2133 2709 2225 2778 qui
2251 2709 2516 2764 malorum
2547 2715 2674 2762 sunt
2709 2717 3048 2778 operatores,
3093 2706 3410 2777 disperdam,
3457 2706 3704 2775 ponitur;

2133 2799 2279 2870 quod
2300 2800 2632 2855 demonstrat
2654 2797 2822 2852 David
2843 2797 3028 2852 dicens
3051 2814 3063 2850 :
3098 2795 3284 2850 Vultus
3307 2807 3478 2849 autem
3498 2794 3708 2849 Domini

2135 2908 2290 2963 super
2320 2890 2568 2960 facientes
2615 2888 2778 2956 mala,
2825 2897 2879 2942 ut
2905 2889 3090 2959 perdat
3135 2888 3198 2942 de
3227 2898 3367 2942 terra
3405 2888 3705 2941 memoriam

2135 2998 2314 3036 eorum
2344 2979 2514 3051 (Psal.
2548 2979 2765 3051 χχχιιι).
2796 2980 2894 3035 Hic
2929 2979 3163 3034 animam
3190 2978 3505 3049 sanguinem
3536 2992 3709 3032 come-

2064 3055 2108 3116 (ἶ
2141 3073 2354 3128 dentem
2381 3071 2559 3141 perdit
2584 3071 2650 3126 de
2685 3071 2878 3142 populo
2904 3070 3038 3141 ejus,
3071 3069 3138 3124 de
3163 3068 3433 3125 communi
3463 3068 3716 3138 qvidelicct

2134 3164 2412 3220 hominum
2450 3178 2664 3234 genere.
2728 3162 2880 3230 Quod
2931 3170 3110 3216 autem
3167 3161 3318 3226 dicit,
3369 3161 3493 3230 quia
3537 3160 3718 3213 anima

2135 3255 2303 3310 omnis
2327 3255 2500 3308 carnis
2523 3254 2577 3308 in
2605 3255 2858 3324 sanguine
2879 3263 2977 3319 est,
2995 3262 3042 3307 et
3067 3268 3158 3323 ego
3179 3251 3300 3306 dedi
3329 3250 3478 3304 illum
3500 3249 3641 3303 vobis
3664 3257 3717 3301 ut

2135 3363 2290 3420 super
2314 3345 2482 3400 altare
2507 3347 2561 3400 in
2587 3362 2646 3400 eo
2674 3347 2888 3416 expietis
2928 3363 3023 3416 pro
3061 3347 3335 3400 animabus
3375 3346 3575 3407 vestris,
3605 3361 3719 3414 my-

2136 3439 2331 3493 sticum
2361 3436 2562 3492 Christi
2590 3436 2909 3508 sanguinem
2941 3435 3252 3506 signiﬁcans
3280 3453 3292 3488 :
3326 3435 3547 3506 sanguis
3572 3435 3718 3489 enim

2138 3529 2305 3598 ipsius
2332 3542 2430 3596 pro
2458 3527 2651 3580 animze
2678 3525 2894 3596 piaculo
2939 3526 3062 3580 erit.
3097 3525 3331 3595 Sanguis
3359 3540 3522 3594 super
3549 3525 3720 3578 altare

2137 3621 2205 3676 ad
2250 3621 2611 3691 expiationem
2660 3620 2962 3673 animarum
3011 3629 3346 3683 nostrarum,
3397 3633 3501 3686 pro
3538 3618 3718 3671 anima

2136 3713 2378 3782 expians,
2410 3712 2499 3766 hic
2524 3723 2608 3766 est
2637 3713 2820 3780 utique
2849 3727 3010 3781 quem
3038 3711 3225 3765 eﬁ‘udit
3264 3725 3363 3780 pro
3402 3711 3560 3765 nobis
3585 3711 3723 3765 Cru-

2139 3803 2352 3868 ciﬁxus,
2383 3810 2438 3856 et
2479 3801 2841 3871 expiationem
2885 3802 2997 3855 sive
3045 3801 3484 3872 prepitiationem
3533 3801 3719 3870 generi

2139 3895 2374 3948 humano
2416 3893 2687 3962 praestitit,
2730 3891 2997 3961 primitias
3024 3891 3276 3947 offerens.
3318 3891 3547 3961 Propter
3577 3891 3718 3960 quod

2141 3992 2283 4038 recte
2316 3983 2481 4037 dicit:
2516 3982 2581 4034 Et
2631 3983 2842 4051 sanguis
2874 3998 2968 4052 pro
2998 3983 3188 4034 animo:
3229 3981 3438 4051 piaculo
3467 3982 3554 4034 sit.
3586 3981 3716 4034 Ani-

2140 4089 2226 4128 ma
2256 4073 2400 4128 enim
2429 4073 2544 4143 ejus
2577 4073 2807 4144 primum
2835 4071 3071 4141 quidem,
3106 4087 3224 4140 qua:
3249 4071 3316 4124 ab
3338 4085 3402 4126 eo
3431 4069 3718 4140 plasmata,

2139 4166 2332 4220 deinde
2380 4165 2504 4234 quia
2550 4174 2748 4219 nostra:
2789 4179 2912 4218 eam
2960 4163 3473 4218 consubstantialem
3525 4164 3720 4218 animm

2141 4271 2262 4310 cum
2301 4255 2679 4308 incarnaretur
2724 4255 2954 4325 accepit,
2990 4263 3050 4308 ut
3106 4256 3218 4324 ipse
3261 4269 3359 4325 pro
3397 4255 3552 4309 nobis
3595 4257 3719 4308 red-

2142 4343 2315 4408 deret,
2363 4359 2527 4413 quam
2575 4359 2672 4398 nos
2715 4345 3059 4409 debebamus,
3111 4355 3358 4400 mortem.
3410 4345 3548 4413 Quia
3590 4361 3721 4415 ergo

2141 4432 2388 4488 Christus
2412 4433 2726 4504 sanguinem
2753 4449 2908 4488 suum
2930 4435 2997 4489 ad
3024 4435 3382 4505 expiationem
3412 4437 3719 4490 animarum

2143 4530 2449 4576 nostrarum
2471 4522 2638 4587 dedit,
2668 4533 2721 4577 et
2751 4523 2820 4577 ab
2847 4524 2992 4578 omni
3019 4540 3118 4579 nos
3147 4526 3437 4582 homicidio
3460 4527 3720 4596 omnique

2141 4611 2243 4664 alia
2269 4611 2569 4681 iniquitate,
2597 4628 2716 4682 qua:
2745 4612 3032 4668 homicidio
3055 4614 3298 4683 proxima
3338 4623 3442 4681 est,
3471 4615 3630 4669 docet
3661 4625 3719 4670 ut

2142 4702 2544 4756 abstineamus:
2599 4703 2899 4757 communis
2943 4703 3084 4758 enim
3138 4703 3222 4758 lex
3274 4713 3375 4770 est,
3422 4713 3476 4760 et
3527 4713 3720 4759 contra

2141 4807 2328 4848 onmes
2352 4794 2659 4848 extenditur
2687 4813 2697 4846 :
2751 4793 2921 4847 Homo
2949 4797 3240 4865 quicunque
3275 4797 3338 4850 de
3374 4795 3498 4864 ﬁliis
3550 4795 3721 4850 Israel

2144 4895 2192 4938 et
2219 4886 2282 4938 de
2303 4886 2511 4938 advenis
2536 4887 2622 4956 qui
2652 4887 3052 4954 peregrinantur
3067 4887 3208 4958 apud
3232 4905 3342 4953 vos,
3363 4889 3409 4941 si
3449 4889 3720 4942 venatione

2143 4987 2296 5048 atque
2321 4977 2542 5046 aucupio
2572 4975 2759 5046 ceperit
2783 4977 2948 5046 feram
2975 4978 3050 5031 vel
3087 4993 3230 5032 avem
3267 4979 3451 5048 quibus
3492 4981 3621 5032 vesci
3655 4980 3720 5032 lio

2142 5071 2302 5122 citum
2348 5077 2445 5129 est,
2489 5066 2677 5136 fundat
2711 5066 3014 5138 sanguinem
3059 5068 3199 5137 ejus,
3246 5079 3293 5122 et
3338 5070 3535 5136 aperiat
3579 5068 3716 5122 illud

2140 5167 2298 5212 terra.
2327 5157 2515 5210 Anima
2537 5157 2673 5211 enim
2699 5158 2865 5211 omnis
2893 5159 3066 5211 carnis
3089 5160 3141 5212 in
3161 5161 3411 5229 sanguine
3431 5170 3504 5213 est
3527 5173 3546 5210 :
3577 5161 3716 5213 unde

2140 5247 2252 5300 dixi
2278 5246 2404 5314 ﬁliis
2436 5245 2637 5301 Israel:
2671 5247 2990 5317 Sanguinem
3020 5249 3270 5302 universa:
3293 5250 3465 5303 carnis
3495 5266 3600 5303 non
3620 5266 3711 5303 co-

2137 5339 2370 5404 medetis,
2401 5341 2523 5410 quia
2547 5341 2722 5394 anima
2745 5341 2916 5393 carnis
2943 5341 2994 5393 in
3023 5335 3273 5410 sanguine
3303 5351 3402 5408 est,
3422 5352 3470 5396 et
3493 5345 3717 5412 quicun-

2125 5440 2230 5501 que
2258 5432 2534 5486 comederit
2557 5431 2688 5484 illud
2715 5433 2976 5486 interibit:
3004 5432 3224 5488 Multum
3249 5444 3378 5489 cura
3405 5445 3484 5491 est
3511 5435 3622 5490 Deo
3653 5445 3714 5490 ut

2134 5521 2449 5574 alterutrmn
2481 5520 2632 5575 nobis
2661 5519 2881 5574 minime
2926 5537 3234 5578 noceamus.
3265 5521 3375 5595 (Ea:
3405 5523 3708 5593 Hesychia.)

2134 5613 2421 5682 Propterea
2448 5613 2768 5682 percutienti
2797 5613 3087 5678 maxillam,
3120 5616 3258 5681 cedi,
3292 5627 3344 5669 et
3366 5632 3471 5671 non
3496 5633 3616 5670 cum
3640 5633 3711 5672 eo
