3918 6180
339 346 448 407 455
478 358 486 373 ³

1013 340 1074 397 Β.
1113 339 1371 397 ΒΑΒΑΝΙ
1406 337 1626 394 MAURI
1660 334 1939 392 ARCHIEI

2042 330 2325 389 rlOGUNT.
2368 327 2654 386 OPERUM
2691 326 2870 382 PARS
2908 325 2948 380 Ι.

3494 322 3592 377 £35

339 474 460 528 qua:
490 457 705 513 virtutis
731 462 858 511 sunt
889 466 1131 524 agamus,
1157 453 1312 522 juxta
1341 450 1785 507 consuetudinem
1814 457 1918 504 tcr—
1946 452 1994 512 Α
2022 447 2153 515 foris
2203 447 2376 515 genita
2420 454 2514 507 est,
2562 460 2667 497 non
2720 440 2988 496 reuelabis.
3037 436 3434 509 Turpitudinem
3478 439 3601 506 ﬁlim

342 566 415 604 ne
448 545 684 619 tEgypti,
724 553 779 601 et
801 546 953 617 juxta
980 558 1183 599 morem
1212 551 1368 596 terrm
1390 541 1649 597 Chanaan
1684 540 1817 594 nihil
1840 538 1918 593 fa-

340 653 486 703 cere,
540 638 618 691 sic
673 637 740 691 ab
792 634 939 690 omni
988 632 1270 704 iniquitate
1325 631 1582 687 abstineri
1638 629 1913 699 prmeepit.

345 727 696 799 Septuaginta
750 732 928 779 autem
961 738 1060 793 pro
1088 721 1484 787 consuetudine,
1515 720 1691 775 studia
1748 719 1916 773 inter-

340 816 543 888 pretati
571 823 717 881 sunt,
748 815 874 885 quia
903 813 1168 884 malignas
1198 810 1604 868 adinventiones
1624 818 1676 865 et
1713 808 1922 864 fabulas

343 907 482 961 solet
505 904 684 959 divina
726 904 1004 974 Scriptura
1032 902 1320 974 appellare,
1352 900 1610 955 malorum
1640 899 1838 963 studia,
1864 908 1922 952 ut

343 1004 467 1065 pote
496 993 744 1050 Ezechiel
770 992 1000 1058 dicente,
1032 1001 1157 1063 post
1182 992 1493 1063 iniquitates
1527 1006 1663 1060 quas
1697 990 1838 1045 Deus
1869 989 1921 1041 in

344 1083 541 1154 templo
582 1083 822 1138 seniores
851 1082 1016 1137 lsrael
1056 1096 1215 1151 agere
1242 1078 1479 1135 ostendit
1516 1096 1529 1132 :
1576 1072 1641 1130 Et
1683 1077 1814 1131 dixit
1854 1077 1923 1129 ad

343 1192 424 1231 me
469 1173 715 1228 Dominus
740 1187 758 1223 :
809 1171 985 1238 Vides,
1011 1171 1091 1241 ﬁli
1121 1171 1386 1226 hominis?
1424 1171 1490 1224 Et
1517 1183 1740 1224 rursus:
1788 1167 1926 1223 Con-

344 1280 517 1318 versus
547 1263 738 1317 videbis
761 1263 938 1317 studia
968 1264 1175 1336 majora
1204 1263 1412 1316 horum.
1445 1259 1559 1315 Non
1585 1259 1756 1315 solum
1798 1273 1925 1329 ergo

343 1372 372 1408 a
401 1354 782 1419 fornicatione,
811 1362 866 1408 et
908 1353 1158 1419 avaritia,
1207 1362 1258 1408 et
1303 1367 1331 1406 a
1364 1352 1637 1421 superbia,
1679 1351 1775 1405 sed
1805 1358 1862 1406 et
1894 1365 1925 1403 a

344 1446 731 1501 divinationum
759 1453 814 1500 et
838 1445 1185 1516 auguriorum
1220 1443 1611 1513 abjectionibus
1647 1450 1703 1497 et
1725 1440 1927 1497 veneﬁ-

343 1536 445 1589 ciis
479 1535 736 1605 praecepit
778 1535 1073 1599 abstinere,
1106 1533 1199 1589 scd
1227 1541 1282 1588 ct
1305 1548 1335 1587 a
1364 1532 1558 1602 magiis
1586 1539 1639 1585 et
1663 1530 1927 1585 similibus

345 1625 488 1690 aliis,
517 1627 591 1680 ita
614 1634 673 1680 ut
694 1625 901 1697 Moyses
922 1626 975 1681 in
1002 1624 1415 1680 Dcuteronomio
1433 1625 1638 1677 diceret
1664 1641 1674 1674 :
1702 1620 1928 1686 Quando

344 1718 607 1786 ingressus
630 1716 792 1785 fueris
821 1726 1014 1770 terram
1035 1731 1192 1786 quam
1222 1715 1480 1769 Dominus
1503 1714 1640 1768 Deus
1681 1724 1801 1766 tuus
1839 1714 1930 1766 de-

2017 535 2117 604 ﬁlii
2144 537 2219 588 tui
2248 535 2324 588 vel
2361 535 2558 602 nepotis
2581 549 2646 587 ea:
2677 531 2789 600 ﬁlia
2824 548 2929 585 non
2972 528 3241 594 reuelabis,
3286 529 3413 599 quia
3441 530 3601 598 turpi-

2020 627 2146 682 tudo
2166 636 2256 680 tua
2276 636 2367 680 est.
2398 625 2793 695 Turpitudinem
2812 622 2941 691 ﬁlia:
2963 621 3144 675 uxoris
3165 621 3335 689 patris
3357 620 3437 673 tui
3448 635 3601 690 quant

2018 716 2213 787 peperit
2240 716 2379 785 patri
2408 724 2496 768 tuo
2527 722 2574 767 et
2600 722 2675 767 est
2712 729 2865 766 soror
2901 723 2993 766 tua
3022 728 3128 766 non
3164 710 3434 766 reuelabis.
3468 710 3600 764 Tur-

2018 811 2306 883 pitutlinem
2359 810 2554 864 sororis
2600 808 2766 879 patris
2824 809 2900 861 tui
2947 823 3049 861 non
3086 806 3455 876 discooperies,
3482 807 3605 876 quia

2020 919 2147 958 caro
2186 911 2259 956 est
2287 901 2454 970 patris
2491 901 2588 952 tui.
2636 897 3033 968 Turpitudinem
3065 895 3259 949 sororis
3290 896 3478 949 matris
3502 904 3604 950 tua

2024 1008 2126 1047 non
2165 991 2434 1055 reuelabis,
2461 1007 2521 1044 eo
2551 990 2691 1060 quod
2725 1004 2848 1043 cura
2873 988 2941 1042 sit
2968 988 3151 1041 matris
3190 997 3315 1041 tuae.
3365 986 3610 1056 Turpitu-

2023 1085 2194 1140 dinem
2221 1072 2396 1156 patrui
2424 1085 2501 1137 tui
2524 1096 2626 1136 non
2654 1080 2925 1145 reuelabis,
2946 1096 3036 1134 nec
3059 1079 3274 1134 accedes
3295 1079 3364 1133 ad
3392 1095 3608 1133 uxorem

2022 1175 2138 1244 ejus
2179 1188 2296 1244 qua:
2343 1174 2435 1226 tibi
2493 1172 2743 1243 affinitate
2805 1170 3161 1240 conjungitur.
3211 1168 3613 1240 Turpitudinem

2026 1280 2189 1319 nurus
2223 1271 2328 1317 tua:
2357 1278 2460 1316 non
2489 1261 2758 1326 reuelabis,
2804 1261 2929 1331 quia
2972 1276 3107 1314 uiror
3135 1259 3236 1328 ﬁlii
3278 1261 3355 1313 tui
3393 1269 3490 1324 est,
3518 1276 3612 1314 nec

2025 1354 2371 1424 disc00peries
2407 1352 2750 1423 ignominiam
2796 1351 2932 1421 ejus.
2986 1334 3387 1420 Turpitudinem
3430 1352 3614 1404 uxoris

2028 1445 2209 1512 fratris
2237 1444 2316 1497 tui
2336 1456 2439 1497 non
2466 1441 2738 1504 reuelabis,
2760 1441 2886 1511 quia
2907 1439 3177 1509 turpitudo
3204 1438 3388 1507 fratris
3417 1440 3493 1491 tui
3515 1448 3611 1491 est.

2032 1534 2435 1605 Turpitudinem
2466 1533 2650 1586 uxoris
2685 1540 2790 1585 tute
2816 1539 2863 1585 et
2903 1529 3029 1599 filice
3053 1529 3167 1599 ejus
3202 1544 3306 1583 non
3340 1528 3611 1583 reuelabis.

2029 1624 2227 1678 Filiam
2255 1624 2353 1693 ﬁlii
2383 1624 2519 1694 ejus,
2550 1632 2597 1678 et
2622 1622 2791 1691 ﬁliam
2831 1620 2957 1691 ﬁlia:
2981 1621 3095 1691 ejus
3125 1636 3227 1674 non
3250 1636 3423 1675 sumes
3454 1630 3506 1674 ut
3524 1630 3617 1673 ‘re-

2028 1716 2160 1770 veles
2188 1716 2528 1786 ignominiam
2553 1715 2687 1785 ejus,
2721 1714 2845 1785 quia
2884 1724 3007 1766 caro
3034 1711 3178 1766 illius
3221 1722 3366 1777 sunt,
3412 1721 3459 1765 et
3487 1711 3613 1764 talis

344 1808 479 1861 derit
505 1809 619 1874 tibi,
645 1825 766 1863 cave
791 1826 853 1863 ne
876 1807 1074 1862 imitari
1112 1806 1234 1861 velis
1270 1805 1682 1859 abominationes
1712 1804 1923 1857 illarum
1953 1801 2000 1860 B
2028 1808 2196 1862 coitus
2220 1808 2448 1861 incestus
2478 1815 2572 1859 est.
2599 1803 2845 1859 Sororem
2871 1802 3050 1856 umoris
3079 1812 3185 1856 tute
3216 1802 3271 1854 in
3310 1800 3613 1871 pellicatum

344 1898 597 1967 gentium,
630 1914 721 1951 nec
741 1897 1038 1951 inveniatur
1057 1894 1176 1949 inte
1193 1896 1281 1964 qui
1304 1894 1594 1947 sciscitetur
1624 1903 1671 1945 et
1700 1893 1928 1946 observet

344 1988 551 2040 somnia
580 1996 733 2059 atque
760 1988 1008 2058 auguria,
1048 2002 1140 2040 nec
1171 1986 1239 2038 sit
1280 1983 1571 2052 maleficus,
1612 2000 1702 2037 nec
1747 1984 1931 2036 incan-

346 2090 503 2143 tator,
537 2096 628 2134 nec
648 2080 904 2151 pythonas
933 2077 1194 2142 consulat,
1228 2093 1319 2130 nec
1342 2076 1565 2139 divinos,
1596 2084 1644 2129 et
1670 2081 1870 2145 quaerat
1899 2089 1931 2124 a

344 2173 563 2225 mortuis
587 2172 877 2236 veritatem,
918 2170 1093 2223 omnia
1127 2168 1264 2222 enim
1303 2169 1414 2220 htec
1451 2166 1785 2220 abominatur
1824 2160 1933 2217 Do-

342 2264 538 2327 minus,
582 2248 758 2316 ‘omnis
807 2262 897 2332 qui
945 2261 1056 2314 [nec
1104 2258 1271 2328 facit:
1316 2273 1410 2328 pro
1456 2253 1933 2310 abominationibus

348 2353 485 2405 enim
524 2352 604 2405 his
649 2350 904 2405 Dominus
952 2349 1213 2420 disperdet
1243 2364 1329 2403 eos
1372 2363 1438 2401 ex
1463 2355 1530 2400 te.
1576 2344 1660 2400 Ab
1693 2342 1780 2398 his
1805 2357 1935 2413 ergo

353 2442 614 2496 abstineri
653 2442 804 2511 prius
838 2448 1072 2509 oportet,
1118 2446 1173 2495 ct
1194 2438 1271 2494 sic
1314 2437 1468 2491 nobis
1492 2436 1657 2491 dicit:
1702 2428 1934 2487 Facietis

345 2530 550 2600 judicia
579 2545 719 2594 mea,
756 2537 806 2582 et
834 2535 1092 2597 prwcepta
1137 2542 1251 2579 mea
1291 2524 1579 2587 servabitis,
1624 2528 1671 2576 et
1699 2517 1935 2574 ambula-

353 2620 472 2675 bitis
504 2621 559 2674 in
584 2620 679 2683 eis,
707 2619 763 2674 id
797 2626 904 2684 est,
940 2615 1231 2673 movcmini
1254 2623 1310 2671 et
1335 2612 1731 2670 conversamini
1758 2612 1813 2666 in
1833 2611 1934 2674 eis,

349 2721 405 2766 et
454 2711 599 2767 nullo
657 2719 899 2779 tempore
950 2710 1154 2763 vacetis
1214 2706 1282 2762 ab
1333 2721 1519 2761 eorum
1577 2702 1932 2760 correctione.

351 2802 557 2858 Deinde
605 2815 792 2856 rursus
826 2798 1065 2855 subdidit
1106 2816 1117 2850 :
1160 2795 1274 2867 Ego
1302 2792 1557 2852 Dominus
1586 2793 1725 2848 Deus
1751 2800 1934 2859 vester,

350 2892 608 2947 custodite
648 2890 782 2961 leges
817 2906 959 2944 meas
987 2898 1140 2959 atque
1162 2886 1393 2959 judicia,
1416 2901 1533 2956 qua:
1561 2883 1760 2954 faciens
1783 2882 1936 2936 homo

351 2985 480 3039 vivet
505 2983 559 3037 in
584 2983 679 3037 eis.
706 2980 812 3036 Sed
834 2979 1004 3050 quaeri
1029 2977 1461 3049 pertractarique
1483 2974 1702 3045 dignum
1738 2981 1822 3027 est
1850 2971 1937 3027 cui

352 3075 407 3128 in
440 3090 546 3130 uno
570 3072 692 3129 loco
714 3071 850 3143 legis
873 3069 958 3125 bis
986 3069 1120 3125 dixit
1165 3068 1282 3123 fieri
1316 3065 1520 3136 judicia
1563 3079 1684 3130 sua,
1708 3066 1763 3116 et
1800 3075 1939 3132 prae-

2029 1898 2175 1952 illius
2204 1911 2310 1951 non
2331 1897 2574 1968 accipies,
2603 1912 2694 1949 nec
2720 1894 2967 1949 reuelabis
3017 1893 3392 1963 turpitudinem
3440 1892 3617 1945 adhuc

2030 1991 2123 2045 illa
2179 1993 2393 2046 vivente.
2445 1989 2554 2062 (Ea:
2599 1986 2934 2059 Augustino).
2987 1985 3093 2041 Sed
3137 1984 3450 2054 diligentius
3502 1984 3620 2037 huic

2032 2081 2329 2136 secundum
2370 2080 2655 2135 histOriam
2706 2077 2962 2132 intuenda
2993 2083 3121 2130 sunt
3160 2092 3173 2128 :
3216 2072 3621 2143 Turpitudinem

2030 2170 2196 2240 patris
2223 2172 2301 2224 tui
2331 2178 2379 2224 et
2409 2167 2784 2239 turpitudinem
2829 2167 3012 2221 matris
3036 2176 3141 2220 tuae
3194 2180 3300 2219 non
3347 2162 3620 2218 reuelabis.

2034 2260 2447 2330 Turpitudinem
2494 2269 2682 2315 eorum
2729 2272 2852 2313 cum
2908 2264 3080 2313 matre
3114 2248 3494 2319 concumbere,
3546 2254 3623 2309 ibi

2033 2357 2120 2407 est
2141 2349 2286 2405 enim
2315 2348 2593 2416 turpitudo
2621 2347 2790 2419 patris
2817 2357 2876 2402 et
2894 2348 3104 2412 matris,
3134 2362 3259 2401 nam
3289 2354 3476 2415 postea
3498 2360 3627 2415 pro-

2036 2442 2187 2497 hibet
2239 2447 2294 2495 et
2340 2454 2587 2496 novercae
2631 2439 2722 2494 ubi
2768 2439 2933 2494 dicit:
2990 2438 3390 2508 Turpitudinem
3442 2437 3625 2490 noris

2034 2532 2201 2602 patris
2231 2531 2307 2584 tui
2343 2543 2444 2584 non
2474 2527 2742 2593 revelabis,
2768 2527 3037 2593 turpitudo
3067 2527 3213 2581 enim
3227 2526 3396 2596 patris
3416 2527 3494 2579 tui
3513 2535 3624 2590 est;

2035 2622 2128 2677 ubi
2163 2621 2411 2691 exposuit
2444 2618 2715 2689 quomodo
2738 2618 2791 2672 in
2830 2627 3004 2671 matre
3028 2618 3309 2686 utriusque
3348 2614 3629 2686 turpitudo

2037 2720 2121 2768 est
2145 2711 2318 2781 patris
2346 2717 2400 2766 et
2429 2709 2638 2773 matris,
2671 2708 2724 2762 in
2755 2721 2987 2762 noverca
3016 2706 3160 2762 enim
3190 2713 3399 2760 tantum
3427 2703 3623 2776 patris.

2044 2804 2459 2874 Turpitudinem
2490 2801 2694 2859 sororis
2717 2810 2822 2855 tum
2846 2816 2910 2854 ex
2937 2807 3093 2870 patre
3122 2807 3213 2854 tuo
3237 2807 3331 2853 aut
3359 2812 3427 2853 ex
3455 2805 3629 2853 matre

2040 2907 2132 2950 tua
2156 2910 2276 2966 qum
2317 2894 2459 2951 domi
2486 2901 2570 2948 est
2599 2902 2747 2957 nata,
2778 2890 2863 2944 vel
2906 2904 3028 2960 quas
3062 2888 3195 2944 foris
3225 2896 3351 2943 nata
3381 2896 3486 2953 est,
3514 2901 3628 2941 non

2040 2984 2307 3039 revelabis
2348 2982 2733 3053 turpitudinem
2766 2996 2993 3045 earum;
3041 2994 3162 3049 quas
3194 2978 3338 3034 domi
3378 2987 3505 3032 nata
3539 2984 3632 3032 est

2041 3074 2358 3145 intelligitur
2381 3088 2447 3128 ex
2490 3081 2662 3144 patre,
2691 3086 2812 3143 quae.
2844 3071 2978 3127 foris
3023 3076 3153 3125 nata
3189 3075 3283 3124 ‘est
3309 3067 3631 3138 intelligitur

354 3173 507 3234 cepta
535 3178 633 3218 sua
656 3158 955 3216 custodiri?
989 3157 1074 3212 vel
1099 3172 1196 3211 cur
1227 3156 1374 3211 dicat
1392 3155 1514 3211 bis:
1540 3153 1653 3224 Ego
1679 3150 1936 3206 Dominus

2042 3174 2110 3223 ex
2139 3175 2336 3231 matre,
2380 3166 2427 3220 si
2448 3164 2593 3221 forte
2619 3166 2686 3220 de
2729 3164 2911 3235 priore
2938 3163 3059 3217 viro
3083 3176 3205 3217 eam
3246 3167 3423 3215 mater
3445 3174 3630 3215 susce—

353 3253 538 3308 Deus?
583 3252 730 3321 Ergo
770 3250 896 3319 quia
942 3249 1049 3303 duo
1104 3255 1230 3302 sunt
1261 3244 1629 3308 Testamenta,
1665 3242 1836 3298 Vetus
1890 3250 1943 3295 et

356 3343 586 3407 Novum,
615 3341 758 3395 unde
782 3348 837 3394 et
861 3340 974 3407 ipse
1002 3352 1100 3407 per
1123 3334 1408 3391 Jeremiam
1431 3334 1604 3388 dixit:
1635 3332 1782 3386 Dabo
1804 3331 1943 3386 vobis

358 3442 723 3487 testamentum
753 3446 958 3495 novum,
982 3446 1087 3483 non
1113 3426 1395 3483 secundum
1416 3435 1780 3481 testamentum
1806 3423 1945 3495 quod

359 3525 478 3579 dedi
517 3522 754 3594 patribus
780 3522 985 3587 vestris,
1022 3521 1078 3575 in
1119 3519 1204 3575 die
1230 3536 1335 3590 qua
1373 3515 1687 3588 apprehendi
1730 3530 1946 3568 manum

360 3632 540 3670 eorum
571 3624 627 3669 ut
656 3612 926 3668 educerem
957 3610 1076 3666 illos
1099 3610 1163 3665 de
1189 3620 1328 3664 terra
1357 3606 1576 3679 Egypti
1603 3604 1736 3676 (Jer.
1768 3603 1944 3675 XXXI),

362 3716 511 3760 recte
549 3702 784 3760 secundo
798 3698 1125 3771 iudiciorum
1144 3702 1608 3772 praeceptorumve
1629 3692 1947 3750 memoriam

366 3782 518 3860 facit,
551 3800 612 3848 ut
638 3792 801 3848 etiam
828 3791 917 3847 illa
943 3788 1255 3846 ostenderet
1298 3802 1418 3859 quae
1442 3794 1560 3842 erat
1597 3790 1785 3856 postea
1825 3800 1950 3839 san-

365 3888 598 3952 citurus,
627 3885 694 3940 de
717 3883 912 3954 quibus
941 3898 1087 3937 nunc
1114 3879 1319 3936 addidit
1345 3898 1358 3933 :
1407 3872 1538 3944 Quae
1569 3877 1767 3947 faciens
1795 3876 1948 3929 homo

366 3975 492 4028 vivet
514 3972 571 4026 in
616 3972 731 4038 eis;
770 3971 825 4025 in
869 3971 1000 4040 ipsis
1033 3970 1181 4024 enim
1203 3982 1331 4023 vera
1374 3966 1481 4022 vita
1524 3965 1869 4022 credentibus
1894 3964 1950 4019 in

366 4064 642 4121 Christum
669 4060 966 4133 perﬁcitur,
992 4060 1059 4114 de
1100 4076 1206 4131 qua
1253 4060 1307 4114 in
1356 4056 1646 4128 Evangelio
1690 4055 1952 4111 Dominus

369 4156 620 4212 dicebat:
658 4152 789 4209 Htcc
819 4160 895 4208 est
927 4151 1163 4207 voluntas
1204 4148 1383 4206 Patris
1424 4149 1525 4204 ntei
1565 4160 1621 4203 ut
1662 4147 1831 4203 omnis
1861 4150 1951 4219 qui

368 4250 507 4304 videt
548 4247 747 4303 Filium
777 4257 824 4302 et
853 4245 1016 4301 credit
1041 4245 1095 4299 in
1123 4254 1259 4309 eum,
1289 4244 1475 4298 habeat
1506 4243 1661 4297 vitam
1702 4252 1952 4296 wternam

373 4338 556 4409 (Joan.
585 4338 684 4409 vi).
715 4336 881 4395 Valde
918 4350 1048 4408 ergo
1078 4334 1473 4391 rationabiliter
1508 4332 1746 4387 secundo
1783 4331 1948 4386 dicit:

372 4431 485 4499 Ego
515 4429 771 4485 Dominus
820 4428 956 4483 Deus
982 4435 1168 4492 vester,
1193 4435 1504 4482 contestans
1540 4424 1666 4494 quia
1706 4422 1821 4493 ipse
1848 4420 1952 4477 Do—

2041 3267 2220 3330 perat,
2242 3267 2440 3314 etcum
2468 3257 2557 3311 illa
2585 3257 2640 3311 in
2685 3258 2902 3311 dommn
2952 3262 3173 3309 venerat
3217 3252 3435 3322 quando
3487 3249 3634 3321 patri

2044 3346 2162 3416 ejus
2195 3346 2399 3417 nupsit.
2435 3345 2606 3413 Quem
2636 3353 2820 3400 monet
2850 3344 3131 3413 Scriptura
3158 3356 3228 3396 ne
3273 3340 3479 3396 revelet
3515 3348 3635 3395 tur-

2043 3439 2339 3510 pitudinem
2360 3438 2565 3493 sororis
2602 3452 2736 3501 suae,
2763 3436 2854 3490 hic
2879 3434 3090 3489 videtur
3120 3447 3226 3487 non
3268 3430 3633 3501 prohibuisse,

2046 3537 2104 3583 et
2143 3528 2298 3597 quasi
2352 3525 2765 3597 praetermisisse
2795 3523 3144 3579 concubitum
3195 3535 3317 3575 cum
3348 3534 3536 3575 sorore
3568 3519 3639 3574 de

2046 3628 2276 3689 utraque
2297 3624 2524 3687 parente
2544 3623 2673 3671 nata
2698 3631 2712 3682 ;
2740 3629 2847 3670 non
2870 3614 3015 3670 enim
3037 3612 3198 3668 dicit:
3225 3612 3637 3681 Turpitudinem

2047 3722 2156 3764 non
2180 3706 2444 3763 revelabis
2470 3706 2674 3761 sororis
2707 3712 2812 3760 tua:
2833 3720 2899 3760 ex
2925 3712 3077 3774 patre
3115 3710 3172 3757 et
3196 3718 3262 3757 ex
3295 3710 3489 3764 matre,
3515 3701 3636 3766 sed,

2048 3814 2113 3852 ea:
2146 3810 2291 3867 patre
2314 3805 2405 3851 aut
2434 3813 2500 3851 ex
2529 3805 2694 3850 matre
2716 3813 2734 3859 ;
2756 3810 2944 3850 verum
2968 3794 3090 3864 quis
3113 3806 3220 3848 non
3246 3792 3427 3847 videat
3468 3792 3639 3846 etiam

2050 3888 2179 3943 illud
2206 3903 2328 3943 esse
2364 3886 2697 3957 prohibitum
2740 3885 2910 3940 multo
2948 3884 3203 3939 maxime.
3252 3881 3310 3937 Si
3338 3881 3486 3936 enim
3528 3896 3641 3935 non

2050 3976 2177 4032 licet
2201 3977 2406 4032 sororis
2434 3975 2824 4046 turpitudinem
2871 3973 3114 4029 revelare
3159 3988 3226 4028 ex
3263 3971 3505 4041 quolibet
3534 3987 3640 4041 pa-

2051 4075 2204 4120 rente
2230 4072 2388 4130 natae,
2417 4073 2621 4134 quanto
2651 4064 2824 4134 magis
2851 4078 2919 4118 ex
2945 4062 3223 4131 utroque?
3253 4060 3394 4127 Quid
3428 4068 3517 4115 est
3542 4075 3644 4113 au-

2054 4166 2159 4211 tem
2196 4154 2360 4224 quod,
2393 4154 2713 4222 interposita
2737 4152 3096 4224 prohibitione
3122 4140 3445 4207 concubitus
3471 4150 3644 4204 etiam

2053 4262 2175 4303 cum
2203 4247 2316 4301 suis
2344 4244 2616 4314 neptibus,
2650 4246 2764 4301 sive
2787 4246 2853 4300 de
2891 4244 3022 4309 ﬁlio,
3051 4245 3166 4300 sive
3201 4244 3268 4299 de
3292 4243 3423 4308 lilia,
3460 4242 3648 4312 sequi-

2055 4343 2141 4390 tur
2161 4342 2217 4391 et
2241 4334 2407 4389 dicit:
2442 4332 2835 4404 Turpitudinem
2867 4331 2994 4401 ﬁlia:
3020 4331 3202 4385 uxoris
3237 4333 3405 4400 patris
3427 4329 3505 4382 tui
3533 4345 3645 4383 non

2057 4426 2303 4480 revelabis
2327 4426 2352 4480 ?
2377 4425 2435 4480 Si
2466 4424 2611 4481 enim
2633 4426 2914 4493 hucusque
2937 4424 3184 4487 dixisset,
3216 4421 3649 4492 intelligeremus

378 4522 558 4574 minus
593 4529 651 4574 et
672 4520 853 4590 priora
880 4516 1083 4586 judicia
1124 4516 1240 4571 sive
1268 4524 1535 4585 praecepta
1558 4492 1623 4568 et
1649 4492 1953 4582 posteriora
1982 4492 2032 4552 Ι)
2055 4518 2221 4571 etiam
2246 4530 2368 4571 cum
2411 4515 2516 4570 [ilia
2558 4528 2807 4570 noverca;
2832 4492 3175 4583 prohibitum
3227 4512 3394 4567 fuisse
3440 4527 3648 4567 οοιιω-

378 4609 642 4673 sancivit;
674 4625 791 4680 qua:
816 4609 905 4679 qui
928 4607 1129 4677 fecerit,
1151 4608 1276 4660 vivet
1315 4607 1371 4658 in
1407 4606 1506 4670 eis,
1548 4619 1654 4658 non
1684 4605 1737 4657 in
1763 4601 1957 4671 priori-

378 4699 479 4752 bus
517 4696 738 4766 judiciis
764 4705 821 4753 et
842 4694 1147 4767 praeceptis.
1199 4691 1334 4747 Vide
1367 4693 1498 4761 quid
1538 4691 1744 4745 addidit
1777 4708 1789 4743 :
1846 4688 1958 4758 Ego

379 4786 652 4839 Dominus.

1019 4872 1246 4929 CAPUT
1272 4872 1361 4927 XI.

383 4983 508 5040 Non
537 4984 691 5038 licere
721 4985 789 5039 ad
826 4983 1121 5055 proximam
1145 4983 1415 5055 sanguinis
1437 4981 1703 5045 accedere,
1726 4988 1800 5032 ut‘
1824 4995 1961 5032 rere-

873 5053 940 5107 let
962 5053 1334 5124 turpitudinem
1354 5054 1489 5122 ejus.

454 5170 631 5240 item.)
660 5167 842 5223 Omnis
867 5169 1020 5221 homo
1047 5167 1116 5221 ad
1142 5167 1434 5238 proximam
1463 5166 1733 5234 sanguinis
1754 5166 1835 5218 sui
1859 5180 1962 5217 non

386 5260 614 5324 accedet,
641 5267 697 5312 ut
724 5257 907 5312 revelet
945 5258 1320 5328 turpitudinem
1351 5257 1485 5327 ejus.
1522 5257 1633 5326 Ego
1679 5256 1958 5310 Dominus.

389 5350 786 5422 Turpitudinem
807 5349 973 5420 patris
1014 5349 1090 5401 tui
1117 5358 1165 5402 et
1202 5348 1573 5417 turpitudinem
1611 5334 1794 5400 matris
1835 5357 1959 5410 tute,

388 5459 493 5497 non
531 5441 882 5511 discooperies
909 5453 928 5491 :
974 5449 1141 5492 mater
1167 5449 1257 5493 tua
1290 5448 1387 5505 est,
1428 5452 1530 5493 non
1559 5438 1807 5493 reuelabis
1851 5448 1963 5491 tur-

387 5532 674 5602 pitudinem
708 5530 843 5601 ejus.
895 5529 1292 5600 Turpitudinem
1330 5531 1511 5585 uxoris
1545 5532 1708 5597 patris
1738 5530 1814 5581 tui
1861 5540 1962 5582 non

392 5626 757 5694 discooperies,
785 5624 1052 5694 turpitudo
1080 5624 1217 5677 enim
1257 5624 1421 5691 patris
1444 5624 1518 5676 tui
1547 5632 1641 5676 est.
1671 5620 1966 5691 Turpitudi-

395 5728 509 5769 urtn
537 5716 729 5766 sororis
757 5726 859 5768 tua:
881 5730 943 5767 ex
964 5724 1110 5783 patre
1140 5715 1242 5767 sive
1271 5730 1332 5767 er
1355 5725 1537 5777 matre,
1582 5728 1696 5784 qurt'
1728 5712 1868 5766 demi
1892 5709 1967 5765 rel

2058 4607 2252 4670 hitum,
2288 4622 2451 4675 quam
2475 4620 2542 4660 ex
2565 4604 2746 4673 priore
2772 4604 2891 4658 viro
2928 4618 3162 4659 noverca
3185 4602 3504 4672 peperisset,
3538 4618 3653 4658 nec

2062 4697 2221 4765 hujus
2254 4697 2343 4766 qui
2372 4696 2687 4767 prohibetur
2706 4710 2860 4750 soror
2881 4702 3051 4759 esset,
3083 4694 3166 4749 vel
3186 4709 3251 4748 ex
3272 4701 3425 4761 patre
3452 4690 3534 4746 vel
3577 4707 3654 4747 ex

2063 4796 2275 4851 matre;
2310 4805 2433 4843 cum
2460 4803 2589 4843 vero
2622 4787 2862 4843 addidit:
2896 4803 2961 4841 ea:
2997 4785 3174 4839 eodem
3195 4794 3341 4855 patre
3373 4799 3522 4838 soror
3548 4793 3655 4837 tua

2064 4890 2163 4945 est,
2194 4898 2297 4934 non
2327 4879 2573 4935 reuelabis
2618 4878 2992 4950 turpitudinem
3034 4878 3173 4947 ejus,
3221 4875 3529 4930 manifestat
3578 4876 3657 4929 de

2065 4986 2251 5027 sorore
2271 4970 2465 5026 factam
2507 4986 2627 5025 esse
2656 4971 2811 5025 istam
2840 4968 3279 5040 prohibitionem,
3313 4980 3435 5020 cum
3481 4962 3657 5019 fuerit

2064 5080 2129 5116 ex
2173 5071 2328 5132 patre
2363 5070 2417 5116 et
2443 5077 2509 5116 ex
2549 5078 2807 5127 noverca,
2838 5062 2905 5116 de
2933 5076 3036 5130 qua
3076 5060 3187 5131 jam
3214 5058 3464 5127 superius
3490 5056 3658 5111 dixe-

2066 5162 2189 5208 rat:
2224 5171 2290 5208 an
2334 5154 2457 5208 ideo
2484 5154 2679 5208 iterum
2728 5155 2831 5208 hoc
2862 5154 3099 5223 apertius
3143 5151 3310 5206 Voluit
3333 5149 3655 5219 prohibere,

2067 5248 2190 5315 quia
2247 5248 2497 5316 superius
2543 5246 2933 5302 subobscuram
2991 5243 3113 5307 fuit,
3163 5257 3303 5314 saepe
3351 5243 3494 5297 enim
3540 5241 3657 5298 hoc

2065 5340 2195 5394 facit
2225 5339 2522 5409 Scriptura.
2558 5339 2952 5410 Turpitudinem
2985 5339 3165 5408 fratris
3208 5337 3373 5406 patris
3417 5336 3495 5388 tui
3539 5351 3658 5391 non

2067 5431 2336 5496 reuelabis,
2375 5442 2421 5484 et
2449 5430 2517 5485 ad
2559 5444 2773 5485 uxorem
2797 5430 2913 5499 ejus
2953 5442 3056 5483 non
3095 5426 3357 5492 introibis,
3399 5425 3663 5495 exposuit

2067 5522 2196 5589 quid
2230 5521 2449 5584 dixerit,
2482 5521 2854 5592 turpitudinem
2896 5520 3078 5588 fratris
3112 5517 3277 5586 patris
3305 5517 3404 5580 tui,
3459 5515 3514 5569 id
3537 5524 3657 5581 est,

2069 5615 2247 5683 patrui
2297 5615 2371 5669 tui
2421 5628 2525 5667 non
2558 5612 2843 5675 revelabis,
2874 5611 2978 5666 hoc
3004 5617 3089 5664 est
3124 5610 3268 5663 enim
3314 5607 3384 5660 ad
3429 5621 3659 5661 mrem

2070 5706 2183 5777 (jus
2222 5721 2321 5757 non
2353 5703 2610 5756 introibis.
2655 5703 2711 5756 lu
2748 5716 2917 5757 inore
2942 5701 3135 5773 quippe
3167 5697 3346 5768 patrui
3378 5695 3454 5751 tui
3482 5694 3662 5753 voluit
