3926 6176
211 393 302 450 ιτς-ι
475 424 501 438 ς

1103 386 1600 444 ΕΚΡΟΞΙΤΙΟΝΕΕ
1637 387 1705 442 ΙΝ
1743 386 2137 444 LEV'lTlCUM.
2180 420 2248 428 —
2285 389 2412 444 LIB.
2453 391 2516 446 ν.

3329 398 3431 453 438

210 503 418 575 intelligi
457 501 842 574 turpitudinem
889 501 1088 572 patrui,
1123 503 1262 557 sicut
1300 504 1352 557 in
1389 517 1555 557 uxore
1593 501 1764 571 patris
1791 501 1839 560 A
1866 498 2185 568 conjunctus
2223 509 2324 566 εει,
2374 511 2679 572 nostraeque
2725 504 3057 575 cognationis
3099 507 3318 566 effectus
3351 520 3436 566 est

211 595 576 668 turpitudinem
609 593 796 664 patris.
845 591 1234 664 Turpitudinem
1268 595 1446 647 uxoris
1482 593 1663 661 fratris
1685 591 1762 643 tui

211 705 303 743 non
339 683 616 748 reuelabis,
673 683 938 754 turpitudo
1000 683 1182 754 fratris
1228 684 1305 737 tui
1347 693 1461 737 est:
1503 683 1764 752 quaeritur

210 787 374 832 utrum
399 778 500 832 hoc
535 778 660 830 vivo
680 772 850 830 fratre
874 791 942 829 an
975 781 1190 830 mortuo
1220 777 1289 830 sit
1316 776 1644 846 prohibitum
1663 817 1676 839 ,
1709 782 1766 830 et

211 884 302 924 non
345 883 503 937 parva
536 866 763 936 quaestio
790 873 873 921 est
912 884 924 919 :
966 866 1010 920 si
1055 867 1199 920 enim
1236 867 1530 921 dixerimus
1569 866 1634 920 de
1657 865 1764 920 vivi

211 959 373 1016 fratris
397 973 567 1014 uxore
595 958 830 1014 locutam
857 957 1217 1028 Scripturam,
1241 976 1346 1014 uno
1373 960 1608 1029 generali
1633 974 1767 1029 pra)-

211 1061 363 1120 cepto,
407 1065 517 1119 quo
560 1048 882 1120 ptohibetur
923 1049 1084 1104 homo
1139 1050 1204 1103 ad
1235 1064 1458 1103 uxorem
1507 1049 1764 1103 accedere

211 1143 436 1206 alienant,
472 1141 633 1194 etiam
657 1141 759 1194 hoc
787 1141 971 1210 utique
1007 1139 1330 1194 continetur.
1360 1139 1499 1206 Quid
1526 1148 1608 1194 est
1635 1155 1764 1210 ergo

209 1234 329 1302 quod
350 1242 454 1285 tam
484 1231 766 1302 diligenter
789 1233 886 1286 has
925 1246 1205 1300 personas,
1246 1246 1379 1301 quas
1405 1231 1637 1300 appellat
1663 1232 1760 1286 do-

209 1325 458 1388 mesticas,
508 1323 742 1393 propriis
783 1321 1236 1391 prohibitionibus
1287 1322 1570 1392 distinguit
1604 1337 1634 1375 ει
1660 1337 1764 1377 cre-

211 1413 362 1468 teris?
385 1412 508 1467 Non
536 1413 681 1466 enim
726 1419 780 1467 et
803 1412 948 1482 quod
987 1411 1237 1480 prohibet
1277 1411 1344 1466 de
1377 1426 1546 1466 uxore
1573 1412 1761 1480 patris,

210 1504 295 1557 huc
324 1511 400 1557 est
425 1502 498 1557 de
521 1517 775 1567 noverca,
803 1502 926 1556 vivo
965 1509 1118 1571 patre
1142 1501 1512 1571 accipiendum
1539 1515 1682 1567 esse,
1711 1511 1768 1556 et

211 1610 297 1648 non
321 1595 500 1664 potius
523 1603 769 1659 mortuo;
801 1608 925 1646 nam
955 1592 1078 1646 vivo
1110 1599 1260 1662 patre
1289 1592 1410 1660 quis
1438 1608 1544 1646 non
1587 1593 1766 1647 videat

209 1686 354 1740 multo
367 1686 606 1740 maxime
630 1684 956 1754 prohibitum
979 1725 993 1749 ,
1023 1684 1067 1738 si
1083 1682 1367 1752 cujuslibet
1385 1683 1619 1738 hominis
1631 1699 1767 1737 uxor

211 1779 357 1833 aliena
369 1778 646 1848 prohibita
660 1786 741 1832 est
752 1777 1010 1832 maculari
1027 1775 1323 1830 adulterio?
1339 1776 1411 1829 De
1421 1775 1506 1829 his
1520 1775 1764 1843 personis

1863 591 2149 661 particeps.
2174 592 2327 647 Unde
2348 593 2597 663 injustum
2625 602 2708 649 est
2727 604 2784 649 ut
2804 597 3221 666 magnitudinem
3244 616 3434 672 cogna-

1865 686 2024 740 tionis
2057 684 2172 754 ejus
2205 684 2535 754 injuriemus.
2565 687 2698 742 Cum
2742 697 2921 744 autem
2962 690 3077 744 haec
3115 691 3189 745 ita
3240 707 3298 746 se
3338 693 3432 747 ha-

1864 779 2044 844 beant,
2066 778 2464 848 intelligendum
2489 787 2573 834 est
2597 781 2793 835 sanciri
2824 781 3153 850 spiritaliter.
3180 782 3294 837 Non
3323 782 3435 839 vult

1865 869 2008 924 enim
2041 884 2139 924 nos
2170 870 2410 925 revelare
2439 871 2690 939 qumhbet
2720 882 2938 942 peccata
2968 890 2997 928 a
3042 875 3283 944 cognatis
3304 876 3437 930 ami-

1863 961 2010 1016 cisve
2031 961 2183 1015 nobis
2202 961 2405 1015 credita
2431 961 2650 1028 fuerint,
2675 977 2774 1018 nec
2815 965 3041 1032 prodere
3066 973 3247 1035 turpes
3267 967 3436 1021 actio—

1865 1065 1960 1104 nes
1983 1050 2300 1114 illorum,ne
2326 1051 2462 1105 forte
2487 1053 2755 1121 patiamur
2773 1055 2914 1122 quod
2938 1053 3126 1120 Cham,
3156 1056 3247 1125 qui
3267 1058 3438 1125 patris

1865 1137 2160 1192 nuditatem
2188 1139 2373 1192 videns
2403 1154 2508 1192 non
2551 1142 2849 1211 c00peruit,
2877 1143 2970 1198 sed
2996 1142 3254 1199 fratribus
3289 1161 3439 1214 egre-

1866 1230 2018 1284 diens
2045 1229 2294 1300 patefecit
2322 1229 2473 1301 (Gen.
2509 1229 2607 1300 ιιι).
2647 1231 2702 1285 l-n
2730 1241 2884 1300 patre
2933 1248 3060 1303 ergo
3095 1242 3149 1288 et
3176 1243 3351 1288 matre
3386 1245 3436 1289 et

1865 1333 2074 1385 sorore,
2119 1327 2172 1373 et
2216 1335 2564 1388 quoscunque
2604 1321 2738 1376 alios
2778 1332 3034 1392 cognatos
3079 1325 3436 1389 enumeravit,

1865 1425 1988 1464 cum
2036 1410 2340 1466 carnalibus
2383 1418 2436 1465 et
2484 1411 2858 1481 illos-oportet
2901 1414 3092 1481 accipi,
3140 1415 3205 1468 de
3246 1415 3438 1483 quibus

1866 1500 2063 1555 Paulus
2093 1501 2224 1555 dicit
2253 1519 2264 1554 :
2299 1500 2564 1556 Seniorem
2606 1520 2668 1557 ne
2706 1503 3073 1572 increpat'eris,
3102 1504 3189 1558 sed
3233 1504 3439 1559 obsecra

1865 1600 1922 1644 ut
1945 1601 2164 1661 patrem,
2185 1591 2399 1659 juvenes
2435 1603 2489 1644 ut
2515 1592 2727 1661 fratres,
2769 1610 2902 1648 anus
2930 1603 2985 1647 ut
3012 1602 3225 1660 matres,
3261 1595 3440 1661 juven-

1867 1680 2012 1734 culas
2041 1691 2096 1734 ut
2120 1697 2323 1736 sorores
2371 1681 2424 1752 (Ι
2455 1681 2588 1736 Tim.
2633 1682 2706 1754 v).
2755 1684 2956 1739 Deinde
3009 1694 3256 1740 cunctam
3286 1685 3442 1752 nobis

1867 1773 1958 1842 qui
1999 1772 2181 1827 ﬁdeles
2232 1789 2418 1828 sumus
2461 1789 2579 1827 cum
2623 1775 2871 1829 omnibus
2911 1776 3004 1844 qui
3033 1775 3273 1844 ejusdem
3318 1786 3441 1831 sunt

211 1881 319 1939 ergo
341 1870 554 1923 videtur
580 1867 745 1938 loqui,
777 1883 896 1937 qua:
924 1875 1143 1936 possent
1183 1883 1290 1921 non
1324 1866 1582 1921 habentes
1622 1867 1766 1920 viros
1793 1867 1840 1924 B
1869 1860 1992 1915 ﬁdei
2030 1863 2346 1930 conquirere
2371 1863 2590 1933 cupiens
2619 1866 3012 1936 cognationem,
3041 1868 3119 1922 sic
3146 1883 3335 1922 rursus
3362 1867 3442 1921 di-

211 1959 253 2012 in
282 1956 677 2012 matrimonium
707 1957 1012 2020 convenire,
1042 1957 1144 2010 nisi
1177 1956 1294 2025 lege
1330 1956 1762 2026 prohiberentur,

212 2055 328 2099 sxcut
368 2047 543 2099 fertur
575 2059 694 2099 esse
724 2045 1052 2099 consuetudo
1087 2044 1391 2099 Persarum.
1433 2045 1537 2100 Sed
1579 2062 1766 2102 rursus

210 2135 246 2190 si
272 2135 422 2190 fratre
453 2142 670 2189 mortuo
696 2134 1118 2192 intellexerimus
1154 2135 1482 2205 prohibitum
1513 2152 1632 2191 esse
1662 2138 1764 2192 du-

210 2240 315 2280 cere
351 2224 536 2280 fratris
577 2239 819 2291 uxorem,
862 2226 1100 2280 occurrit
1148 2226 1278 2280 illud
1323 2227 1462 2295 quod
1497 2229 1764 2283 excitandi

209 2317 406 2370 seminis
430 2331 620 2381 causa,
659 2317 703 2371 si
740 2315 826 2371 ille
866 2318 982 2371 sine
1029 2316 1153 2372 ﬁliis
1181 2318 1462 2374 defunctus
1489 2331 1654 2387 esset,
1674 2321 1764 2391 ju-

208 2407 288 2461 bet
328 2408 605 2477 Scriptura
647 2423 768 2462 esse
808 2406 1132 2474 faciendum,
1175 2425 1238 2464 ac
1282 2425 1380 2480 per
1423 2413 1525 2466 hoc
1571 2412 1766 2469 collata

208 2495 300 2552 ista
326 2497 688 2567 prohibitione
729 2513 850 2552 cum
889 2498 976 2552 illa
1009 2497 1270 2567 jussione,
1306 2516 1374 2555 ne
1409 2502 1635 2558 invicem
1675 2504 1767 2558 ad-

207 2599 474 2642 versentur
514 2587 852 2657 intelligenda
884 2598 968 2644 est
990 2592 1234 2661 exceptio
1267 2611 1278 2645 :
1318 2593 1372 2648 id
1401 2601 1504 2660 est,
1550 2610 1658 2648 non
1704 2594 1767 2649 li-

214 2693 330 2732 cere
354 2680 588 2747 cuiquam
625 2676 862 2733 defuncti
905 2678 1087 2735 fratris
1111 2679 1307 2737 ducere
1333 2698 1576 2748 uxorem,
1603 2684 1650 2737 si
1677 2685 1768 2738 de-

211 2768 413 2823 functus
443 2778 679 2838 posteros
709 2769 1015 2839 dereliquit,
1047 2780 1138 2824 aut
1166 2772 1329 2826 etiam
1353 2771 1480 2826 illud
1501 2787 1620 2828 esse
1643 2788 1768 2842 pro-

208 2857 421 2912 hibitum
448 2873 515 2912 ne
540 2857 727 2913 liceret
749 2858 944 2914 ducere
977 2859 1162 2915 fratris
1193 2877 1414 2916 uxorem
1434 2863 1615 2926 etiam,
1649 2879 1767 2933 quae

209 2965 234 3002 a
256 2946 410 3004 fratre
443 2949 566 3004 vivo
603 2966 701 3020 per
737 2952 1018 3021 repudium
1058 2952 1388 3009 recessisset.
1437 2953 1589 3009 Tunc
1623 2955 1767 3008 enim

209 3039 329 3093 sicut
349 3041 606 3096 Dominus
623 3041 753 3096 dicit
771 3040 961 3111 (Marc.
980 3041 1034 3114 χ)
1057 3060 1070 3098 :
1091 3043 1173 3099 Ad
1186 3040 1440 3098 duritiam
1460 3043 1766 3100 Iudaeorum

207 3130 399 3202 Moyses
421 3134 746 3203 permiserat
769 3133 898 3188 dare
923 3133 1157 3190 libellum
1178 3134 1407 3206 repudii,
1425 3144 1479 3190 et
1503 3150 1602 3205 per
1625 3136 1768 3191 hanc

1866 1953 2163 2008 cit:Multi
2199 1971 2359 2008 unum
2406 1971 2592 2025 corpus
2638 1972 2818 2010 sumus
2861 1958 2916 2010 in
2962 1957 3197 2023 Christo,
3250 1958 3443 2029 singuli

1867 2054 2040 2098 autem
2065 2043 2280 2100 alterius
2312 2046 2540 2099 membra
2567 2046 2745 2116 (Rom.
2780 2047 2900 2118 xu).
2927 2047 3080 2104 Unde
3123 2057 3178 2104 et
3219 2050 3442 2120 impium

1868 2134 2109 2188 revelare
2142 2133 2429 2203 cujuslibet
2447 2135 2824 2204 praedictorum
2857 2134 3238 2208 turpitudinem
3267 2141 3444 2209 appel-

1866 2221 2028 2287 lavit,
2081 2225 2205 2293 quia
2252 2224 2510 2293 spiritalis
2561 2226 2896 2293 cognationis
2949 2229 3323 2296 praavaricatio
3375 2232 3441 2284 ad

1867 2312 2035 2367 Deum
2061 2313 2253 2379 tendit,
2281 2321 2566 2384 postquam
2611 2330 2734 2369 cum
2773 2329 2837 2370 eo
2878 2316 3137 2372 habemus
3163 2319 3442 2394 cognatio-

1868 2418 1990 2458 nem
2020 2404 2216 2458 vinculi
2245 2404 2518 2474 spiritalis.
2547 2405 2929 2462 Verumtamen
2957 2423 3055 2462 nec
3076 2409 3180 2463 hoc
3215 2420 3441 2478 prmter-

1868 2493 1947 2548 ire
2003 2501 2213 2563 oportet
2250 2509 2373 2548 eum
2401 2495 2490 2564 qui
2521 2495 2808 2566 diligenter
2847 2497 3136 2552 meditatur
3165 2499 3299 2571 legis
3337 2500 3447 2555 elo-

1869 2584 2014 2653 quia,
2060 2585 2185 2654 quia
2237 2585 2530 2640 secundum
2578 2584 2928 2656 Septuaginta
2965 2587 3148 2643 decem
3185 2589 3446 2660 graduum

1869 2673 2203 2742 cognationis
2238 2689 2522 2728 numerum
2561 2675 2616 2729 in
2651 2676 2903 2745 praesenti
2937 2678 3117 2747 posuit
3153 2678 3444 2749 lcgislator,

1870 2764 2022 2833 cujus
2063 2764 2273 2818 numeri
2318 2765 2499 2819 omnia
2542 2766 2791 2819 mandata
2818 2775 2943 2820 sunt
2974 2766 3127 2838 legis,
3161 2769 3449 2824 ostendens

1870 2857 1994 2926 quia
2020 2857 2266 2925 quisquis
2309 2857 2692 2926 turpitudinem
2733 2858 2931 2912 revelat
2957 2860 3252 2914 carnalium
3285 2861 3448 2931 spiri-

1871 2946 2126 3001 taliumve
2179 2954 2550 3015 cognatorum,
2613 2947 2774 3001 totius
2827 2947 2958 3018 legis
3013 2949 3284 3004 invenitur
3327 2967 3449 3006 esse

1872 3047 2262 3108 transgressor.
2307 3037 2521 3104 Quare?
2550 3038 2684 3106 Quia
2725 3039 2955 3093 alienum
2993 3049 3075 3095 est
3103 3055 3132 3094 a
3162 3042 3449 3108 charitate,

1868 3129 2010 3198 quod
2041 3130 2169 3199 agit,
2201 3143 2319 3198 quae
2362 3137 2446 3183 est
2481 3129 2611 3200 legis
2637 3129 2932 3198 plenitudo.
2978 3131 3089 3185 Hoc
3128 3133 3271 3185 enim
3305 3134 3447 3200 quod

210 3221 558 3279 dimissionem
610 3224 787 3296 potuit
839 3225 1038 3296 putari,
1097 3227 1239 3296 quod
1290 3227 1434 3282 licite
1481 3228 1767 3298 quisquam
1795 3214 1840 3276 C
1871 3220 1947 3274 ait
1969 3219 2168 3274 Paulus
2194 3237 2208 3273 :
2233 3219 2358 3272 Non
2382 3218 2721 3284 adnlterabis,
2749 3237 2852 3274 non
2876 3220 3100 3286 occides,
3125 3221 3448 3290 nonfurtum

207 3312 294 3368 sibi
338 3331 566 3370 uxorem
609 3317 884 3386 copularet
929 3316 1133 3384 fratris,
1163 3317 1255 3373 ubi
1300 3319 1624 3374 adulterium
1662 3336 1767 3375 non

209 3404 424 3471 timeret,
455 3407 710 3476 quoniam
741 3409 963 3479 repudio
991 3409 1343 3464 discessisset.
1371 3409 1768 3481 Turpitudinem

211 3496 424 3552 mulieris
467 3508 515 3552 et
541 3499 670 3568 ﬁlice
711 3499 826 3569 ejus
864 3516 969 3554 non
1008 3499 1273 3566 reuelabis,
1305 3501 1358 3555 id
1386 3509 1487 3568 est,
1526 3517 1594 3557 ne
1619 3509 1770 3571 putet

210 3589 475 3657 quisquam
521 3589 685 3644 licere
721 3590 821 3644 sibi
859 3591 1055 3646 ducere
1085 3590 1250 3646 ﬁliam
1295 3593 1480 3647 uxoris
1522 3608 1651 3648 suae.
1685 3590 1771 3648 Si-

210 3677 304 3728 mul
327 3679 474 3732 enim
498 3678 741 3733 mulieris
763 3687 816 3733 et
836 3677 958 3734 ﬁliae
980 3679 1095 3748 ejus
1115 3697 1219 3736 non
1243 3680 1366 3736 licet
1387 3682 1630 3738 revelare
1657 3691 1770 3737 tur-

210 3765 489 3833 pitudinem
518 3767 654 3836 ejus,
684 3769 738 3823 id
769 3776 870 3832 est,
912 3769 1170 3824 ambabus
1207 3771 1417 3826 misceri
1448 3779 1503 3826 et
1528 3774 1686 3826 matri
1715 3781 1771 3828 et

211 3854 333 3910 ﬁliae.
364 3854 563 3910 Filiam
591 3856 694 3926 ﬁlii
715 3858 830 3928 ejus
858 3866 905 3912 et
926 3858 1093 3928 ﬁliam
1115 3857 1241 3928 ﬁlia:
1261 3861 1374 3931 ejus
1400 3878 1504 3916 non
1526 3863 1768 3932 accipies,

207 3948 352 4001 ctiam
397 3957 614 4017 neptam
660 3949 844 4004 uxoris
867 3950 934 4005 de
979 3951 1088 4006 ﬁlio
1117 3951 1202 4006 vel
1238 3953 1304 4007 de
1344 3951 1450 4007 ﬁlia
1487 3954 1609 4009 duci
1645 3972 1772 4026 pro-

207 4033 379 4091 hibuit.
406 4054 647 4093 uxorem.
684 4037 852 4108 Super
892 4057 1119 4094 sororem
1160 4041 1272 4111 ejus
1320 4060 1422 4096 non
1452 4045 1674 4114 accipies
1716 4047 1770 4100 in

207 4127 355 4181 zelum
395 4143 412 4182 :
442 4129 526 4183 hic
555 4145 663 4184 non
691 4129 961 4199 prohibuit
991 4132 1369 4200 superdncere,
1398 4134 1541 4202 quod
1578 4135 1773 4189 licebat

208 4221 438 4290 antiquis
461 4228 678 4290 propter
702 4221 1084 4276 abundantiam
1113 4225 1530 4293 propagationis,
1563 4226 1657 4279 sed
1687 4240 1773 4280 so-

208 4322 387 4363 rorem
411 4311 582 4364 sorori
608 4309 779 4364 noluit
806 4311 1108 4380 superduci.
1137 4311 1290 4378 Quod
1320 4314 1530 4368 videtur
1581 4313 1773 4370 fecisse

209 4398 393 4465 Jacob,
437 4405 546 4458 sive
595 4404 720 4473 quia
761 4405 997 4458 nondum
1046 4405 1218 4460 fuerat
1261 4406 1376 4477 lege
1419 4409 1769 4478 prohibitum,

209 4491 311 4545 sive
336 4493 465 4562 quia
494 4495 783 4564 suppositae
817 4494 1037 4550 alterius
1068 4494 1255 4552 fraude
1282 4499 1536 4568 deceptus
1575 4509 1677 4568 est,
1706 4501 1774 4555 ad

210 4581 346 4635 illam
394 4583 558 4653 magis
590 4583 654 4636 dc
679 4583 878 4653 placito
906 4585 1172 4651 veniebat,
1203 4603 1365 4656 quam
1390 4591 1655 4658 posterius
1683 4607 1774 4646 ac-

213 4673 372 4742 cepit,
396 4675 486 4728 sed
527 4673 782 4742 injustam
814 4684 928 4730 erat
960 4677 1196 4746 priorem
1227 4679 1442 4744 dimitti,
1480 4697 1547 4735 ne
1578 4681 1777 4739 faceret

211 4782 323 4820 eam
353 4768 629 4824 mcechari.
659 4768 770 4823 Hoc
798 4777 998 4835 autem,
1027 4771 1167 4840 quod
1193 4773 1268 4826 ait
1294 4774 1347 4826 in
1381 4775 1568 4840 zelum,
1599 4785 1776 4832 utrum

215 4856 326 4911 ideo
366 4859 594 4926 positum
622 4868 727 4925 est,
773 4875 842 4914 ne
884 4861 955 4915 sit
999 4862 1144 4916 zelus
1191 4863 1333 4918 inter
1366 4881 1599 4931 sorores,
1636 4871 1780 4938 quod

215 4944 354 5000 inter
384 4947 498 5002 illas
542 4963 664 5018 quae
705 4963 919 5003 sorores
963 4966 1068 5003 non
1114 4961 1292 5005 essent
1332 4957 1779 5010 contemnendum

217 5030 348 5087 fuit?
376 5049 439 5088 an
466 5035 585 5090 ideo
627 5037 804 5105 potius
847 5052 914 5090 ne
951 5047 1170 5108 propter
1199 5039 1301 5093 hoc
1351 5040 1463 5104 ﬁat,
1490 5042 1541 5095 id
1586 5052 1685 5105 cst,
1718 5060 1783 5099 ne

215 5118 318 5176 hoc
357 5125 528 5181 animo
559 5124 655 5178 ﬁat
688 5133 748 5178 ut
793 5126 845 5180 in
876 5126 1051 5180 zelum
1088 5129 1290 5183 sororis
1336 5146 1491 5185 soror
1527 5136 1785 5202 superdu-

218 5214 398 5266 catur?
440 5214 548 5284 (Ex
596 5213 904 5284 Hesychia.)
954 5215 1088 5269 Illud
1134 5227 1430 5286 Opportune
1472 5221 1784 5277 intuendum

217 5309 307 5355 est
327 5304 457 5371 quod
485 5304 675 5358 dicens
703 5321 716 5356 :
749 5302 930 5358 Omnis
956 5306 1108 5358 homo
1151 5307 1220 5358 ad
1256 5309 1545 5376 proximam
1576 5314 1787 5380 sangui-

222 5391 302 5444 nis
324 5395 396 5446 sui
417 5411 520 5447 non
549 5393 778 5458 accedet,
802 5402 857 5446 ut
887 5393 1070 5448 revelet
1109 5396 1484 5466 turpitudinem
1513 5399 1648 5466 ejus,
1687 5401 1785 5453 ad-

217 5480 395 5537 didit:
432 5483 546 5554 Ego
575 5484 852 5537 Dominus.
896 5485 963 5538 Et
997 5485 1125 5554 quid
1164 5501 1299 5555 opus
1343 5495 1455 5540 erat
1499 5489 1598 5542 hoc
1638 5491 1784 5555 addi,

217 5581 344 5622 cum
365 5573 543 5638 semel,
575 5581 632 5627 et
659 5573 762 5626 hoc
795 5572 948 5628 initio
978 5575 1260 5642 prmsentis
1296 5577 1605 5644 sanctionis,
1639 5580 1786 5634 dixe-

218 5656 320 5720 rit,
344 5659 443 5730 Ego
467 5661 725 5716 Dominus
751 5661 891 5715 Deus
919 5672 1098 5728 vester,
1126 5664 1219 5717 sed
1248 5673 1430 5732 aperte
1457 5665 1584 5721 illud
1613 5677 1789 5724 osten-

221 5744 306 5801 dit
330 5751 437 5818 quia
457 5752 504 5808 is
521 5767 643 5822 qua)
661 5753 778 5806 lucc
803 5750 994 5816 sancit,
1025 5751 1135 5821 ipse
1157 5762 1235 5807 est
1261 5754 1349 5822 qui
1379 5755 1530 5809 nobis
1555 5765 1604 5811 ct
1627 5775 1786 5814 cuine

1868 3312 2051 3380 facies,
2086 3328 2188 3365 non
2215 3312 2566 3382 concupisces,
2596 3321 2644 3366 et
2680 3313 2725 3366 si
2767 3312 2906 3383 quod
2936 3323 3011 3366 est
3049 3312 3195 3366 aliud
3231 3314 3450 3367 manda-

1866 3409 1999 3467 tum,
2049 3402 2105 3455 in
2150 3403 2247 3455 hoc
2300 3401 2450 3455 verba
2505 3411 2852 3455 restauratur.
2902 3401 3098 3473 Diliges
3153 3404 3449 3472 proximum

1868 3503 2050 3558 tuum,
2089 3494 2220 3548 sicut
2264 3495 2505 3563 teipsum.
2559 3493 2782 3547 Dilectio
2838 3497 3062 3564 proximi
3113 3495 3306 3548 malum
3347 3513 3451 3551 non

1868 3593 2147 3654 operatur;
2173 3584 2438 3653 plenitudo
2459 3583 2587 3652 legis
2617 3594 2692 3637 est
2721 3584 2930 3638 dilectio
2959 3583 3136 3656 (Rom.
3165 3585 3307 3655 xm).
3329 3585 3450 3640 Pla-

1867 3675 1990 3729 nior
2031 3683 2209 3729 autem
2256 3673 2317 3727 ﬁt
2368 3674 2695 3740 intellectus,
2741 3675 2786 3730 si
2831 3677 3003 3746 ipsam
3049 3684 3452 3745 perscrutemur

1868 3765 2100 3821 litteram
2138 3783 2150 3820 :
2187 3765 2370 3820 Omnis
2404 3765 2559 3819 homo
2601 3767 2670 3820 ad
2713 3767 3006 3838 proximam
3053 3771 3325 3839 sanguinis
3367 3771 3451 3824 sui

1871 3871 1972 3909 non
2023 3855 2254 3922 accedet,
2299 3865 2356 3909 ut
2396 3855 2582 3910 revelet
2630 3857 3008 3926 turpitudinem
3051 3859 3198 3928 ejus;
3239 3870 3298 3913 ut
3343 3875 3451 3914 non

1869 3949 2188 4003 accedamus
2230 3950 2296 4002 ad
2334 3957 2593 4018 cegnatos
2639 3949 2694 4003 in
2724 3948 2838 4018 lege
2880 3950 3202 4021 cognitionis
3246 3967 3450 4022 praesu-

1869 4047 2093 4102 mentes,
2125 4047 2180 4094 et
2207 4054 2303 4110 per
2359 4041 2462 4094 hoc
2491 4056 2586 4095 eos
2621 4048 2910 4106 tentantes,
2959 4057 3023 4097 ac
3053 4043 3245 4097 deinde
3287 4045 3450 4099 actio-

1870 4146 1967 4186 nes
1995 4145 2179 4185 eorum
2213 4136 2394 4198 turpes
2416 4138 2804 4198 cognoscentes
2831 4131 3124 4199 prodamus
3147 4147 3258 4186 eos.
3297 4131 3448 4200 Unde

1870 4229 1928 4275 et
1953 4219 2114 4274 nimis
2147 4228 2448 4289 opportune
2493 4220 2767 4274 subdidit:
2802 4219 2916 4289 Ego
2960 4221 3237 4285 Dominus,
3263 4221 3316 4275 id
3345 4230 3444 4284 est,

1871 4308 2224 4365 manifestans
2263 4309 2540 4363 hominum
2567 4319 2811 4378 peccata,
2843 4310 2934 4364 sed
2961 4323 3294 4379 quaecunque
3321 4325 3451 4364 con-

1873 4398 1999 4453 fessi
2043 4390 2248 4451 fuerint
2272 4405 2325 4451 et
2354 4397 2560 4451 orando
2589 4398 2955 4465 exposuerint,
2990 4405 3176 4469 tegens
3205 4407 3260 4454 et
3296 4400 3451 4455 dissi-

1876 4503 2030 4560 pans,
2061 4488 2133 4540 ita
2161 4495 2313 4542 utne
2338 4488 2551 4558 quidem
2587 4488 2871 4558 vestigium
2903 4500 3090 4545 coram
3131 4493 3448 4562 reperiatur.

1881 4583 2123 4639 Sororem
2144 4585 2324 4637 uxoris
2367 4593 2472 4637 tuae
2507 4584 2561 4638 in
2602 4583 2898 4654 pellicatum
2939 4586 3052 4655 ejus
3080 4603 3183 4641 non
3211 4588 3450 4658 accipies,

1883 4697 1973 4734 nec
2019 4679 2266 4734 revelabis
2318 4679 2692 4748 turpitudinem
2735 4679 2905 4732 adhuc
2944 4679 3037 4733 illa
3086 4682 3298 4735 vivente.
3349 4681 3456 4753 (Ea:

1884 4766 2188 4839 Hesychia.)
2231 4767 2398 4822 Recte
2445 4769 2560 4823 haec
2605 4769 3006 4838 praecipiuntur,
3051 4771 3175 4839 quia
3223 4771 3277 4825 in
3323 4787 3456 4840 pace

1882 4859 2094 4912 vocavit
2119 4872 2218 4911 nos
2244 4856 2500 4911 Dominus
2543 4857 2704 4910 Deus.
2752 4857 2852 4922 Qui
2878 4860 3020 4911 enim
3051 4874 3172 4913 cum
3204 4861 3454 4918 omnibus
3543 4914 3551 4921 ,

1885 4962 1983 5000 nos
2010 4960 2194 5014 pacem
2224 4945 2422 4999 habere
2455 4945 2586 5009 vult,
2619 4946 2779 4999 etiam
2826 4960 2924 5014 per
2961 4947 3186 5002 Paulum
3231 4949 3451 5003 dicens:

1886 5038 1945 5090 Si
1965 5038 2206 5107 possibile
2226 5047 2320 5101 est,
2343 5037 2481 5106 quod
2509 5053 2572 5090 ea:
2607 5038 2746 5091 vobis
2776 5048 2991 5098 est,cum
3013 5041 3249 5094 omnibus
3287 5041 3453 5093 homi-

1887 5127 2036 5180 nibus
2063 5144 2241 5197 pacem
2271 5127 2505 5181 habetote
2531 5125 2700 5198 (Rom.
2734 5127 2854 5198 xu).
2897 5129 3062 5184 Multo
3103 5132 3271 5200 magis
3296 5145 3454 5200 ρεαδς

1887 5222 1971 5268 tos
2005 5231 2104 5269 nos
2143 5215 2259 5268 vult
2287 5231 2410 5270 esse
2433 5231 2555 5270 cum
2598 5217 2880 5284 proximis,
2911 5221 3055 5288 quod
3102 5221 3378 5282 subvertit,
3411 5219 3456 5271 si

1888 5305 2045 5359 simul
2069 5305 2189 5374 quis
2218 5305 2373 5359 uxori
2402 5306 2681 5374 sororique
2711 5306 2827 5376 ejus
2845 5309 3120 5379 jungatur,
3153 5316 3210 5360 ut
3241 5320 3456 5360 sorores

1889 5397 2085 5465 quippe
2119 5395 2276 5449 simul
2309 5396 2570 5462 habitent,
2605 5406 2660 5450 ct
2692 5407 2750 5450 ut
2794 5399 2934 5453 inter
2968 5399 3124 5453 simul
3152 5396 3456 5452 habitantes

1891 5487 2156 5541 excitetur
2183 5485 2346 5548 zelus,
2393 5487 2533 5541 unde
2575 5490 2846 5544 contentio
2886 5491 3104 5557 risuque
3148 5495 3454 5556 generatur.

1892 5575 2019 5630 Post
2052 5577 2155 5630 hoc
2179 5577 2262 5630 lex
2288 5579 2563 5648 prmcepit,
2591 5595 2697 5632 non
2726 5589 2973 5650 oportere
3003 5580 3055 5632 in
3078 5577 3296 5632 Judaica
3329 5596 3434 5637 con

1891 5669 2189 5722 versatione
2215 5670 2631 5726 ecclesiasticam
2654 5673 2916 5740 accipere,
2941 5687 3036 5724 nec
3059 5671 3214 5724 simul
3237 5675 3451 5743 pascha

1895 5757 2030 5827 quod
2068 5758 2118 5810 in
2155 5757 2322 5827 ﬁgura
2374 5769 2474 5822 cst,
2524 5775 2643 5813 cum
2694 5775 2778 5825 co,
2825 5758 2964 5828 quod
3009 5769 3093 5815 est
3128 5761 3462 5835 intelligibila
