3918 6180
457 352 571 410 439

1140 349 1198 403 Β.
1243 349 1494 404 ΒΑΒΑΝΙ
1535 349 1752 407 MAURI
1788 350 2023 404 ARCHII

2148 349 2454 405 MOGUNT.
2496 346 2782 403 OPERUM
2820 343 2997 399 PARS
3031 341 3067 397 Ι.

3612 348 3712 401 440

458 465 768 527 celebrare;
816 477 918 517 nec
947 460 1292 516 festivitatem
1336 477 1644 532 azymorum
1675 462 2029 525 celebrantes,
2062 468 2112 526 Λ
2136 463 2349 518 cubitus
2373 472 2557 518 contra
2583 463 2756 534 legem
2781 464 3015 527 misceri,
3038 463 3135 519 Sed
3160 476 3259 516 nec
3287 461 3440 516 uxori
3461 462 3705 531 prox-imi.

456 554 660 611 Christi
685 553 839 623 panis
860 567 1069 607 caenam
1097 567 1329 615 sumere,
1359 568 1477 621 qua:
1514 563 1639 607 sunt
1662 568 1789 606 vera
1820 568 2030 622 azyma,

458 659 562 699 nec
605 643 1066 698 circumcisionem
1111 642 1272 696 simul
1313 642 1606 710 praedicare
1652 653 1703 696 et
1742 641 2031 709 baptisma.

461 734 830 790 Memoramini
854 740 1031 787 autem
1059 733 1200 787 illius
1225 732 1317 802 qui
1345 732 1483 786 dixit
1510 749 1523 784 :
1551 731 1686 785 Ecce
1709 747 1800 800 ego
1832 730 2035 784 Paulus

460 828 578 881 dico
613 826 754 880 vobis
784 837 803 876 :
838 823 898 879 Si
940 823 1406 886 circumcidamini,
1444 821 1682 876 Christus
1720 821 1859 874 vobis
1906 820 2036 874 nihil

459 917 668 987 prodest
702 915 844 980 (Gal.
883 915 959 986 v).
1009 913 1116 969 Sed
1147 924 1202 968 et
1236 914 1282 967 si
1314 912 1452 968 forte
1482 912 1603 981 quis
1647 910 1869 965 Iudaica
1905 925 2037 965 con-

460 1007 761 1061 versatione
796 1020 929 1060 usus
961 1013 1064 1069 est,
1108 1001 1425 1074 negligendo
1467 1017 1586 1057 eam
1632 1000 1937 1064 mortiﬁcct,
1982 999 2035 1053 id

458 1105 561 1161 est,
592 1097 903 1155 intutiorem
938 1103 1101 1165 atque
1128 1094 1455 1150 inetiicacem
1487 1095 1695 1159 reddat,
1725 1101 1781 1148 et
1818 1102 1943 1147 tunc
1984 1092 2033 1146 ei

459 1201 577 1255 qua:
596 1193 678 1240 est
701 1185 955 1241 Ecclesia:
978 1186 1290 1250 misceatur,
1314 1199 1434 1253 quae
1455 1198 1610 1240 soror
1627 1183 1843 1253 quidem
1868 1183 2030 1246 illius,

457 1275 583 1345 quia
625 1276 868 1332 eamdem
913 1274 1086 1347 legem
1118 1268 1307 1341 habet,
1355 1274 1683 1344 eosdemque
1722 1274 2030 1344 prophetas,

457 1368 554 1422 sed
593 1367 786 1423 aemula
823 1376 947 1423 est:
982 1383 1090 1422 non
1129 1367 1270 1437 quod
1316 1366 1429 1436 ipsa
1472 1366 1696 1431 zelatur,
1746 1364 1842 1420 sed
1889 1366 2034 1435 quod

456 1456 574 1512 hare
603 1457 746 1513 illius
782 1457 956 1512 zelum
985 1457 1243 1527 patiatur,
1271 1457 1398 1527 quia
1436 1456 1636 1511 divitiae
1668 1454 1784 1523 ejus
1824 1456 1890 1509 ad
1935 1471 2034 1510 nos

456 1564 556 1622 per
589 1547 760 1617 ipsam
789 1547 1052 1603 devoluta:
1078 1555 1222 1613 sunt,
1243 1548 1297 1601 in
1320 1554 1527 1601 tantum
1555 1556 1613 1601 ut
1632 1545 1831 1600 Paulus
1858 1545 1923 1600 de
1947 1545 2034 1599 his

456 1638 549 1709 qui
578 1652 657 1703 ,εχ
682 1637 1093 1693 circumcisione
1120 1645 1266 1703 sunt,
1298 1637 1366 1691 ad
1398 1636 1617 1692 Galatas
1642 1635 1732 1705 qui
1762 1651 1827 1691 ex
1854 1635 2030 1704 genti-

494 1745 558 1783 us
596 1735 772 1801 erant,
818 1727 1060 1783 diceret:
1107 1726 1457 1782 ﬂmulantur
1494 1743 1581 1781 vos
1624 1742 1726 1780 non
1760 1725 1906 1790 bene,
1940 1726 2032 1778 sed

2138 554 2475 627 Adulterium
2503 554 2647 609 enim
2677 555 2776 609 ista
2803 554 3107 609 commistio
3129 569 3234 608 non
3260 554 3565 623 corijugium
3595 563 3706 608 est:

2137 643 2278 699 unde
2327 657 2448 698 cum
2497 643 2723 697 dixisset
2756 661 2769 696 :
2801 642 2937 697 Cum
2983 658 3153 697 uxore
3196 642 3428 712 proximi
3483 642 3562 696 tui
3606 658 3707 697 non

2136 733 2326 797 coibis,
2351 733 2559 788 addidit
2579 747 2798 798 nomen,
2829 746 2928 788 nec
2955 732 3178 787 seminis
3206 732 3582 787 commistione
3601 746 3709 785 ma-

2135 824 2419 887 culaberis,
2446 825 2550 879 hoc
2570 824 2890 893 explanatis,
2916 825 3041 895 quia
3064 823 3175 891 jam
3213 840 3318 880 non
3346 834 3425 880 est
3465 825 3570 879 hoc
3589 839 3710 879 con-

2129 915 2373 986 jugium;
2404 930 2577 985 neque
2597 917 2741 970 enim
2766 915 3031 985 polluerat
3056 932 3180 972 cum
3210 918 3301 988 qui
3328 917 3710 972 conimisceba-

2135 1014 2226 1058 tur
2251 1023 2262 1058 :
2296 1004 2421 1073 quia
2444 1003 2746 1059 honorabile
2766 1013 2841 1059 est
2867 1006 3170 1076 conjugium
3194 1017 3240 1060 et
3265 1008 3447 1061 tltorus
3469 1008 3709 1060 immacu-

2134 1096 2273 1151 latus
2296 1095 2483 1167 (Hebr.
2514 1096 2635 1169 xm)
2665 1115 2677 1152 ε
2713 1098 2805 1153 sed
2835 1113 2956 1152 cum
2985 1098 3227 1153 sensibili
3258 1097 3628 1161 fornicatione,
3656 1105 3709 1151 et

2136 1187 2204 1242 ab
2237 1185 2555 1257 intelligibili
2584 1201 2684 1241 nos
2708 1200 2988 1242 removere
3022 1189 3258 1241 maximo
3297 1187 3474 1242 studio
3501 1186 3704 1249 nititur,

2131 1285 2352 1348 propter
2369 1277 2511 1347 quod
2525 1277 2761 1333 subdidit
2779 1296 2792 1331 :
2816 1277 2893 1332 De
2913 1279 3106 1332 semine
3126 1287 3216 1331 tuo
3230 1294 3331 1331 non
3353 1276 3502 1330 dabis
3525 1275 3711 1329 servire

2138 1365 2377 1431 Maloeh;
2419 1366 2533 1420 sive
2580 1374 2637 1420 ut
2684 1365 3053 1437 Septuaginta,
3098 1366 3340 1436 principi.
3394 1364 3491 1420 Cui
3531 1374 3710 1420 autem

2134 1455 2363 1525 principi
2413 1464 2594 1510 nostra
2628 1456 2906 1510 translatio
2947 1464 3002 1510 et
3037 1454 3231 1524 reliqui
3263 1457 3588 1525 interpretes
3619 1469 3711 1509 os-

2135 1546 2440 1601 tenderunt.
2476 1546 2581 1617 Ipsi
2609 1547 2753 1602 enim
2785 1546 2989 1602 Molocb
3018 1562 3118 1617 pro
3148 1562 3238 1613 eo,
3265 1547 3409 1616 quod
3448 1554 3534 1602 est
3560 1547 3715 1617 prin-

2132 1637 2259 1706 cipi,
2285 1652 2522 1694 consone
2564 1639 2883 1704 ediderunt;
2915 1638 3114 1695 idolum
3156 1646 3337 1693 autem
3378 1638 3484 1693 hoc
3526 1637 3712 1704 fuisse,

2134 1730 2296 1784 etiam
2324 1728 2630 1800 Stephanus
2669 1730 3018 1796 concionans,
3067 1730 3304 1784 maxime
3340 1738 3517 1784 autem
3549 1730 3716 1784 Amos

455 1818 733 1874 excludere
753 1835 839 1874 vos
864 1818 1041 1873 volunt
1067 1815 1264 1890 (Galat.
1295 1818 1390 1888 tv).
1420 1816 1554 1884 Quia
1580 1827 1760 1872 autem
1792 1830 1898 1870 non
1929 1814 2030 1869 Ec-
2065 1830 2109 1888 Β
2137 1828 2261 1873 ante
2303 1834 2450 1885 eum,
2489 1820 2818 1889 prophetans
2857 1818 3276 1885 demonstravit;
3317 1819 3393 1872 ait
3428 1818 3570 1872 enim
3598 1837 3613 1872 :
3643 1817 3712 1871 Et

455 1907 618 1962 cle$ia
641 1907 979 1978 Synagogam
1000 1907 1225 1971 zelatur,
1246 1906 1340 1961 sed
1358 1907 1473 1977 ipsa
1499 1922 1530 1961 a
1552 1905 1837 1978 Synagoga
1858 1904 2034 1960 zelum

454 1998 675 2065 patitur,
699 1997 1044 2053 manifestum
1060 2006 1143 2053 est
1166 2013 1233 2052 ex
1255 2011 1319 2052 eo
1343 1997 1485 2067 quod
1509 2012 1612 2053 non
1643 1997 1874 2053 secunda
1898 2012 2035 2052 uxor

452 2087 702 2155 primam,
729 2089 824 2144 sed
841 2088 1017 2158 prima
1042 2088 1328 2143 aemulatur
1342 2090 1633 2144 secundam
1658 2108 1670 2143 :
1697 2085 1835 2144 sicui
1851 2103 1919 2144 ex
1940 2088 2034 2143 de—

453 2177 651 2232 siderio
670 2177 774 2232 viri
801 2178 1234 2248 subingrediente
1260 2178 1411 2243 solet,
1443 2179 1583 2233 unde
1616 2187 1672 2233 et
1695 2178 1791 2232 Lia
1821 2178 2033 2234 zelaba-

456 2276 544 2320 tur
569 2266 773 2321 Rachel

527 2356 603 2408 Ad
629 2357 896 2412 mulierem
932 2375 1049 2428 qua:
1073 2361 1273 2430 patitur
1305 2368 1624 2414 menstruam
1654 2376 1756 2414 non
1792 2358 2028 2419 accedes.

455 2462 547 2499 nec
582 2445 769 2501 rereles
809 2447 1091 2516 {aditatem
1115 2449 1246 2519 ejus.
1286 2450 1346 2504 1d
1381 2458 1483 2514 est,
1521 2451 1590 2504 ad
1641 2458 2029 2505 menstruatam

454 2536 737 2593 mulierem
777 2553 883 2592 non
924 2539 1192 2593 accedes:
1224 2538 1606 2611 segregabatur
1646 2541 1790 2595 enim
1833 2556 2025 2595 secun-

454 2629 582 2684 dum
613 2629 783 2699 legem
810 2639 1030 2701 propter
1050 2631 1464 2686 immunditiam.
1494 2631 1607 2686 Hoc
1633 2647 1755 2687 cum
1784 2631 2029 2702 superius

453 2720 588 2776 satis
631 2720 957 2777 sntiicienter
986 2721 1368 2792 prohibuisset,
1400 2722 1528 2792 quid
1572 2721 1674 2777 sibi
1714 2721 1844 2786 vult,
1884 2722 2028 2790 quod

451 2813 615 2867 etiam
660 2813 749 2867 hic
790 2812 892 2868 hoc
918 2813 1108 2868 iisdem
1154 2814 1436 2887 perceptis
1481 2813 1650 2868 voluit
1693 2813 2028 2886 adjungere?

449 2901 533 2957 An
562 2901 699 2957 forte
725 2917 794 2957 ne
832 2904 885 2957 in
912 2903 1282 2974 superioribus
1302 2905 1556 2974 quoniam
1588 2905 1788 2961 dictum
1819 2914 1926 2972 est,
1959 2923 2026 2963 ne

450 2996 679 3067 ﬁgurate
720 2994 1089 3064 accipiendum
1133 3001 1434 3065 putaretur,
1459 2996 1625 3051 etiam
1662 2996 1752 3052 hic
1787 2998 2023 3067 positum

448 3094 550 3150 est,
575 3085 665 3139 ubi
696 3084 822 3138 talia
849 3083 1119 3155 prohibita
1140 3093 1266 3139 sunt
1285 3101 1407 3155 qua:
1428 3086 1593 3141 etiam
1623 3093 1862 3156 tempore
1889 3087 2022 3143 Novi

2135 1910 2384 1979 portastis
2422 1908 2816 1964 tabernaculum
2856 1907 3064 1963 Molach
3118 1918 3316 1974 vestro,
3351 1918 3399 1962 et
3433 1908 3712 1978 imaginem

2136 1998 2394 2053 idolorum
2423 2009 2707 2053 vestrorum
2726 1997 2872 2052 sidus
2889 1996 2985 2052 Dei
3010 1999 3186 2064 vestri,
3205 2013 3322 2068 qure
3344 1997 3540 2067 fecistis
3566 1998 3712 2051 vobis

2137 2087 2314 2157 (Amos
2342 2086 2415 2160 v).
2440 2085 2633 2142 Semen
2656 2095 2835 2142 autem
2855 2102 2962 2141 non
2982 2087 3156 2143 solum
3178 2096 3458 2158 cognatos,
3477 2087 3571 2143 sed
3589 2102 3712 2142 om-

2134 2191 2256 2232 nem
2281 2186 2518 2232 nostram
2545 2179 2814 2234 actionem
2840 2188 2895 2234 et
2916 2181 3214 2236 doctrinam
3242 2180 3625 2251 intelligamus,
3656 2187 3717 2232 ut

2134 2280 2237 2322 nec
2276 2268 2544 2324 actionem
2576 2276 2819 2323 nostram
2854 2269 3042 2324 demus
3066 2269 3131 2324 ad
3154 2269 3495 2324 serviendum
3514 2267 3709 2323 idolis:

2134 2355 2260 2425 quia
2276 2357 2427 2411 radis:
2440 2359 2669 2412 omnium
2684 2357 2941 2413 malorum
2958 2358 3214 2430 cupiditas
3235 2357 3318 2431 (11
3339 2356 3577 2427 Titum),
3588 2372 3714 2426 qua:

2132 2456 2215 2503 est
2235 2447 2496 2503 idolorum
2518 2449 2776 2515 servitus;
2802 2450 2894 2504 sed
2917 2450 3045 2504 talia
3068 2450 3356 2505 doceamus
3375 2464 3493 2518 qua:
3514 2464 3618 2503 non
3643 2449 3727 2504 ad.

2133 2538 2337 2591 erroris
2364 2537 2628 2593 idolorum
2655 2539 2986 2609 impietatem
3010 2540 3296 2608 pertinent.
3323 2537 3417 2594 Sic
3440 2538 3582 2593 enim
3622 2538 3712 2593 ins

2134 2629 2338 2701 telliges
2365 2645 2471 2685 non
2497 2639 2747 2702 oportere
2783 2632 2850 2688 ad
2888 2632 3167 2688 mulierem
3195 2648 3314 2702 quae
3338 2634 3392 2688 in
3417 2634 3719 2690 menstruis

2130 2723 2427 2777 constituta
2460 2734 2544 2778 est
2579 2723 2781 2794 ingredi
2825 2724 2893 2777 ad
2942 2724 3283 2779 revelandam
3319 2724 3719 2795 turpitudinem

2131 2810 2267 2880 ejus,
2283 2821 2464 2868 utnon
2480 2812 2533 2866 in
2554 2827 2744 2868 errore
2762 2828 3091 2884 paganorum
3111 2829 3209 2870 nos
3231 2814 3586 2870 misceamus:
3612 2815 3716 2870 hu-

2124 2904 2216 2973 jus
2242 2906 2386 2960 enim
2407 2906 2631 2976 ﬁguram
2665 2920 2855 2977 gerere
2880 2921 3001 2961 eam
3035 2921 3154 2977 quae
3181 2907 3235 2960 in
3263 2906 3554 2962 menstruis
3580 2922 3716 2962 con-

2131 2993 2317 3047 stituta
2346 3002 2449 3059 est,
2491 2995 2743 3064 superius
2768 2994 3115 3060 ostendimus,
3147 3005 3269 3046 cum
3282 2990 3718 3051 demenstrnatis

2131 3091 2186 3137 et
2239 3082 2443 3138 ﬂuxum
2489 3084 2766 3156 sanguinis
2811 3084 3137 3156 patientibus
3182 3085 3501 3141 mulieribus
3544 3086 3719 3140 inter-

447 3175 804 3239 Testamenti,
852 3182 1057 3230 remota
1114 3175 1425 3231 umbrarum
1476 3184 1722 3232 veterum
1768 3179 2027 3234 observa-
2056 3180 2101 3242 C
2132 3174 2378 3243 pretandi
2409 3174 2732 3231 necessitate
2762 3189 2941 3230 sermo
2968 3175 3186 3231 habitus
3216 3183 3319 3231 est.
3357 3173 3464 3231 Sed
3490 3191 3591 3231 nec
3621 3194 3716 3233 re-

451 3267 617 3332 tione,
661 3266 785 3321 sine
815 3264 978 3321 dubio
1017 3266 1362 3322 custodienda
1410 3278 1534 3324 sunt
1567 3283 1583 3322 :
1623 3269 1766 3339 quod
1812 3271 2025 3327 videtur

447 3356 612 3411 etiam
662 3371 760 3425 per
787 3358 1106 3428 prophetam
1155 3357 1492 3414 Ezechielem
1539 3358 2022 3432 signiﬁcasse,,qui

446 3448 589 3501 inter
618 3445 707 3500 illa
740 3455 960 3516 peccata
1006 3462 1127 3518 qua:
1169 3462 1277 3503 non
1323 3446 1553 3519 ﬁgurate
1596 3450 1688 3504 sed
1740 3451 2022 3507 manifeste

445 3538 756 3608 iniquitates
804 3548 949 3605 sunt,
992 3539 1161 3594 etiam
1196 3550 1605 3607 commemorat,
1641 3541 1710 3597 ad
1741 3542 2027 3599 mulierem

444 3637 838 3685 menstruatam
882 3630 925 3686 si
952 3630 1074 3700 quis
1100 3629 1342 3698 accedat,
1373 3640 1429 3687 et
1474 3632 1615 3687 inter
1650 3632 1874 3703 justitice
1910 3650 2022 3690 me-

446 3722 551 3776 rita
577 3722 622 3777 si
648 3738 755 3777 non
779 3722 1019 3778 accedat.
1046 3721 1162 3790 Qua
1188 3722 1242 3777 in
1266 3738 1325 3778 re
1349 3738 1453 3777 non
1480 3732 1673 3780 natura
1711 3725 2020 3791 damnatur,

445 3813 540 3866 sed
561 3812 923 3881 concipienda:
945 3811 1080 3881 proli
1105 3812 1323 3867 noxium
1344 3811 1674 3880 perhibetur.
1705 3809 1837 3867 Cum
1860 3828 2029 3871 uxore

442 3902 666 3971 proximi
702 3903 779 3955 tui
808 3918 909 3956 non
944 3901 1124 3966 coibis,
1154 3918 1246 3956 nec
1276 3902 1486 3955 seminis
1519 3903 1877 3956 commistione
1918 3919 2022 3956 non

443 3992 809 4046 maculaberis.
860 3991 998 4047 Ecce
1048 3991 1138 4045 ubi
1179 4006 1370 4046 rursus
1410 3992 1657 4060 prohibet
1696 3989 2020 4045 adulterium

442 4084 587 4153 quod
621 4099 743 4138 cum
778 4083 954 4140 aliena
983 4098 1149 4139 uxore
1178 4083 1564 4148 committitur;
1596 4082 1738 4152 quod
1761 4083 1926 4137 etiam
1962 4082 2018 4137 in

441 4174 707 4248 Decalogo
726 4176 1059 4247 prohibetur.
1086 4174 1239 4230 Unde
1263 4184 1485 4247 apparet
1506 4174 1595 4230 illa
1621 4176 1696 4230 ita
1722 4175 2012 4246 prohibita,

443 4273 501 4319 ut
526 4265 690 4321 etiam
718 4266 943 4322 mortuis
969 4265 1103 4320 viris
1128 4265 1261 4333 suis,
1295 4282 1400 4321 non
1429 4266 1627 4322 ducant
1651 4282 1866 4330 uxores,
1893 4282 2021 4336 qua-

442 4372 566 4412 rum
598 4359 843 4428 prohibet
881 4356 1267 4427 turpitudinem
1302 4357 1552 4412 revelari.

1039 4445 1264 4502 CAPUT
1301 4444 1414 4500 XII.

539 4537 788 4594 Prohibet
815 4554 1021 4592 omnem
1042 4537 1425 4591 immunditiam
1453 4548 1632 4592 contra
1659 4548 1922 4593 naturam.

511 4628 726 4699 (sttr.
753 4626 932 4698 xvm.)
968 4626 1045 4681 De
1072 4627 1265 4683 semine
1298 4636 1388 4681 tuo
1428 4644 1529 4681 non
1552 4630 1723 4691 dabis,
1755 4638 1808 4680 ut
1835 4644 2017 4682 conse-

442 4727 615 4771 eretur
660 4717 802 4773 idolo
851 4716 1082 4782 Moloclt,
1134 4716 1219 4771 vel
1271 4714 1566 4771 secundum
1611 4715 1961 4786 Septuaginta
2001 4734 2014 4771 :

442 4808 646 4861 Paesto
666 4824 775 4861 esse
798 4807 1040 4876 principi,
1078 4821 1169 4858 nec
1193 4804 1391 4875 pollues
1419 4820 1604 4861 nomen
1634 4804 1730 4859 Dei
1755 4808 1832 4858 tui
1854 4822 1873 4859 :
1903 4805 2017 4876 Ego

441 4895 718 4950 Dominus.
748 4894 880 4949 Cum
919 4892 1150 4949 masculo
1183 4910 1287 4947 non
1327 4894 1553 4951 dormies
1593 4896 1732 4949 coitu
1772 4895 2013 4964 femineo,

438 4988 561 5058 quia
589 4986 907 5040 abominatio
940 4993 1037 5048 est,
1067 5001 1184 5038 cum
1211 4985 1350 5038 omni
1378 5000 1558 5054 pecore
1588 5001 1690 5039 non
1713 4985 1895 5050 coibis,
1924 5003 2015 5041 nec

440 5076 784 5133 maculaberis
812 5092 929 5130 cum
961 5092 1020 5130 eo
1038 5092 1057 5139 ;
1090 5074 1276 5129 mulier
1305 5092 1407 5128 non
1437 5077 1731 5130 succumbet
1752 5077 2014 5147 jumento,

439 5187 532 5225 nec
585 5169 883 5222 miscebitur
919 5168 994 5229 ei,
1041 5167 1164 5236 quia
1205 5165 1372 5221 scelus
1405 5176 1499 5221 est.
1539 5167 1658 5236 (Ea:
1697 5166 2013 5240 Hesychia.)

437 5261 583 5318 Bene
630 5262 714 5317 hae
768 5259 1237 5327 interpretationes
1283 5259 1425 5328 ston
1478 5258 1777 5327 conjuncta:
1828 5270 1953 5315 sunt
1995 5280 2008 5316 :

435 5370 678 5428 praesens
718 5355 860 5409 enim
891 5354 1210 5422 legislatoris
1254 5354 1484 5408 intentio
1512 5362 1595 5408 est
1629 5370 1660 5407 a
1702 5353 2012 5410 libidinibus

437 5456 494 5504 et
517 5463 547 5502 a
578 5445 799 5502 nefariis
835 5445 1317 5508 commistionibus,
1359 5453 1413 5499 et
1439 5460 1467 5498 a
1508 5444 1861 5500 fornicatione
1901 5454 2007 5499 tam

439 5538 675 5593 sensibili
721 5552 885 5606 quam
929 5535 1246 5605 intelligibili
1276 5535 1529 5590 cohibere
1572 5552 1695 5590 eum
1727 5537 1817 5606 qui
1867 5537 2009 5591 acci—

440 5632 516 5699 pit
539 5630 728 5698 legem,
758 5638 814 5683 et
832 5639 1115 5699 propterea
1144 5643 1247 5681 non
1278 5643 1398 5685 eum
1432 5630 1682 5696 [er-.eccpit
1723 5630 1770 5682 ei
1803 5645 1921 5698 qua:
1953 5629 2004 5681 in

438 5718 726 5778 menstruis
770 5720 1059 5779 constituta
1110 5727 1189 5774 est
1234 5727 1449 5789 propter
1495 5720 1840 5789 pollutionem
1883 5734 2005 5771 con-

2122 3264 2363 3322 velemus
2388 3264 2683 3322 fmditatem
2707 3280 2844 3335 ejus,
2866 3273 2926 3321 ut
2950 3281 3061 3321 non
3084 3266 3330 3321 dicamus
3352 3281 3530 3336 neque
3550 3266 3717 3322 dedit.

2121 3374 2309 3415 camus
2343 3359 2410 3414 ad
2438 3359 2671 3413 medium
2700 3359 2943 3414 actiones
2971 3372 3159 3413 eorum
3192 3357 3382 3424 malas,
3412 3372 3521 3412 non
3546 3359 3721 3428 quasi

2121 3452 2201 3505 eis
2221 3457 2524 3519 parcentes,
2571 3450 2665 3504 sed
2690 3457 2912 3520 propter
2938 3462 3031 3504 eos
3059 3448 3151 3518 qui
3194 3448 3419 3503 audiunt
3450 3448 3578 3517 quia
3608 3465 3711 3504 no-

2122 3547 2209 3595 cet
2252 3540 2613 3595 audientibus.
2659 3539 2885 3610 Propter
2915 3541 3058 3609 quod
3101 3539 3235 3594 dicit
3278 3538 3477 3594 Paulus
3515 3557 3529 3593 :
3574 3539 3712 3605 Quae

2120 3632 2256 3686 enim
2284 3632 2337 3685 in
2374 3630 2575 3686 occulto
2604 3630 2667 3685 ab
2696 3632 2769 3685 eis
2802 3631 2956 3699 fiunt,
2986 3640 3134 3700 turpe
3168 3639 3243 3684 est
3283 3630 3457 3684 dicere
3483 3629 3710 3701 (Ephes.

2121 3722 2196 3793 v).
2242 3721 2348 3778 Sed
2394 3737 2617 3777 uxorem
2647 3721 2875 3791 proximi
2910 3719 3236 3792 refugiamus
3268 3727 3325 3774 ut
3354 3735 3461 3775 non
3490 3720 3717 3790 pollua-

2121 3830 2248 3868 mur
2276 3815 2329 3869 in
2362 3828 2448 3880 ea,
2473 3811 2688 3884 gentilis
2712 3811 2962 3867 videlicet
2986 3820 3041 3867 et
3062 3809 3377 3875 idololatraz,
3407 3810 3500 3880 qui
3521 3812 3712 3880 proxi-

2122 3922 2244 3961 mus
2274 3913 2459 3962 noster
2481 3913 2705 3975 propter
2729 3911 2980 3958 naturam
3012 3911 3068 3957 et
3094 3908 3315 3972 propter
3333 3900 3714 3971 cognationem

2121 3995 2336 4049 dicitur.
2398 3992 2625 4061 Propter
2688 3991 2829 4061 qnoJ
2897 3999 2953 4045 et
3015 3989 3273 4045 Dominus
3323 3989 3622 4059 inquisitus
3678 4003 3713 4043 a

2122 4082 2297 4137 scriba
2351 4099 2364 4136 :
2399 4081 2467 4135 Et
2498 4081 2613 4151 quis
2643 4090 2716 4136 est
2749 4079 3016 4151 proximus
3064 4077 3249 4132 meus?
3290 4075 3441 4148 (Luc.
3484 4074 3544 4147 ι)
3581 4091 3714 4133 eum

2121 4172 2213 4243 qui
2255 4169 2610 4227 descenderat
2639 4169 2708 4224 ab
2732 4168 3064 4224 Hierusalem
3105 4167 3159 4221 in
3196 4164 3432 4233 Iericho,
3465 4175 3524 4221 et
3548 4167 3605 4221 in
3633 4167 3717 4222 la-

2122 4274 2303 4319 trones
2343 4262 2626 4330 inciderat,
2652 4264 2906 4320 videlicet
2947 4264 3242 4330 dmmones,
3271 4271 3329 4320 et
3351 4278 3530 4333 neque
3557 4280 3591 4319 a
3621 4280 3718 4320 sa-

2124 4356 2353 4419 cerdote,
2384 4369 2559 4425 neque
2598 4370 2627 4408 a
2669 4353 2832 4415 levita
2877 4361 3101 4409 sanatus
3135 4363 3240 4419 est,
3269 4353 3365 4409 sed
3391 4368 3424 4407 a
3449 4352 3709 4408 Samari-

2122 4456 2268 4511 tano,
2292 4445 2601 4517 proximum
2638 4445 2793 4499 dixit.
2816 4443 2949 4501 Cum
2978 4443 3281 4513 bujusmodi
3320 4459 3451 4513 ergo
3478 4444 3718 4502 muliere

2046 4518 2100 4576 Ῑ)
2128 4552 2232 4591 non
2262 4535 2593 4601 concumbis,
2639 4544 2701 4590 ut
2735 4534 2829 4590 tali
2863 4535 3086 4591 seminis
3113 4534 3483 4589 commistione
3510 4549 3718 4592 macu-

2128 4628 2284 4683 lcris:
2307 4638 2484 4684 utnon
2504 4641 2834 4697 paganorum
2856 4626 3151 4695 sapientire,
3172 4626 3437 4681 intantum
3457 4639 3717 4680 commu-

2127 4721 2392 4785 nicemus,
2415 4732 2584 4788 neque
2611 4718 2875 4772 intantum
2907 4716 2962 4770 in
2997 4730 3059 4771 ea
3100 4715 3493 4780 incumbamus,
3517 4722 3579 4768 ut
3614 4714 3721 4768 ali-

2124 4827 2283 4882 quam
2297 4809 2646 4881 pollutionem
2663 4822 2731 4863 ex
2752 4822 2817 4862 ea
2834 4806 2891 4861 in
2903 4806 3148 4876 dogmate
3164 4803 3577 4873 conquiramus;
3605 4820 3721 4861 nec

2124 4901 2424 4972 polluamus
2463 4911 2657 4952 nomen
2700 4896 2793 4951 Dei
2825 4895 3016 4959 nostri,
3065 4894 3208 4964 quod
3254 4892 3622 4948 communiter
3656 4894 3717 4948 in

2122 4991 2300 5047 omnia
2323 5004 2443 5059 quae
2464 4989 2603 5042 dicta
2645 4994 2771 5042 sunt
2793 4985 3154 5055 intelligamus
3178 5000 3191 5037 :
3219 4983 3342 5053 quia
3382 4981 3576 5053 polluit
3607 4998 3717 5039 no-

2119 5100 2242 5137 men
2269 5082 2387 5144 Dei,
2419 5096 2525 5134 non
2564 5079 2737 5133 solum
2766 5076 3139 5133 fornicationis
3171 5073 3499 5144 turpitudine
3521 5082 3582 5127 ει
3610 5074 3719 5128 ali-

2117 5171 2313 5242 quibus
2358 5169 2661 5225 actionibus
2688 5167 2951 5225 idolorum
2979 5174 3160 5232 utens,
3189 5165 3285 5220 sed
3310 5172 3366 5218 et
3405 5163 3451 5219 si
3478 5163 3607 5231 quis
3638 5180 3714 5220 ex

2118 5283 2443 5337 paganorum
2489 5279 2676 5324 errore
2715 5274 2770 5319 et
2806 5279 2869 5319 ea
2911 5279 3032 5333 quae
3067 5262 3367 5333 appellatur
3424 5260 3567 5330 apud
3605 5278 3717 5319 eos

2116 5358 2475 5429 pbil050pbia,
2514 5354 2909 5412 subintroducit
2956 5355 3008 5407 in
3045 5353 3224 5408 divina
3261 5350 3513 5407 Ecclesia:
3556 5351 3711 5422 dog-

2116 5461 2290 5513 mata;
2315 5447 2459 5519 quod
2482 5448 2700 5517 quidam
2723 5446 2990 5517 patientes
3011 5445 3066 5499 in
3087 5452 3287 5500 sortem
3311 5442 3718 5499 haereticorum

2116 5540 2249 5608 lapsi
2292 5546 2437 5602 sunt,
2479 5546 2534 5591 et
2576 5536 2703 5591 facti
2735 5543 2862 5589 sunt
2906 5544 3061 5589 extra
3094 5533 3422 5597 Ecclesiam;
3463 5540 3524 5586 ut
3563 5542 3718 5600 pote

2114 5629 2412 5697 potiuentes
2436 5642 2630 5681 nomen
2659 5626 2773 5689 Dei,
2799 5625 2851 5680 id
2876 5633 2979 5689 est,
3005 5622 3319 5691 injuriantes
3345 5634 3399 5677 et
3428 5621 3687 5691 quodam

2115 5719 2271 5773 modo
2296 5718 2724 5785 coinquinantes.
2772 5715 2896 5785 quia
2941 5729 3046 5769 non
3073 5721 3280 5783 oportet
3309 5729 3373 5769 ea
3412 5727 3530 5782 quae
3557 5726 3718 5778 sunt
