3926 6176
188 348 273 404 ιιι
974 368 989 386 ι
1092 340 1590 403 EXPOSITIONES
1623 345 2118 403 lN.LEVlTlCUM.
2160 379 2229 389 -—
2267 349 2396 404 LIB.
2433 352 2495 405 ν.

3321 353 3435 410 ΗΞ

186 466 505 520 munerum
536 473 701 528 super
727 457 896 512 vitam
919 456 1193 525 inducere,
1222 460 1316 515 sed
1339 459 1750 515 custodiendum
1781 470 1826 528 Α
1854 458 2083 530 legitima
2108 478 2221 516 mea
2244 472 2400 530 atque
2414 463 2644 533 judicia.
2670 462 2779 533 (Ea:
2802 463 3104 536 Hesychia.)
3124 464 3239 521 Non
3258 479 3431 535 parvo

186 565 258 612 est
282 552 426 607 l’auli
451 552 769 606 mandatum
792 551 1054 620 scriptum
1080 566 1109 605 a
1135 550 1358 620 Spiritu,
1388 551 1519 618 Quae
1542 551 1750 620 partici-

188 645 309 709 patio
325 643 555 712 justilire
591 641 662 694 ad
694 641 1060 710 iniquitatem?
1080 640 1183 694 Aut
1213 657 1329 712 qua:
1353 644 1572 695 societas
1603 639 1756 694 Cleri-

188 738 243 792 αἱ
264 735 328 788 ad
346 732 523 787 Belial
552 732 576 785 Σ)
606 730 694 806 (ll
721 730 1071 803 Carinllz.vr.)
1109 730 1221 786 lloc
1245 731 1389 786 enim
1419 738 1474 787 et
1494 731 1610 817 ipse
1628 745 1758 799 quo-

188 821 454 881 dammodo
482 821 760 892 legislator
783 820 1097 890 significans
1110 822 1165 875 in
1191 822 1279 876 his
1299 836 1418 890 qua:
1442 821 1584 876 dicta
1607 827 1753 883 sunt,

189 929 292 968 cum
316 911 600 967 subdidit:
640 909 753 978 Ego
781 909 1063 974 Dominus,
1091 912 1180 980 qui
1206 909 1432 980 gloriam
1455 909 1618 963 habeo
1644 925 1756 962 om-

190 1005 318 1057 nibus
354 1000 927 1065 incommunicabilem,
954 1009 1158 1070 quanto
1194 999 1365 1068 magis
1394 998 1750 1062 daemonibus,

190 1096 265 1163 qui
303 1100 654 1162 corruptores
699 1099 828 1145 sunt
873 1091 1199 1156 animarum,
1246 1098 1302 1145 et
1339 1089 1497 1145 idolis
1540 1103 1749 1142 earum.

190 1184 305 1254 Ipsis
326 1190 517 1237 autem
545 1180 731 1236 verbis
757 1181 1091 1236 sanctionem
1122 1179 1502 1235 terribiliorem
1531 1177 1659 1233 facit
1685 1192 1751 1233 ex

190 1270 395 1340 ecquod
418 1270 656 1325 mediam
681 1284 799 1324 eam
826 1269 967 1323 sicut
988 1267 1168 1323 cernis
1193 1267 1278 1322 his
1301 1268 1368 1323 de
1391 1268 1589 1338 quibus
1611 1282 1757 1321 nunc

191 1360 406 1431 loquitur
428 1359 647 1430 posuit:
675 1359 1108 1429 praecedentibus
1127 1359 1323 1429 quippe
1345 1358 1431 1414 his
1450 1373 1569 1428 qua:
1592 1358 1754 1414 modo

189 1455 407 1509 discussa
438 1461 589 1515 sunt,
633 1467 822 1506 rursus
847 1451 1099 1521 proponit
1124 1450 1248 1521 quia
1290 1465 1396 1505 non
1428 1450 1590 1507 debet
1629 1465 1753 1506 cum

190 1542 408 1599 masculo
435 1542 581 1597 virili
614 1542 759 1597 coitu
796 1540 1078 1615 concumbi
1098 1580 1113 1604 ,
1155 1540 1247 1594 sed
1274 1554 1375 1594 nec
1400 1554 1524 1593 cum
1558 1553 1756 1609 pecore

190 1636 302 1691 coiri
324 1634 639 1690 necessario
684 1633 739 1687 in
786 1633 891 1688 hoc
928 1639 1158 1702 utroque
1206 1631 1468 1685 mandans
1497 1639 1761 1700 tanquam

190 1736 459 1796 utrumque
483 1734 675 1779 contra
699 1732 948 1778 naturam
993 1731 1095 1788 est,
1120 1722 1213 1777 sed
1253 1722 1474 1792 insuper
1504 1720 1632 1790 quia
1666 1719 1753 1789 ju-

1858 552 2017 608 modo
2068 553 2232 623 pollui
2291 555 2344 608 in
2398 555 2667 624 przedictis
2717 558 2986 624 peccatis,
3040 556 3332 628 indignatio
3371 568 3434 613 et

1853 655 2038 710 ptena,
2069 659 2190 713 qua:
2220 643 2275 698 in
2314 645 2395 700 eis
2424 645 2646 699 deﬁnita
2674 654 2757 699 est
2786 646 3137 701 demonstrat.
3183 647 3240 700 ln
3282 645 3429 703 nullo

1853 730 1995 785 enim
2036 747 2224 787 eorum
2248 742 2461 803 oportet
2488 734 2673 803 pollui.
2706 734 2841 789 Nam
2865 736 2957 803 qui
2986 735 3041 789 in
3068 751 3174 791 uno
3198 735 3431 806 pollutus

1854 818 2034 885 fuerit,
2068 822 2121 877 in
2165 823 2416 879 omnibus
2456 825 2733 895 polluitur,
2774 826 2897 895 quia
2935 840 3018 889 ea,
3065 841 3187 895 quae
3224 825 3326 880 sibi
3365 824 3433 879 ad

1853 913 2081 967 invicem
2127 913 2414 983 conjuncta
2459 924 2606 981 sunt,
2655 916 2742 971 lex
2783 916 3067 971 ostendere
3102 916 3343 985 cupiens,
3378 916 3431 969 in

1854 1018 2019 1056 unum
2045 1005 2224 1058 omnia
2250 1004 2489 1076 collegit,
2519 1021 2640 1075 qua:
2682 1007 2947 1061 intantum
2978 1015 3105 1063 sunt
3139 1009 3343 1078 gravia,
3375 1014 3435 1061 ut

1853 1103 2042 1164 gentes
2076 1096 2242 1149 etiam
2274 1097 2515 1167 integras
2554 1097 2861 1167 perderent,
2903 1106 2959 1152 et
2989 1106 3190 1155 terram
3226 1096 3436 1167 pollue-

1854 1193 1993 1250 rent,
2025 1185 2391 1257 pollutamque
2432 1188 2613 1257 respui
2653 1186 2913 1252 facerent,
2949 1196 3004 1242 et
3030 1202 3124 1242 eos
3166 1185 3259 1256 qui
3290 1186 3343 1239 in
3371 1200 3437 1239 ea

1855 1273 1983 1328 talia
2031 1276 2417 1330 commiserunt
2467 1284 2744 1332 evomerct
2792 1286 2955 1346 atque
3008 1283 3280 1340 renueret,
3327 1289 3436 1328 non

1854 1363 1978 1432 quia
2016 1372 2229 1434 poterat
2273 1365 2543 1436 expellere
2586 1382 2618 1421 a
2664 1382 2721 1422 se
2764 1368 2849 1421 vel
2874 1382 3146 1431 evomere,
3176 1366 3258 1421 vel
3296 1366 3440 1421 sicut

1856 1452 2188 1509 Theodotion
2220 1455 2354 1520 edit,
2383 1472 2623 1526 respuere
2655 1473 2762 1521 eos,
2792 1458 2883 1512 sed
2911 1457 3126 1512 eosdem
3156 1466 3433 1520 nocentes,

1854 1543 2008 1611 quasi
2069 1544 2374 1614 ingemiscit
2429 1546 2751 1602 naturaliter
2801 1547 2854 1601 in
2913 1547 3434 1619 transgressionibus

1855 1632 1987 1697 suis,
2028 1633 2478 1702 quemadmodum
2511 1636 2709 1692 Paulus
2745 1637 2915 1693 dicit:
2947 1636 3086 1703 Quia
3123 1638 3237 1709 ipsa
3281 1638 3437 1692 etiam

1854 1734 2096 1779 creatura
2109 1727 2395 1797 ingemiscit
2412 1739 2462 1783 et
2479 1731 2707 1799 parturit
2726 1748 2889 1802 usque
2911 1731 3081 1786 adhuc
3097 1730 3276 1802 (Rom.
3294 1729 3435 1802 vni).

191 1827 474 1873 mentorum
505 1824 610 1881 est,
637 1823 693 1869 et
720 1822 782 1868 ut
805 1813 889 1867 vir
910 1812 1049 1879 viro,
1089 1810 1231 1867 ἰωΔο
1260 1812 1404 1866 coitu
1436 1810 1747 1874 misceatur,

1854 1814 1996 1872 Deus
2021 1823 2200 1872 autem
2231 1825 2337 1871 tam
2364 1818 2622 1888 gemitum
2646 1817 2762 1888 ejus
2781 1819 3037 1883 vindicat,
3068 1834 3229 1889 quam
3259 1819 3432 1890 legem

190 1908 312 1978 quod
354 1905 675 1977 fugiendum
725 1912 889 1972 atque
965 1903 1326 1957 aversandum
1380 1909 1484 1957 est.
1541 1899 1648 1956 Sed
1699 1908 1757 1954 et

191 1996 364 2053 Paulus
405 1996 527 2050 tunc
568 1992 984 2057 demonstravit,
1022 1990 1091 2046 ad
1126 2005 1343 2062 prunam
1383 2006 1449 2046 ea
1476 1991 1674 2045 docens
1699 1995 1755 2043 et

191 2088 307 2141 iram
332 2085 429 2140 Dei
453 2092 514 2140 et
546 2082 904 2154 perditionem
932 2079 1385 2137 committentium
1409 2079 1613 2150 peragi.
1646 2078 1753 2134 Sed

190 2188 237 2234 et
259 2178 443 2249 reliqui
482 2176 815 2245 interpretes
851 2188 950 2244 pro
977 2171 1345 2238 abominabili,
1395 2171 1753 2242 Symmachus

191 2267 465 2335 ineﬁabile,
512 2264 707 2336 Aquila
746 2262 998 2332 infectum
1041 2261 1347 2326 ediderunt,
1390 2260 1494 2315 hoc
1533 2259 1753 2328 quidem

190 2359 401 2423 actione,
430 2356 561 2411 illud
585 2362 764 2409 autem
788 2353 950 2407 etiam
971 2351 1138 2406 verbo
1167 2352 1247 2406 vel
1278 2349 1610 2414 narratione,
1640 2364 1751 2403 non

189 2460 294 2502 esse
330 2444 619 2517 portabile,
663 2458 768 2499 nec
810 2442 1110 2514 legitimum
1140 2441 1397 2496 dicentes.
1426 2439 1536 2494 Nos
1570 2447 1749 2494 autem

189 2547 367 2607 printer
404 2538 524 2592 lucc
552 2534 854 2591 masculum
899 2534 990 2605 qui
1020 2532 1195 2587 virilia
1237 2532 1349 2600 agit
1390 2530 1751 2602 intelligamus

192 2628 473 2693 hominem,
501 2627 566 2681 de
594 2641 703 2696 quo
731 2625 899 2679 David
926 2623 1140 2679 dicebat
1168 2642 1182 2676 :
1215 2620 1410 2676 Beatus
1436 2621 1515 2675 uir
1531 2618 1623 2690 qui
1645 2635 1749 2673 non

187 2719 309 2773 obiit
342 2720 399 2773 in
429 2717 639 2773 consilio
666 2719 946 2788 impiorum
975 2714 1148 2788 (Psal.
1176 2714 1236 2787 l).
1268 2714 1336 2769 Et
1366 2727 1550 2768 rursus
1575 2728 1591 2765 :
1622 2709 1750 2764 Fiat

186 2826 360 2865 manus
403 2820 497 2864 tuo
538 2826 698 2881 super
738 2810 905 2864 virum
939 2809 1167 2863 dexterce
1196 2816 1298 2860 tua
1330 2802 1501 2876 (Psal.
1535 2801 1746 2875 LXXIX).

187 2898 323 2955 lianc
340 2898 643 2961 eﬂ‘eminari
670 2914 780 2954 non
796 2906 1028 2969 oportet,
1056 2913 1158 2953 nec
1184 2895 1400 2952 dissolvi
1420 2892 1557 2963 ejus,
1583 2908 1750 2963 quam

187 2994 329 3050 habet
347 2995 400 3050 in
423 2995 629 3050 virtute
646 2993 1124 3064 perseverantiam.
1150 2992 1264 3047 Hoc
1283 2991 1427 3048 enim
1447 2997 1749 3061 opportune

186 3099 291 3139 una
332 3085 477 3150 viro,
518 3084 773 3140 muliebri
818 3083 964 3140 coitu
1008 3082 1221 3137 misceri
1263 3080 1613 3151 intelligitur;
1650 3078 1748 3135 sed

1858 1920 2009 1960 suam
2036 1914 2093 1961 et
2111 1915 2439 1975 creaturam,
2453 1917 2650 1979 utpote
2664 1910 2938 1981 propriam
2960 1925 3080 1980 qua:
3102 1911 3441 1965 demonstrat

1853 2012 1922 2052 ex
1948 1997 2035 2052 his
2063 2011 2183 2066 qua:
2208 2014 2351 2054 nunc
2372 1999 2529 2064 dixit,
2558 1999 2712 2069 cujus
2747 2017 2840 2070 ego
2875 2000 3070 2055 scelera
3095 1998 3348 2063 visitabo;
3380 2008 3438 2052 et

1857 2088 1976 2143 haec
1993 2089 2208 2158 quidem
2230 2104 2327 2145 nos
2342 2091 2500 2146 docet
2512 2105 2611 2160 per
2621 2089 2859 2145 litteram
2879 2091 2986 2145 lex.
3006 2090 3103 2145 llis
3116 2099 3295 2145 autem
3309 2104 3438 2145 con-

1850 2176 2041 2247 juncta
2056 2187 2249 2234 suntet
2269 2195 2375 2235 non
2403 2180 2701 2245 contraria,
2725 2181 2770 2236 si
2790 2196 2887 2250 per
2908 2180 3207 2251 spiritalem
3231 2178 3440 2234 intelle-

1851 2280 1999 2325 ctum
2022 2280 2209 2341 gentes
2243 2272 2297 2326 in
2322 2272 2406 2327 his
2431 2273 2683 2329 omnibus
2713 2273 2944 2343 pollutas
2973 2272 3245 2327 daimones
3284 2270 3438 2326 intel-

1850 2358 2161 2427 lexerimus,
2193 2370 2382 2432 gentes
2412 2361 2676 2432 siquidem
2697 2363 2752 2417 hi
2784 2371 3005 2433 propter
3040 2360 3436 2416 multitudinem

1852 2448 2122 2504 dicuntur.
2145 2450 2279 2506 Cum
2308 2452 2453 2507 enim
2486 2451 2647 2507 nimis
2673 2452 2781 2506 sint
2804 2452 2971 2522 iniqui
2995 2459 3050 2506 et
3075 2450 3222 2505 omni
3249 2449 3437 2504 laeten-

1854 2547 1942 2595 tur
1976 2542 2204 2609 malitia,
2236 2545 2471 2601 maxime
2507 2552 2686 2599 tamen
2718 2543 3095 2607 fornicatione,
3135 2550 3192 2597 et
3229 2541 3437 2596 nefaria

1850 2628 2225 2700 fornicatione,
2240 2649 2306 2689 ac
2318 2634 2487 2690 multo
2506 2635 2680 2707 magis
2705 2632 3025 2697 idololatria,
3043 2631 3298 2702 gaudent.
3312 2631 3438 2701 quia

1852 2720 1906 2774 in
1920 2720 2005 2775 his
2024 2735 2221 2792 corpus
2238 2732 2293 2778 et
2313 2724 2493 2778 anima
2516 2724 2839 2789 maculatur,
2859 2731 2914 2777 et
2931 2730 3075 2777 totus
3088 2725 3248 2777 homo
3271 2720 3361 2791 qui
3383 2728 3440 2774 et

1851 2817 1995 2864 terra
2023 2810 2322 2880 appellatur
2352 2826 2451 2883 per
2477 2812 2580 2868 hoc
2615 2810 2872 2883 polluitur
2901 2830 2916 2866 :
2946 2810 3040 2866 sed
3080 2811 3263 2865 visitat
3295 2809 3438 2864 Deus

1852 2906 2071 2964 terram,
2094 2900 2346 2957 videlicet
2387 2903 2666 2957 hominum
2694 2917 2882 2974 genus,
2909 2913 2966 2957 et
2993 2905 3189 2958 scelus.
3218 2901 3342 2957 Sive
3376 2909 3438 2955 ut

1850 2988 2202 3064 Septuaginta
2229 3010 2243 3046 :
2265 2992 2575 3062 injustitiam
2587 2994 2703 3064 ejus
2724 2994 2780 3048 in
2800 3010 2935 3057 eam,
2952 2993 3005 3048 id
3026 3002 3128 3058 est,
3143 2994 3437 3063 quaeestab

1852 3079 1967 3151 ipsa
1994 3090 2051 3136 et
2078 3083 2134 3137 in
2156 3083 2443 3154 semetipsa
2469 3085 2846 3139 committitur.
2870 3085 2953 3140 Ab
2977 3100 3042 3141 ea
3067 3086 3285 3156 quidem
3308 3086 3437 3156 quia

184 3176 620 3245 quemadmodum
640 3175 806 3230 alium
831 3174 1197 3230 etl‘eminatum
1215 3171 1332 3228 ﬁeri
1355 3186 1462 3227 non
1481 3170 1743 3240 oportuit,
1773 3170 1819 3233 C
1849 3171 2235 3228 abominabiles
2269 3180 2395 3229 sunt
2423 3181 2727 3241 peccantes,
2763 3182 2821 3229 et
2847 3175 2895 3230 si
2926 3190 2958 3230 a
2997 3174 3329 3231 daemonibus
3367 3177 3437 3232 ad

185 3265 248 3321 ita
282 3282 377 3323 nec
408 3282 517 3322 nos
553 3266 779 3322 nefariis
816 3264 1176 3335 voluptatibus
1217 3263 1585 3333 acquiescere,
1627 3276 1751 3331 quae

185 3368 311 3416 recte
345 3358 749 3431 quadrupedia,
785 3367 847 3413 ut
888 3366 1014 3429 pote
1043 3358 1096 3411 in
1143 3365 1344 3412 terram
1389 3354 1747 3419 intendentia,

184 3462 231 3506 et
281 3455 525 3509 actiones
578 3465 702 3521 qua:
748 3451 924 3505 virum
985 3449 1212 3504 deceant
1276 3462 1384 3503 non
1436 3447 1699 3502 habentes
1731 3486 1747 3509 ,

183 3542 305 3597 dicta
348 3549 482 3599 sunt
525 3560 539 3595 :
584 3542 643 3596 in
685 3548 881 3595 terram
902 3552 1134 3607 namque
1179 3536 1467 3592 intendunt
1510 3534 1751 3605 quadru-

182 3636 315 3704 pedis
364 3643 425 3692 et
476 3648 738 3690 manuum
791 3638 979 3687 carent
1030 3646 1130 3685 usu
1155 3669 1171 3694 ,
1226 3644 1347 3699 qua:
1400 3629 1456 3682 in
1510 3627 1751 3682 actiones

180 3724 348 3795 dignas
364 3724 686 3780 hominibus
706 3722 1063 3793 accipiuntur,
1086 3721 1210 3791 quia
1229 3720 1449 3790 proprie
1469 3719 1750 3775 hominum

182 3825 254 3870 est
282 3816 538 3872 manibus
588 3814 858 3870 laborare.
911 3812 1028 3868 Non
1074 3826 1204 3883 ergo
1231 3817 1448 3881 oportet
1491 3825 1615 3865 cum
1664 3809 1751 3864 his

179 3905 329 3972 coire,
360 3922 427 3962 ex
458 3906 663 3975 quibus
690 3904 811 3974 quis
857 3901 1148 3973 polluitur:
1181 3900 1275 3971 qui
1319 3900 1461 3955 enim
1505 3906 1752 3955 moratur

179 3996 225 4049 in
258 3997 735 4062 delectationibus,
761 3995 877 4051 sive
899 3994 1282 4065 voluptatibus,
1311 3992 1382 4047 ita
1409 4000 1470 4046 ut
1498 4005 1751 4047 concum-

177 4085 256 4141 bat
292 4088 343 4143 in
369 4090 481 4154 eis,
510 4088 603 4142 hic
641 4094 698 4142 et
735 4101 919 4143 semen
961 4084 1238 4141 ell'undere
1279 4085 1497 4150 dicitur,
1529 4091 1751 4153 propter

178 4178 408 4250 bocquia
430 4180 697 4251 polluitur
724 4179 794 4234 ab
812 4179 914 4245 eis,
941 4178 1055 4233 sive
1081 4177 1208 4248 quia
1239 4176 1538 4232 delectatur
1562 4175 1617 4231 in
1645 4174 1748 4240 eis,

177 4269 514 4343 etirequenti
545 4286 647 4327 usu
688 4270 922 4325 seminat
960 4284 1056 4325 eas
1101 4268 1496 4338 quodammodo
1537 4276 1632 4320 aut
1681 4266 1748 4321 ab

176 4360 244 4413 eis
258 4362 563 4416 seminatur
587 4360 795 4416 semine
815 4359 1017 4429 aliqua,
1042 4358 1185 4429 quod
1209 4357 1464 4412 inimicus
1484 4356 1752 4411 dormien-

175 4448 304 4504 tibus
337 4452 501 4507 nobis
532 4458 590 4505 et
616 4449 1029 4521 negligentibus,
1064 4448 1122 4502 in
1151 4447 1408 4502 mundum
1440 4445 1746 4508 seminavit,

174 4541 403 4608 polluens
429 4541 612 4607 valde,
641 4514 718 4596 ita
754 4514 815 4596 ut
856 4548 913 4596 et
938 4556 969 4595 a
997 4554 1152 4595 sacro
1181 4536 1526 4593 tabernaculo
1555 4536 1749 4590 debeat
1776 4514 1827 4572 Ῑ)

174 4632 251 4687 hic
274 4636 363 4703 qui
392 4634 526 4690 talis
546 4641 653 4697 est,
679 4641 739 4688 ut
769 4632 1013 4702 polluens
1045 4629 1261 4699 expelli,
1293 4628 1606 4697 alienusque
1628 4641 1750 4682 esse

171 4738 197 4774 a
223 4723 502 4780 Dominica
533 4739 683 4787 area,
728 4722 821 4792 qui
869 4737 966 4792 per
1001 4719 1202 4775 malum
1231 4732 1414 4774 semen
1455 4716 1628 4770 lactus
1666 4722 1752 4770 est

174 4812 389 4867 zizania.
433 4814 636 4883 Legem
671 4819 852 4867 autem
884 4826 990 4866 non
1026 4810 1113 4864 vir
1138 4809 1305 4873 solus,
1335 4806 1429 4862 sed
1467 4814 1525 4861 et
1557 4803 1751 4860 mulier

174 4906 471 4962 necessario
497 4905 752 4968 custodit,
785 4904 874 4958 illa
906 4903 1096 4972 utique
1132 4916 1293 4972 quam
1338 4899 1593 4954 Salomon
1636 4896 1751 4950 lau-

175 4995 295 5050 dat:
324 4996 531 5052 Mulier
566 4996 703 5051 bona
745 4994 1103 5059 benedicetur,
1152 4992 1395 5047 timorem
1429 4998 1606 5043 autem
1651 4985 1750 5040 Dei

174 5083 373 5142 laudat.

763 5172 991 5231 CAPUT
1029 5169 1165 5228 Xlll.

178 5264 407 5338 Populus
440 5268 542 5324 Dei
576 5283 684 5322 non
702 5276 945 5337 sequetur
967 5263 1436 5338 icontaminationes
1462 5267 1510 5313 et
1549 5271 1751 5312 errores

837 5337 1089 5406 gentium.

239 5452 423 5524 llam.)
462 5452 546 5507 Ne
578 5448 889 5521 palluamini
924 5447 979 5500 in
1018 5442 1256 5499 omnibus
1292 5442 1372 5494 his
1405 5439 1591 5510 quibus
1624 5453 1752 5491 con-

175 5544 448 5596 laminam
470 5549 594 5597 sunt
618 5548 811 5611 gentes,
841 5553 972 5609 quas
1005 5551 1098 5607 ego
1135 5532 1342 5603 ejiciam
1387 5539 1507 5583 ante
1543 5543 1754 5596 conspe-

176 5643 310 5685 ctum
353 5642 606 5697 uestrum,
636 5629 870 5702 equibus
908 5626 1107 5699 polluta
1146 5633 1218 5679 est
1258 5632 1432 5683 terra;
1477 5619 1628 5688 cujus
1662 5632 1754 5685 ego

175 5724 370 5781 scelera
402 5723 623 5778 visitabo
649 5730 707 5775 ut
733 5727 930 5774 evomat
964 5718 1277 5775 habitatores
1307 5730 1445 5767 suos.
1487 5708 1754 5763 Custoditc

1852 3263 1956 3319 hoc
1989 3266 2402 3333 protrahuntur.
2448 3264 2507 3320 In
2552 3266 2844 3337 semetipsa
2890 3274 3092 3331 autem,
3126 3267 3251 3335 quia
3289 3267 3435 3321 acci-

1849 3354 2060 3425 pientes
2082 3356 2424 3413 occasionem
2454 3356 2529 3412 illi
2566 3372 2632 3412 ex
2665 3365 2846 3412 nostra
2878 3356 3220 3427 negligentia,
3246 3366 3438 3412 contu-

1852 3445 2067 3500 meliam
2092 3446 2342 3516 ingerunt
2367 3453 2567 3502 nostra:
2591 3456 2819 3501 naturae.
2854 3446 3111 3516 Sequitur
3140 3465 3153 3500 :

1926 3534 1994 3588 Et
2045 3551 2148 3589 non
2189 3535 2343 3604 faciet
2401 3551 2466 3589 ea:
2511 3535 2749 3589 omnibus
2795 3534 3271 3590 abominationibus
3321 3536 3436 3591 istis

1852 3632 1962 3677 tam
1993 3623 2261 3692 indigena,
2296 3640 2455 3694 quam
2493 3623 2708 3679 colonus
2738 3625 2829 3695 qui
2867 3626 3270 3694 peregrinantur
3294 3628 3435 3694 apud

1851 3729 1939 3769 eos
1960 3726 1979 3764 .'
2007 3710 2198 3766 Omnes
2219 3713 2359 3766 enim
2392 3714 2771 3768 exsecrationes
2804 3714 2934 3768 istas
2971 3713 3203 3782 fecerunt
3243 3714 3436 3769 accola:

1853 3813 2025 3868 teme,
2048 3803 2138 3873 qui
2158 3802 2369 3872 fuerunt
2396 3813 2517 3858 ante
2540 3819 2630 3858 vos
2668 3814 2715 3860 et
2749 3803 3050 3869 polluerunt
3087 3820 3226 3859 eam.
3251 3802 3437 3859 Cavete

1851 3911 1973 3967 ergo
2008 3912 2072 3950 ne
2098 3904 2147 3950 et
2190 3911 2276 3950 uos
2305 3894 2549 3950 similiter
2576 3903 2802 3963 evomat,
2840 3912 2957 3950 cum
2997 3895 3148 3966 paria
3186 3894 3434 3964 feceritis,

1850 3989 1985 4043 sicut
2012 3988 2233 4044 evomuit
2260 3997 2462 4060 gentem
2509 4005 2626 4061 qua:
2650 3989 2751 4059 fuit
2779 3998 2899 4044 ante
2921 4005 3026 4045 vos.
3053 3986 3238 4044 Omnis
3258 3988 3434 4041 animo

1848 4097 1967 4152 qua:
1990 4080 2169 4149 fecerit
2197 4079 2260 4135 de
2284 4079 2757 4135 abaminationilms
2796 4080 2909 4135 istis
2929 4080 3216 4151 quippiam,
3248 4077 3433 4149 peribit

1849 4170 1915 4224 de
1950 4168 2119 4224 medio
2151 4167 2331 4240 populi
2365 4170 2469 4223 sui.
2500 4169 2610 4240 (Ex
2643 4168 2949 4240 Hesychia.)
2998 4170 3129 4223 Tam
3175 4167 3429 4233 incolam,

1851 4259 1906 4314 id
1935 4266 2038 4323 est,
2078 4273 2203 4313 eum
2229 4258 2324 4328 qui
2364 4274 2394 4312 a
2435 4258 2678 4328 patribus
2711 4260 2767 4312 in
2812 4258 2929 4329 lege
2967 4258 3203 4312 nutritus
3232 4264 3331 4320 est,
3378 4266 3433 4312 et

1851 4349 1921 4404 ab
1968 4347 2197 4403 infantia
2236 4348 2439 4404 "doctus
2475 4356 2561 4403 est
2604 4347 2835 4412 litteras,
2872 4363 3033 4417 quam
3080 4347 3430 4418 proselytum,

1850 4447 1908 4494 et
1930 4438 2024 4508 qui
2054 4437 2340 4505 adjunctus
2378 4445 2462 4492 est
2491 4436 2667 4504 nobis,
2713 4437 2766 4492 id
2811 4446 2896 4492 est
2939 4452 3063 4492 eum
3105 4437 3196 4507 qui
3232 4436 3434 4492 deforis

1854 4532 2011 4586 nobis
2034 4530 2279 4601 adjectus
2300 4537 2400 4593 est,
2437 4529 2529 4599 qui
2560 4528 2788 4587 interius
2832 4544 3035 4594 sumus,
3083 4529 3332 4583 recedere
3364 4529 3431 4584 ab

1856 4622 2347 4682 abominationibus
2375 4631 2606 4693 oportet,
2637 4631 2690 4677 et
2732 4623 3038 4678 nullatenus
3084 4622 3200 4678 haec
3232 4620 3432 4685 facere,

1855 4731 1976 4787 qua:
2001 4714 2254 4770 colebant
2285 4712 2619 4783 antiquiores
2662 4713 2754 4783 qui
2800 4722 2999 4768 terram
3043 4721 3284 4767 nostram
3320 4712 3433 4781 pol—

1856 4808 2089 4863 luerunt.
2131 4806 2197 4861 lli
2235 4806 2380 4861 enim
2418 4805 2754 4875 antiquiores
2797 4805 3010 4874 quidem
3041 4804 3194 4859 nobis
3224 4812 3349 4858 sunt
3379 4802 3432 4857 in

1859 4897 2189 4961 conditione,
2234 4896 2362 4966 quia
2406 4895 2702 4950 invisibiles
2748 4901 2873 4949 sunt
2909 4901 3189 4949 creaturas.
3219 4891 3434 4947 Pollue-

1859 4994 1987 5041 runt
2008 4995 2186 5041 autem
2224 4985 2503 5039 hominum
2530 4997 2718 5054 genus,
2750 4981 3165 5037 inobcdientiam
3187 4980 3234 5034 ei
3262 4980 3433 5034 Adam

1854 5086 1910 5133 et
1935 5078 2039 5133 alia
2064 5085 2186 5147 post
2227 5077 2379 5131 illum
2422 5075 2565 5130 mala
2604 5082 2968 5144 suggerentes,
3013 5073 3174 5128 veluti
3213 5070 3433 5126 utenda-

1855 5170 2021 5233 cium,
2055 5167 2406 5223 homicidium
2439 5174 2497 5222 et
2532 5180 2865 5236 quaecunque
2910 5165 2998 5220 his
3030 5164 3224 5219 similia
3267 5171 3429 5227 sunt;

1855 5260 1930 5314 ita
1957 5267 2017 5313 ut
2044 5257 2303 5313 Dominus
2350 5257 2417 5311 de
2459 5255 2673 5311 diabolo
2712 5254 2922 5310 diceret
2966 5271 2981 5309 :
3036 5254 3138 5309 Ille
3179 5252 3243 5307 ab
3282 5252 3433 5305 initio

1857 5349 2084 5403 mendas:
2124 5358 2171 5401 et
2199 5346 2463 5400 homicida
2502 5354 2579 5400 est
2622 5344 2803 5415 (Joan.
2847 5343 2990 5414 vm).
3035 5343 3434 5413 Suggesserunt

1857 5448 2039 5496 autem
2083 5439 2162 5493 eis
2193 5438 2287 5507 qui
2332 5450 2571 5493 mentem
2612 5434 2871 5490 lubricam
2907 5441 2963 5488 et
3008 5437 3315 5501 vergentem
3362 5429 3433 5485 ad

1858 5528 2060 5584 malum
2104 5527 2401 5591 habebant;
2453 5539 2578 5579 nam
2632 5536 2732 5578 nec
2773 5521 2926 5585 Abel,
2972 5534 3072 5574 nec
3125 5517 3278 5581 Seth,
3328 5530 3432 5574 nec

1858 5620 2062 5683 Enoch,
2079 5632 2178 5672 nec
2204 5615 2332 5679 Noe,
2360 5630 2460 5669 nec
2484 5612 2780 5682 aliisjustis
2808 5623 3092 5680 suggerere
3118 5616 3431 5678 potuerunt,

1860 5709 1941 5765 vel
1980 5707 2150 5777 magis
2180 5711 2581 5775 suggesserunt,
2633 5702 2723 5756 sed
2768 5716 2873 5755 non
2916 5698 3283 5768 obtinuerunt,
3313 5699 3427 5757 'scd
