3918 6180
442 367 548 422 Μό

1077 365 1138 420 Β.
1178 364 1431 420 RABANI
1471 365 1688 421 MAURI
1724 361 2043 419 ARCHIEP.
2087 359 2396 416 MOCUNT.
2439 359 2727 416 OPERUM
2766 357 2947 412 PARS
2983 357 3023 412 l.

3583 358 3683 414 ιη

437 479 586 536 irrisi
629 486 754 534 sunt
803 478 872 533 ab
906 479 986 534 eis
1025 487 1079 533 et
1115 487 1452 534 recesserunt
1482 499 1494 534 :
1529 494 1701 548 neque
1730 479 1874 532 cnim
1911 475 2017 530 ini-
2045 475 2093 536 Α
2122 472 2406 527 mandata:
2442 471 2532 540 qui
2562 472 2829 540 quomodo
2855 469 3086 524 debeant
3112 465 3371 524 custodiri
3395 485 3499 525 non
3525 473 3686 528 verbo

436 569 566 624 mici
587 567 940 637 cogitationes
968 569 1276 638 ignorantes
1314 570 1466 638 justi,
1503 570 1642 624 sicut
1669 570 1745 622 ait
1779 567 2011 637 Aposto-

437 660 523 716 lus
546 673 564 710 :
597 657 719 714 Non
747 660 879 714 enim
909 661 1210 729 ignoramus
1236 660 1572 730 cogitationes
1601 660 1734 729 ejus.
1769 658 2014 714 Scientes

440 759 618 805 autem
649 766 742 805 eas
792 751 859 804 ab
904 749 982 804 eis
1023 764 1080 803 se
1125 749 1452 814 custodiunt,
1503 749 1596 804 sed
1639 749 1756 804 illos
1799 749 2012 818 quidem

441 840 786 912 intelligibilis
830 849 1010 895 nostra
1042 849 1207 906 terra,
1239 842 1454 895 visitata
1495 857 1524 895 a
1566 841 1674 895 Deo
1702 856 1800 909 per
1829 840 2016 895 Salva-

441 933 576 986 toris
598 933 883 986 adventum
906 931 1160 996 evomuit,
1187 947 1314 1001 ergo
1340 941 1393 985 et
1412 947 1505 986 eos
1524 947 1737 1000 quoque
1757 929 2014 1000 intelligi-

439 1021 566 1074 bilis
602 1028 744 1074 terra
793 1019 1046 1073 abhorret
1072 1027 1126 1073 et
1158 1030 1369 1074 emovet
1397 1019 1532 1074 illos.
1581 1018 1694 1074 Non
1726 1020 1868 1073 enim
1901 1020 2015 1088 jam

442 1110 495 1162 in
532 1109 814 1163 hominum
837 1109 1107 1177 portione,
1151 1109 1246 1163 sed
1274 1107 1326 1163 in
1357 1109 1655 1163 daemonum
1685 1109 2015 1163 ordinabun-

442 1209 549 1261 tur,
581 1197 874 1267 pcrdentur
917 1198 1059 1252 cnim
1104 1191 1289 1252 eorum
1333 1198 1545 1251 animm.
1587 1195 1700 1251 Hoc
1739 1205 1918 1251 autem
1962 1196 2017 1251 in

437 1291 680 1360 geheuna
707 1288 784 1352 ﬁt,
809 1289 898 1342 ubi
929 1289 1163 1343 maxime
1189 1289 1338 1343 locus
1365 1297 1419 1342 et
1444 1303 1561 1342 sors
1587 1287 1886 1341 dtemonum
1913 1294 2014 1341 est.

435 1380 590 1445 Quod
632 1377 942 1432 manifestat
971 1377 1220 1432 Christus
1268 1377 1492 1432 dicens:
1537 1375 1795 1430 Discedite
1835 1395 1866 1430 a
1912 1393 2017 1440 me,

441 1469 724 1533 maledicti,
763 1469 816 1522 in
858 1471 1028 1538 ignem
1071 1479 1341 1534 internum,
1381 1468 1469 1538 qui
1519 1478 1736 1537 paratus
1785 1477 1858 1521 est
1903 1466 2020 1519 dia-

442 1559 558 1613 bolo
584 1568 630 1613 et
660 1558 857 1628 angelis
889 1559 1002 1628 ejus
1041 1557 1255 1650 (quan.
1291 1557 1440 1628 xxv).

515 1648 781 1701 Custodite
800 1649 1047 1702 mandata
1078 1645 1190 1701 mea
1212 1661 1229 1699 :
1256 1647 1431 1701 Nolite
1453 1649 1626 1717 facere
1647 1663 1764 1717 quae
1786 1645 2018 1715 fecerunt

445 1739 496 1790 hi
528 1739 615 1807 qui
645 1737 854 1805 fuerunt
881 1747 998 1791 ante
1032 1755 1148 1800 vos,
1178 1747 1225 1792 et
1254 1755 1316 1791 ne
1347 1737 1656 1808 polluamini
1683 1738 1737 1790 in
1765 1736 1837 1791 eis
1862 1753 1880 1790 :
1906 1735 2019 1806 Ego

2115 571 2346 627 tantum,
2372 562 2462 616 sed
2489 569 2544 616 et
2573 575 2736 630 opere
2762 561 3072 615 incarnatus
3098 576 3194 629 per
3223 576 3376 614 suam
3403 575 3688 616 conversa~

2115 652 2315 705 tionem
2361 651 2614 714 ostendit,
2647 656 2705 702 ut
2730 665 2836 703 non
2867 648 3127 704 faciamus
3155 660 3332 704 autem
3360 651 3542 705 omnia
3572 667 3689 721 quae

2116 742 2360 797 fecerunt
2401 741 2454 795 hi
2485 740 2576 810 qui
2614 739 2831 795 fuerunt
2869 749 2995 795 ante
3038 757 3154 796 nos.
3190 740 3297 795 Sed
3345 742 3466 796 vide
3493 743 3692 812 quibus

2114 839 2430 901 prtesentem
2444 831 2777 885 sanctionem
2795 830 3134 886 conhrmavit
3148 830 3326 885 verbis
3349 848 3361 883 :
3382 829 3462 885 Ne
3477 831 3690 901 pollua-

2114 922 2242 975 mini
2266 923 2321 974 in
2335 920 2432 984 eis,
2459 922 2582 991 quia
2603 937 2695 990 ego
2717 937 2830 973 sum
2849 919 3102 973 Dominus
3123 919 3265 974 Deus
3291 931 3483 985 vester;
3506 938 3697 978 omnes

2116 1027 2216 1066 nos
2251 1027 2282 1065 a
2311 1011 2607 1080 pollutione
2633 1010 2898 1065 mundare
2921 1010 3127 1074 volens,
3159 1012 3284 1080 quia
3311 1011 3549 1082 imagine
3580 1012 3699 1082 ejus

2116 1101 2430 1158 circumdati
2465 1115 2670 1165 sumus,
2711 1107 2766 1154 et
2799 1100 2996 1170 polluta
3026 1101 3242 1169 quidem
3279 1116 3342 1154 ea
3375 1116 3407 1155 a
3445 1102 3691 1172 qualibet

2116 1208 2303 1249 earum
2353 1207 2472 1262 qua:
2527 1192 2705 1245 vetita:
2757 1201 2881 1245 sunt
2940 1191 3202 1245 malarum
3256 1203 3312 1247 et
3362 1191 3698 1247 nefariarum

2118 1282 2330 1336 actione
2374 1281 2678 1335 necessario
2718 1281 2988 1345 irascitur,
3023 1283 3219 1336 munda
3263 1290 3444 1337 autem
3471 1299 3701 1339 conser-

2118 1382 2243 1428 vata
2274 1366 2541 1426 intantum
2570 1370 2766 1440 placet,
2798 1380 2857 1425 ut
2897 1373 3060 1426 etiam
3095 1372 3359 1427 inhabitet
3406 1373 3457 1426 in
3502 1375 3699 1437 nobis;

2118 1461 2261 1532 quod
2298 1459 2611 1516 manifestat
2653 1460 2854 1514 Paulus
2896 1468 3207 1530 utrumque,
3257 1461 3329 1514 ait
3374 1462 3518 1514 enim
3570 1463 3700 1517 sic:

2122 1552 2349 1606 Nescitis
2385 1553 2630 1621 quoniam
2673 1551 2916 1622 templum
2946 1551 3041 1606 Dei
3081 1556 3205 1607 estis
3225 1595 3237 1619 ,
3279 1564 3326 1607 et
3355 1555 3572 1624 spiritus
3604 1555 3706 1608 Dei

2120 1643 2321 1696 habitat
2364 1644 2417 1696 in
2451 1643 2632 1696 vobis?
2669 1642 2975 1715 Quicunque
3014 1661 3134 1714 ergo
3169 1645 3415 1714 templum
3454 1645 3551 1699 Dei
3590 1647 3706 1700 vio-

2121 1730 2325 1796 laverit,
2375 1731 2634 1801 disperdat
2679 1731 2828 1785 illum
2883 1732 3043 1787 Deus.
3103 1733 3368 1802 Templum
3416 1736 3552 1788 enim
3603 1735 3707 1789 Dei

441 1828 698 1882 Dominus
713 1828 849 1882 Deus
872 1839 1052 1882 vester.
1085 1827 1192 1901 (Ea:
1220 1828 1522 1899 Hesychia.)
1549 1827 1687 1881 Vere
1712 1827 1764 1881 in
1790 1826 2016 1891 duobus,
2049 1831 2093 1888 B
2123 1831 2359 1875 sanctum
2387 1831 2494 1886 est,
2523 1822 2662 1892 quod
2691 1822 2812 1876 estis
2846 1839 2930 1877 vos
2962 1822 3014 1895 (1
3043 1821 3164 1877 Cor.
3207 1823 3309 1896 ιιι).
3347 1825 3711 1879 Consumma-

441 1918 524 1972 γει
563 1918 732 1973 tribus
775 1917 1000 1973 testibus
1035 1918 1201 1992 stabit
1241 1934 1400 1973 omne
1445 1918 1686 1973 verbum.
1723 1915 1833 1971 Hoc
1870 1915 2013 1969 enim

442 2005 719 2076 legislator
747 2006 1071 2060 confirmare
1095 2006 1283 2060 volens
1323 2006 1390 2060 de
1427 2006 1652 2070 eisdem,
1694 2019 1818 2060 ecce
1859 2003 2018 2059 tertio

442 2094 734 2165 piat-Cepit:
773 2095 837 2148 Et
873 2095 1149 2160 custodite,
1179 2095 1373 2163 inquit,
1403 2094 1655 2147 mandata
1682 2109 1834 2157 mea;
1862 2092 2021 2146 nolite

443 2182 615 2250 facere
638 2197 754 2253 quae
781 2184 1013 2252 fecerunt
1033 2184 1089 2238 hi
1114 2185 1202 2254 qui
1230 2183 1440 2253 fuerunt
1464 2193 1584 2237 ante
1605 2200 1732 2249 vos;
1762 2190 1822 2237 ut
1841 2189 2024 2237 osten-

445 2273 535 2327 dat
563 2273 688 2342 quia
714 2288 822 2328 non
857 2275 1092 2329 hominis
1119 2274 1424 2345 cujuslibet,
1457 2275 1552 2330 sed
1581 2275 1749 2343 ipsius
1772 2273 1867 2328 Dei
1897 2281 2024 2328 sunt

2125 1918 2235 1964 tam
2279 1921 2406 1981 ergo
2461 1911 2945 1965 sanctificationem
2992 1914 3378 1978 custodientes,
3427 1924 3599 1967 totam
3653 1916 3710 1968 in

2127 2002 2282 2056 nobis
2301 2000 2562 2056 habemus
2577 2001 2962 2056 inhabitantem
2988 2001 3268 2056 Trinitatis
3290 2003 3710 2072 plenitudinem,

2128 2093 2171 2148 si
2199 2102 2377 2146 tamen
2398 2091 2654 2162 templum
2675 2091 2768 2146 Dei
2783 2109 2989 2157 sumus,
3013 2093 3261 2149 videlicet
3274 2093 3472 2156 Patris,
3497 2094 3714 2149 Christi

2130 2191 2310 2237 autem
2326 2198 2521 2252 corpus
2535 2191 2589 2237 et
2608 2183 2871 2248 membra,
2895 2192 2949 2237 et
2974 2181 3209 2253 Spiritus
3229 2192 3451 2239 sanctus
3471 2184 3523 2238 in
3548 2184 3718 2239 nobis

2133 2273 2364 2338 habitat,
2390 2274 2442 2327 in
2471 2271 2687 2327 Christo
2711 2272 2838 2328 Iesu
2859 2273 3085 2328 Domino
3109 2283 3317 2328 nostro.

1679 2546 1975 2622 LIBER
2055 2541 2469 2624 SEXTUS.

971 2802 1197 2864 CAPUT
1225 2803 1515 2863 PRIMUM.

524 2899 598 2953 De
613 2896 850 2951 custodia
878 2906 1254 2968 praceptorum
1277 2906 1326 2951 et
1349 2897 1704 2952 observatione
1725 2896 1952 2951 sabbati.

518 2989 732 3060 (sttr.
764 2985 900 3057 nx.)
930 2985 1162 3042 Locutus
1194 2995 1269 3040 est
1297 2987 1553 3041 Dominus
1591 2986 1660 3040 ad
1694 2986 1910 3056 Moysen
1947 2985 2030 3038 di-

2135 2809 2232 2873 tui,
2273 2813 2328 2864 et
2356 2816 2416 2863 ut
2441 2809 2679 2864 breviter
2713 2810 3097 2865 continentiam
3127 2825 3157 2864 a
3189 2811 3330 2867 malo
3371 2813 3722 2884 praeciperet,

2138 2899 2373 2956 Sabbata
2412 2919 2527 2956 mea
2563 2904 3260 2968 custodite,rationabililer
3293 2907 3552 2974 subdidit,
3587 2913 3727 2979 quia

2134 3001 2325 3046 verum
2353 2992 2632 3046 sabbatum
2658 3001 2763 3057 est,
2797 2993 3001 3048 nullum
3030 2997 3388 3065 corruptionis
3416 3013 3554 3067 opus
3590 3014 3731 3069 Ope-

450 3095 569 3136 cens
598 3094 616 3131 :
643 3077 877 3148 Loquere
912 3077 980 3131 ad
1010 3093 1214 3132 omnem
1251 3088 1435 3132 castum
1472 3077 1707 3146 ﬁliorum
1746 3074 1946 3140 Israel,
1981 3083 2030 3129 et
2134 3080 2266 3134 rari.
2291 3080 2425 3135 Nam
2454 3090 2510 3136 et
2537 3096 2695 3136 omne
2729 3098 2865 3153 opus
2893 3084 3087 3138 servile
3115 3084 3169 3138 in
3193 3064 3432 3141 sabbato
3458 3064 3568 3141 non
3604 3064 3731 3144 ἔξειτί

451 3173 590 3225 dices
617 3167 686 3220 ad
711 3183 796 3220 eos
816 3179 835 3218 :
860 3165 1040 3220 Sancti
1067 3175 1247 3232 estote,
1276 3167 1402 3237 quia
1429 3175 1477 3220 et
1505 3182 1598 3236 ego
1625 3175 1839 3219 sanctus
1877 3179 1992 3218 sum
2013 3203 2027 3228 ,

451 3261 708 3314 Dominus
736 3259 878 3314 Deus
903 3268 1067 3313 vester
1089 3273 1109 3312 :
1134 3262 1487 3332 unusquisque
1517 3269 1719 3331 patrem
1739 3270 1789 3316 et
1809 3270 2031 3315 matrem

451 3368 604 3407 suam
647 3352 862 3415 timeat;
905 3349 1122 3404 sabbata
1159 3365 1274 3404 mea
1312 3351 1599 3418 custodite;
1637 3367 1730 3422 ego
1775 3352 2032 3407 Dominus

453 3443 597 3496 Deus
618 3452 797 3505 vester.
837 3440 1014 3496 Nolite
1041 3442 1268 3496 converti
1282 3442 1351 3496 ad
1378 3441 1544 3509 idola,
1572 3458 1664 3497 nec
1691 3443 1815 3498 deos
1835 3445 2034 3513 conﬂa-

455 3532 570 3586 tiles
614 3531 818 3602 facietis
865 3531 1043 3597 vobis;
1094 3543 1188 3602 ego
1237 3530 1514 3586 Dominus.
1566 3527 1676 3603 (Ea:
1724 3531 2032 3603 Hesychia.)

457 3619 623 3677 Recte
648 3622 1128 3678 sanctiﬁcatiouem
1156 3623 1469 3694 preposuit,
1502 3623 1630 3694 quia
1650 3623 1830 3678 omnis
1855 3624 2032 3679 virtu-

459 3713 527 3766 tis
555 3721 636 3766 est
671 3712 736 3766 ad
780 3711 1222 3778 fundamentum,
1265 3725 1426 3782 quam
1470 3715 1596 3783 quia
1633 3714 1829 3769 sectari
1862 3715 2037 3770 modis

456 3805 708 3860 omnibus
737 3813 970 3876 oportet,
1003 3803 1279 3876 legislator
1305 3806 1617 3871 ostendens,
1652 3807 2038 3861 convenienter

458 3899 535 3952 ait
564 3911 580 3950 :
609 3895 792 3952 Sancti
838 3905 1018 3962 estote,
1066 3896 1190 3968 quia
1235 3906 1447 3950 sanctus
1488 3913 1581 3966 ego
1624 3913 1740 3951 sum
1779 3897 2038 3952 Dominus

462 3991 599 4044 Deus
629 3999 816 4057 vester,
848 3991 900 4044 id
933 3997 1038 4057 est,
1080 4005 1125 4046 si
1165 3991 1318 4046 vobis
1353 3990 1534 4060 placet
1555 3991 1771 4061 placere
1803 3992 1915 4047 Deo
1945 3999 2039 4046 aut

459 4081 650 4135 adesse
698 4081 848 4135 vobis
891 4095 1045 4145 eum,
1080 4078 1165 4135 vel
1201 4079 1374 4151 magis
1405 4095 1526 4135 esse
1566 4096 1688 4135 cum
1736 4097 1803 4137 eo
1848 4083 2040 4149 vultis,

459 4171 554 4228 Dei
601 4171 745 4226 enim
799 4169 1086 4242 prtesentia
1130 4178 1185 4226 et
1227 4161 1534 4239 coniunctio
1577 4181 1767 4228 omnes
1804 4186 1833 4226 a
1885 4174 2040 4230 vobis

461 4261 689 4318 insidias
744 4263 1126 4332 hesionemque
1201 4270 1473 4329 removet,
1553 4264 2038 4320 sanctificationem

460 4352 874 4421 consequimini.
914 4351 1144 4407 Sanctus
1177 4360 1356 4407 autem
1386 4351 1637 4424 conjungi
1666 4354 1907 4423 profanis
1935 4369 2040 4410 non

2135 3168 2346 3240 Moyses
2365 3171 2640 3240 praecepit,
2669 3180 2852 3241 aperte
2873 3173 2940 3226 ab
2965 3174 3218 3242 operibus
3237 3173 3574 3247 carnisque
3596 3186 3736 3233 sunt

2136 3259 2446 3327 fornicatio,
2479 3261 2819 3316 immunditia
2841 3301 2856 3326 ,
2893 3269 2948 3316 et
2981 3262 3178 3317 similia
3217 3263 3324 3328 his,
3357 3277 3554 3319 cavere
3584 3280 3734 3335 prae-

2136 3351 2342 3421 cipiens
2370 3365 2514 3416 eum,
2547 3351 2639 3420 qui
2661 3351 2947 3406 sabbatum
2975 3351 3251 3407 celebrare
3280 3353 3394 3406 vult
3418 3355 3733 3410 secundum

2135 3438 2308 3510 legem
2358 3439 2598 3509 spiritus.
2657 3437 2764 3493 Sed
2806 3454 2906 3493 nec
2955 3454 3177 3494 causam
3216 3439 3424 3495 sabbati
3464 3442 3735 3510 ignorare

2135 3536 2370 3598 oportet,
2417 3529 2497 3583 sic
2543 3528 2746 3583 ctenim
2773 3529 3024 3583 virtutem
3073 3529 3204 3601 legis
3241 3545 3358 3598 quae
3400 3532 3466 3586 de
3507 3547 3576 3586 eo
3619 3541 3733 3600 est,

2137 3623 2392 3679 sciemus.
2443 3622 2670 3690 Quando
2708 3636 2837 3693 ergo
2863 3623 3073 3677 sabbati
3106 3625 3416 3677 mandatum
3455 3625 3738 3682 Dominus

2138 3716 2312 3782 dedit,
2358 3729 2622 3784 nusquam
2653 3715 2804 3785 prius
2845 3716 3086 3770 invenies
3121 3719 3260 3786 apud
3296 3717 3537 3772 divinam
3565 3719 3734 3776 Scri—

2137 3815 2352 3878 pturam
2378 3808 2726 3862 sabbatorum
2762 3821 2982 3872 nomen,
3029 3815 3086 3860 ut
3123 3806 3462 3861 manifestum
3487 3809 3562 3862 sit
3599 3812 3736 3880 quia

2139 3897 2418 3953 sabbatum
2465 3913 2624 3954 omne
2663 3898 2998 3952 vacationem
3044 3898 3340 3952 carnalium
3389 3907 3442 3953 et
3499 3903 3739 3957 mula-

2140 3989 2279 4042 rium
2322 4003 2505 4041 rerum
2547 3987 2800 4057 prmcepit
2830 4006 2842 4040 :
2874 3989 3016 4042 unde
3057 4002 3216 4042 omne
3246 4003 3382 4058 opus
3418 3988 3505 4042 lex
3534 3993 3739 4059 probi-

2138 4078 2273 4133 beus
2319 4092 2439 4146 qute
2482 4078 2684 4132 faciunt
2728 4079 2796 4133 ad
2839 4093 3054 4133 omnem
3095 4079 3426 4148 animam,et
3455 4079 3736 4148 subdidit,

2141 4182 2238 4235 per
2265 4168 2368 4220 hoc
2396 4174 2582 4234 aperte
2622 4166 2912 4232 ostendens
2954 4183 2967 4219 :
2999 4167 3125 4236 quia
3157 4182 3188 4220 a
3217 4166 3597 4238 corporalibus
3628 4186 3738 4227 nos

2141 4272 2338 4313 vacare
2387 4258 2677 4322 desiderat,
2709 4265 2763 4312 et
2785 4273 2904 4327 qua:
2933 4259 2999 4312 ad
3020 4258 3271 4328 juvamen
3295 4267 3424 4313 sunt
3443 4260 3655 4316 animae
3684 4271 3745 4318 et

2142 4358 2455 4422 provectum
2485 4349 2808 4417 pertinentia
2837 4349 3070 4420 operari.
3116 4349 3313 4404 Verum
3341 4350 3487 4404 enim
3521 4351 3739 4407 sabba-

462 4445 684 4514 patitur,
711 4455 995 4514 propterea
1015 4443 1215 4499 Paulus
1237 4447 1449 4501 diccbat
1475 4465 1488 4498 :
1519 4446 1746 4500 Nescitis
1769 4449 1893 4517 quia
1915 4457 2042 4501 tem-
2067 4439 2119 4497 D
2148 4448 2256 4494 tum
2280 4447 2382 4504 est,
2419 4439 2551 4494 nihil
2591 4440 2890 4505 materiale,
2935 4441 3066 4496 nihil
3112 4442 3178 4495 ad
3214 4449 3416 4495 terram
3445 4441 3742 4498 hominem

463 4532 603 4602 plum
626 4533 721 4586 Dei
751 4536 890 4598 estis,
923 4544 970 4587 et
997 4535 1210 4603 spiritus
1236 4535 1332 4589 Dei
1365 4536 1566 4589 habitat
1612 4539 1665 4590 in
1707 4537 1886 4590 vobis?
1911 4537 2041 4601 Qui-

465 4635 664 4690 Cunque
689 4634 860 4678 autem
891 4623 1134 4693 templum
1163 4625 1256 4678 Dei
1287 4625 1569 4688 violaverit,
1596 4627 1854 4696 disperde!
1893 4627 2040 4680 illum

467 4708 625 4762 Deus.
651 4711 918 4783 Templum
943 4715 1080 4767 enim
1119 4715 1216 4767 Dei
1241 4726 1476 4768 sanctum
1509 4726 1603 4779 est,
1635 4717 1773 4787 quod
1803 4717 1924 4770 estis
1951 4732 2040 4772 vos

465 4797 518 4866 (1
567 4799 688 4852 Cor.
738 4807 842 4871 tu).
886 4802 1334 4871 Superaadiflcans
1373 4814 1552 4860 autem
1591 4807 1841 4859 mandata
1880 4819 2043 4876 super

469 4889 572 4942 hoc
611 4887 1041 4957 fundamentum,
1083 4902 1236 4946 extra
1265 4893 1406 4961 quod
1448 4909 1606 4947 nemo
1635 4902 1810 4963 potest
1841 4908 2042 4962 ponere

470 4978 614 5039 aliud
647 4998 658 5031 :
696 4977 1080 5051 Unusquisque,
1124 4983 1221 5048 ait,
1249 4992 1450 5054 patrem
1473 4994 1520 5038 et
1556 4994 1774 5038 matrem
1798 5001 1947 5039 suam
1976 4987 2043 5039 ti-

466 5079 603 5125 meat
635 5084 653 5121 :
686 5086 783 5140 per
820 5072 1300 5129 sanctificationem
1328 5075 1543 5144 quidem
1585 5090 1774 5144 puram
1805 5085 2040 5132 mentem

466 5173 593 5231 erga
623 5159 935 5216 Creatorem
957 5161 1238 5227 mandans,
1268 5175 1361 5233 per
1387 5165 1645 5218 honorem
1671 5174 1849 5218 autem
1871 5165 2042 5234 patris

465 5262 522 5310 et
559 5253 746 5308 matris
777 5253 1010 5324 impendi
1036 5263 1244 5311 naturte
1263 5258 1671 5327 benignitatem,
1699 5275 1818 5329 qua:
1850 5275 2044 5329 paren-

467 5344 612 5400 tibus
637 5345 924 5410 honorem,
960 5347 1056 5401 sed
1091 5353 1145 5402 et
1173 5348 1418 5403 timorem
1451 5347 1633 5404 deberi
1670 5365 1700 5403 a
1731 5349 1872 5415 filiis,
1903 5351 2044 5405 sicut

465 5427 728 5491 Dominus
765 5435 931 5490 dedit.
979 5436 1182 5492 Deinde
1228 5437 1362 5509 legis
1398 5439 1648 5492 mandata
1687 5439 2042 5510 recapitulare

463 5523 671 5591 tuleris,
703 5524 755 5581 id
782 5536 884 5592 eSt,
915 5538 1022 5581 non
1049 5527 1285 5593 occides,
1312 5543 1417 5584 non
1445 5527 1728 5596 furaberis,
1757 5547 1862 5584 non
1893 5531 2046 5586 adul-

468 5612 690 5679 tevabis,
721 5631 826 5672 nou
851 5616 1171 5687 perjurabis,
1203 5633 1309 5673 non
1337 5633 1580 5674 assumes
1607 5635 1801 5674 nomen
1832 5620 2040 5674 Domini

471 5699 566 5768 Dei
597 5707 672 5761 tui
699 5704 752 5762 in
785 5724 1013 5777 vanum,
1050 5725 1156 5766 non
1191 5711 1538 5782 concupisces
1561 5727 1784 5766 ttxorcm
1813 5713 2039 5783 proximi

2143 4529 2482 4599 deprimens,
2526 4539 2581 4583 et
2623 4531 2688 4584 ad
2718 4532 3115 4601 corruptionem
3158 4533 3431 4588 carnalem
3476 4535 3741 4600 trahens,

2144 4637 2321 4692 agerc.
2352 4622 2486 4678 Cum
2518 4623 2619 4678 hoc
2645 4632 2824 4678 autem
2853 4625 2982 4694 quid
3015 4624 3158 4678 aliud
3186 4638 3329 4678 nunc
3356 4625 3499 4678 Deus
3523 4640 3743 4693 praece-

2141 4717 2242 4783 pit,
2280 4715 2439 4769 nolite
2474 4716 2702 4768 conuerti
2729 4715 2797 4769 ad
2829 4715 2993 4780 idola,
3033 4731 3124 4769 nec
3153 4715 3276 4769 deos
3310 4715 3610 4784 conﬂatiles
3654 4717 3744 4785 fa—

2143 4805 2284 4857 cietis
2322 4805 2461 4858 vobis
2489 4817 2508 4855 :
2539 4803 2654 4874 Ego
2683 4804 2960 4859 Dominus.
2998 4803 3114 4858 Non
3140 4805 3383 4859 converti
3421 4813 3614 4858 autem
3667 4807 3744 4860 ad

2143 4897 2284 4951 idola
2329 4905 2432 4956 est,
2497 4909 2605 4948 non
2657 4895 3088 4951 condescendere
3130 4896 3244 4959 bis,
3285 4911 3407 4964 qua:
3454 4895 3744 4950 idolorum

2141 4988 2227 5042 lex
2259 4987 2422 5040 multa
2453 4985 2784 5056 profanaque
2811 4986 2996 5056 exigit.
3031 4985 3138 5040 Sed
3165 5002 3257 5039 nec
3281 4985 3573 5053 conflatiles
3605 4987 3743 5040 deos

2143 5080 2346 5149 facietis
2376 5078 2512 5132 vobis
2544 5091 2563 5130 :
2597 5093 2703 5131 non
2731 5077 2904 5133 solum
2939 5079 2995 5131 in
3025 5077 3337 5131 animalium
3376 5075 3606 5140 formis,
3637 5077 3745 5132 sed

2142 5189 2246 5228 nec
2287 5173 2341 5226 in
2379 5171 2732 5242 pecuniarum
2765 5170 3072 5235 thesauris,
3126 5185 3228 5225 nec
3255 5170 3310 5224 in
3341 5169 3457 5222 auri
3497 5179 3596 5223 aut
3648 5186 3744 5223 ar-

2145 5262 2290 5332 genti
2320 5261 2550 5325 massis;
2580 5259 2697 5315 hrec
2723 5261 2868 5315 enim
2906 5259 3034 5314 deos
3066 5274 3192 5313 suos
3220 5257 3425 5312 faciunt
3450 5257 3504 5310 hi
3535 5259 3638 5325 qui
3671 5273 3743 5312 ea

2144 5351 2348 5406 faciunt
2371 5360 2424 5404 et
2450 5357 2804 5421 congregant,
2833 5349 3101 5403 intantum
3133 5347 3232 5402 sub
3263 5361 3452 5401 earum
3482 5346 3744 5400 dominio

2143 5441 2444 5503 constituti,
2460 5448 2520 5494 ut
2534 5440 2760 5494 timeant
2779 5453 2845 5492 ex
2859 5439 2940 5494 eis
2950 5437 3033 5492 vel
3048 5435 3586 5507 quantulumcunque
3603 5448 3746 5488 con-

2143 5532 2370 5602 tingere.
2407 5529 2544 5596 Quid
2570 5537 2746 5583 autem
2779 5529 2892 5583 llch
2929 5543 3153 5584 necesse
3177 5527 3458 5590 habemus,
3501 5525 3593 5594 qui
3631 5540 3743 5595 pro

2143 5621 2389 5675 omnibus
2414 5620 2748 5690 possidemus
2768 5619 2970 5672 divitiis
2990 5634 3112 5673 eum
3138 5617 3229 5688 qui
3254 5614 3390 5670 dicit
3422 5634 3437 5669 :
3469 5615 3588 5687 Ego
3623 5615 3743 5668 Do-

2144 5713 2328 5769 minus,
2369 5711 2419 5764 id
2451 5721 2562 5774 cst,
2594 5709 2683 5779 qui
2713 5709 2948 5763 volatilia
2981 5710 3160 5765 nutrio
3187 5748 3203 5778 ,
3227 5708 3321 5780 qui
3350 5707 3464 5766 lilia
3483 5705 3600 5778 agri
3633 5720 3740 5760 ve-
