3918 6180
145 357 237 414 ΗΞ

1039 334 1536 406 exnosnmuus
1572 344 1639 403 IN
1678 342 2073 402 stmcuu.
2114 374 2186 386 --
2224 345 2349 400 un.
2396 345 2482 400 vr.
2525 308 2532 315 ’

3271 347 3375 405 4οίὸ

144 473 255 535 stin,
283 467 369 537 qui
395 478 463 520 ex
494 463 662 519 nihilo
692 461 816 530 feci,
855 462 1103 534 factaque
1139 465 1360 529 nutriri,
1393 471 1555 534 atque
1583 462 1698 516 haec
1725 459 1777 517 A
1800 460 2091 516 decidentia
2124 463 2478 533 congregabis,
2520 464 2612 517 sed
2643 466 2959 536 pauperibus
3001 474 3049 520 et
3089 471 3373 538 peregrinis

141 563 304 617 omnia
335 573 523 615 rursus
539 558 607 613 ad
633 557 985 627 indigentiam
1015 557 1257 627 redigere
1285 556 1459 611 valeo.

203 651 259 706 Si
284 646 672 703 immolaveritis
709 647 935 701 hostiam
972 648 1314 717 paci/iceram
1359 646 1604 713 Domino,
1638 654 1696 700 stt

141 744 200 797 sit
221 738 570 810 acccptabilis,
592 753 652 793 eo
680 738 765 792 die
785 754 886 808 quo
908 739 1066 808 fuerit
1094 739 1392 805 immolata,
1421 738 1698 793 comedetis

141 847 260 894 eam,
292 837 342 883 et
378 828 463 882 die
485 825 669 882 altero.
711 825 982 898 Quidquid
1007 840 1181 881 autem
1210 827 1499 882 residuum‘
1515 827 1673 896 fuerit

140 922 187 974 in
204 919 332 973 diem
361 918 588 980 tertium,
619 917 738 986 igne
763 916 1097 971 comburetis.
1122 914 1181 970 Si
1207 916 1323 985 quis
1341 925 1456 986 post
1481 915 1697 970 biduum

140 1007 396 1065 comederit
421 1023 488 1061 ea:
517 1006 860 1075 ea,profamts
889 1006 1009 1071 erit,
1034 1014 1081 1060 et
1116 1006 1398 1075 impietatis
1428 1020 1548 1060 reus
1575 1020 1698 1076 por-

140 1099 252 1152 tabit
282 1098 609 1168 iniquitatem
632 1108 804 1161 suam,
836 1097 960 1167 quia
984 1106 1227 1151 sanctum
1248 1096 1460 1149 Domini
1485 1095 1694 1166 polluit,

140 1199 180 1241 et
210 1188 393 1256 peribit
426 1187 605 1241 anima
628 1184 723 1239 illa
763 1185 828 1238 de
864 1183 1054 1255 populo
1093 1200 1206 1238 suo.
1248 1183 1358 1256 (Et:
1388 1181 1694 1254 Hesychia.)

141 1277 306 1332 Omnia
333 1277 584 1346 quidem,
614 1286 675 1330 ut
698 1275 772 1329 ita
802 1275 1003 1339 dicam,
1033 1274 1243 1344 Moyses
1273 1274 1406 1344 legis
1433 1264 1691 1342 capitula,

140 1371 209 1424 bis
229 1378 413 1439 terque
431 1366 627 1438 populo
649 1366 903 1437 praecipit
929 1383 942 1418 :
968 1364 1234 1434 frequenti
1261 1366 1555 1421 traditione
1578 1380 1694 1420 me-

140 1460 348 1515 moriam
376 1471 565 1513 eorum
599 1456 934 1511 auditoribus
961 1455 1285 1525 proﬂigans,
1317 1455 1486 1511 multo
1520 1454 1694 1526 magis

141 1565 296 1608 tamen
323 1550 580 1605 mandata
606 1563 725 1618 qum
746 1549 1115 1603 necessariora
1138 1557 1284 1614 sunt,
1315 1549 1455 1605 sicut
1478 1558 1533 1603 et
1552 1564 1693 1619 prte-

138 1659 245 1700 sens
282 1642 599 1697 mandatum
622 1681 638 1707 ,
684 1648 904 1710 propter
940 1642 1083 1710 quod
1109 1650 1164 1695 et
1204 1641 1332 1696 illud
1358 1654 1690 1711 proponens,

138 1738 323 1808 pridem
372 1746 493 1789 cum
532 1734 599 1789 de
634 1733 918 1788 sacriﬁciis
954 1733 1297 1803 praeciperet,
1340 1747 1463 1788 cum
1503 1741 1559 1788 et
1589 1748 1690 1788 nos

135 1828 269 1895 plene
308 1826 380 1881 de
414 1826 517 1879 hoc
550 1824 605 1878 in
642 1824 818 1894 pritno
852 1822 992 1878 libro
1031 1823 1190 1892 hujus
1232 1824 1486 1878 Leviticte
1523 1824 1691 1879 inter-

137 1916 433 1987 pretationis
468 1915 823 1969 discessimus
855 1933 870 1968 :
904 1928 1033 1970 ecce
1070 1926 1212 1969 nunc
1250 1924 1441 1969 rursus
1469 1914 1688 1983 recapi-

138 2010 340 2074 tularit,
370 2018 432 2063 ut
459 2015 514 2063 et
548 2021 649 2062 nos
683 2006 925 2065 breviter
955 2006 1372 2075 recapitulemus
1400 2018 1521 2074 quas
1563 2016 1691 2060 tunc

137 2099 378 2169 permulta
407 2098 663 2154 diximus.
702 2096 1038 2154 Sacriﬁcium
1073 2096 1218 2151 enim
1243 2095 1476 2151 salutare
1497 2096 1690 2151 immo-

138 2192 220 2245 lari
242 2191 563 2262 pmcipiens
585 2228 599 2254 ,
631 2190 807 2259 ipsum
833 2196 981 2243 recte
1008 2187 1217 2252 innuit,
1259 2186 1314 2241 iu
1340 2201 1447 2256 quo
1479 2200 1543 2241 ea
1571 2201 1691 2257 qua:

139 2282 388 2352 pertinent
416 2281 487 2336 ad
514 2280 742 2335 salutem
768 2290 1060 2348 operemur
1086 2295 1098 2329 :
1131 2276 1257 2331 huic
1288 2284 1492 2341 autem,
1527 2285 1588 2332 ut
1618 2277 1693 2331 sit

138 2374 413 2443 placabilis,
443 2380 656 2443 oportet
682 2370 949 2426 itumolari
982 2384 998 2424 :
1025 2370 1142 2426 haec
1174 2366 1360 2440 utique
1378 2370 1690 2426 omnimodo

138 2475 467 2537 assequentes
488 2506 503 2531 ,
543 2480 664 2536 quae
720 2462 1066 2533 acceptabilia
1110 2462 1220 2517 Deo
1265 2471 1412 2517 sunt.
1462 2462 1539 2516 De
1581 2472 1690 2531 quo

137 2559 249 2612 dixit
267 2556 494 2620 Paulus,
519 2568 640 2611 cum
669 2553 937 2622 quomodo
958 2559 1232 2622 oporteret
1258 2551 1475 2621 assequi
1503 2564 1685 2606 remo-

136 2658 228 2702 tam
262 2656 313 2703 et
348 2647 596 2716 quietam
637 2644 804 2698 Vitam
842 2643 896 2697 in
923 2642 1068 2697 omni
1105 2642 1305 2712 pietate
1337 2649 1394 2697 et
1427 2640 1687 2712 pudicitia

138 2739 398 2795 Timotheo
430 2738 710 2801 scribens,
757 2735 993 2791 ostendit
1022 2753 1037 2790 :
1065 2733 1183 2789 Hoc
1220 2734 1409 2789 bonum
1454 2741 1503 2787 et
1543 2748 1691 2786 acce-

135 2840 255 2901 ptam
274 2847 455 2885 coram
479 2828 753 2884 Saluatore
778 2837 954 2882 nostra
981 2826 1113 2892 Deo,
1132 2826 1222 2897 qui
1248 2840 1422 2880 omnes
1449 2824 1688 2895 homines

136 2921 226 2977 uit
268 2922 443 2977 salvos
478 2920 625 2990 fieri,
667 2927 715 2973 et
762 2918 832 2973 ad
873 2917 1192 2987 agnitionem
1235 2913 1473 2969 veritatis
1514 2912 1688 2968 venire

138 3011 181 3084 (Ι
212 3012 338 3068 Tim.
385 3011 471 3085 ιι).
520 3010 815 3067 Comedere
860 3016 1041 3062 autem
1076 3004 1146 3063 de
1186 3003 1457 3061 sacrificio
1496 3016 1563 3058 eo
1598 3001 1688 3056 die

137 3121 225 3176 quo
246 3105 588 3183 immolatum
610 3112 715 3168 est,
741 3110 796 3158 et
824 3099 949 3163 alio,
983 3106 1088 3165 est,
1118 3107 1180 3152 ut
1208 3097 1263 3151 in
1292 3094 1544 3166 praesenti
1571 3093 1683 3149 vita

138 3212 452 3270 (tumulique
476 3198 545 3253 ad
579 3195 805 3251 salutem
833 3191 1140 3263 pertineant
1163 3200 1448 3260 operemur
1477 3203 1493 3241 :
1524 3185 1685 3242 hodie

138 3298 290 3345 autem
316 3298 381 3345 et
401 3282 697 3343 crastinum
726 3284 781 3338 in
805 3280 1059 3353 praesenti
1083 3277 1311 3342 saculo,
1335 3275 1516 3333 divina
1538 3274 1686 3330 Seri-

137 3384 268 3448 ptura
292 3378 441 3435 solet
458 3374 726 3445 accipere.
752 3371 831 3426 De
849 3383 957 3442 qua
978 3383 1040 3425 re
1069 3376 1261 3424 testem
1280 3364 1538 3422 Jacobum
1560 3378 1687 3434 pro-

137 3470 379 3526 ducamus
424 3466 773 3530 scribentem,
811 3462 947 3517 Ecce
988 3475 1126 3515 nunc
1160 3458 1249 3530 qui
1293 3456 1487 3522 dicitis,
1531 3454 1687 3509 hodie

137 3572 213 3616 aut
222 3561 451 3617 crastino
469 3559 658 3613 ibimus
684 3556 740 3610 in
760 3554 907 3611 illam
928 3553 1209 3617 ciuitatem,
1232 3558 1337 3605 etc.
1357 3547 1564 3622 (Iacob.
1588 3546 1683 3617 tv).
1708 3568 1721 3574 υ

136 3652 242 3710 Dies
272 3661 462 3708 autem
502 3649 660 3705 tertia
695 3646 820 3717 quia
854 3645 912 3699 in
948 3645 1064 3714 ipsa
1109 3657 1139 3697 a
1172 3641 1399 3696 mortuis
1426 3639 1689 3695 Dominus

135 3753 295 3801 noster
325 3740 660 3804 resurrexit,
696 3737 923 3807 figuram
948 3732 1114 3788 futuri
1141 3730 1323 3787 saeculi
1359 3737 1417 3784 et
1450 3735 1691 3783 mortuo-

136 3851 236 3889 rum
272 3830 695 3891 resurrectionis
718 3827 880 3898 gerit,
907 3825 964 3879 in
991 3838 1101 3893 quo
1124 3820 1239 3891 jam
1269 3834 1377 3875 non
1410 3817 1537 3872 licet
1563 3829 1692 3885 ope-

133 3929 249 3994 rari,
272 3929 367 3984 sed
394 3926 489 3996 qui
512 3937 657 3980 nunc
682 3919 889 3991 operati
903 3924 1031 3973 sunt
1057 3914 1169 3969 illic
1188 3912 1258 3968 ad
1279 3908 1688 3967 retributionem

133 4020 355 4075 veniunt.
387 4017 491 4085 Qui
512 4028 642 4085 ergo
665 4012 745 4068 sic
760 4011 848 4066 hic
869 4007 1021 4073 vivit,
1044 4012 1297 4072 tanquam
1320 3999 1432 4055 illic
1446 3996 1691 4068 quaedam

131 4112 464 4179 praesentium
505 4110 828 4176 operaturus
868 4099 972 4163 sit,
1011 4104 1067 4151 et
1094 4100 1381 4165 propterea
1409 4088 1692 4179 comedere

134 4177 271 4253 tertia
295 4199 392 4254 die
420 4193 750 4251 sacriﬁcium
779 4187 1130 4259 paciﬁcorum
1148 4225 1163 4250 ,
1203 4183 1318 4239 sive
1345 4179 1584 4237 salutare
1615 4177 1695 4232 di-

132 4291 275 4354 citur,
301 4302 446 4359 opus
472 4290 727 4340 attrectat
753 4295 784 4335 a
812 4278 1118 4348 legislatore
1142 4272 1493 4344 prohibitum,
1521 4270 1692 4323 virtu-

134 4388 227 4433 tem
251 4377 630 4451 imperfectam
661 4372 989 4441 relinquens,
1027 4366 1176 4422 velut
1208 4364 1337 4420 illuc
1368 4369 1693 4433 operaturus

133 4471 212 4534 sit,
246 4479 301 4527 et
331 4468 501 4538 huius
538 4462 861 4520 sacriﬁcium
909 4458 1213 4515 rectissime
1261 4461 1536 4525 acwptum
1583 4466 1689 4506 non
1718 4475 1770 4536 ο

136 4570 224 4625 est,
250 4575 353 4616 nec
374 4558 493 4614 vita
519 4561 765 4611 correcta
791 4559 874 4607 est
895 4590 911 4614 ,
939 4548 1038 4605 sed
1071 4547 1164 4617 qui
1186 4544 1349 4601 talem
1373 4539 1690 4608 sibimetipsi

132 4658 371 4717 operatur
395 4647 676 4709 virtutem,
706 4640 1049 4710 iniquitatem
1072 4651 1228 4692 suam
1262 4631 1520 4705 portabit,
1543 4629 1694 4700 prius

133 4739 333 4804 quidem
373 4735 690 4806 imperfecte
719 4746 972 4803 operans,
1004 4726 1201 4784 deinde
1227 4736 1290 4779 ut
1314 4724 1570 4794 ingerens
1604 4735 1695 4775 ca-

135 4826 380 4883 lumniam
404 4826 604 4883 divina:
630 4823 755 4896 legi,
783 4829 838 4878 et
860 4821 1052 4891 dogma
1078 4814 1439 4873 disseminans
1465 4810 1694 4880 impium

134 4927 280 4987 aliine
306 4919 570 4975 alienum.
608 4912 785 4984 Hujus
816 4910 993 4966 animo
1027 4906 1211 4979 peribit
1248 4904 1311 4957 de
1336 4901 1527 4974 populo
1557 4916 1694 4963 suo;

135 5012 182 5065 in
214 5013 411 5083 populo
444 5016 628 5065 autem
658 5005 749 5076 qui
780 5003 1017 5060 salvetur
1044 5016 1150 5055 non
1180 4995 1541 5059 ordinabitur,
1570 4992 1698 5063 quia

132 5104 341 5173 reliquit
360 5099 736 5173 imperfectam
757 5096 947 5160 vitam,
969 5106 1088 5163 quas
1109 5104 1232 5146 eum
1256 5086 1467 5144 salvere
1487 5089 1701 5155 poterat

134 5196 177 5249 si
198 5210 319 5251 eam
346 5196 801 5252 consummasset.

763 5274 988 5334 CAPUT
1017 5272 1080 5329 Π.

135 5375 207 5433 De
229 5389 525 5447 pauperum
551 5380 602 5428 et
624 5368 1014 5490 peregrinzrum
1042 5379 1169 5418 cura
1195 5369 1421 5432 tempore
1446 5357 1626 5414 messis
1656 5363 1704 5410 et

776 5454 862 5490 um
902 5450 1069 5490 emtw.

776 5450 1069 5492 urnaemtw.

199 5553 385 5627 (ῐιηυ.)
404 5553 534 5608 Cum
555 5549 833 5607 messuaris
848 5555 1043 5616 segetes
1057 5554 1209 5599 terra:
1223 5550 1456 5605 tuas,non
1470 5538 1705 5591 tondebis

135 5663 292 5718 Itaque
321 5647 399 5701 ad
433 5646 622 5707 solum,
652 5655 807 5711 super
828 5636 1016 5707 faciem
1045 5642 1218 5697 terrm,
1257 5647 1347 5685 nec
1384 5636 1704 5683 remanentes

133 5740 307 5804 spicas
330 5735 577 5806 colliges;
622 5747 782 5807 neque
811 5736 864 5787 in
902 5728 1051 5781 vinea
1078 5734 1168 5777 tua
1192 5736 1424 5775 racemos
1451 5729 1497 5773 et
1534 5735 1705 5788 grana

1803 552 2065 622 carpenda
2093 552 2319 607 dimittes
2356 567 2375 604 :
2410 552 2522 624 Ego
2564 552 2821 610 Dominus
2867 550 3005 611 Deus
3047 567 3228 612 uester.
3269 560 3377 628 (Ea:

1805 640 2113 713 Hesychia.)
2143 642 2267 696 Vult
2288 642 2565 712 lcgislator
2590 652 2651 697 ut
2675 658 2775 698 nos
2800 643 3035 700 invicem
3065 646 3375 717 diligamus,

1798 741 2178 802 amatoresque
2205 750 2501 804 pauperum
2534 751 2634 791 nos
2664 747 2786 791 esse
2811 736 3104 803 desiderat,
3136 754 3377 811 semper-

1795 838 1902 895 que
1929 824 2282 896 eleemosynze
2304 826 2537 894 studere,
2568 842 2713 881 nunc
2739 827 2957 897 quidem
2997 828 3188 885 dantes
3212 845 3378 901 egen-

1795 916 1959 981 tibus,
1984 931 2129 971 nunc
2157 922 2335 971 autem
2369 931 2476 971 non
2507 916 2785 988 exigentes
2810 932 2930 988 quae
2956 918 3113 973 nobis
3153 920 3368 982 debent.

1795 1007 1893 1061 sed
1941 1014 1998 1061 et
2032 1007 2393 1061 concedentes
2430 1007 2512 1062 eis
2550 1007 2806 1076 colligere
2847 1023 3199 1079 quascunque
3245 1012 3374 1066 reli-

1794 1096 1952 1165 quias
1974 1096 2216 1151 omnium
2238 1096 2501 1151 bonorum
2523 1112 2642 1166 quae
2663 1112 2693 1151 a
2710 1097 2822 1152 Deo
2847 1106 2976 1152 sunt
2997 1100 3191 1154 donata
3216 1102 3372 1157 nobis

1795 1185 2116 1255 repererint,
2149 1193 2206 1239 et
2246 1184 2447 1240 imitari
2483 1201 2627 1251 eum,
2652 1187 2745 1257 qui
2766 1186 2990 1242 donavit
3027 1205 3135 1244 non
3163 1198 3369 1245 tantum

1793 1276 2199 1331 misericordem
2217 1315 2233 1341 ,
2262 1276 2355 1331 sed
2382 1284 2437 1330 et
2462 1276 2556 1346 qui
2587 1277 2770 1331 multa:
2793 1277 3157 1335 miserationis
3181 1282 3265 1334 est
3291 1291 3371 1336 at-

1792 1380 1899 1434 que
1932 1366 2161 1431 dicitur;
2191 1374 2247 1420 et
2269 1373 2555 1435 propterea
2584 1375 2853 1422 metentes
2881 1376 2975 1422 aut
3001 1370 3222 1423 omnino
3251 1370 3370 1423 vin-

1793 1458 2122 1523 demiantes,
2152 1458 2351 1513 iterare
2378 1458 2568 1513 eodem
2593 1466 2835 1528 tempore
2869 1458 3037 1529 ipsam
3064 1475 3365 1514 messuram

1792 1549 2226 1618 vindemiamque
2273 1564 2381 1603 non
2420 1550 2699 1619 przecepit,
2746 1550 2840 1604 sed
2873 1565 2974 1605 nec
3008 1566 3074 1604 ex
3110 1559 3222 1604 toto
3254 1567 3369 1604 mc-

1793 1647 1926 1703 tere,
1960 1646 2055 1691 aut
2081 1638 2412 1692 vindemiare
2445 1638 2706 1701 sancivit,
2747 1637 2842 1693 sed
2871 1637 3181 1707 relinquere
3207 1654 3366 1707 quas-

1791 1730 1915 1791 dam
1944 1731 2250 1785 omnimode
2297 1731 2537 1801 pauperi,
2570 1738 2626 1785 et
2665 1730 2938 1802 proselytn
2980 1732 3047 1787 de
3097 1733 3366 1787 messione

1792 1827 1848 1874 et
1876 1819 2146 1873 vindemia
2178 1819 2454 1887 reliquias,
2476 1830 2533 1874 et
2560 1819 2674 1875 Deo
2702 1821 2794 1889 qui
2821 1818 3030 1876 fructus
3054 1820 3197 1889 ipsos
3235 1822 3364 1875 oriri

1790 1908 1948 1973 facit,
1980 1909 2305 1978 operatoriis
2331 1910 2627 1979 gratiarum
2658 1911 2963 1965 actionibus
2995 1926 3362 1980 compensare.

1790 1999 2013 2073 Mystice
2039 2013 2169 2068 ergo
2194 2015 2292 2069 per
2327 2014 2389 2054 ea
2414 2014 2533 2068 quae
2567 2015 2712 2054 nunc
2741 2002 2881 2055 dicta
2911 2009 3059 2064 sunt,
3092 2000 3367 2070 legislator

1790 2092 2099 2147 doctoribus
2142 2089 2448 2145 Judzeorum
2499 2092 2758 2163 prmcepit
2806 2102 3144 2161 nequaquam
3201 2086 3364 2144 totius

1788 2181 1922 2253 legis
1963 2181 2457 2250 interpretationem
2505 2196 2597 2236 eos
2642 2189 2972 2246 attrectare,
3024 2180 3118 2235 sed
3170 2176 3364 2234 cedere

1788 2273 2032 2343 qumdam
2073 2272 2294 2343 pauperi
2334 2278 2389 2327 et
2420 2272 2725 2343 proselyto,
2764 2272 3076 2327 doctoribus
3112 2268 3363 2324 videlicet

1788 2363 2029 2432 gentium
2079 2380 2092 2414 :
2143 2361 2414 2432 Pauperes
2457 2362 2658 2416 etenim
2708 2361 2764 2417 bi
2810 2368 2954 2426 sunt,
3007 2360 3129 2430 quia
3169 2358 3360 2430 spiritu

1787 2467 2052 2524 pauperes
2089 2465 2210 2507 esse
2243 2452 2497 2522 prtecepti
2535 2460 2688 2515 sunt,
2732 2459 2787 2507 et
2812 2451 2878 2505 ad
2906 2465 3002 2505 eos
3039 2446 3360 2503 dicebatur:

1786 2542 1938 2599 Beati
1957 2558 2211 2614 pauperes
2242 2541 2430 2611 spiritu
2449 2579 2467 2607 ,
2498 2540 2624 2611 quia
2665 2541 2895 2611 ipsorum
2921 2549 2994 2593 est
3026 2555 3239 2609 regnum
3268 2553 3365 2590 cae-

1786 2634 1958 2688 lorum
1996 2633 2209 2705 (Matth.
2245 2630 2327 2704 v);
2370 2629 2627 2701 proselyti
2660 2636 2840 2684 autem
2885 2636 2945 2682 ut
2982 2643 3127 2681 nunc
3163 2634 3361 2680 semct-

1787 2725 1934 2795 ipsos
1956 2723 2263 2796 eognationi
2294 2722 2525 2778 Abrahte
2548 2719 2963 2783 subinferentes,
2995 2725 3050 2772 et
3078 2716 3145 2770 ad
3182 2714 3352 2770 Deum

1788 2817 2128 2880 accedentes,
2149 2815 2310 2871 modo
2334 2829 2432 2884 per
2454 2813 2635 2867 ﬁdem.
2658 2810 2802 2881 Ergo
2823 2811 2925 2865 hoc
2952 2808 3092 2878 quod
3122 2807 3315 2878 legitur
3340 2826 3353 2860 :

1788 2907 1913 2961 Non
1949 2906 2182 2969 occides,
2209 2921 2313 2959 non
2341 2902 2682 2967 adulterabis,
2720 2901 2948 2956 doceant
2973 2909 3027 2953 et
3048 2896 3356 2953 Iudaeorum

1785 2998 2056 3062 doctores,
2079 3008 2410 3066 quaecunque
2425 3001 2603 3049 autem
2628 2991 2985 3047 necessariam
3010 2990 3209 3045 habent
3230 3004 3361 3043 con-

1785 3087 2189 3157 templationem
2231 3094 2287 3140 et
2330 3082 2834 3154 interpretationem
2860 3120 2876 3146 ,
2924 3076 3090 3135 veluti
3129 3088 3196 3134 ea
3238 3094 3360 3148 quae

1784 3188 1912 3237 sunt
1939 3178 2007 3234 de
2039 3176 2498 3242 mundatiouibus,
2521 3174 2589 3231 de
2616 3173 2899 3230 sacriﬁciis
2924 3180 2979 3226 et
3010 3170 3115 3226 alia
3139 3168 3358 3235 similia,

1783 3270 2099 3328 doctoribus
2120 3262 2376 3324 Ecclesia:
2396 3268 2609 3323 cedant.
2635 3258 2704 3320 Et
2719 3280 2839 3334 quae
2859 3262 3116 3319 decidunt
3133 3261 3199 3316 de
3218 3276 3363 3316 mes-

1783 3379 1911 3421 sura
1943 3377 2165 3428 eorum,
2193 3362 2246 3417 id
2285 3367 2387 3426 est,
2420 3370 2753 3430 quaecunque
2786 3361 3019 3411 cernunt
3053 3368 3147 3408 eos
3187 3358 3365 3407 trans-

1786 3453 2122 3525 gredientia,
2161 3467 2282 3522 quae
2315 3446 2567 3506 videlicet
2601 3444 2870 3519 ignorant.
2900 3444 3011 3501 Hos
3047 3460 3177 3515 ergo
3210 3459 3364 3500 race-

1786 3559 1905 3600 mos
1936 3543 2152 3599 sibimet
2171 3540 2424 3611 colligere
2444 3530 2616 3593 Judzei
2641 3545 2696 3591 et
2716 3538 2770 3591 in
2792 3537 2905 3591 suis
2924 3533 3125 3590 divitiis
3149 3535 3365 3589 thesau-

1788 3638 1965 3693 rizare
1992 3651 2102 3691 non
2131 3640 2390 3705 possunt,
2420 3631 2547 3702 quia
2575 3638 2762 3685 eurum
2792 3627 2957 3681 vitam
2983 3624 3206 3681 minime
3235 3632 3361 3681 sunt

1789 3725 1969 3792 zelati,
2010 3724 2232 3796 pauperi
2269 3731 2449 3778 autem
2490 3736 2585 3776 eos
2620 3727 2676 3775 et
2714 3714 2988 3790 proselyto
3028 3712 3359 3785 relinquunt.

1788 3818 2078 3873 Nobiscum
2122 3815 2268 3872 enim
2312 3820 2437 3869 sunt
2470 3809 2774 3881 prophetae,
2819 3815 2875 3863 et
2927 3813 3190 3877 quotquot
3229 3804 3363 3875 justi

1792 3912 1932 3981 apud
1958 3909 2212 3983 populum
2244 3904 2530 3962 Iudaicum
2571 3902 2809 3966 fuerunt,
2853 3899 3123 3954 intantunt
3153 3903 3211 3951 ut
3245 3910 3363 3950 me-

1790 4003 1977 4059 moria:
2015 4016 2199 4058 eorum
2245 4015 2277 4055 a
2319 3998 2476 4054 nobis
2516 3993 2675 4052 annis
2713 3984 2939 4064 singulis
2987 3990 3361 4053 hunorentur,

1792 4095 1936 4166 quod
1959 4093 2100 4164 apud
2113 4092 2235 4148 illos
2278 4105 2386 4147 non
2413 4087 2495 4155 lit,
2518 4094 2579 4143 ut
2603 4082 2974 4157 experimento
3009 4083 3367 4152 cognoscatur

1792 4186 2086 4243 veridicum
2109 4182 2351 4241 divinum
2375 4178 2673 4249 eloquium.

2405 4267 2633 4326 CAPUT
2667 4266 2755 4321 Ill.

1798 4366 2079 4422 Ponuntur
2119 4363 2367 4419 mandata
2389 4400 2404 4426 ,
2454 4358 2762 4428 etexigitur
2784 4355 2991 4426 justum
3026 4348 3091 4406 de
3128 4347 3367 4421 proximo

2423 4427 2706 4500 judicium.

1866 4523 2043 4597 (1310.)
2097 4522 2222 4577 Non
2258 4521 2459 4591 facietis
2492 4518 2687 4588 furtum
2710 4556 2725 4583 ,
2759 4528 2862 4570 non
2897 4510 3240 4573 mentiemini,
3277 4522 3368 4561 nec

1797 4618 2013 4689 decipiet
2035 4613 2384 4686 unusquisque
2412 4610 2707 4681 proximum
2740 4616 2919 4689 suum,
2951 4618 3052 4658 non
3078 4598 3368 4673 perjurabis

1795 4713 1851 4766 in
1885 4710 2091 4765 nomine
2117 4722 2249 4761 meo.
2282 4701 2403 4758 Non
2440 4698 2637 4773 pollues
2666 4710 2851 4752 nomen
2873 4688 2966 4750 Dei
3001 4693 3078 4748 tui
3107 4711 3124 4747 :
3148 4706 3242 4763 ego
3262 4690 3372 4744 Do—

1798 4803 1992 4855 minus.
2018 4796 2137 4870 (Ex
2165 4790 2509 4865 Augustino.)
2550 4786 2684 4845 Illud
2721 4788 2788 4843 de
2827 4787 2971 4841 furto
3007 4782 3242 4856 positum
3289 4787 3373 4836 est

1803 4892 1858 4946 in
1886 4888 2150 4959 Dccalogo
2182 4905 2194 4940 :
2225 4884 2377 4953 Quod
2414 4889 2592 4937 autem
2617 4880 2781 4945 dicit‘,
2818 4886 2991 4946 neque
3017 4872 3371 4931 meutiemini.

1805 4996 1980 5051 neque
2019 4977 2341 5035 calumniam
2372 4974 2534 5028 faciet
2564 4969 2931 5038 unusquisque
2965 4964 3234 5035 proximo,
3273 4960 3375 5014 mi-

1807 5088 1927 5128 rum
1958 5072 2003 5127 si
2029 5082 2136 5125 non
2160 5082 2226 5123 eo
2253 5072 2519 5137 pratcepto
2539 5062 2850 5119 continetur
2869 5055 3014 5128 quod
3036 5054 3108 5109 ibi
3140 5052 3375 5123 positum

1807 5172 1911 5229 est,
1949 5162 2131 5220 Neque
2166 5158 2359 5229 falsum
2389 5154 2742 5209 testimonium
2764 5150 2904 5204 dices
2929 5146 3178 5201 adversus
3201 5139 3380 5212 protri-

1808 5266 1951 5308 mum
1971 5262 2140 5316 tuum,
2166 5248 2422 5320 quoniam
2450 5256 2626 5313 neque
2660 5240 2929 5297 calumnia
2955 5239 3072 5294 sine
3098 5229 3379 5292 mendacio

1810 5344 1930 5399 ﬁeri
1958 5346 2175 5412 potest,
2211 5336 2354 5408 quod
2398 5335 2518 5391 falsi
2544 5332 2838 5389 testimonii
2874 5326 3224 5402 generalitate
3251 5334 3376 5412 cou-

1811 5409 2064 5491 cluditur.
2102 5430 2208 5486 Sed
2236 5436 2417 5485 utrum
2449 5429 2565 5483 haec
2598 5424 2775 5494 aliqua
2807 5416 3248 5490 compensatione
3280 5409 3376 5464 ad-

1812 5523 2075 5580 mittenda
2097 5523 2225 5585 sint,
2248 5534 2441 5590 magna
2463 5517 2690 5590 quaestio
2712 5520 2818 5578 est,
2841 5510 2982 5566 sicut
3011 5507 3075 5562 de
3101 5500 3378 5558 mendacio

1811 5629 1949 5687 pene
1986 5614 2233 5669 omnibus
2260 5611 2490 5673 videtur,
2534 5605 2674 5676 quod
2706 5605 2793 5658 ubi
2825 5612 2980 5655 netno
3006 5594 3250 5655 laeditur,
3280 5605 3379 5661 pro

1810 5683 1984 5765 salute
2008 5705 2371 5762 mentiendum
2404 5711 2502 5755 est.
2550 5696 2739 5753 Utrum
2776 5706 2904 5762 ergo
2930 5689 3001 5742 ita
3033 5684 3179 5741 etde
3202 5683 3380 5739 furto?
