3926 6176
487 377 595 434 447

1124 363 1187 421 Β.
1226 357 1483 418 RABANI
1522 353 1741 412 MAURI
1778 347 2102 407 ARCHIEP.
2145 345 2454 404 MOGUNT.
2495 343 2781 402 OPEBUM
2817 342 2998 400 PARS
3034 342 3074 398 ῐ.

3648 342 3751 402 “8

504 493 581 546 An
622 487 825 544 furtum
852 480 970 538 fieri
1004 485 1182 551 potest
1210 476 1303 531 ubi
1327 473 1504 528 nullus
1527 465 1773 524 laeditur?
1795 461 1925 533 quin
1958 461 2068 516 imo
2094 458 2142 519 Α
2171 458 2315 551 quod
2335 458 2630 551 Zacharias
2649 456 2913 526 propheta
2938 453 3134 551 falcem
3159 454 3752 551 quam_contemplatus

486 584 604 641 fieri
631 586 810 652 potest
842 577 1025 639 etiam,
1057 570 1274 642 quando
1304 566 1353 622 ei
1380 565 1468 620 cui
1500 563 1559 617 fit
1577 558 1908 652 consulitur,
1941 562 2066 652 tan-

488 644 650 742 quam
686 669 730 723 si
765 666 993 736 quisque
1029 659 1311 716 hominum
1342 652 1544 709 volenti
1579 666 1638 705 se
1677 648 1926 704 occidere
1955 644 2068 715 gla-

486 736 635 818 dium
663 758 890 813 furetur.
916 752 1050 807 Nam
1072 747 1367 811 calumnia,
1390 742 1574 799 nescio
1597 748 1785 795 utrum
1810 736 2065 806 cuiquam

487 853 556 907 ad
602 847 716 919 ejus
750 846 1037 902 utilitatem
1080 840 1198 894 fieri
1226 836 1427 907 possit,
1478 832 1582 888 nisi
1626 829 1767 886 forte
1815 826 1959 899 quod
1998 825 2067 919 ad

486 917 666 1012 majus
696 937 949 1010 gaudium
977 932 1156 996 fiebat,
1189 943 1297 999 quo
1318 934 1442 996 post
1462 939 1525 979 ea
1556 923 1890 986 fruerentur,
1920 917 2065 1012 quod

486 1007 684 1101 Ioseph
701 1007 779 1083 vde
802 1025 1003 1097 scypho
1025 1018 1458 1077 calumniabatur
1485 1013 1747 1068 fratribus
1769 1010 1884 1067 suis
1900 1050 1915 1076 ,
1944 1007 2068 1078 qui-

485 1124 586 1179 bus
621 1120 784 1176 etiam
818 1112 1206 1185 explorationis
1243 1108 1437 1163 falsum
1480 1106 1685 1162 crimen
1723 1102 2063 1167 intenderat;

485 1223 793 1284 quanquam
834 1205 881 1261 si
909 1200 1316 1259 deﬁnitionibus
1354 1199 1458 1255 ista
1484 1197 1849 1253 determinare
1892 1202 2068 1251 tente-

487 1317 630 1367 mus,
657 1298 888 1355 fortasse
907 1294 1109 1350 furtum
1132 1308 1241 1346 non
1268 1300 1372 1358 est,
1399 1290 1503 1345 nisi
1533 1290 1750 1359 quando
1775 1288 1952 1344 alieno
1973 1303 2068 1343 oc-

485 1392 630 1450 culte
656 1390 835 1447 ablato
854 1401 1131 1460 proxumus
1159 1385 1390 1447 laeditur,
1424 1391 1480 1439 et
1504 1382 1777 1438 calumnia
1814 1397 1921 1437 non
1956 1388 2061 1437 est.

486 1488 591 1541 nisi
626 1484 841 1556 quando
885 1481 1004 1537 falsi
1044 1478 1288 1535 criminis
1326 1475 1628 1544 objectione
1657 1474 1937 1544 proximus
1974 1473 2068 1528 la:-

487 1576 670 1630 ditur:
695 1570 1034 1627 mendacium
1056 1576 1238 1623 autem
1263 1581 1367 1621 non
1394 1578 1684 1634 possumus
1706 1561 1908 1629 dicere,
1937 1569 2066 1617 tunc

491 1661 863 1720 tantummodo
908 1674 1030 1715 esse
1074 1657 1291 1728 quando
1327 1654 1609 1726 proximus
1649 1651 1881 1707 lreditur.
1930 1651 2065 1707 Cum

486 1756 632 1811 enim
664 1754 857 1809 falsum
892 1750 960 1805 ab
990 1750 1196 1806 sciente
1225 1748 1425 1803 dicitur
1451 1786 1466 1811 ,
1495 1743 1687 1815 procul
1713 1742 1878 1798 dubio
1913 1757 2067 1796 men-

2169 560 2274 615 est,
2304 548 2658 619 longitudinis
2683 547 2990 601 cubitorum
3010 545 3222 614 viginti,
3250 552 3306 599 et
3330 544 3635 600 latitudinis
3661 559 3756 598 eu-

2165 641 2402 696 bitorum
2425 640 2638 703 decem,
2668 645 2857 692 contra
2882 638 3031 691 fures
3051 652 3172 691 eam
3195 643 3252 690 et
3282 644 3471 692 contra
3501 634 3756 706 perjuros

2156 740 2449 788 .exacutam
2497 730 2893 786 demonstravit
2925 747 2938 784 :
2987 731 3066 785 ait
3109 730 3255 786 enim
3287 747 3303 784 :
3333 727 3672 800 Ingredietur
3696 730 3757 784 in

2166 828 2380 882 domum
2423 826 2558 897 furis
2590 837 2639 880 et
2663 825 2865 895 perjuri
2902 822 3089 895 (Zach.
3121 823 3229 895 ιιι).
3268 822 3376 879 Sed
3410 830 3467 878 et
3494 822 3754 878 omnibus

2165 916 2404 987 peccatis
2431 922 2758 985 cooperator
2779 913 3143 970 mendacium.

2240 1006 2557 1061 Devitemus
2582 1013 2763 1061 autem
2805 1015 2861 1059 et
2912 1004 3276 1070 mendacium,
3303 1004 3357 1059 in
3391 1019 3500 1074 quo
3528 1005 3757 1075 quidam

2167 1098 2270 1154 sub
2299 1097 2482 1168 specie
2511 1096 2764 1152 veritatis
2802 1095 3143 1165 delinquunt,
3193 1094 3520 1150 calumniam
3545 1093 3758 1150 facien-

2171 1200 2256 1247 tes
2274 1189 2526 1262 proximo
2555 1191 2730 1260 magis
2752 1197 2935 1243 mente
2956 1202 3118 1258 quam
3162 1187 3363 1257 lingua,
3390 1187 3754 1257 quemadmo-

2167 1281 2294 1337 dum
2324 1280 2380 1335 bi
2405 1279 2501 1350 qui
2526 1279 2784 1334 dixerunt
2805 1279 2872 1333 de
2897 1276 3126 1332 Domino
3159 1294 3172 1330 :
3205 1275 3309 1329 Hic
3335 1276 3493 1341 dixit,
3521 1272 3755 1329 Possum

2166 1369 2362 1425 solvere
2388 1367 2637 1439 templum
2690 1368 2811 1434 hoc,
2854 1376 2905 1421 et
2955 1367 3012 1421 in
3049 1367 3217 1421 tribus
3251 1366 3435 1421 diebus
3480 1366 3757 1435 a'diﬁcare

2166 1459 2304 1515 illud
2324 1458 2508 1529 (Joan.
2534 1459 2599 1531 ιι)
2624 1476 2638 1526 ;
2670 1460 2884 1514 locutus
2910 1458 3088 1512 fuerat
3108 1458 3326 1527 quidem
3348 1458 3465 1512 hac
3486 1457 3757 1511 Dominus

2168 1554 2386 1623 quando
2413 1549 2585 1606 Judaei
2615 1551 2683 1604 ad
2711 1564 2837 1605 eum
2860 1549 3114 1604 dixerunt
3137 1566 3151 1602 :
3172 1548 3326 1614 Quod
3349 1551 3557 1618 signum
3577 1557 3758 1602 osten-

2167 1640 2251 1695 dis
2290 1640 2438 1695 nobis
2466 1639 2593 1710 quia
2614 1640 2726 1693 Iure
2755 1638 2888 1708 facis
2911 1638 2936 1690 .9
2961 1638 3077 1708 ipse
3097 1645 3277 1692 autem
3306 1636 3374 1691 ad
3397 1651 3492 1692 eos
3519 1636 3758 1692 :Solvite

2167 1730 2416 1802 templum
2456 1731 2575 1795 hoc,
2606 1738 2655 1784 et
2680 1729 2930 1784 intr-ibus
2959 1728 3144 1783 diebus
3172 1728 3446 1797 aediﬁcabo
3468 1728 3625 1794 illud,
3656 1729 3759 1783 sed

488 1849 701 1902 dacium
729 1851 813 1899 est
834 1843 951 1898 sive
990 1841 1081 1896 illo
1117 1839 1402 1910 quisquam
1424 1877 1441 1904 ,
1480 1836 1597 1891 sive
1630 1847 1790 1889 nemo
1817 1832 2065 1888 laedatur.
2095 1830 2142 1889 Β
2169 1835 2276 1875 ηου
2307 1820 2603 1875 secundum
2628 1818 2776 1873 illam
2794 1819 2981 1874 dicens
3003 1819 3108 1874 hoc
3155 1817 3512 1910 intentionem
3557 1832 3760 1873 secun-

487 1936 722 1993 Proinde
747 1949 942 2005 magna
977 1932 1206 2003 quaestio
1240 1929 1309 1984 de
1336 1926 1649 1991 mendacio,
1682 1931 1863 1979 utrum
1892 1923 2067 1993 possit

488 2029 777 2101 aliquando
798 2028 1002 2099 justum
1029 2039 1148 2080 esse
1179 2022 1548 2087 mendacium,
1581 2018 1738 2075 facile
1767 2016 2072 2073 solveretur

486 2120 717 2176 fortasse
752 2118 798 2173 si
836 2117 951 2172 sola
988 2121 1254 2186 przecepta
1296 2112 1632 2167 intueremur
1663 2125 1774 2165 non
1799 2107 2066 2178 exempla.

494 2211 630 2266 Nam
653 2210 782 2281 quid
804 2209 908 2264 isto
928 2215 1200 2279 prtecepto
1220 2203 1539 2269 absolutius,
1562 2216 1670 2258 non
1691 2197 2070 2256 mentiemini?

493 2301 586 2357 Sic
608 2302 752 2356 enim
774 2300 975 2356 dictum
1003 2306 1086 2354 est
1108 2296 1375 2366 quomodo
1394 2310 1500 2349 non
1529 2293 1694 2349 facies
1720 2292 1818 2347 tibi
1842 2291 2068 2357 idolum,

487 2392 636 2462 quod
678 2390 878 2446 factum
919 2404 1029 2444 non
1064 2395 1243 2459 potest
1276 2384 1562 2455 aliquando
1591 2382 1796 2452 justum
1834 2396 1974 2446 esse,
2017 2388 2072 2435 et

488 2481 761 2551 quomodo
795 2480 997 2534 dictum
1035 2486 1120 2532 est
1156 2491 1263 2532 non
1298 2474 1682 2530 moechaberis.
1724 2471 1857 2539 Quis
1886 2478 2069 2524 autem

488 2571 637 2626 dicat
683 2569 972 2638 aliquando
1023 2567 1315 2622 mmehiam
1352 2563 1555 2634 justam
1596 2578 1718 2618 esse
1768 2561 1980 2634 posse?
2016 2568 2072 2615 et

489 2676 597 2717 non
639 2659 905 2715 furaLeris
944 2658 1241 2714 secundum
1295 2655 1665 2710 deﬁnitionem
1708 2652 1857 2708 illam
1909 2651 2064 2719 furti,

485 2751 695 2822 justum
722 2765 842 2806 esse
869 2748 1072 2804 furtum
1098 2762 1373 2816 nunquam
1397 2752 1604 2817 potest;
1628 2752 1684 2800 et
1702 2760 1810 2800 non
1831 2743 2068 2808 occides,

2169 1911 2297 1966 dum
2343 1925 2506 1980 quam
2543 1910 2600 1965 hi
2626 1911 2721 1980 qui
2760 1918 2948 1965 contra
2978 1923 3102 1963 eum
3138 1909 3509 1964 testimonium
3549 1908 3759 1963 dabant

2167 2000 2443 2068 dixerunt,
2474 2001 2677 2056 dicebat
2698 2003 2837 2056 enim
2866 2002 2931 2055 de
2956 2000 3148 2071 templo
3164 2002 3399 2072 corporis
3416 2001 3521 2067 sui,
3556 2000 3630 2055 illi
3658 2016 3761 2055 au-

2171 2102 2282 2149 tem
2312 2093 2430 2149 haec
2457 2093 2599 2149 sicut
2638 2094 2706 2149 de
2735 2094 2935 2164 templo
2963 2093 3106 2148 dicta
3134 2091 3441 2147 Jndzcorum
3468 2107 3757 2147 assevera-

2169 2186 2307 2240 bant
2338 2204 2351 2240 :
2392 2186 2537 2241 unde
2574 2200 2671 2240 eos
2693 2195 2748 2239 et
2774 2184 2941 2241 falsos
2970 2193 3136 2240 testes
3183 2184 3417 2255 Spiritus
3439 2185 3755 2255 appellavit.

2170 2275 2277 2331 Pro
2304 2274 2542 2346 periurio
2561 2286 2744 2331 autem
2771 2274 3131 2347 Septuaginta
3160 2276 3327 2330 edunt
3361 2293 3374 2328 :
3409 2274 3535 2329 Non
3559 2274 3761 2329 leuabi-

2170 2371 2237 2424 tis
2279 2385 2465 2424 nomen
2510 2353 2704 2424 meum.
2729 2370 2785 2422 in
2813 2368 3088 2437 injustam.
3132 2366 3517 2438 Jusjurandum
3541 2382 3678 2422 vero
3702 2368 3758 2422 in

2170 2457 2371 2529 injusto
2395 2467 2498 2525 est,
2521 2475 2629 2515 non
2656 2458 2829 2514 solum
2849 2457 2995 2528 quod
3020 2457 3435 2527 praevaricator,
3462 2457 3559 2512 sed
3589 2457 3757 2511 etiam

2174 2551 2319 2619 quod
2344 2551 2545 2621 injuste
2573 2550 2898 2615 custoditur,
2929 2548 3097 2604 veluti
3128 2548 3288 2618 quale
3326 2547 3456 2602 illud
3485 2547 3590 2602 fuit
3612 2548 3759 2618 quod

2169 2635 2415 2698 Herodes
2446 2642 2569 2698 ﬁlia:
2598 2641 2924 2697 Herodiadis
2967 2639 3181 2709 iurans,
3236 2640 3462 2696 Joannis
3497 2639 3761 2709 Baptista:

2171 2742 2335 2805 caput
2365 2732 2831 2805 absciditﬂlatth.
2856 2732 3005 2805 xw);
3030 2732 3316 2803 oportebat
3335 2731 3479 2786 enim
3504 2732 3611 2785 hoc
3630 2746 3759 2785 eum

493 2842 747 2914 quoniam
774 2855 897 2895 cum
929 2839 1095 2894 homo
1119 2835 1271 2906 juste
1296 2836 1580 2901 occiditur,
1611 2834 1696 2888 lex
1724 2848 1849 2889 eum
1873 2833 2077 2888 occidit
2163 2821 2543 2914 iusiurandum
2571 2837 2677 2877 non
2704 2823 2978 2892 prtebere;
3014 2830 3300 2893 postquam
3320 2829 3502 2876 tamen
3525 2821 3761 2914 iuravit.

491 2948 601 2989 non
641 2942 718 2989 tu.
765 2931 1017 3002 Nunquid
1051 2930 1125 2984 ita
1165 2928 1273 2985 dici
1319 2935 1529 3000 potest,
1574 2942 1694 2983 cum
1724 2926 1884 2981 homo
1924 2924 2071 2997 juste

493 3025 773 3089 mentitur,
817 3021 902 3077 lex
938 3019 1239 3076 mentitur?
1275 3019 1369 3074 sed
1402 3018 1647 3088 exempla
1688 3017 1895 3073 faciunt
1926 3014 2068 3070 dim-

2171 2929 2278 2968 non
2328 2912 2620 2978 custodire,
2648 2912 2777 2982 quia
2821 2911 2949 2967 talia
2999 2919 3341 2967 sacramenta
3385 2924 3488 2965 nec
3536 2908 3761 2964 initium

2171 3017 2389 3060 sumere
2414 3003 2559 3058 Deus
2584 3002 2717 3069 vult,
2766 3003 2861 3059 sed
2889 3017 2990 3059 nec
3018 3003 3289 3057 sumentis
3338 3001 3406 3056 ad
3438 2999 3604 3055 linem
3635 3014 3769 3070 per-

488 3113 748 3168 eillimam
804 3112 1178 3181 quaestionem.
1261 3108 1499 3164 Mentitus
1561 3115 1688 3164 sunt
1751 3106 2072 3163 obstetrices
2107 3175 2140 3181 _
2172 3097 2381 3152 νεοίη·
2414 3094 2568 3151 Unde
2601 3096 2811 3162 dicens,
2840 3111 2943 3149 ηοη
2981 3094 3214 3149 levabit!"
3243 3108 3439 3149 nomen
3491 3107 3679 3147 meum
3706 3092 3764 3147 in

488 3204 779 3276 Egyptiaa,
817 3175 872 3258 et
903 3201 1183 3258 bona'illis
1226 3201 1371 3256 Deus
1398 3200 1681 3268 retribuit;
1717 3200 1945 3254 mentita
1983 3205 2067 3254 est

2171 3185 2395 3257 injusto,
2427 3185 2654 3251 addidit,
2699 3194 2750 3242 et
2787 3201 2893 3240 non
2934 3184 3287 3256 profanabitis
3317 3199 3505 3238 nomen
3540 3181 3765 3238 Domini

488 3298 643 3353 Raab
669 3312 768 3367 pro
794 3294 1227 3366 exploratoribus
1254 3302 1434 3360 terrae,
1468 3301 1524 3350 et
1553 3293 1673 3349 ideo
1704 3292 1934 3349 liberata
1961 3298 2069 3347 est.

490 3391 573 3444 An
606 3403 672 3443 ex
713 3403 821 3458 quo
850 3387 1054 3442 dictum
1078 3393 1163 3442 est
1202 3385 1258 3439 in
1290 3383 1429 3455 lege,
1468 3400 1575 3441 non
1614 3383 1969 3449 mentiemini,
2001 3398 2067 3438 ex

490 3479 584 3535 illo
619 3476 1025 3547 intelligendum
1058 3483 1170 3543 est,
1211 3489 1313 3531 nec
1338 3475 1393 3528 in
1418 3474 1513 3529 tali
1537 3489 1700 3530 causa
1728 3473 1894 3529 licere
1917 3488 2071 3528 men-

489 3571 723 3634 dacium,
754 3567 808 3622 in
847 3566 994 3638 quali
1031 3581 1195 3623 causa
1228 3565 1428 3636 legitur
1453 3564 1604 3619 Raab
1641 3578 1764 3621 esse
1795 3563 2071 3618 mentita?

492 3658 599 3715 Sed
633 3657 802 3729 magis
836 3655 1092 3712 credibile
1116 3661 1220 3721 est,
1257 3654 1383 3725 quia
1415 3650 1674 3722 injustum
1703 3660 1821 3709 erat
1846 3652 2071 3708 menda-

489 3749 657 3815 cium,
690 3747 810 3801 ideo
844 3744 1218 3816 prohibitum?
1256 3759 1363 3799 non
1400 3743 1525 3813 quia
1565 3741 1919 3814 prohibitum,
1948 3740 2069 3796 ideo

491 3839 696 3893 factum
732 3836 1024 3909 injustum?
1052 3834 1302 3891 fortassis
1327 3850 1457 3905 ergo
1483 3834 1623 3888 sicut
1659 3832 1728 3888 de
1763 3832 2071 3888 obstetrici-

486 3930 590 3984 bus
627 3926 884 3994 diximus,
934 3941 1044 3981 non
1082 3926 1186 3981 hoc
1224 3924 1278 3979 in
1316 3924 1398 3979 eis
1441 3930 1878 3988 remuneratum,
1923 3923 2068 3993 quod

490 4015 730 4070 mentita:
762 4021 907 4081 sunt,
949 4013 1045 4069 sed
1074 4011 1219 4082 quod
1249 4011 1483 4066 infantes
1513 4009 1768 4067 Hebraeos
1804 4011 2068 4067 liberave-

489 4113 639 4171 runt,
661 4112 722 4160 ut
750 4111 971 4175 propter
996 4103 1138 4158 hanc
1166 4100 1595 4157 misericordiam
1626 4102 1754 4157 illud
1784 4112 2066 4173 peccatum

448 4238 451 4243 -
487 4199 719 4266 veniale,
747 4199 817 4254 sit
840 4195 1061 4262 factum,
1089 4210 1195 4251 non
1214 4204 1393 4251 tamen
1417 4194 1764 4250 existimetur
1776 4210 1882 4251 non
1902 4194 2071 4252 fuisse

488 4299 768 4364 peceatum
795 4308 809 4345 :
836 4289 915 4345 sic
940 4289 1105 4344 etiam
1122 4288 1187 4343 de
1202 4287 1353 4342 Raab
1367 4286 1770 4357 intelligendum
1782 4297 1866 4343 est
1884 4303 2067 4342 remu-

490 4393 732 4441 neratam
764 4384 820 4439 in
849 4382 939 4438 illa
969 4381 1289 4438 liberatione
1310 4378 1733 4451 exploratorum,
1768 4388 1827 4434 ut
1847 4387 2071 4451 propter

490 4477 736 4532 eamdem
762 4475 1189 4546 explorationem
1214 4473 1372 4529 venia
1392 4473 1462 4528 sit
1482 4473 1608 4529 data
1632 4473 1914 4529 mendacio
1931 4514 1946 4538 ,
1972 4473 2066 4529 ubi

2171 3277 2273 3332 Dei
2325 3278 2500 3332 vestri.
2558 3276 2712 3344 Quod
2761 3276 3079 3347 Hieronymi
3127 3274 3410 3330 translatio
3437 3273 3598 3329 edit:
3632 3273 3767 3327 Non

2167 3365 2369 3438 pollues
2415 3381 2601 3420 nomen
2649 3365 2746 3419 Dei
2788 3365 2889 3419 tui.
2931 3363 3214 3431 Quomodo
3250 3371 3430 3417 autem
3461 3361 3589 3432 quis
3626 3361 3769 3416 illud

2167 3458 2424 3531 profanat
2450 3459 2596 3524 dico,
2626 3457 2681 3513 id
2723 3465 2831 3525 est,
2877 3455 3291 3522 malefaciendo,
3314 3455 3441 3525 quia
3478 3452 3771 3524 jusjuran-

2169 3551 2297 3606 dum
2325 3548 2633 3621 transgredi
2662 3562 2770 3604 non
2818 3554 3021 3618 potest,
3068 3561 3196 3602 nam
3244 3546 3388 3601 Deus
3438 3560 3542 3617 per
3593 3560 3771 3615 quem

2163 3639 2370 3711 juravit
2393 3639 2663 3693 intantum
2708 3639 2850 3693 bona
2873 3636 3008 3692 vult.
3046 3637 3148 3705 Qui
3179 3636 3281 3692 etsi
3320 3636 3642 3708 promiserit
3697 3637 3774 3693 de

2170 3731 2493 3802 quibusdam
2537 3729 2823 3797 terribilia,
2879 3729 2956 3784 illi
3005 3737 3188 3785 autem
3229 3729 3610 3800 ptenituerint,
3650 3745 3767 3784 non

2170 3825 2353 3880 tardat
2383 3831 2597 3880 mutare
2627 3823 2978 3889 sententiam,
3034 3835 3302 3892 suumque
3328 3835 3640 3876 sermonem
3675 3837 3772 3877 re-

2168 3914 2408 3983 fragare,
2425 3921 2486 3968 ut
2506 3913 2763 3985 quiddam
2792 3913 2950 3977 nobis
2974 3913 3194 3985 pietatis
3217 3912 3513 3984 impendat,
3528 3922 3772 3984 propter

2169 4007 2315 4076 quod
2341 4005 2547 4061 addidit
2576 4020 2591 4059 :
2623 4004 2737 4076 Ego
2764 4004 3043 4072 Dominus,
3072 4006 3247 4076 qualis
3274 4007 3341 4062 de
3374 4020 3482 4075 quo
3509 4007 3586 4059 ait
3604 4004 3769 4062 Jonas

2169 4095 2474 4166 prophetia,
2526 4095 2743 4162 quando
2793 4095 3044 4151 Ninivitte
3063 4094 3449 4165 jejunaverunt
3476 4105 3535 4151 et
3557 4112 3767 4153 orave-

2170 4193 2320 4252 runt,
2348 4193 2394 4240 et
2414 4185 2651 4256 paenituit
2676 4185 2843 4240 Deum
2867 4184 2938 4240 αδ
2956 4187 3183 4251 malitia,
3225 4203 3385 4258 quam
3422 4185 3635 4241 locutus
3659 4197 3765 4252 est,

2169 4284 2230 4331 ut
2270 4276 2463 4346 faceret
2512 4277 2609 4343 eis,
2653 4285 2702 4331 et
2754 4293 2859 4331 non
2900 4277 3023 4348 fecit
3066 4277 3242 4350 (Jama
3294 4276 3397 4347 ιιι).
3432 4276 3600 4332 Multa
3656 4293 3768 4332 auo

2169 4374 2279 4422 tem
2347 4374 2405 4421 et
2454 4366 2561 4422 alia
2615 4366 2921 4438 bujusmodi
2982 4368 3261 4438 prophette
3314 4368 3597 4423 dixerunt.
3652 4368 3768 4425 διε⁴

2170 4457 2358 4527 quitur
2394 4473 2409 4511 :

490 4579 674 4624 autem
698 4568 855 4622 venia
884 4567 1042 4622 datur
1061 4605 1077 4632 ,
1104 4564 1454 4620 manifestum
1491 4571 1578 4619 est
1611 4578 1730 4619 esse
1759 4573 2063 4633 peccatum.

2243 4547 2367 4604 Non
2398 4549 2560 4620 facies
2581 4549 2901 4613 calumniam
2927 4551 3169 4619 proximo
3216 4559 3326 4615 tuo,
3354 4566 3447 4604 nec
3476 4549 3527 4603 vi
3579 4551 3768 4619 appri-

492 4660 600 4714 Sed
642 4657 773 4713 illud
811 4656 1109 4711 cavendum
1144 4661 1258 4719 est,
1305 4670 1375 4709 ne
1416 4653 1490 4707 ita
1529 4653 1757 4724 quisque
1792 4652 2067 4707 existimet

492 4749 654 4802 etiam
685 4746 897 4801 caeteris
931 4744 1173 4815 peccatis
1196 4744 1242 4799 si
1268 4751 1491 4814 propter
1518 4742 1866 4798 liberationes
1892 4743 2069 4797 homi-

492 4854 622 4894 num
666 4838 828 4903 liant,
882 4836 956 4891 ita
993 4837 1152 4893 venia
1198 4851 1358 4905 posse
1393 4835 1618 4891 concedi
1662 4852 1676 4888 :
1716 4834 1882 4889 multa
1921 4834 2063 4889 enim

493 4929 635 4986 mala
662 4928 1018 4983 intolerabilia
1048 4936 1105 4983 et
1141 4929 1368 4983 nimium
1395 4927 1709 4984 detestanda
1745 4927 1907 4982 istum
1934 4943 2067 4983 con-

493 5029 788 5092 sequuntur
813 5033 1072 5075 errorem.
1092 5019 1200 5093 (Ex
1221 5018 1527 5091 Hesychia.)
1552 5019 1713 5075 Fines
1742 5019 1897 5077 nobis
1911 5021 2066 5079 bonas

492 5108 918 5170 conversationis
951 5107 1222 5180 legislator
1250 5108 1515 5173 ostendit,
1555 5108 1820 5180 simulque
1858 5123 1913 5167 et
1947 5128 2068 5183 pec-

492 5213 613 5261 cata
642 5215 805 5272 quam
844 5198 910 5254 ad
940 5213 1000 5254 se
1033 5199 1262 5254 invicem
1291 5200 1525 5255 habeant
1549 5201 1924 5271 cognationem
1958 5212 2066 5259 tra-

493 5295 594 5353 dit.
626 5292 757 5362 Quce
794 5288 940 5345 enim
979 5303 1078 5344 nos
1116 5302 1280 5358 parva
1321 5299 1606 5358 putamus,
1642 5291 1879 5347 maxima
1916 5302 2064 5360 sunt,

492 5383 758 5455 siquidem
791 5380 845 5435 in
879 5377 1183 5445 mendacio,
1220 5379 1444 5450 singulis
1477 5389 1538 5435 ut
1564 5381 1637 5436 ita
1670 5382 1844 5437 dicam
1876 5383 2066 5440 diebus

493 5475 727 5530 solemus
754 5470 1080 5540 delinquere,
1109 5468 1193 5525 vel
1214 5468 1353 5535 loco,
1377 5470 1461 5526 vel
1483 5473 1684 5538 studio,
1711 5473 2068 5544 similiterque

493 5564 838 5634 iurisjurandi
881 5560 1342 5633 praevaricatione.
1390 5562 1517 5618 Hmc
1564 5573 1745 5619 autem
1795 5565 2064 5619 intantum

495 5663 619 5707 sunt
664 5672 851 5724 prava,
883 5662 942 5709 ut
976 5670 1040 5709 ea
1071 5653 1214 5710 furto
1243 5651 1608 5724 conjungeret,
1646 5663 1699 5708 et
1742 5663 1907 5718 recte,
1940 5655 2063 5724 quia

498 5741 698 5796 furtum
748 5752 1003 5813 operatur
1057 5745 1373 5816 plerumque
1426 5743 1787 5811 mendacium,
1843 5754 2062 5813 propter

860 5980 901 6009 κ

2169 4653 2277 4692 mes
2315 4654 2452 4692 eum.
2494 4637 2620 4693 Non
2663 4639 2958 4693 morabitur
3002 4656 3133 4709 opus
3165 4639 3474 4694 mercenarii
3520 4640 3673 4710 apud
3715 4650 3769 4696 te

2168 4743 2331 4798 usque
2355 4745 2527 4783 mane.
2582 4725 2705 4782 Non
2726 4727 3005 4783 maledicos
3039 4729 3222 4795 surdo,
3252 4745 3347 4783 nec
3381 4745 3563 4784 coram
3611 4747 3768 4786 caeco

2168 4839 2328 4893 pones
2351 4821 2744 4892 oﬂ'endicnlum,
2773 4822 2864 4877 sed
2895 4821 3098 4876 timebis
3125 4821 3294 4876 Deum
3320 4832 3491 4885 tuum,
3515 4821 3648 4891 quia
3664 4839 3768 4892 ego

2168 4928 2286 4968 sum
2339 4912 2617 4965 Dominus.
2675 4911 2785 4981 (Ea:
2825 4909 3164 4982 Augustino.)
3215 4909 3408 4966 Omnia
3447 4910 3598 4965 enim
3630 4926 3768 4980 qua:

2170 5003 2526 5075 prohibentur
2572 5002 2840 5057 committi
2887 5003 2943 5058 in
2987 5002 3314 5072 proximum,
3345 5002 3414 5056 ad
3449 5001 3555 5056 hoc
3581 5017 3766 5059 unum

2171 5094 2455 5151 referenda
2486 5101 2614 5149 sunt
2638 5094 2782 5164 quod
2808 5093 3014 5149 dictum
3033 5101 3118 5148 est
3145 5111 3159 5147 :
3181 5092 3299 5148 Non
3326 5091 3551 5147 nocebis
3573 5094 3770 5163 proxi-

2169 5205 2289 5256 mo;
2319 5204 2446 5244 nam
2476 5190 2618 5259 quod
2638 5187 2906 5257 sequitur,
2939 5185 3056 5240 Non
3085 5184 3284 5255 rapies,
3308 5184 3410 5239 nisi
3434 5183 3504 5238 ad
3529 5184 3641 5239 hoc
3666 5201 3765 5241 re.

2169 5281 2377 5337 feratur
2423 5294 2493 5334 ne
2543 5280 2800 5349 rapiendo
2840 5284 3123 5340 noceatur,
3166 5274 3456 5346 aliquando
3484 5276 3675 5330 evenit
3699 5286 3765 5331 ut

2168 5388 2277 5429 non
2298 5371 2557 5443 rapiendo
2586 5371 2816 5441 quisque
2841 5376 3053 5424 noceat.
3077 5365 3215 5420 Nam
3232 5365 3440 5437 gladius
3465 5364 3765 5420 insanien-

2170 5466 2240 5521 tis
2267 5463 2557 5535 rapiendus
2573 5471 2676 5529 est,
2694 5469 2750 5516 et
2771 5462 2817 5516 si
2840 5475 2946 5515 non
2976 5456 3168 5513 fecerit
3193 5456 3317 5527 quis
3340 5461 3401 5510 ut
3416 5455 3764 5523 oportuerit,

2167 5557 2341 5627 magis
2385 5554 2651 5611 nocuerit.
2712 5551 2822 5624 (Ea:
2852 5548 3158 5621 Hesychia.)
3205 5549 3367 5605 Vides
3391 5544 3765 5616 quemadmo-

2168 5648 2294 5703 dum
2311 5645 2570 5716 paulatim
2593 5643 2679 5699 lex
2705 5641 2821 5711 ejus
2850 5641 2944 5711 qui
2972 5641 3145 5711 legem
3169 5636 3379 5707 accepit
3405 5635 3552 5691 colat
3590 5649 3768 5690 men-

2168 5748 2293 5808 tem,
2331 5749 2383 5795 et
2408 5752 2468 5793 ea
2500 5751 2618 5807 quae
2640 5734 2891 5792 videntur
2934 5730 3158 5805 parvula
3193 5735 3414 5800 peccata
3463 5723 3768 5797 conjungit
