3918 6180
184 283 277 341 ιω

1080 259 1581 318 EXPOSITIONES
1618 259 1685 315 IN
1716 260 2116 317 LEVITICUM.
2156 290 2222 299 -—
2261 259 2389 315 LIB.
2429 260 2518 316 Vl.

3298 263 3407 318 450

180 391 396 449 magnis,
445 380 503 426 ut
550 374 744 429 timore
800 374 1034 429 deﬁnita:
1076 377 1130 429 in
1177 375 1475 445 majoribus
1498 373 1741 443 peccatis
1768 373 1819 431 A
1842 372 2175 443 negligentes
2196 374 2447 428 dicuntur
2471 375 2804 430 demonstrat
2833 374 3406 447 Dominus,discipulis

177 484 337 542 pinna:
355 476 411 523 et
432 482 464 521 a
500 466 800 521 minoribus
827 466 1219 521 abstineamus.
1278 466 1430 520 Sicut
1477 465 1622 520 enim
1650 464 1732 519 eis

179 561 448 618 sociantur
489 560 767 622 mandato,
812 557 888 611 ita
917 565 974 610 et
996 558 1049 610 in
1074 570 1233 626 ptena
1262 557 1558 611 sociantur.
1592 554 1732 619 Quia

176 652 261 724 qui
288 650 448 721 legem
471 658 634 702 totum
661 648 958 711 servaverit,
988 646 1276 717 peccauerit
1311 656 1486 699 autem
1506 645 1564 698 in
1597 660 1728 708 uno,

175 743 338 813 [actus
375 747 451 794 est
498 738 732 792 omnium
779 754 898 792 reus
929 736 1136 809 (Iacob.
1163 737 1245 807 ιι).
1274 736 1382 792 Sed
1408 751 1508 791 nec
1530 734 1731 790 frustra

173 830 446 887 calumniae
487 828 596 883 vim
640 827 951 899 conjunxit;
998 842 1119 897 qua:
1149 828 1293 882 enim
1319 826 1619 881 diﬂ'erentia
1645 833 1731 880 est

173 922 308 994 apud
332 936 456 977 eum
478 919 572 990 qui
602 919 765 974 rebus
793 918 906 973 suis
940 926 1112 984 caret,
1142 918 1257 973 sive
1286 917 1359 982 vi,
1391 916 1507 970 sive
1536 916 1727 979 armis,

173 1016 387 1072 forsitan
417 1020 510 1067 aut
537 1011 776 1082 potentia
802 1009 1066 1080 qualibet,
1107 1009 1191 1063 vel
1237 1023 1340 1077 per
1384 1007 1729 1062 circumven-

172 1102 730 1173 tionemjudiciorum,
754 1108 846 1153 aut
875 1097 1082 1162 fraude,
1130 1097 1214 1151 vel
1256 1096 1495 1166 quolibet
1519 1094 1628 1149 alio
1656 1094 1731 1149 si-

172 1195 278 1250 mili
306 1193 466 1248 modo
492 1190 577 1246 his
609 1197 824 1255 careat;
879 1189 973 1244 sed
1007 1195 1063 1242 et
1097 1187 1187 1256 qui
1213 1187 1298 1241 die
1322 1194 1434 1240 tota
1476 1193 1730 1254 operatus

168 1295 245 1339 est
273 1289 334 1337 ut
382 1281 655 1351 acciperet
689 1277 990 1342 mercedes,
1043 1291 1108 1331 ex
1162 1275 1358 1344 quibus
1379 1289 1499 1328 cum
1526 1273 1650 1327 ﬁliis
1674 1280 1731 1328 et

170 1387 330 1428 uxore
350 1380 403 1426 et
416 1368 731 1439 parentibus
756 1365 1192 1436 exspectantibus
1212 1364 1431 1419 easdem
1452 1363 1729 1418 mercedes

168 1463 385 1525 viveret,
416 1467 471 1512 et
498 1474 605 1514 non
633 1458 860 1526 accepit,
896 1455 991 1510 sed
1016 1454 1215 1508 dilatus
1259 1461 1362 1517 est,
1414 1466 1594 1507 nonne
1637 1466 1731 1506 ca-

116 1582 125 1589 ο
167 1552 422 1609 lumniam
447 1558 502 1605 et
529 1550 639 1603 vim
660 1548 885 1618 patitur,
913 1560 1018 1600 non
1042 1544 1215 1600 solum
1248 1543 1301 1597 in
1327 1541 1481 1608 cibo;
1530 1542 1624 1597 sed
1674 1549 1729 1596 et

168 1658 255 1713 per
276 1642 395 1696 lucc
419 1640 582 1695 etiam
613 1638 668 1693 in
695 1637 844 1692 vita?
868 1635 977 1690 vita
1005 1634 1150 1689 enim
1181 1633 1234 1687 in
1261 1632 1383 1687 cibo
1413 1630 1728 1700 quotidiano

1835 464 2144 519 mandatum
2171 465 2307 520 dans
2333 482 2346 519 :
2375 464 2621 535 Vigilate,
2647 466 2772 534 quia
2795 467 3002 520 nescitis
3021 484 3123 537 qua
3146 468 3277 522 hora
3299 468 3404 521 Do-

1831 555 2006 609 minus
2031 566 2195 610 vester
2224 566 2467 611 venturus
2490 557 2591 620 sit;
2623 557 2717 611 sed
2756 564 2807 610 et
2837 558 3051 627 quando
3091 558 3404 613 dormienti-

1831 643 1934 700 bus
1980 646 2310 709 hominibus,
2365 645 2617 699 videlicet
2659 647 3087 717 negligentibus.
3132 648 3405 705 seminare

1832 734 2047 789 dicebat
2066 734 2347 789 inimicum
2372 736 2603 789 zizania.
2636 735 2789 791 Mane
2833 745 3011 791 autem
3040 735 3277 792 futurum
3301 751 3403 793 sae-

1831 822 2012 878 culum
2036 832 2138 887 est,
2164 825 2286 892 quia
2303 825 2450 881 nocti
2478 828 2760 894 priesentis
2786 828 2908 883 vitm
2936 828 3200 892 succedit,
3227 836 3282 883 et
3310 827 3430 899 lux,

1832 912 2282 984 inexstinguibilis
2303 916 2363 980 in
2391 931 2456 970 eo
2480 916 2703 971 habitat.
2733 916 2849 971 Non
2872 933 3001 989 ergo
3015 926 3227 988 oportet
3254 920 3401 975 otio-

1830 1017 1951 1057 sum
1980 1019 2098 1059 esse
2124 1006 2264 1073 apud
2290 1020 2390 1060 nos
2414 1005 2694 1061 doctorum
2718 1009 2967 1072 verbum,
2994 1023 3092 1078 per
3112 1023 3274 1063 omne
3298 1010 3403 1063 hoe

1831 1098 2041 1162 tempus
2069 1095 2156 1149 cui
2204 1095 2369 1149 futuri
2414 1097 2675 1166 temporis
2715 1112 2874 1151 mane
2901 1099 3166 1163 succedit,
3190 1099 3315 1167 quia
3348 1106 3406 1154 et

1829 1180 1885 1235 in
1912 1182 2014 1237 hoc
2045 1185 2273 1239 avaritia
2288 1193 2340 1239 et
2363 1186 2624 1255 injustitia
2647 1187 2702 1241 in
2724 1188 3033 1244 doctoribus
3054 1198 3396 1255 exercentur,
3420 1236 3423 1237 ν

1830 1275 2136 1329 mercedem
2169 1277 2516 1346 perdentibus
2541 1294 2659 1348 quae
2684 1279 2766 1334 eis
2794 1294 2861 1334 ex
2882 1288 3139 1350 provectu
3162 1282 3400 1352 discipu-

1829 1362 2004 1418 lorum
2043 1366 2348 1420 deberetur.
2374 1366 2478 1422 Per
2496 1369 2719 1424 surdum
2745 1378 2922 1424 autem
2944 1379 3000 1425 et
3041 1386 3263 1435 caecum,
3306 1387 3401 1427 eos

1830 1453 1923 1522 qui
1950 1453 2324 1510 inobedientiaa
2344 1464 2399 1510 et
2424 1457 2741 1526 ignorantiae
2763 1460 2960 1513 morho‘
2981 1459 3292 1513 detinentur
3308 1460 3395 1514 lex

1832 1544 2029 1609 innuit,
2060 1546 2127 1600 ad
2148 1561 2289 1616 quos
2314 1547 2482 1603 lsaias
2508 1548 2645 1603 dixit
2674 1567 2688 1603 :
2720 1548 2901 1614 Surdi,
2942 1550 3141 1616 audite,
3175 1559 3223 1605 et
3253 1552 3397 1613 circi.

1828 1633 2103 1688 intuemini
2123 1637 2193 1689 ad
2209 1636 2485 1691 videndum
2507 1636 2640 1709 (Isa.
2663 1638 2820 1711 xm).
2837 1638 3021 1695 Hinon
3047 1640 3399 1695 maledicendi

167 1733 405 1795 ducitur;
438 1744 568 1800 ergo
594 1737 650 1783 et
678 1727 723 1783 si
751 1726 991 1781 crastino
1018 1724 1265 1792 recipiat,
1296 1722 1421 1792 quia
1454 1721 1730 1792 prazterito
1755 1726 1803 1786 Β
1829 1732 1975 1789 sunt,
1996 1725 2090 1780 sed
2116 1727 2460 1793 admonendi,
2477 1729 2522 1783 si
2542 1737 2721 1784 tamen
2742 1744 2836 1785 eos
2859 1731 3103 1785 converti
3130 1731 3395 1786 volumus.

166 1820 264 1882 die,
296 1820 353 1873 in
383 1832 490 1888 quo
539 1817 778 1871 laborem
825 1813 1099 1879 sustinuit,
1150 1812 1449 1882 permansit
1483 1810 1723 1881 jejunus,

164 1912 263 1964 vim
288 1910 517 1979 pertulit
542 1917 599 1963 et
622 1906 946 1962 calumniam
974 1918 1170 1974 passus
1193 1910 1297 1956 est.
1345 1901 1413 1955 Et
1435 1898 1577 1971 quod
1606 1900 1727 1955 aliis

165 2006 461 2061 substantia
513 2011 616 2068 est,
676 2002 781 2056 hoc
833 2007 961 2055 sunt
993 1997 1275 2053 mercedes
1331 1994 1723 2049 laborantibus.

170 2096 296 2165 Ergo
319 2101 470 2148 recte
496 2093 575 2146 vis
603 2091 765 2146 etiam
786 2091 983 2144 horum
1010 2086 1249 2158 privatio
1272 2085 1488 2140 dicitur.
1519 2083 1628 2139 Sed
1671 2091 1729 2137 et

167 2186 247 2254 qui
288 2182 568 2238 maledicit
619 2181 800 2244 surdo,
831 2178 1060 2234 multum
1105 2185 1297 2240 nocet;
1350 2183 1405 2230 et
1447 2175 1537 2244 qui
1575 2175 1726 2244 ponit

166 2292 341 2333 coram
368 2274 525 2330 caecis
545 2270 945 2335 otl'endiculum,
972 2269 1025 2324 in
1050 2283 1157 2338 quo
1179 2267 1406 2336 pedibus
1430 2265 1723 2320 oli‘endant.

165 2369 209 2422 Is
234 2364 453 2437 quidem
480 2364 572 2433 qui
598 2361 795 2418 surdus
820 2367 926 2426 est,
957 2359 1085 2415 dum
1110 2356 1450 2412 maledicitur
1478 2363 1724 2420 nocetur,

166 2473 261 2511 non
282 2456 463 2511 solum
477 2456 602 2525 quia
631 2453 697 2509 de
723 2468 789 2509 eo
804 2452 1125 2517 detrahitur,
1141 2451 1235 2507 sed
1261 2450 1385 2520 quia
1411 2449 1724 2514 emendare,

166 2555 248 2601 aut
298 2548 422 2601 haec
467 2559 658 2600 cavere
702 2544 758 2598 in
813 2542 1011 2613 quibus
1060 2542 1126 2597 de
1163 2556 1229 2596 eo
1269 2540 1574 2595 detrahitur
1614 2553 1725 2594 non

165 2645 368 2707 potest;
395 2636 488 2692 sed
514 2651 616 2691 nec
640 2649 816 2690 czecus
838 2634 908 2687 ab
931 2630 1255 2688 otl‘endiculo
1283 2630 1376 2700 qui
1402 2630 1451 2684 ei
1478 2628 1719 2699 ponitur,

164 2727 430 2782 custodire
476 2741 536 2781 se
583 2731 766 2795 potest
793 2740 807 2778 :
836 2722 1018 2778 evenit
1064 2730 1269 2785 autem,
1300 2728 1356 2776 et
1382 2719 1511 2775 huic
1537 2726 1594 2774 et
1625 2717 1725 2781 illi,

1834 1815 1987 1871 Unde
2017 1816 2216 1873 Paulus
2243 1834 2365 1873 eum
2391 1821 2484 1889 qui
2505 1820 2663 1876 docet
2693 1820 2745 1874 in
2771 1822 3399 1877 mansuetudine-docere

1824 1923 1919 1964 eos
1946 1910 2038 1978 qui
2069 1913 2443 1968 contradicunt
2464 1913 2775 1969 doctoribus
2822 1913 3079 1970 Ecclesia:
3112 1914 3398 1983 praecepit;

1826 2001 1921 2056 sed
1950 2016 2050 2057 nec
2072 2002 2454 2060 oll‘endiculum
2477 2006 2557 2061 eis
2586 2006 2721 2061 falsa
2772 2009 3012 2063 dicentes
3055 2016 3150 2062 aut
3182 2016 3401 2078 agentes

1824 2090 2089 2146 debemus
2116 2091 2275 2147 elIici.
2332 2093 2443 2149 Hoc
2496 2096 2641 2150 enim
2696 2097 2810 2166 ipse
2865 2097 3065 2152 Paulus
3107 2098 3401 2167 prohibens

1833 2188 1998 2249 atque
2030 2182 2308 2253 corrigens
2337 2184 2551 2255 scripsit
2582 2202 2595 2239 :
2630 2186 2688 2241 Si
2712 2187 2825 2258 quis
2851 2187 3038 2240 viderit
3058 2202 3179 2240 eum
3202 2186 3290 2257 qui
3312 2188 3403 2239 ha-

1826 2268 1905 2322 bet
1919 2270 2189 2324 scientiam
2211 2272 2265 2325 in
2289 2273 2450 2327 idolio
2474 2277 2871 2341 recumbentem,
2896 2293 3065 2331 nonne
3078 2278 3397 2330 conscientia

1827 2358 1965 2428 ejus,
1991 2376 2108 2414 cum
2136 2361 2205 2415 sit
2240 2362 2473 2431 infirma,
2501 2365 2848 2433 trdi/icabitur
2882 2366 2951 2419 ad
2977 2366 3400 2419 manducandum

1825 2451 2116 2522 idolothyta
2132 2451 2186 2524 (1
2231 2452 2353 2509 Cor.
2391 2454 2533 2527 vui).
2567 2455 2659 2512 Sic
2705 2456 2841 2528 legis
2888 2465 2997 2512 tam
3024 2456 3203 2511 littera
3237 2471 3400 2526 quam

1828 2544 2020 2614 Spiritu
2038 2542 2217 2612 juvari
2239 2560 2546 2615 possumus.
2579 2546 2842 2617 Sequitur
2871 2566 2886 2602 :

1900 2632 2025 2688 Non
2053 2635 2215 2704 facies
2250 2636 2390 2706 quod
2427 2637 2665 2708 iniquum
2701 2647 2800 2703 est,
2838 2653 2930 2691 nec
2969 2638 3162 2707 injuste
3193 2637 3403 2707 judica-

1830 2723 1927 2787 bis,
1964 2738 2057 2777 nec
2104 2724 2396 2779 consideres
2422 2741 2698 2795 personam
2735 2725 3000 2795 pauperis.
3038 2724 3150 2778 Nec
3181 2725 3403 2778 honores

163 2831 223 2870 ex
250 2824 483 2885 utroque
509 2830 689 2882 mors;
722 2828 868 2869 caeco
896 2813 1115 2884 quidem
1155 2812 1282 2866 dum
1310 2810 1610 2866 conteritur
1632 2824 1730 2880 per
1827 2811 2027 2865 vultum
2047 2814 2288 2881 potentis.
2316 2813 2469 2867 Iuste
2484 2813 2669 2878 Indica
2693 2815 2930 2883 proximo
2968 2822 3060 2867 tuo
3090 2826 3108 2864 :
3150 2813 3271 2866 Non
3300 2812 3402 2866 eris

165 2903 569 2969 oll’cndiculum;
594 2903 759 2959 surdo
778 2910 957 2958 autem
987 2900 1295 2967 maledicto,
1321 2900 1475 2970 quasi
1497 2900 1563 2955 de
1581 2899 1730 2969 prin-
1830 2900 2140 2954 criminator
2165 2911 2213 2954 et
2246 2917 2466 2955 susurro
2492 2902 2549 2955 in
2577 2901 2803 2970 populis.
2858 2901 2981 2954 Non
3022 2902 3184 2955 stabis
3222 2909 3403 2954 contra

166 2995 271 3063 cipe
318 2993 670 3059 detraxisset,
728 3001 823 3047 aut
848 2991 992 3047 aliud
1019 2990 1291 3061 quidpiam
1320 2989 1556 3053 fecisset,
1584 2988 1729 3058 quod
1830 2991 2140 3060 sanguinem
2163 2992 2392 3060 proximi
2413 2992 2509 3044 tui.
2539 2990 2653 3061 Ego
2666 2989 2943 3046 Dominus.
2961 2990 3069 3061 (Ea:
3098 2989 3403 3060 Hesychia.)

165 3086 208 3138 ei
256 3083 561 3155 periculum
613 3084 903 3155 ingereret,
945 3081 1289 3151 semetipsum
1316 3080 1538 3135 minime
1557 3080 1729 3135 corri-
1757 3066 1802 3130 C
1833 3078 1951 3135 Non
1980 3079 2274 3149 quamlibet
2294 3078 2584 3149 justitiam,
2608 3080 2702 3136 sed
2738 3095 3003 3136 summam
3033 3089 3087 3135 et
3108 3079 3402 3150 perfectam

167 3174 319 3242 genti.
358 3173 427 3226 Et
454 3172 558 3227 hoc
579 3172 725 3242 quod
746 3171 960 3226 videtur
971 3185 1090 3227 esse
1117 3186 1363 3240 parvum,
1379 3169 1521 3239 quod
1539 3183 1572 3224 a
1590 3169 1730 3223 mul-

171 3261 231 3316 tis
250 3274 397 3331 sae-pc
425 3260 733 3315 ludentibus
752 3258 1106 3328 delinquitur,
1150 3257 1347 3311 transit
1370 3258 1437 3311 ad
1467 3265 1724 3323 mortem;

167 3352 295 3406 unde
313 3350 489 3404 nimis
510 3356 807 3419 opportune
833 3348 1022 3412 David,
1070 3349 1284 3402 beatum
1325 3346 1464 3401 dixit
1488 3361 1611 3402 eum
1639 3345 1730 3417 qui

167 3442 219 3494 in
240 3440 497 3495 cathedra
514 3438 843 3510 pestilentt'te,
874 3439 927 3494 id
952 3446 1034 3493 est
1063 3438 1446 3504 deridentium,
1473 3455 1577 3492 non
1599 3438 1730 3493 sedit

168 3529 327 3601 (Psal.
363 3529 429 3602 ι).
463 3529 572 3584 Nos
597 3538 779 3584 autem
807 3528 875 3583 ad
920 3531 1107 3585 eadem
1155 3544 1344 3584 rursus
1390 3529 1730 3599 exsequenda

169 3636 474 3693 pergarnus.
498 3620 614 3676 Non
641 3621 788 3676 enim
817 3620 992 3675 solum
1034 3620 1380 3688 pecuniarum
1405 3621 1731 3676 calumniam

164 3723 213 3767 et
232 3715 337 3769 vim
359 3713 450 3768 lex
478 3712 781 3782 prohibuit,
808 3711 903 3767 sed
923 3720 979 3764 et
1008 3725 1224 3765 omnem
1263 3711 1447 3776 aliam,
1467 3718 1523 3767 et
1561 3709 1731 3765 multo

168 3805 328 3873 magis
360 3817 487 3857 eam
509 3816 629 3871 quae
647 3808 729 3856 est
756 3800 809 3855 in
843 3799 1195 3869 spiritalibus,
1243 3808 1304 3853 ut
1351 3813 1460 3854 non
1505 3798 1733 3869 gloriam

164 3894 489 3964 arripiamus
532 3890 776 3957 alterius,
825 3906 926 3946 nec
964 3890 1108 3961 quod
1157 3890 1381 3945 alterius
1407 3889 1594 3945 labore
1617 3890 1731 3945 col-

166 3985 359 4040 lectum
415 3992 521 4049 est,
566 3984 622 4037 in
663 3982 1064 4052 nobismetipsis
1111 3982 1478 4047 attrahamus;
1514 3990 1735 4051 propter

164 4077 299 4144 quod
321 4083 389 4131 et
414 4074 613 4129 Paulus
643 4073 855 4129 dicebat
886 4090 901 4129 :
931 4071 1056 4126 Non
1089 4071 1225 4126 enim
1258 4073 1313 4125 in
1337 4070 1510 4126 aliena
1554 4070 1734 4141 regula

165 4166 215 4217 in
233 4166 312 4219 his
335 4180 462 4236 qua:
489 4173 678 4233 parata
701 4172 823 4217 sunt
851 4161 1073 4233 gloriari
1097 4160 1181 4232 (11
1209 4159 1331 4215 Cor.
1355 4160 1444 4233 x);
1470 4170 1525 4216 et
1549 4177 1736 4217 rursus

163 4239 426 4308 donatum
449 4252 554 4307 sibi
580 4252 712 4307 dicit
733 4249 1127 4322 evangelizare,
1160 4265 1264 4303 non
1310 4250 1395 4305 ubi
1435 4250 1734 4305 nominatus

1827 3171 2036 3226 studeri
2060 3169 2168 3236 lex,
2196 3170 2434 3225 maxime
2456 3170 2509 3223 in
2532 3170 2909 3238 pratsentibus,
2936 3169 3234 3231 constituit,
3253 3179 3403 3224 recto

1828 3260 2023 3315 itinere
2056 3259 2358 3330 ordineque
2382 3261 2704 3329 procedens,
2734 3271 2795 3314 ut
2820 3261 2973 3329 prius
2997 3261 3245 3315 videatur
3270 3275 3404 3330 pau-

1828 3348 2047 3419 peribus
2100 3347 2272 3419 legem
2315 3348 2664 3413 constituere,
2714 3347 2907 3403 deinde
2952 3348 3282 3418 potentibus,
3336 3362 3402 3403 ac

1829 3437 2024 3492 deinde
2046 3437 2378 3507 principatus
2431 3444 2487 3491 et
2526 3442 2822 3505 potestates
2866 3436 3210 3502 habentibus,
3242 3444 3305 3491 ut
3347 3443 3402 3490 et

1828 3541 1928 3597 per
1955 3527 2056 3583 hoc
2070 3526 2382 3581 ostenderet
2407 3540 2697 3594 personam
2721 3540 2829 3580 non
2858 3526 3044 3580 deberi
3064 3526 3253 3596 accipi.
3285 3525 3402 3580 Non

1832 3618 2036 3673 furtum
2092 3618 2239 3672 enim
2287 3632 2387 3671 nec
2423 3617 2748 3671 calumniam
2782 3615 2979 3681 facere,
3012 3630 3114 3671 nec
3132 3614 3320 3683 jurare
3348 3616 3402 3670 in

1834 3707 2053 3777 iniusto,
2078 3709 2180 3763 etsi
2210 3707 2467 3762 divitibus
2486 3708 2571 3761 vel
2598 3706 2911 3776 potentibus
2958 3706 3247 3776 aliquando
3274 3722 3407 3761 con-

1833 3801 2010 3871 tingit,
2038 3809 2411 3854 verumtamen
2438 3798 2655 3868 propria
2681 3812 2976 3868 pauperum
3002 3796 3399 3867 quodammodo

1834 3897 1963 3946 sunt
2007 3876 2267 3959 peccata:
2297 3902 2395 3957 per
2421 3893 2796 3957 paupertatem
2838 3887 2983 3941 enim
3028 3886 3196 3941 furari
3237 3895 3291 3941 et
3317 3900 3408 3940 ca-

1834 3978 2087 4032 lumniari
2110 3985 2164 4032 et
2184 3977 2485 4048 transgredi
2507 3984 2844 4033 sacramenta
2868 3976 3114 4047 compelli
3132 3977 3404 4039 videntur,

1835 4069 1912 4124 ita
1940 4076 1999 4123 ut
2029 4066 2251 4136 Sapiens
2277 4066 2367 4121 ille
2399 4067 2454 4121 in
2482 4066 2788 4122 Proverbiis
2821 4066 3028 4122 diceret
3056 4084 3070 4120 :
3101 4065 3323 4120 Diuitias
3355 4073 3407 4119 et

1835 4167 2193 4230 paupertatem
2213 4174 2276 4212 ne
2299 4156 2503 4211 dederis
2543 4156 2690 4220 mihi,
2706 4172 2769 4211 ne
2787 4155 2922 4225 forte
2946 4156 3170 4209 satiatus
3206 4154 3406 4208 illiciar

1838 4247 1908 4302 ad
1936 4246 2254 4317 negandum,
2287 4255 2377 4299 aut
2412 4253 2637 4317 egestate
2681 4244 2998 4314 compulsus,
3026 4243 3172 4313 furer
3218 4252 3266 4297 et
3290 4259 3411 4313 per-

164 4354 231 4397 est
260 4342 533 4409 Christus,
564 4358 627 4396 ne
652 4357 808 4411 super
834 4340 1050 4394 alterius
1086 4338 1483 4409 fundamentum
1504 4338 1740 4408 rediﬁca-
1762 4403 1808 4411 _
1832 4338 2015 4410 jurem
2042 4352 2226 4389 nomen
2248 4335 2346 4389 Dei
2394 4335 2496 4388 mei
2526 4331 2707 4404 (Prov.
2748 4333 2900 4402 xxx).
2935 4333 3001 4389 Vi
3021 4340 3201 4387 autem
3222 4331 3409 4402 oppri-

167 4446 237 4488 ret
266 4434 444 4508 (Rom.
481 4403 594 4503 xv).
614 4403 857 4487 Alterum
895 4403 1098 4486 autem-
1117 4431 1341 4486 alterius
1362 4403 1734 4500 interpretatio
1762 4403 1816 4462 D
1833 4403 1991 4482 utere
2016 4433 2073 4479 et
2099 4423 2440 4479 mercedibus
2465 4424 2702 4492 privare,
2723 4431 2778 4476 et
2805 4422 3035 4478 irridere
3062 4423 3285 4479 surdum
3316 4432 3411 4478 aut

167 4533 244 4577 est
269 4543 282 4577 :
312 4523 541 4579 nolebat
564 4522 709 4576 enim
734 4520 1054 4592 praedicare,
1077 4519 1169 4574 ubi
1217 4519 1356 4573 alter
1404 4514 1733 4588 prmdicavit,

169 4623 224 4668 ut
242 4630 353 4669 non
380 4612 664 4667 mercedes
689 4611 964 4680 abriperet
981 4610 1206 4665 alienas.
1224 4609 1302 4665 De
1330 4608 1415 4663 his
1434 4609 1579 4663 enim
1606 4624 1742 4663 mer-

167 4704 391 4758 cedibus
419 4702 500 4756 ait
524 4700 832 4771 legislator:
863 4699 986 4754 Non
1012 4698 1302 4754 morabitur
1326 4713 1455 4768 opus
1476 4712 1741 4753 mercena-

166 4796 230 4848 rii
250 4794 397 4865 apud
427 4802 479 4847 te
509 4807 669 4862 usque
696 4807 868 4846 mane.
897 4788 1014 4844 Non
1034 4789 1149 4859 jam
1177 4788 1615 4859 praedicantibus,
1646 4788 1742 4843 sed

166 4887 343 4941 adhuc
394 4883 730 4939 discentibus
779 4879 1045 4935 mandans
1101 4895 1211 4935 non
1275 4877 1578 4948 negligere,
1640 4891 1742 4932 nec

168 4977 405 5029 otiosum
437 4973 579 5043 apud
605 4986 663 5026 se
691 4971 869 5025 sinere
888 4969 1160 5026 doctorale
1184 4969 1440 5035 verbum;
1464 4982 1742 5024 mercena-

169 5067 280 5121 rius
308 5066 463 5120 enim
493 5062 593 5117 Dei
616 5070 719 5127 est,
735 5062 826 5131 qui
855 5061 1111 5131 praedicat
1129 5060 1351 5115 verbum
1374 5057 1509 5128 ejus.
1535 5058 1741 5114 Merces

167 5162 350 5208 autem
410 5151 531 5222 ejus
593 5158 677 5205 est
731 5150 1015 5205 retributio
1072 5148 1498 5220 prmdicationis,
1557 5150 1741 5204 veraci

166 5247 442 5299 existente
483 5240 639 5311 hujus
681 5242 761 5296 rei
808 5248 942 5296 teste
967 5240 1152 5306 Paulo,
1180 5240 1273 5308 qui
1306 5240 1478 5295 dicit:
1512 5238 1644 5305 Quir
1667 5251 1741 5293 est

168 5350 293 5403 ergo
357 5348 555 5386 merces
606 5348 756 5395 mea,
798 5342 855 5384 ut
912 5328 1245 5401 Euangelium
1295 5330 1587 5400 prtrdicans
1634 5330 1748 5383 sine

169 5433 390 5495 sumptu
435 5438 626 5492 ponam
673 5419 1014 5490 Evangeltum
1069 5419 1305 5473 Christi?
1360 5418 1413 5487 (1
1462 5418 1585 5474 Cor.
1644 5420 1746 5489 Ix.)

174 5512 541 5583 Sepusaginta
558 5519 746 5566 autem
771 5510 939 5564 edunt
964 5527 976 5561 :
1012 5508 1133 5562 Non
1160 5507 1381 5562 dormiet
1415 5524 1606 5562 merces
1623 5524 1754 5562 mer-

171 5601 383 5657 cenarii
417 5601 489 5655 tui
518 5602 660 5670 apud
698 5608 747 5653 te
794 5614 956 5668 usque
985 5613 1171 5663 mane;
1197 5597 1324 5667 quia
1349 5597 1492 5651 enim
1514 5597 1751 5651 dormire

1839 4532 2064 4580 caecum,
2092 4515 2215 4585 quia
2238 4514 2483 4583 quaedam
2504 4528 2692 4569 eorum
2724 4521 2851 4567 sunt
2871 4512 3146 4582 potentiae,
3162 4512 3406 4582 quaedam

1839 4621 1970 4662 vero
1998 4605 2235 4677 prodiga:
2257 4602 2657 4674 quodammodo
2675 4602 2801 4657 vita:
2845 4610 2902 4656 et
2944 4601 3259 4657 deliciarum
3284 4617 3414 4656 con-

1843 4696 2118 4753 tumeliam
2177 4693 2549 4766 generantium
2588 4701 2831 4761 peccata,
2861 4690 3130 4761 praecipue
3164 4690 3413 4759 personis

1844 4788 2067 4843 divitum
2092 4793 2148 4841 et
2185 4791 2477 4854 .totentum,
2526 4781 2612 4836 lex
2639 4781 2840 4837 sanciri
2875 4780 3091 4837 dicitur.
3116 4779 3411 4835 Personam

1848 4886 2028 4931 autem
2051 4875 2298 4944 accipere
2326 4873 2378 4926 in
2398 4869 2624 4939 judicio,
2639 4872 2696 4926 hi
2723 4871 2816 4940 qui
2839 4871 3251 4941 magistratuum
3276 4885 3416 4940 prte-

1847 4966 2023 5022 sident
2044 4965 2129 5019 vel
2155 4962 2398 5034 judicum
2418 4960 2792 5025 tribunalibus,
2829 4974 2966 5031 quos
2985 4958 3290 5028 iudicantes
3313 4973 3414 5013 nec

1848 5055 2064 5124 quidem
2089 5066 2385 5122 pauperum
2433 5064 2696 5120 personas
2722 5056 2935 5119 oportet
2963 5049 3225 5119 accipere.
3248 5046 3417 5101 Nemo

1848 5145 1991 5200 enim
2022 5144 2131 5198 Deo
2157 5141 2560 5196 misericordior
2587 5148 2691 5204 est,
2719 5140 2810 5209 qui
2838 5139 3150 5195 misericors
3170 5147 3226 5193 et
3255 5137 3416 5192 mise-

1851 5245 2001 5289 rator
2031 5248 2193 5301 super
2224 5245 2413 5287 omnes
2438 5229 2739 5300 appellatur
2768 5244 2782 5283 :
2823 5238 3188 5284 verumtamen
3225 5224 3417 5294 iudicii

1851 5335 2091 5394 tempore
2108 5337 2444 5392 nequaquam
2453 5320 2564 5389 jam
2580 5322 2655 5376 ita
2677 5321 2932 5391 appellari
2956 5321 3089 5384 vult,
3107 5319 3199 5374 sed
3211 5318 3412 5386 justus;

1855 5426 1990 5472 teste
2036 5414 2222 5479 David,
2276 5414 2369 5483 qui
2424 5413 2591 5475 dicit:
2625 5412 2765 5466 Deus
2778 5412 2950 5481 judea:
2983 5406 3339 5480 justus,fortis
3369 5416 3415 5459 ct

1851 5507 2164 5577 longanimis
2193 5504 2365 5561 (Psal.
2393 5504 2512 5575 vn).
2564 5502 2676 5559 Nec
2701 5503 2918 5573 quidem
2949 5498 3182 5569 potentis
3205 5503 3438 5575 Oportet

1855 5600 2109 5656 admirari
2140 5612 2427 5667 personam
2478 5597 2530 5649 in
2578 5594 2805 5663 judicio,
2829 5594 2956 5664 quia
2993 5590 3103 5644 Deo
3126 5588 3309 5643 nullus
3335 5598 3415 5643 est
