3926 6176
481 254 581 308 451

1117 247 1178 302 Β.
1221 249 1474 304 RABA'NI
1515 247 1730 306 MAURI
1771 249 2086 303 AllClIlEP.
2131 248 2435 304 MOGUNT.
2479 248 2758 303 OPERUM
2801 249 2976 303 PARS
3014 250 3053 302 l.

3612 253 3714 306 459.

489 368 789 440 potentior;
831 364 1002 434 ipsius
1043 372 1221 417 autem
1275 370 1360 416 est
1398 361 1681 430 judicium.
1727 363 1842 430 ipse
1888 361 2053 423 enim,
2083 362 2131 418 Λ
2159 357 2324 411 furari
2354 358 2566 427 poterit.
2602 357 2693 412 Est
2725 369 2905 412 autem
2943 357 3280 414 conﬁrmatio
3320 362 3433 416 haec
3460 383 3470 413 ε
3502 363 3570 417 Et
3597 365 3717 420 dili-

485 461 642 514 nobis
686 456 1085 526 judicantibus,
1138 454 1413 509 causantis
1460 467 1744 524 personam
1793 450 2049 518 suscipit;

483 551 639 620 cujus
665 548 740 602 rei
767 547 918 600 testis
943 553 1026 600 est
1056 545 1197 599 idem
1247 543 1486 614 Moyses,
1534 543 1588 597 in
1638 540 2054 596 Deuteronomio

489 639 565 694 ita
589 638 806 692 dicens:
835 635 958 688 Non
984 635 1224 704 respicies
1245 650 1519 704 personam
1539 633 1595 686 in
1613 632 1843 701 judicio,
1871 645 2055 686 secun-

485 730 614 782 dum
655 741 870 796 parvum
903 734 952 776 et
985 725 1235 777 minorem
1282 721 1572 791 judicabis.
1598 721 1722 775 Non
1759 721 2054 789 distinguas

488 832 762 884 personam
785 813 1027 877 hominis,
1045 813 1166 882 quia
1181 813 1445 882 judicium
1467 811 1566 865 Dei
1587 822 1663 865 est
1688 811 1864 880 (Deut.
1885 828 1920 873 ι,
1945 809 2052 878 16).

493 910 637 980 Ergo
675 908 720 962 si
764 907 846 960 vis
887 920 1130 975 personae
1157 904 1371 958 donare“
1407 905 1656 972 potentis,
1685 917 1929 971 persona:
1960 901 2054 956 Dei

494 1003 638 1053 dona
667 1017 680 1051 :
707 997 877 1050 donas
900 1004 1101 1058 autem,
1136 994 1182 1047 si
1208 993 1275 1047 ad
1312 1002 1518 1062 partem
1548 1001 1601 1046 te
1622 992 1846 1062 justitia:
1869 1001 2055 1044 contu-

489 1089 637 1151 leris,
671 1086 778 1141 illic
807 1085 948 1139 enim
973 1083 1136 1137 habet
1162 1097 1472 1152 personam,
1503 1081 1630 1149 quia
1665 1081 1844 1150 justus
1870 1079 2053 1133 Domi-

496 1194 618 1248 nus,
643 1178 909 1248 justitiam
964 1174 1170 1237 dilexit,
1221 1174 1515 1243 wquitatem
1550 1173 1676 1226 vidit
1729 1172 1899 1225 vultus
1941 1171 2054 1239 ejus

715 1267 788 1332 x).
839 1263 1202 1329 Quamobrem
1261 1263 1425 1317 etiam
1455 1279 1602 1317 nunc
1649 1260 1796 1330 justc
1820 1260 2054 1329 judicari

759 1354 1034 1423 praecepit.
1062 1352 1288 1422 Oportet
1315 1352 1459 1406 enim
1518 1367 1617 1407 nos
1653 1366 1812 1406 nosse
1850 1352 1970 1419 quia
1999 1350 2053 1404 in

489 1462 590 1516 quo
609 1445 811 1514 judicio
833 1442 1266 1512 judicaverimus,
1288 1441 1342 1496 in
1363 1441 1542 1497 eodem
1554 1441 1932 1510 judicabimur.
1958 1438 2052 1492 llis

490 1536 698 1591 addidit
732 1553 743 1588 :
783 1533 904 1588 Non
934 1535 1059 1598 eris,
1097 1533 1289 1601 inquit.
1334 1531 1641 1587 criminator
1685 1539 1732 1584 et
1764 1545 1979 1586 susurro
2000 1529 2056 1584 in

486 1629 724 1702 papulis;
752 1627 855 1692 vel,
881 1627 1019 1682 sicut
1039 1625 1392 1696 Septuaginta
1405 1623 1590 1686 edunt,
1620 1621 1743 1676 Non
1765 1621 2054 1675 ambulabis

2152 467 2240 519 ges
2277 451 2524 514 amicum,
2575 450 2714 514 sive,
2745 458 2804 504 ut
2846 449 3216 520 Septuaginta,
3243 454 3539 520 proximum
3571 465 3719 510 tuum

2152 541 2284 594 sicut
2311 541 2531 610 teipsum
2556 555 2574 592 :
2608 540 2813 602 habens
2836 541 2889 595 in
2916 541 3126 597 modico
3146 551 3312 596 totam
3332 543 3528 613 legem,
3555 557 3610 600 ct
3625 564 3724 616 per

2159 645 2326 685 unum
2355 632 2450 686 tibi
2482 631 2585 686 hoc
2603 632 2920 688 mandatum
2943 633 3125 687 omnia
3145 635 3413 690 custodire
3435 635 3592 692 facile
3615 650 3720 693 est.

2156 719 2405 776 Charitas
2429 722 2587 788 enim,
2618 723 2694 778 ait
2721 721 2936 788 Paulus,
2966 725 3202 792 proximo
3247 725 3445 779 malum
3475 743 3579 780 non
3605 746 3726 797 ope-

2155 821 2324 866 ratur.
2349 811 2630 867 Plenitudo
2657 827 2786 880 ergo
2805 811 2933 882 legis
2961 813 3190 868 cbaritas
3237 824 3308 868 est
3340 814 3388 885 (I
3421 813 3544 869 Cor.
3578 824 3720 884 xtu).

2155 900 2260 956 Sed
2285 909 2341 957 et
2365 915 2578 960 omnem
2609 903 2776 958 vitam
2804 911 3043 958 nostram
3089 916 3209 957 esse
3254 905 3311 958 in
3363 904 3522 960 bonis
3555 904 3720 969 facit;

2155 993 2200 1047 si
2221 992 2366 1047 enim
2399 993 2564 1062 diligo
2585 993 2888 1062 proximum
2911 993 3051 1048 sicut
3080 993 3364 1062 meipsum,
3393 1002 3449 1048 et
3490 993 3724 1052 forsitan

2157 1082 2296 1137 ﬁlios
2336 1097 2443 1137 non
2473 1083 2733 1145 habuero,
2765 1089 2859 1136 aut
2895 1081 3133 1145 divitias,
3174 1089 3267 1136 aut
3307 1083 3585 1148 decorem,
3633 1095 3730 1142 aut

2154 1173 2338 1226 mundi
2364 1171 2611 1242 gloriam,
2641 1179 2734 1226 aut
2777 1172 3092 1240 potentiam,
3129 1172 3284 1227 video
3319 1182 3498 1229 autem
3542 1176 3732 1242 proxi-

2155 1277 2303 1315 mum
2354 1262 2662 1324 habentem,
2721 1261 2949 1329 gaudeo,
2976 1269 3031 1316 et
3069 1260 3436 1326 nihilominus,
3465 1271 3728 1332 tanquam

2153 1367 2254 1422 ego
2284 1352 2398 1405 hmc
2425 1352 2675 1414 habeam,
2706 1351 2857 1405 laetor
2909 1366 3055 1422 ego:
3086 1352 3138 1405 in
3195 1352 3288 1406 illo
3342 1353 3484 1407 enim
3532 1363 3589 1409 et
3629 1370 3733 1424 ego

2156 1444 2347 1497 habeo.
2381 1441 2614 1511 ldipsum
2639 1451 2815 1496 autem
2841 1450 2895 1496 et
2931 1442 2985 1496 in
3021 1443 3376 1512 spiritalibus,
3431 1447 3486 1497 in
3528 1445 3733 1513 quibus

2155 1535 2392 1589 maxime
2416 1549 2557 1597 eam,
2573 1549 2694 1603 quae
2715 1534 2782 1588 ad
2812 1533 3087 1604 proximos
3105 1535 3358 1603 pertinet,
3383 1533 3734 1590 dilectionem

2157 1625 2428 1680 custodire
2446 1625 2725 1690 debemus,
2750 1635 2805 1679 et
2821 1640 2928 1679 non
2950 1623 3190 1678 invidere
3207 1625 3556 1693 operantibus
3573 1624 3688 1692 just
3699 1628 3738 1680 i-

487 1721 543 1773 in
572 1718 690 1772 dolo
716 1719 769 1771 in
812 1726 961 1786 gente
987 1726 1079 1770 tua
1108 1729 1126 1767 :
1154 1732 1256 1769 non
1313 1714 1475 1768 stabis
1520 1723 1702 1767 contra
1751 1712 2054 1780 sanguinem
2086 1708 2132 1770 B
2160 1716 2310 1779 tiam,
2339 1730 2442 1770 nec
2463 1714 2700 1770 morderi
2745 1712 2958 1783 quando
2987 1713 3078 1768 alii
3136 1715 3428 1769 secundum
3449 1714 3736 1770 Christum

486 1807 708 1878 proximi
759 1806 855 1860 tui.
903 1803 1010 1874 (Ex
1055 1801 1361 1872 Hesychia.)
1408 1801 1540 1857 Dolo
1581 1799 1896 1870 sanguinem
1928 1813 2054 1854 con-

480 1896 686 1965 junxit,
711 1895 959 1952 videlicet
985 1893 1354 1956 homicidium,
1386 1892 1526 1948 sicut
1549 1899 1604 1944 et
1630 1889 1797 1946 David
1822 1888 2002 1957 psallit
2031 1907 2042 1940 :

2156 1804 2552 1876 gloriﬁcantur,
2585 1805 2799 1874 quando
2828 1804 2880 1858 in
2911 1803 3075 1858 verbo
3124 1805 3740 1874 docu'inaalocupletzm-

2155 1908 2263 1963 tur,
2292 1898 2506 1966 quando
2533 1897 2805 1950 abundant
2843 1896 3037 1952 divinis
3068 1895 3250 1961 donis;
3302 1897 3395 1951 sed
3435 1897 3737 1953 imitandus

499 1979 677 2039 Virum
699 1985 1013 2054 sanguinum
1044 1993 1090 2036 et
1119 1981 1356 2035 dolosum
1383 1979 1769 2034 abominabitur
1795 1977 2052 2031 Dominus
2151 1997 2237 2042 est,
2262 1987 2530 2050 Christus,
2552 1987 2642 2055 qui
2677 1987 2730 2040 in
2765 1994 2970 2040 tantum
3007 2001 3106 2040 nos
3146 1986 3354 2051 dilexit,
3379 1995 3435 2039 ut
3464 1987 3738 2054 apostolis

488 2076 662 2147 (Psal.
692 2079 823 2148 vn);
854 2084 908 2130 et
936 2076 1128 2134 iterum
1155 2089 1168 2127 :
1204 2073 1316 2126 Viri
1343 2073 1658 2141 sanguinum
1687 2080 1733 2123 et
1761 2069 1928 2122 dolosi
1951 2085 2052 2122 nou

489 2167 838 2222 dimidiabunt
875 2165 984 2220 dies
1007 2181 1128 2218 suos
1165 2161 1336 2233 (Psal.
1389 2161 1518 2231 Liv).
1551 2159 1772 2215 Gladius
1797 2159 1941 2212 enim
1967 2172 2055 2211 oc-

491 2257 665 2312 cultus
693 2265 777 2312 est
801 2255 976 2320 dolus,
1004 2254 1150 2310 ensis
1189 2261 1448 2308 exacutus
1475 2260 1528 2306 et
1559 2251 1749 2314 latens,
1775 2250 1846 2303 ita
1877 2258 1934 2304 ut
1959 2249 2056 2302 Da-

488 2349 578 2402 vid
628 2363 815 2403 rursus
857 2347 1081 2409 diceret,
1113 2344 1256 2398 Sicut
1303 2342 1555 2397 novacula
1587 2351 1742 2396 acuta
1775 2340 1941 2411 fecisti
1965 2340 2056 2396 do-

487 2437 598 2490 lum
630 2436 806 2507 (Psal.
834 2435 909 2506 LI)
930 2453 943 2500 ;
968 2436 1064 2490 sed
1088 2450 1186 2489 nos
1231 2433 1298 2487 ab
1323 2448 1388 2490 eo
1417 2433 1669 2487 velociter
1719 2432 2054 2494 recedamus,

486 2536 910 2596 expavescentes
937 2527 1084 2582 illum
1129 2540 1228 2595 pro
1251 2525 1458 2594 peccati
1493 2525 1712 2589 vicinia,
1743 2523 1828 2578 cui
1857 2523 2058 2578 meruit

485 2633 608 2672 esse
635 2607 986 2686 conjunctus;
1015 2630 1115 2670 nec
1141 2623 1329 2670 contra
1356 2613 1672 2684 sanguinem
1694 2611 1926 2684 proximi
1949 2620 2059 2666 ste-

489 2724 632 2772 mus,
656 2708 749 2762 sed
769 2723 958 2763 omnes
987 2707 1211 2763 insidias
1233 2714 1290 2762 et
1317 2705 1600 2776 collegium
1623 2703 1764 2774 quod
1789 2718 1889 2774 pro
1919 2719 2056 2774 qua-

485 2800 620 2854 libet
645 2799 929 2868 iuiquitatc
955 2799 1034 2863 ﬁt,
1082 2798 1354 2868 fugiamus
1378 2812 1393 2850 :
1423 2797 1549 2866 quia
1577 2796 1793 2866 quidam
1822 2794 2057 2866 singula—

495 2889 628 2942 riter
654 2889 872 2953 iuﬁrmi,
895 2897 952 2942 et
974 2904 1070 2957 per
1095 2891 1414 2958 semetipsos
1435 2901 1630 2941 nocere
1654 2901 1765 2940 non
1793 2884 2052 2948 valentes,

492 2978 707 3033 misceri
738 2978 912 3032 solent
933 2977 1280 3041 multitudini,
1315 2984 1371 3030 ct
1409 2991 1628 3031 necesse
1653 2983 1737 3029 est
1755 2981 1815 3030 ut
1841 2973 2056 3042 quando

2159 2077 2366 2146 majora
2423 2078 2574 2146 signa
2630 2075 2810 2131 facere
2857 2091 3017 2146 quam
3071 2078 3184 2145 ipse
3228 2075 3357 2130 fecit
3384 2077 3738 2130 concederet.

2157 2165 2309 2220 Unde
2359 2173 2414 2219 et
2467 2179 2609 2218 nunc
2661 2165 2862 2224 dicens,
2908 2164 3103 2234 Diliges
3138 2165 3362 2218 amicum
3411 2176 3585 2228 tuum,
3620 2166 3742 2220 sive

2155 2255 2452 2324 proximum
2473 2255 2605 2307 sicut
2630 2255 2871 2323 teipsum,
2898 2254 3130 2308 addidit:
3159 2253 3269 2323 Ego
3298 2253 3576 2317 Dominus,
3595 2255 3744 2324 leges

2155 2361 2296 2398 meas
2321 2344 2594 2398 custodite.
2623 2344 2892 2410 Quantum
2940 2359 3066 2400 vero
3106 2361 3204 2401 nos
3255 2344 3396 2400 Deus
3454 2345 3741 2409 dilexerit,

2153 2433 2271 2503 ipso
2292 2433 2504 2487 dicente
2533 2446 2796 2502 cognosce
2823 2450 2835 2484 :
2864 2432 2954 2486 Ait
2979 2434 3123 2488 enim
3151 2452 3162 2485 :
3208 2432 3462 2502 Majorem
3481 2433 3581 2486 hac
3609 2436 3744 2488 chu-

2160 2523 2367 2576 ritatem
2397 2539 2545 2577 nemo
2573 2523 2743 2586 habet,
2789 2539 2945 2592 quam
2978 2534 3034 2578 ut
3059 2525 3288 2578 animum
3315 2540 3468 2577 suam
3497 2526 3618 2593 quis
3650 2541 3746 2593 po-

2155 2623 2247 2668 nat
2273 2631 2366 2685 pro
2382 2615 2564 2671 amicis
2593 2613 2901 2686 suis(Joan.
2925 2615 3036 2686 xv).

2231 2701 2339 2774 (Ea:
2368 2702 2703 2774 Augustino.)
2725 2703 2903 2770 Quatri
2926 2714 3106 2762 autem
3138 2713 3315 2776 potest
3339 2705 3468 2775 quid
3489 2707 3566 2761 sit
3583 2707 3740 2777 quod

2156 2807 2282 2848 cum
2306 2807 2466 2862 supra
2493 2793 2716 2849 dixisset
2748 2807 2762 2847 :
2803 2791 2926 2847 Non
2953 2794 3072 2851 odio
3093 2794 3302 2850 habebis
3331 2796 3550 2864 fratrem
3575 2805 3739 2850 tuum

2155 2883 2214 2936 in
2258 2884 2434 2937 animo
2475 2893 2596 2948 tuo;
2643 2883 2908 2953 arguendo
2952 2900 3114 2954 argue
3139 2887 3436 2954 proximum
3478 2895 3664 2948 tuum,
3695 2898 3746 2939 et

2160 2991 2264 3028 non
2292 2975 2508 3044 accipies
2553 2985 2761 3044 propter
2785 2976 2955 3044 ipsum
2992 2986 3280 3044 peccatum,
3336 2987 3748 3046 consequenter

490 3069 669 3139 plures
699 3069 856 3124 simul
885 3069 1232 3132 conveniunt,
1262 3067 1469 3122 malitia
1498 3067 1767 3122 valentior
1811 3065 2056 3120 invenia-
2083 3053 2127 3114 C
2161 3064 2426 3133 adiunxit,
2451 3071 2626 3120 etnon
2655 3064 2946 3118 vindicetur
2970 3081 3158 3121 manus
3183 3075 3297 3132 tua,
3323 3075 3505 3121 utrum
3534 3081 3642 3136 pro
3679 3083 3747 3122 eo

491 3170 595 3214 tur.
650 3159 747 3213 llic
789 3159 933 3212 enim
978 3158 1284 3212 commodat
1324 3173 1567 3222 manum,
1615 3157 1752 3212 alter
1793 3155 2051 3225 linguam,

492 3250 629 3304 alius
675 3251 759 3303 his
805 3264 924 3318 quae
949 3254 1179 3316 aguntur
1203 3261 1532 3301 consensum
1559 3245 1775 3316 praebet.
1810 3245 1947 3300 alter
1977 3246 2056 3299 in-

492 3341 638 3401 nuit,
689 3347 743 3392 et
803 3337 875 3390 ita
941 3336 1160 3390 malitia:
1221 3344 1627 3390 consummatur
1683 3335 1912 3391 insania.
1959 3333 2057 3390 Se-

488 3429 669 3497 quitur
705 3445 718 3479 :

561 3518 644 3571 Ne
666 3517 836 3571 oderis
868 3516 1084 3586 fratrem
1119 3523 1268 3569 tuum
1305 3517 1360 3570 in
1399 3516 1554 3570 corde
1601 3525 1711 3580 tuo,
1739 3516 1832 3569 sed
1853 3514 2056 3585 publica

490 3627 648 3680 argue
665 3627 802 3673 eum,
821 3627 882 3663 ne
893 3610 1084 3663 habeas
1105 3625 1260 3679 super
1282 3608 1373 3662 illo
1396 3618 1682 3678 peccatum.
1714 3607 1837 3662 Non
1855 3623 2056 3680 quazres

489 3703 754 3764 ufticnem,
780 3717 870 3752 nec
897 3716 1094 3753 memor
1118 3699 1222 3754 eris
1240 3699 1452 3768 injuria
1482 3699 1669 3752 civium
1701 3708 1929 3752 tuorum.
1962 3697 2057 3752 Di-

489 3789 612 3858 liges
639 3790 862 3841 anticum
883 3800 1031 3842 tuum
1056 3790 1190 3843 sicut
1211 3789 1448 3858 teipsum.
1477 3787 1591 3857 Ego
1620 3787 1891 3853 Dominus,
1923 3786 2056 3856 leges

489 3896 629 3932 meas
657 3878 926 3931 custodite.
956 3877 1062 3948 (Ea:
1089 3877 1313 3946 eodem.)
1339 3876 1420 3929 Ne
1447 3876 1619 3929 oderis
1648 3875 1862 3944 fratrem
1884 3886 2053 3937 tuum,

491 3970 714 4033 addidit,
744 3971 799 4022 in
829 3968 981 4023 corde
1019 3977 1131 4032 tuo,
1182 3967 1308 4034 quia
1345 3965 1656 4036 frequenter
1713 3967 1766 4018 in
1811 3963 2055 4034 personis

498 4060 838 4131 peccantium
889 4072 1176 4128 personam
1233 4057 1356 4111 odio
1404 4072 1498 4111 eos
1550 4056 1859 4111 habentium
1908 4055 2053 4110 indui

492 4151 885 4221 compellimur.
918 4149 1071 4204 Unde
1097 4147 1296 4203 Paulus
1325 4147 1897 4204 Thessalonicensibus
1917 4163 2055 4217 prm-

491 4243 721 4315 cipiebat
748 4259 762 4294 :
789 4239 845 4295 Si
871 4241 986 4311 quis
1017 4256 1119 4295 non
1143 4239 1312 4294 obedit
1363 4240 1511 4294 verbo
1549 4249 1725 4294 nostra
1745 4256 1839 4310 per
1868 4240 2054 4309 episto-

491 4336 617 4401 lant,
633 4337 768 4388 hunc
799 4342 990 4398 notate,
1022 4342 1071 4387 et
1112 4349 1215 4387 non
1269 4332 1703 4388 commisceamini
1740 4348 1856 4385 cum
1883 4330 1974 4385 illo
1999 4340 2052 4384 ut

490 4425 864 4494 confundatur.
898 4423 1010 4479 Hoc
1034 4432 1214 4479 autem
1243 4424 1368 4479 dum
1403 4423 1482 4490 ﬁt,
1523 4424 1632 4479 odii
1670 4423 1874 4492 praebet
1915 4438 2051 4492 prae—

493 4517 879 4585 sumptionem;
904 4529 1134 4583 quorum
1154 4515 1298 4568 enim
1328 4513 1576 4578 aliorum,
1621 4515 1724 4567 nisi
1755 4512 2052 4568 odicntium

491 4617 546 4662 et
597 4607 996 4662 adversantium
1041 4613 1122 4660 est
1167 4621 1275 4660 non
1339 4605 1712 4660 commisceri?
1763 4603 1871 4659 Sed
1917 4605 2055 4658 hanc

492 4697 887 4750 aversationem
915 4710 1021 4748 non
1043 4694 1299 4764 przecepit
1327 4694 1381 4746 in
1412 4693 1573 4748 corde
1603 4693 1740 4757 ﬁeri,
1769 4693 1842 4746 ait
1861 4694 2004 4746 enim
2038 4708 2052 4745 :

495 4786 616 4840 Non
639 4785 1073 4840 commisceamini
1105 4786 1152 4838 ei
1181 4793 1235 4838 ut
1281 4783 1657 4852 confundatur,
1684 4793 1728 4836 et
1756 4783 2056 4836 erubescens

494 4875 791 4927 omnimodo
844 4873 1144 4928 emendetur
1196 4872 1280 4944 (II
1337 4872 1512 4926 Thess.
1573 4872 1695 4942 tu).
1726 4872 1828 4939 Qui
1878 4881 2057 4926 autem

495 4968 812 5023 emendabat
835 4981 956 5020 eum
981 4967 1067 5020 cui
1094 4981 1200 5020 non
1242 4965 1712 5028 commiscebatur,
1756 4964 2059 5020 nullatenus

494 5075 617 5113 eum
643 5058 823 5112 odisse
853 5057 905 5110 in
931 5056 1094 5110 corde
1131 5070 1230 5111 suo
1265 5064 1496 5125 poterat.
1539 5054 1690 5120 Quod
1734 5055 2060 5110 conﬁrmans

497 5148 660 5202 etiam
689 5147 792 5200 hoc
814 5145 1047 5200 addidit:
1087 5145 1155 5199 Et
1207 5144 1365 5199 nolite
1404 5145 1553 5215 quasi
1590 5144 1855 5198 inimicum
1883 5145 2060 5198 existi-

495 5253 638 5291 mare
661 5233 830 5300 illum,
861 5234 950 5287 sed
973 5235 1214 5304 corripite
1242 5243 1298 5286 ut
1329 5233 1564 5302 fratrem.
1613 5233 1837 5289 Omnem
1878 5245 2058 5290 autem

491 5329 757 5402 justitiam
784 5327 1026 5398 explens,
1051 5334 1106 5380 et
1128 5342 1224 5395 per
1265 5325 1504 5395 singulas
1555 5327 1760 5394 species
1787 5326 1910 5379 vita:
1932 5341 2063 5394 quo-

501 5423 788 5480 dammodo
820 5421 988 5491 legem
1024 5433 1247 5488 ponens,
1301 5417 1765 5471 conﬁrmationem
1798 5419 2063 5474 mandatis

434 5562 436 5564 ,
501 5531 661 5584 quam
690 5520 905 5584 Oportet
937 5511 1169 5580 apponit,
1205 5525 1364 5578 quam
1389 5509 1434 5564 si
1465 5507 1876 5564 custodierimus
1905 5527 2063 5566 nemo

501 5607 694 5658 nostris
741 5620 937 5659 nocere
976 5603 1198 5668 divitiis,
1248 5618 1405 5657 nemo
1457 5608 1700 5656 nostrum
1751 5603 2060 5658 thesaurum

2082 4392 2134 4451 D

2155 3161 2301 3230 quod
2324 3168 2408 3215 est
2440 3175 2546 3214 non
2571 3159 2836 3230 punitur?
2865 3159 3058 3214 Animo
3077 3161 3223 3214 enim
3249 3162 3390 3216 bono
3413 3160 3583 3216 facies
3609 3178 3746 3217 cum

2149 3249 2494 3319 disciplinam
2545 3249 2753 3318 peccati
2800 3250 3046 3318 proximo
3098 3251 3348 3319 imponis,
3380 3267 3448 3306 ne
3494 3253 3751 3324 accipias

2154 3349 2437 3410 peccatum
2482 3341 2597 3412 ejus
2643 3339 2979 3412 negligendo.
3025 3342 3106 3396 Ad
3147 3344 3250 3396 hoc
3300 3343 3444 3398 enim
3491 3344 3745 3412 pertinet

2155 3433 2295 3504 quod
2316 3441 2441 3487 ante
2467 3433 2646 3502 posuit
2673 3448 2687 3485 :
2724 3432 2846 3486 Non
2878 3432 3001 3485 odio
3024 3431 3235 3486 habebis
3259 3433 3557 3500 proximum
3585 3444 3746 3487 tuum

2155 3525 2212 3577 ia
2230 3525 2530 3578 animotuo.
2548 3523 2727 3578 Videri
2756 3524 2897 3578 enim
2922 3530 3103 3591 potest
3123 3523 3173 3576 ei
3199 3523 3290 3592 qui
3321 3523 3570 3592 arguitur
3591 3527 3749 3592 quod

2155 3614 2336 3670 oderis
2357 3630 2499 3679 eum,
2523 3629 2644 3669 cum
2670 3630 2778 3670 non
2807 3615 2879 3670 sit
2902 3615 2954 3668 in
2986 3615 3167 3668 animo
3198 3623 3318 3678 tuo;
3374 3631 3443 3667 an
3473 3631 3585 3668 non
3621 3617 3746 3668 vin-

2157 3709 2360 3762 dicetur
2401 3723 2588 3761 manus
2633 3716 2723 3760 tua
2779 3708 2881 3762 hoc
2923 3708 3102 3776 potius
3127 3708 3398 3769 admonet,
3424 3722 3490 3760 ne
3519 3723 3750 3776 qumras

2155 3799 2420 3855 vindicari
2452 3814 2669 3852 manum
2697 3806 2866 3862 tuam,
2920 3811 3020 3853 nec
3058 3797 3350 3854 ulciscendi
3400 3796 3630 3853 libidine
3660 3815 3751 3851 ra-

2155 3892 2326 3960 piaris
2351 3908 2363 3943 :
2395 3906 2519 3944 nam
2545 3890 2676 3959 quid
2702 3889 2949 3945 estaliud
2974 3890 3238 3944 vindicari
3257 3889 3411 3952 velle,
3437 3890 3542 3943 nisi
3565 3890 3747 3946 [tutati

2157 3980 2242 4034 vel
2272 3979 2539 4034 consolari
2566 3978 2633 4032 de
2675 3977 2851 4033 alieno
2889 3977 3070 4032 malo?
3119 3978 3185 4032 Et
3228 3979 3347 4032 ideo
3391 3978 3601 4031 dictum
3637 3991 3747 4038 est,

2159 4069 2282 4124 Non
2314 4071 2553 4124 irasceris
2572 4069 2696 4138 ﬁliis
2726 4070 2904 4139 populi
2930 4072 3042 4135 tui;
3069 4071 3148 4124 sic
3169 4071 3312 4124 enim
3358 4081 3505 4124 recte
3530 4071 3614 4123 ira
3651 4072 3750 4124 dc-

2157 4160 2308 4214 ﬁnita
2347 4169 2451 4223 est,
2479 4161 2621 4229 quod
2649 4160 2721 4212 sit
2769 4160 3060 4215 ulciscendi
3091 4161 3276 4215 libido.
3321 4161 3551 4227 Quidam
3606 4178 3750 4215 vero

2156 4253 2370 4305 codices
2393 4251 2614 4314 habent,
2635 4249 2699 4302 Et
2722 4266 2824 4304 non
2840 4250 3189 4304 vindicabitur
3206 4267 3391 4303 manus
3413 4261 3528 4314 tua,
3554 4251 3610 4305 id
3633 4263 3746 4313 est.

2160 4357 2230 4395 ne
2259 4340 2532 4411 arguendo
2560 4340 2832 4395 vindicare
2859 4349 2912 4395 te
2940 4340 3095 4404 velis,
3122 4341 3215 4395 sed
3237 4341 3413 4410 potius
3445 4343 3749 4398 consulere

2161 4433 2238 4488 illi
2266 4433 2653 4504 quem‘arguis.

2421 4497 2444 4524 ’
2520 4497 2545 4504 ⁷
2761 4523 2988 4580 CAPUT
3024 4523 3112 4578 tv.

2163 4612 2246 4667 Ne
2267 4615 2509 4683 jumenta
2557 4614 2770 4689 alterius
2819 4614 3019 4689 generis
3071 4614 3228 4668 simul
3270 4625 3471 4681 coeant,
3509 4633 3574 4670 ne
3615 4635 3755 4689 ager

2533 4684 2733 4738 diverso
2755 4685 2947 4738 semine
2985 4695 3211 4749 seratur,
3239 4694 3344 4740 etc.

2233 4791 2408 4862 (1310.)
2443 4791 2690 4846 Iumenta
2718 4803 2808 4846 tua
2839 4809 2941 4846 non
2977 4793 3138 4861 facies
3160 4794 3482 4847 commisceri
3512 4812 3639 4849 cum
3667 4799 3754 4850 al-

2163 4882 2324 4934 terius
2353 4882 2552 4951 generis
2581 4882 2931 4935 animantibus
2961 4896 2978 4933 :
3002 4883 3220 4952 Agrum,
3257 4883 3392 4948 sive,
3419 4891 3480 4937 ut
3506 4882 3756 4954 Septua-

2163 4956 2333 5040 ginta,
2354 4972 2555 5024 vineam
2584 4980 2727 5024 tuam
2759 4989 2861 5027 non
2889 4990 3024 5027 seres
3055 4973 3258 5027 diverso
3283 4975 3494 5028 semine.
3537 4975 3754 5031 Vestem

2163 5079 2280 5132 qua!
2295 5079 2358 5116 ea:
2381 5063 2581 5116 duobus
2603 5072 2742 5117 texta
2779 5074 2852 5118 est
2883 5082 2985 5118 non
3012 5065 3265 5118 indueris.
3295 5065 3402 5133 (Ea:
3430 5063 3754 5136 Hesychia.)

2166 5153 2290 5207 Haec
2311 5153 2704 5222 quodammodo
2728 5154 2795 5208 ad
2811 5154 3043 5209 litteram
3068 5154 3322 5209 videntur
3342 5169 3461 5209 esse
3481 5155 3751 5210 ridicula.

2171 5243 2323 5297 Unde
2346 5258 2446 5298 nec
2473 5243 2547 5297 ita
2570 5259 2631 5298 ea
2662 5245 2918 5298 custodiri
2959 5259 2990 5297 a
3019 5245 3296 5314 prophetis
3328 5253 3383 5300 et
3405 5245 3755 5314 spiritalibus

2164 5334 2483 5398 invenimus,
2515 5334 2967 5402 quemadmodum
3014 5333 3320 5388 Judaeorum
3385 5333 3478 5389 lilii
3522 5335 3761 5392 inﬁrme

2162 5420 2580 5490 imperfecthue
2622 5422 2884 5486 viventes,
2913 5422 3003 5490 qui
3042 5421 3126 5476 lac
3176 5431 3360 5477 amant
3407 5432 3461 5477 et
3501 5423 3758 5480 solidum

2164 5512 2342 5566 cibum
2397 5527 2498 5564 non
2532 5512 2770 5578 capiunt.
2797 5511 2930 5565 Nam
2977 5513 3196 5566 intende
3246 5514 3374 5582 quid
3402 5515 3469 5567 ad
3519 5513 3760 5572 Sadoch

2165 5603 2495 5658 sacerdotem
2544 5611 2595 5655 ct
2644 5601 2854 5656 Nathan
2900 5604 3219 5673 prophetam
3267 5615 3320 5660 et
3362 5605 3430 5660 ad
3478 5604 3760 5676 Banayan
