3926 6176
278 213 383 267 ιεδ

1187 221 1685 282 EXPOSITIONES
1724 227 1789 282 [Ν
1830 231 2224 289 LEVITICUM.
2267 267 2332 275 -—
2373 237 2499 293 [ΑΒ.
2545 240 2632 296 γι.

3415 260 3527 318 £55

274 325 442 441 David
481 323 699 380 dicebat
733 345 767 441 εἰ
782 325 973 441 Equiti:
1013 331 1180 441 ﬁt‘iu‘m
1220 355 1388 391 meum
1441 340 1771 397 Salomonem
1800 343 1851 397 in
1877 360 1928 416 Α
1955 345 2218 402 obtinebit
2249 350 2555 407 immundus
2585 352 2827 423 spiritus,
2876 366 2931 412 et
2956 361 3191 429 patietur
3215 367 3528 441 bujnsmcdi

271 416 467 472 mulam
525 435 696 472 meam
749 419 868 490 (III
914 421 1043 492 Reg.
1094 423 1166 497 l);

1230 429 1416 485 dicens
1465 434 1610 486 enim
1657 452 1846 500 meam,

267 510 507 564 ostendit
557 511 686 580 quia
739 521 794 567 et
847 513 960 584 ipse
989 516 1040 569 in
1072 519 1270 574 mulam
1301 523 1540 578 sedebat.
1577 524 1632 578 Si
1665 535 1846 580 autem

263 600 505 668 iumenta
557 602 902 658 commisceri
944 605 1167 662 alterius
1219 613 1432 680 generis
1458 615 1844 681 animantibus,

263 689 313 743 id
335 698 442 753 est,
473 690 691 745 asinum
720 707 860 762 equo
885 697 1231 752 commisceri
1281 700 1365 756 lex
1407 704 1598 769 vetuit,
1629 714 1683 758 et
1711 708 1846 760 abo-

262 780 518 834 miuabile
550 781 655 836 hoc
679 792 821 847 erat,
871 788 1160 854 oportebat
1188 799 1244 843 et
1290 805 1353 845 ea
1393 810 1512 862 qua:
1540 795 1758 861 ﬁebant,
1791 806 1845 851 et

259 885 318 923 ea
345 885 468 940 qua:
496 871 869 928 nascebantur
889 891 956 929 ex
1004 878 1085 932 eis
1114 881 1302 949 procul
1328 882 1492 937 dubio
1514 886 1838 942 abominari.

262 961 365 1016 Sed
386 969 444 1017 et
465 963 512 1016 si
544 965 930 1022 vestimentum
952 983 1017 1020 ex
1051 969 1262 1024 duobus
1292 971 1406 1026 ﬁeri
1425 990 1530 1027 non
1553 975 1684 1038 vult,
1708 993 1841 1046 quo-

256 1056 410 1109 modo
427 1055 668 1124 Sapiens
690 1057 780 1111 ille
806 1056 873 1113 de
903 1058 1026 1113 forti
1057 1061 1283 1117 muliere
1307 1064 1420 1119 hare
1448 1066 1498 1119 in
1531 1067 1838 1122 Proverbiis

251 1146 377 1200 dicit
403 1164 418 1199 :
445 1145 656 1200 Invenit
682 1147 860 1202 lauant
886 1160 935 1204 et
963 1151 1129 1206 linum
1171 1163 1219 1208 et
1241 1169 1454 1225 operata
1475 1169 1549 1211 est
1573 1161 1698 1214 utile
1725 1179 1837 1214 ma-

253 1238 396 1290 nibus
425 1239 544 1291 suis
580 1237 761 1308 (Prov.
793 1239 979 1312 xxxi);
1009 1252 1063 1295 et
1093 1259 1280 1298 rursus
1309 1263 1321 1297 :
1355 1245 1437 1300 Ea:
1463 1247 1613 1318 bysso
1639 1261 1684 1303 et
1708 1268 1835 1320 pur-

1951 442 2094 508 quod
2125 440 2253 495 Saul
2283 443 2522 511 pertulit.

2569 534 2795 593 CAPUT
2836 538 2898 592 ν.

1949 622 2090 687 Quid
2119 621 2422 692 faciendum
2443 625 2509 678 sit
2535 626 2584 678 ei
2736 629 3008 685 dormierit
3033 650 3149 688 cum
3176 640 3389 698 muliere
3424 665 3522 702 an-

2583 713 2627 748 ει
2675 715 2724 748 a.
2751 707 2854 748 CIC.

2583 707 2724 760 eitla,
2751 707 2854 752 etc.

2025 784 2210 856 (lum)
2245 785 2416 839 Homo
2439 788 2492 840 si
2521 787 2790 842 dormierit
2824 809 2940 846 cum
2976 795 3190 852 muliere
3207 802 3343 854 coitu
3370 808 3518 859 semio

1942 875 2047 938 nis,
2096 891 2214 945 qua:
2237 876 2304 928 sit
2333 877 2526 930 ancilla
2551 878 2706 931 etiam
2739 881 2927 936 nubilis
2965 895 3012 937 et
3037 897 3205 942 tamen
3233 895 3395 958 pretio
3413 911 3516 948 non

1943 963 2227 1032 redempta,
2278 981 2368 1018 nec
2399 964 2636 1020 libertate
2660 969 2854 1023 donata
2881 987 2898 1023 :
2933 975 3248 1042 vapulabunt
3281 983 3432 1036 ambo
3467 994 3514 1037 tt

1939 1071 2040 1108 non
2066 1055 2380 1119 morientur,
2427 1058 2549 1127 quia
2586 1075 2686 1112 non
2710 1059 2809 1128 fuit
2835 1061 3015 1116 libera.
3074 1065 3175 1120 Pro
3205 1071 3392 1127 delicto
3414 1091 3514 1126 au-

1937 1153 2037 1197 tem
2086 1161 2182 1197 suo
2212 1146 2393 1214 o/j'eret
2431 1146 2652 1200 Domino
2685 1149 2755 1200 ad
2785 1151 2972 1203 ostium
3012 1155 3335 1212 tabernaculi
3374 1167 3514 1216 testi-

1933 1234 2095 1287 monii
2134 1236 2388 1302 arietem;
2414 1237 2680 1306 orabitque
2721 1256 2814 1308 pro
2841 1258 2900 1294 eo
2925 1245 3169 1297 sacerdos
3214 1258 3262 1301 et
3294 1267 3388 1318 pro
3414 1253 3507 1308 de-

247 1346 374 1399 pura
421 1330 733 1383 vestimenta
781 1331 896 1400 ejus
927 1331 1136 1403 (Ibid.).
1167 1333 1275 1390 Nec
1327 1337 1470 1391 enim
1523 1339 1673 1393 utilia
1708 1357 1802 1394 sun

1931 1323 2052 1376 licto
2084 1325 2198 1393 ejus
2229 1340 2404 1378 coram
2430 1325 2672 1389 Domino,
2708 1338 2755 1381 et
2789 1333 3210 1400 repropitiabitur
3234 1338 3299 1399 ei,
3325 1339 3506 1392 dimit-

249 1420 596 1472 vestimcnta.
639 1417 846 1472 Bonum
887 1429 1066 1476 autem
1123 1423 1498 1479 indumentum
1549 1425 1684 1494 cjus,
1718 1429 1830 1484 sive

1929 1423 2164 1485 tcturque
2183 1426 2473 1484 peccatum.
2510 1415 2614 1487 (Ex
2644 1416 2948 1488 Hesychia.)
2983 1421 3250 1488 Quantum
3284 1426 3420 1480 inter
3447 1429 3512 1482 li-

248 1509 372 1564 υιίιε
398 1511 544 1565 dixit
573 1525 694 1565 esse
726 1513 1128 1579 vestimentum,
1157 1532 1326 1571 unum
1355 1518 1570 1586 quidem
1603 1521 1668 1575 de
1705 1521 1827 1576 [una
1925 1506 2192 1560 bertatem
2214 1515 2268 1561 et
2293 1507 2608 1561 servitutem
2637 1508 3170 1574 intersit,ostendere
3187 1529 3284 1583 per
3301 1532 3363 1569 ea
3381 1532 3497 1584 quae

247 1612 297 1656 et
324 1601 459 1656 lino.
501 1601 668 1655 Aliud
719 1610 902 1657 autem
932 1619 1124 1659 rursus
1168 1622 1233 1660 ex
1283 1606 1447 1678 bysso
1497 1617 1551 1664 et
1588 1625 1822 1679 purpura

1926 1612 2068 1650 nunc
2102 1597 2244 1651 dicta
2266 1605 2390 1652 sunt
2427 1596 2701 1667 legislator
2735 1600 2981 1654 intendit.
3035 1602 3168 1656 Nam
3213 1605 3266 1658 in
3289 1621 3350 1658 ea
3379 1622 3495 1676 qua:

243 1691 431 1745 ωηερε
462 1691 854 1761 intelligamus.
890 1691 995 1748 sed
1023 1695 1153 1764 quid
1193 1697 1296 1751 hoc
1320 1698 1390 1752 sit
1416 1697 1613 1754 paujus
1640 1711 1825 1770 aperte
1853 1703 1899 1760 Β
1929 1684 2095 1740 libera
2125 1695 2209 1741 est
2235 1688 2578 1757 desponsata,
2606 1689 2929 1744 adulterium
2957 1707 3076 1746 esse
3099 1692 3351 1750 delictum
3383 1697 3498 1766 ejus

242 1780 540 1835 Corinthiis
567 1781 762 1836 scribit
794 1800 808 1834 :
841 1781 964 1836 Non
990 1787 1202 1853 potestis
1244 1787 1456 1840 calicem
1495 1788 1704 1843 Domini
1743 1792 1820 1844 bi-

241 1869 350 1922 bere
390 1880 440 1923 et
489 1869 710 1923 calicem
754 1870 1151 1927 da’moniorum.
1203 1875 1324 1930 Non
1367 1879 1578 1947 potestis
1625 1895 1816 1935 mensis

240 1962 330 2016 Dei
353 1965 680 2033 participare
711 1973 759 2017 et
786 1981 976 2018 mensa:
1017 1965 1395 2021 dwmoniorum
1435 1983 1454 2020 .'
1481 1978 1534 2023 et
1578 1986 1768 2026 rursus
1797 1990 1810 2024 :

243 2052 336 2118 Qui
365 2055 422 2107 in
453 2054 567 2124 lege
581 2054 976 2125 justi/icamini,
1021 2073 1055 2109 a
1108 2059 1280 2126 gratia
1309 2059 1595 2113 excidistis.
1628 2060 1814 2131 Neque

239 2148 371 2202 enim
420 2147 668 2203 Judaicis
688 2148 1112 2212 seductionibus,
1159 2165 1260 2204 nec
1317 2151 1490 2206 errori
1530 2153 1811 2223 gentilium

239 2243 443 2302 oportet
502 2233 692 2290 ﬁdeles
741 2235 1103 2290 commisceri.
1155 2233 1406 2291 Iumenta
1443 2251 1594 2310 ergo,
1624 2239 1675 2294 id
1701 2247 1806 2304 est,

239 2323 523 2394 populares
546 2323 819 2389 homines,
868 2340 976 2380 non
1003 2326 1382 2396 permittamus
1407 2327 1630 2384 alterius
1649 2345 1814 2400 gene-

239 2415 308 2468 ris
330 2412 724 2477 animantibus,
759 2413 814 2467 id
835 2421 937 2479 est,
961 2430 1070 2470 non
1096 2417 1297 2472 sectari
1340 2417 1810 2475 circumcisionem

239 2514 290 2559 et
312 2504 601 2574 baptism,
626 2502 852 2558 alterius
881 2504 1026 2560 enim
1047 2505 1164 2576 jugi
1203 2515 1287 2561 est
1315 2507 1660 2564 circumcisio
1681 2524 1807 2579 gra-

245 2595 324 2647 vis
350 2604 403 2647 et
431 2591 807 2662 importabilis.
845 2593 920 2648 De
942 2609 1051 2663 quo
1079 2595 1214 2650 dixit
1233 2595 1428 2651 Petrus
1461 2615 1473 2650 :
1507 2597 1646 2662 Quid
1689 2609 1804 2652 ten-

239 2683 362 2735 tatis
390 2679 574 2744 Deum,
603 2683 1026 2753 superimponere
1045 2683 1233 2754 jugum
1258 2686 1312 2738 in
1345 2685 1625 2740 cervicibus
1650 2687 1808 2741 disci-

235 2772 490 2842 pulorum,
513 2771 650 2842 quod
681 2789 773 2825 nec
793 2782 966 2842 patres
992 2774 1178 2837 nostri,
1209 2790 1300 2828 nec
1343 2792 1434 2829 nos
1457 2786 1666 2844 portare
1702 2793 1798 2846 po-

233 2863 416 2916 tuimus
433 2863 462 2916 .9
484 2863 622 2935 (Act.
649 2862 766 2935 xv.)
790 2863 1029 2921 Alterius
1051 2872 1136 2920 est
1155 2873 1334 2922 autem
1359 2866 1626 2936 baptisma
1650 2867 1806 2922 Chri-

233 2949 356 3002 stiet
380 2948 517 3002 levis
537 2948 676 3017 jugi,
701 2951 849 3018 quod
875 2951 1030 3006 nobis
1045 2952 1292 3009 Christus
1314 2955 1594 3023 imposuit,
1620 2957 1805 3014 dicens

1919 1777 2010 1846 qui
2040 1793 2161 1831 cum
2207 1794 2271 1832 ea
2312 1779 2609 1835 fornicatus
2653 1789 2734 1835 est
2759 1783 2973 1847 asserit,
3005 1786 3298 1855 mortisque
3323 1801 3496 1857 putate

1919 1887 2040 1925 eum
2058 1859 2336 1940 suhjacere
2359 1876 2606 1930 sancivit.
2638 1875 2695 1928 In
2721 1876 2912 1930 ancilla
2936 1886 3112 1932 autem
3137 1879 3326 1944 nubili,
3357 1882 3500 1950 quod

1919 1959 2268 2032 Septuaginta
2303 1964 2588 2018 ediderunt
2610 2005 2624 2030 ,
2652 1966 2907 2020 custodita
2931 1967 3150 2031 homini,
3180 1969 3232 2024 id
3265 1979 3368 2034 est,
3401 1971 3496 2026 de-

1916 2053 2493 2121 sponsata,absolvens
2520 2068 2549 2106 a
2577 2068 2756 2122 ptena,
2781 2055 3101 2110 sacrificium
3125 2056 3278 2124 jubet
3300 2059 3496 2114 oll‘erre

1916 2154 2040 2194 eum
2067 2140 2158 2208 qui
2199 2141 2253 2194 in
2284 2156 2403 2196 eam
2433 2144 2697 2212 peccavit,
2748 2159 2812 2197 ex
2843 2143 2946 2198 hac
2969 2146 3203 2200 sensibili
3232 2149 3495 2204 servitute

1916 2230 2306 2301 intelligihilem
2326 2231 2511 2286 volens
2535 2234 2838 2289 ostendere.
2864 2235 3049 2306 Neque
3070 2239 3212 2293 enim
3240 2243 3494 2311 praecepit

1913 2320 1967 2375 in
1991 2321 2213 2376 ancillas
2229 2321 2514 2391 quaslibet,
2543 2332 2746 2392 quanto
2773 2326 2944 2396 magis
2965 2327 3333 2396 desponsatas,
3359 2331 3492 2386 deli-

1914 2423 2060 2468 ctum
2077 2412 2454 2468 fornicationis
2474 2415 2706 2481 admitti,
2735 2417 2827 2470 sed
2842 2417 3088 2472 ancillam
3109 2419 3488 2490 desponsatam

1915 2504 2030 2560 sive
2054 2504 2384 2559 custoditam
2410 2503 2636 2569 homini,
2657 2502 2960 2560 Iudaeorum
2983 2507 3109 2561 dicit
3127 2507 3488 2580 Synagogam,

1912 2613 2032 2667 qua:
2062 2595 2165 2668 legi
2204 2597 2471 2652 custodita
2497 2605 2599 2660 est,
2637 2612 2738 2652 nec
2777 2597 3036 2667 despondi
3063 2598 3280 2654 Christo
3312 2603 3489 2670 prius-

1911 2705 2074 2760 quam
2090 2699 2412 2753 moreretur,
2439 2688 2572 2761 legis
2591 2689 2764 2743 littera
2788 2699 3017 2759 poterat.
3045 2689 3196 2746 Unde
3211 2703 3263 2746 et
3287 2692 3486 2748 Paulus

1910 2779 2161 2833 dicebat:
2202 2778 2365 2848 Ergo,
2417 2778 2626 2847 fratres,
2677 2787 2723 2832 et
2758 2795 2842 2832 vos
2870 2779 3062 2832 mortui
3111 2782 3232 2834 estis
3267 2781 3367 2850 legi
3395 2799 3491 2851 per

1909 2885 2096 2937 corpus
2125 2867 2340 2933 Christi,
2371 2878 2422 2920 ut
2454 2868 2567 2921 sitis
2597 2867 2813 2921 alterius
2846 2869 2933 2938 qui
2965 2886 3028 2922 ex
3051 2871 3266 2923 mortuis
3313 2889 3485 2925 resur-

1913 2957 2043 3010 rea'it
2069 2956 2246 3025 (Rom.
2273 2957 2392 3020 vn).
2419 2956 2532 3025 Ipse
2559 2966 2736 3010 autem
2759 2959 3008 3011 ancillam
3036 2974 3155 3014 esse
3175 2959 3483 3016 Judaeorum

235 3035 559 3108 (Hall/LXI):
589 3037 973 3112 Totlitejugum
993 3059 1182 3109 meum,
1208 3052 1313 3098 etc.
1333 3043 1644 3117 Et:Jugum
1665 3051 1802 3102 enim
1830 3047 1874 3109 C
1914 3046 2254 3118 Synagogam
2299 3047 2412 3101 hzec
2442 3047 2626 3101 dicens
2651 3047 2850 3111 docuit,
2895 3049 3018 3117 quia
3039 3049 3302 3104 Abraham
3345 3052 3480 3105 duos

237 3147 388 3182 meum
419 3148 585 3184 suave
609 3139 706 3198 est,
729 3143 776 3184 et
805 3149 933 3186 onus
971 3149 1139 3187 meum
1165 3135 1292 3190 leve.
1326 3135 1433 3191 Sed
1462 3153 1558 3192 nec
1588 3141 1799 3197 vineam

231 3219 330 3274 sive
375 3235 573 3290 agrum
606 3219 874 3274 creditum
904 3219 1060 3273 nobis
1101 3221 1254 3274 vario
1311 3236 1495 3276 serere
1539 3222 1796 3278 debemus

230 3311 440 3376 semine,
465 3318 529 3365 ut
557 3325 662 3364 non
686 3309 961 3364 contraria
989 3310 1186 3364 divinis
1208 3310 1467 3366 doctrinis
1497 3312 1794 3368 Ecclesium

230 3401 536 3468 doceamus;
563 3399 1017 3471 quemadmodum
1040 3416 1204 3471 prava
1239 3403 1511 3471 sapientes
1552 3403 1794 3458 hmretici

229 3490 427 3546 Christo
462 3492 684 3560 nuptias
712 3505 810 3560 per
835 3505 986 3545 suam
1042 3493 1386 3560 praesentiam
1440 3493 1794 3550 benedicente

226 3592 370 3651 atque
403 3584 639 3648 dicente,
671 3581 788 3636 Non
817 3598 882 3637 ea
917 3598 1039 3651 quae
1064 3583 1443 3652 ingrediuntur
1473 3596 1670 3642 nocent
1695 3587 1792 3640 ho-

225 3673 357 3739 mini,
389 3673 722 3744 prohibentes
764 3673 976 3738 nubere,
1001 3683 1049 3727 et
1081 3675 1436 3744 prwcipientes
1475 3676 1731 3729 abstinere
1759 3694 1793 3730 a

222 3765 332 3819 cibis
358 3783 482 3835 qui:
500 3765 641 3819 Deus
659 3765 850 3819 creavit
871 3766 944 3819 eis
969 3763 1021 3836 (I
1066 3763 1198 3817 Tim.
1227 3765 1326 3836 tv),
1359 3766 1574 3820 sibimet
1603 3767 1792 3836 impie-

223 3857 334 3911 tatis
353 3865 669 3927 praeparant
703 3865 960 3911 mortem.
1019 3856 1076 3910 In
1103 3858 1297 3926 quibus
1354 3858 1661 3912 necessario
1706 3871 1791 3912 se-

218 3951 446 4004 cundum
494 3949 848 4020 Septuaginta
897 3949 1155 4015 subdidit,
1211 3949 1322 4020 Ego
1365 3967 1482 4004 sum
1531 3949 1788 4005 Dominus

219 4037 343 4093 Deus
369 4049 564 4103 uester,
584 4041 654 4095 ab
679 4041 826 4095 omni
853 4055 951 4095 nos
973 4040 1282 4110 hujusmodi
1307 4042 1646 4098 continentes
1666 4057 1788 4098 esse

217 4129 421 4184 malitia
449 4130 700 4199 cupiens;
723 4138 779 4185 et
806 4131 898 4200 qui
928 4146 1026 4200 per
1053 4130 1400 4202 Evangelium
1431 4131 1575 4186 dixit
1599 4132 1665 4186 ad
1694 4146 1789 4186 eos

217 4219 296 4286 qui
341 4221 492 4274 male
534 4221 704 4290 legem
734 4228 790 4275 et
815 4221 883 4274 ad
909 4236 1066 4275 suam
1107 4220 1439 4275 voluntatem
1473 4222 1784 4292 accipiunt:

219 4309 388 4365 Nolite
407 4312 646 4381 judicare
665 4311 950 4366 secundum
971 4313 1180 4382 faciem,
1195 4313 1284 4366 sed
1295 4312 1503 4382 justum
1522 4313 1784 4382 judicium

1899 3139 2038 3209 ﬁlios
2071 3139 2274 3202 habuit,
2314 3155 2475 3191 unum
2505 3154 2568 3190 ea:
2595 3137 2789 3190 ancilla
2815 3146 2863 3190 et
2889 3155 3051 3191 unum
3077 3140 3140 3192 de
3169 3141 3331 3194 libera
3357 3142 3481 3211 (Ga-

1899 3232 1994 3286 lat.
2028 3230 2124 3303 1v).
2157 3230 2362 3284 Deinde
2403 3243 2563 3298 quam
2593 3228 2762 3282 voluit
2806 3229 3054 3284 ancillam
3110 3231 3354 3303 intelligi,
3383 3250 3478 3287 cx-

1897 3335 2105 3391 ponens
2127 3320 2394 3374 subdidit:
2418 3318 2547 3382 Qua:
2562 3328 2681 3372 sunt
2712 3334 2803 3386 per
2827 3317 3130 3388 allegoriam
3155 3320 3314 3373 dicta.
3349 3321 3477 3376 lla'c

1895 3412 2033 3466 enim
2080 3420 2200 3466 sunt
2238 3411 2342 3463 duo
2373 3409 2719 3473 Testamenta,
2747 3426 2909 3463 unum
2942 3411 3149 3480 quidem
3201 3430 3265 3467 ex
3305 3426 3478 3468 monte

1895 3503 2048 3568 Sina,
2102 3504 2156 3556 in
2181 3503 2473 3556 servitutem
2499 3516 2773 3569 generatis,
2803 3518 2917 3571 qua!
2937 3513 3011 3556 est
3036 3503 3196 3572 Agar.
3229 3503 3354 3557 Sina
3381 3523 3475 3558 au-

1894 3604 1995 3646 tem
2033 3610 2178 3646 mons
2212 3601 2286 3644 est
2331 3593 2384 3644 in
2423 3591 2618 3644 Arabia
2655 3591 2961 3658 conjunctus
2989 3593 3038 3643 ei
3075 3609 3190 3660 qua'
3217 3610 3352 3646 nime
3398 3601 3475 3647 est

1898 3681 2234 3736 Hierusalem
2257 3697 2372 3752 qua:
2392 3680 2543 3734 servi:
2570 3679 2777 3750 (lbid.).
2813 3680 2944 3732 Cum
2969 3682 3069 3733 hac
3103 3697 3233 3750 ergo
3285 3685 3325 3737 si
3351 3687 3473 3750 quis

1893 3771 2173 3826 dormierit
2215 3770 2361 3824 coitu
2399 3767 2640 3830 seminis,
2670 3767 2721 3820 id
2756 3777 2858 3833 est,
2891 3770 2981 3838 qui
3015 3769 3173 3836 hujus
3199 3773 3470 3840 particeps

1889 3860 2111 3916 effectus
2141 3857 2596 3920 fueritdoclriutn,
2624 3856 2676 3909 in
2717 3865 2925 3910 tantum
2955 3866 3013 3911 ut
3043 3857 3398 3930 conjungatnr
3419 3863 3468 3916 ei

1890 3961 1943 4006 et
1966 3961 2118 4006 coeat
2145 3966 2266 4005 cum
2298 3966 2382 4012 ea,
2424 3965 2519 4020 per
2547 3949 2678 4020 legis
2702 3948 2948 4003 videlicet
2977 3953 3461 4013 conversationem.

1889 4043 2054 4109 Quasi
2078 4057 2240 4095 unum
2267 4043 2607 4110 reperiuntur
2626 4043 2679 4096 1ιί
2708 4041 2797 4110 qui
2828 4041 2928 4095 sibi
2952 4042 3215 4112 conjngali
3247 4060 3468 4097 consor-

1889 4134 1964 4186 tio
2028 4132 2318 4186 sociantur.
2361 4130 2558 4186 Semen
2587 4143 2763 4186 autem
2801 4133 2854 4185 in
2877 4133 3137 4186 doctorali
3163 4135 3327 4187 verbo
3373 4151 3465 4187 ac-

1889 4222 1995 4290 cipi
2017 4221 2211 4275 debere
2235 4220 2602 4290 multipliciter
2629 4222 2680 4274 in
2703 4221 2804 4274 hoc
2821 4221 3058 4275 Levitic’o
3085 4222 3222 4274 libro
3248 4223 3458 4289 pridem

1889 4309 2396 4364 demonstravimus.
2423 4308 2738 4378 Quicunque
2765 4323 2893 4378 ergo
2911 4310 3025 4363 hmc
3050 4318 3336 4378 antequam
3367 4326 3465 4378 per

216 4401 376 4464 iudica
391 4412 443 4454 te
481 4401 659 4472 (Joan.
711 4400 827 4473 vn).
861 4402 1253 4457 Vestimenturn
1294 4411 1475 4456 autem
1501 4404 1786 4457 abomina-
1809 4397 1862 4458 D
1887 4402 2174 4455 adventum
2201 4399 2403 4454 Christi
2434 4400 2755 4453 liberaretur
2783 4398 3012 4463 fecerat,
3032 4409 3180 4455 recte
3213 4417 3317 4454 non
3347 4417 3463 4455 mo-

213 4489 308 4546 bile
358 4507 436 4546 ex
465 4492 672 4545 duobus
719 4499 1034 4546 contextum
1077 4491 1338 4556 induitur,
1395 4492 1488 4560 qui
1540 4492 1677 4546 dicit
1724 4507 1783 4547 se

216 4581 482 4637 Christum
525 4582 754 4636 adorare
802 4590 857 4636 et
908 4582 1099 4636 adorat
1147 4582 1439 4645 daemones,
1498 4582 1589 4651 qui
1642 4581 1784 4637 Solis

212 4669 426 4738 justitize
453 4686 512 4725 se
543 4686 796 4726 asserens
840 4670 1085 4733 militem,
1119 4670 1281 4724 etiam
1330 4670 1596 4724 visibilem
1637 4671 1783 4725 hunc

216 4775 264 4816 et
305 4763 397 4832 qui
447 4763 516 4816 ad
568 4761 928 4816 ministerium
974 4769 1238 4814 creatura:
1280 4759 1440 4814 datus
1478 4768 1581 4824 est,
1613 4759 1780 4814 solem

216 4853 402 4920 placat,
462 4852 545 4907 vel
595 4851 800 4920 reliqua
855 4850 1034 4905 sidera
1064 4861 1158 4904 aut
1209 4850 1411 4919 aliquid
1442 4847 1775 4918 hujusmodi,

217 4944 346 4996 sicut
385 4942 665 4998 Manicbtei
695 4947 751 4994 et
779 4940 870 4994 alii
897 4940 1050 4994 multi
1098 4940 1342 4994 hzeretici
1390 4939 1614 4994 faciunt.
1658 4937 1778 4992 Non

216 5034 320 5090 vult
342 5035 486 5091 enim
514 5049 612 5088 nos
637 5047 760 5088 cum
791 5031 961 5086 simus
983 5031 1102 5097 Dei,
1157 5031 1438 5086 diabolicis
1485 5029 1775 5084 immisceri

215 5129 453 5198 negotiis,
478 5141 652 5196 neque
691 5125 851 5180 simul
874 5124 1210 5179 orationibus
1232 5131 1287 5180 et
1312 5123 1774 5178 incantationibus

212 5231 414 5284 vacare,
442 5231 541 5272 nec
565 5214 916 5286 pbylacteriis
946 5213 1200 5268 Ecclesiae
1225 5213 1318 5267 Dei
1346 5221 1773 5280 sanctorumque

210 5309 443 5366 virorum
469 5307 552 5362 vel
581 5321 610 5360 e
636 5304 854 5360 diverso
882 5319 1172 5374 pravorum
1214 5302 1580 5358 veneﬁcarum
1607 5300 1769 5355 simul

212 5399 376 5464 indui,
389 5407 442 5454 et
457 5413 521 5454 ea
543 5411 664 5466 quae
689 5403 816 5450 sunt
835 5395 1138 5449 dtemonum
1152 5393 1559 5448 circumducere
1581 5399 1772 5446 sancto

214 5490 448 5560 Spiritui,
478 5491 531 5546 in
551 5504 678 5559 quo,
699 5487 775 5540 ait
789 5486 1009 5552 Paulus,
1035 5485 1232 5556 signati
1255 5499 1442 5540 sumus
1467 5483 1681 5555 (Ephes.
1703 5481 1766 5554 ι).

216 5581 431 5636 Recedit
471 5580 640 5648 enim,
670 5587 729 5632 ut
775 5587 899 5647 pote
943 5591 1230 5646 perpessus
1277 5573 1684 5641 contumeliam,
1713 5583 1770 5630 et

1887 4491 2145 4545 riebatur.
2180 4487 2314 4542 Nam
2339 4489 2440 4543 etsi
2472 4489 2764 4545 secundum
2791 4490 3024 4544 litteram
3051 4502 3104 4544 et
3134 4506 3236 4544 non
3267 4506 3460 4545 secun-

1887 4583 2014 4637 dum
2038 4583 2286 4652 spiritum
2325 4581 2495 4651 legem
2526 4581 2844 4650 accipiebat,
2883 4583 3332 4652 quemadmodum
3363 4581 3458 4636 Ju-

1887 4674 2127 4729 dasorum
2172 4671 2332 4726 docet
2359 4672 2665 4742 Synagoga,
2713 4673 2854 4726 unde
2883 4682 2936 4727 et
2967 4671 3158 4727 ancilla
3180 4670 3326 4739 juste
3363 4689 3462 4728 no-

1881 4767 2140 4831 minatur,
2193 4765 2317 4834 quia
2365 4764 2684 4832 legislatoris
2731 4764 3085 4818 intentionem
3134 4763 3452 4834 ignorabat;

1885 4871 2074 4911 servus
2093 4864 2297 4919 autem,
2329 4855 2466 4909 sicut
2490 4853 2900 4918 dicitChristus,
2928 4855 3102 4910 nescit
3121 4855 3280 4910 volun
3291 4865 3455 4912 tatem

1883 4945 2085 5000 domini
2117 4946 2220 5010 sui,
2266 4953 2320 4998 et
2347 4955 2632 5014 pr0pterea
2670 4945 2983 5013 delinquere
3014 4945 3316 5010 dicebatur,
3363 4962 3455 5002 re-

1883 5035 2302 5103 missionemque
2322 5035 2685 5088 necessariam
2701 5034 2948 5100 habebat,
2969 5035 3092 5104 quia
3116 5035 3455 5090 Dominicum

1882 5133 2208 5194 prteccptum
2245 5139 2352 5178 non
2391 5123 2683 5178 secundum
2720 5123 3054 5178 Dominicam
3081 5125 3333 5179 studebat
3359 5138 3454 5176 νο-

1882 5212 2161 5268 luntatem.
2189 5213 2570 5267 Verumtamen
2595 5213 2718 5282 quia
2741 5229 2848 5267 non
2873 5214 3049 5268 adhuc
3069 5222 3186 5268 erat
3207 5213 3450 5276 liberata,

1879 5311 1936 5357 et
1967 5310 2249 5372 pmpterea
2283 5301 2494 5356 occulta
2519 5310 2638 5356 erat
2683 5301 2812 5368 legis
2856 5301 3254 5370 contemplatio,
3311 5297 3450 5352 unde

1879 5403 1936 5449 et
1969 5403 2179 5460 tempus
2199 5392 2483 5446 videbatur
2509 5391 2708 5445 habere
2737 5393 3075 5447 conversatio
3105 5391 3315 5449 litterae,
3347 5400 3448 5442 nec

1879 5485 2040 5540 morti
2080 5482 2268 5552 subjici
2292 5483 2562 5546 dicuntur,
2600 5489 2654 5535 et
2683 5480 3044 5536 visitationem
3071 5479 3149 5532 eis
3176 5474 3441 5544 promisit.

1879 5572 2012 5628 Nam
2050 5572 2192 5645 quod
2227 5580 2410 5627 nostra
2457 5569 2736 5626 translatio
2782 5569 2943 5626 habet
2978 5563 3234 5635 Vapulant
3265 5561 3443 5626 ambo;
