3918 6180
493 265 593 324 155

1126 255 1192 311 Β.
1231 250 1491 309 RABANI
1527 249 1747 307 MAURI
1787 244 2109 304 ARCHIEP.
2152 240 2464 301 MOGUNT.
2504 236 2790 332 DPERUM
2830 237 3010 293 PARS
3045 236 3085 292 Ι.
3596 245 3680 303 455

489 367 839 443 Septuaginta
883 364 1091 430 dicunt,
1132 362 1378 417 Visitatio
1404 359 1500 415 erit
1522 359 1598 413 eis
1643 368 1690 412 et
1727 374 1830 412 non
1852 357 2080 411 morien-
2107 362 2155 421 Α
2184 355 2388 418 ﬁcium,
2407 368 2512 407 non
2536 352 2679 407 aliud
2692 352 2967 422 quidpiam
2988 348 3309 419 huiusmodi,
3331 351 3476 423 quale
3491 356 3689 420 alioloco

490 477 595 519 tur.
624 458 1004 515 Visitationem
1039 462 1223 509 autem
1244 452 1326 506 eis
1352 450 1622 521 promisit,
1654 449 1709 504 id
1732 457 1837 513 cst,
1872 463 1902 501 a
1938 447 2072 517 legis

489 552 750 609 servitute
773 548 1100 602 libertatem.
1127 542 1242 597 Mos
1262 541 1407 596 enim
1431 549 1516 595 est
1539 538 1735 594 divina:
1758 538 2073 608 Scripturte,

491 643 795 697 libertatem
818 624 1505 700 visitationem'appellare.
1537 627 1673 682 Nam
1702 636 1758 683 et
1795 626 2077 682 liberatio-

492 744 615 784 nem
631 726 908 781 servitutis
928 721 1169 793 Egypti,
1191 719 1559 774 visitationem
1580 717 1883 771 invenimus
1907 715 2077 769 Deum

493 818 884 880 nominantem,
918 813 1131 883 quando
1170 811 1238 865 ad
1280 809 1500 880 Moysen
1536 808 1750 862 dicebat
1794 805 2080 862 :Convoca

493 910 722 965 seniores
767 906 997 976 ﬁliorum
1039 900 1232 967 Israel,
1284 910 1333 955 et
1379 900 1522 953 dices
1559 898 1629 951 ad
1655 914 1744 953 eos
1775 915 1790 950 :
1821 896 2079 951 Dominus

495 1000 638 1054 Deus
677 1006 887 1067 patrum
938 1004 1226 1048 vestrorum
1268 989 1511 1061 apparuit
1531 988 1680 1054 mihi,
1732 987 1876 1041 Deus
1916 986 2085 1040 Abra-

496 1091 638 1153 ham,
665 1098 713 1143 et
742 1089 882 1141 Deus
914 1086 1088 1149 Isaac,
1132 1094 1178 1137 et
1195 1082 1336 1136 Deus
1360 1080 1549 1146 Jacob,
1589 1079 1765 1134 dicens
1793 1094 1811 1132 :
1858 1076 2083 1131 Visitans

497 1181 697 1236 risitavi
724 1196 812 1234 vos
840 1177 1036 1241 (Exod.
1080 1175 1187 1247 ιιι).
1220 1173 1326 1230 Sed
1356 1173 1482 1243 quia
1534 1171 1692 1242 primi
1729 1170 1897 1225 Judtei
1942 1170 2085 1224 hanc

498 1271 725 1325 salutem
756 1276 811 1323 et
838 1267 1235 1330 liberationem,
1295 1273 1356 1319 ut
1388 1272 1516 1334 pote
1565 1263 1728 1317 etiam
1756 1262 1890 1316 alios
1922 1261 2085 1315 scdu-

498 1369 702 1425 centcs,
739 1358 1010 1414 habebant
1033 1356 1426 1420 necessariam,
1472 1344 1595 1408 cum
1624 1353 1712 1409 his
1746 1354 1836 1422 qui
1867 1352 2082 1416 dormit,

503 1450 555 1505 id
591 1457 695 1515 est,
738 1448 832 1518 qui
871 1448 1149 1510 miscetur,
1177 1452 1237 1499 ut
1262 1443 1486 1499 seminis
1518 1457 1707 1497 eorum
1751 1450 1807 1496 et
1828 1440 2088 1496 doctrina:

500 1542 772 1611 particeps
803 1538 1087 1602 cﬁiciatur,
1130 1536 1257 1592 huic
1306 1550 1403 1607 per
1429 1533 1757 1590 sacrificium
1796 1540 2089 1603 praestatur

503 1632 776 1694 remissio,
827 1631 921 1686 sed
951 1644 1050 1699 per
1068 1627 1307 1683 Christi:
1343 1628 1447 1681 hoc
1477 1626 1620 1679 enim
1650 1622 1973 1679 sacriﬁcium
2016 1622 2089 1676 si-

2179 450 2265 504 lex
2306 450 2373 504 ad
2412 449 2644 503 litteram
2687 448 2961 517 pnecepit.
2994 446 3133 517 Ergo
3161 456 3314 502 vacat
3341 454 3613 509 necessario
3637 460 3690 512 ad

2178 539 2691 608 contemplationem
2725 537 2950 608 Spiritus
2983 551 3105 591 eum
3133 537 3223 606 qui
3248 553 3349 593 non
3379 541 3533 596 solum
3556 548 3693 601 medi-

2183 632 2287 685 tari
2316 631 2513 700 legem,
2549 631 2643 685 sed
2667 639 2723 684 et
2761 630 2976 700 aliquod
3004 645 3073 684 ex
3103 645 3166 685 ea
3209 632 3473 702 percipere
3501 651 3695 694 commo-

2180 719 2309 773 dum
2331 720 2498 789 cupit.
2530 719 2755 774 Terram
2790 734 2920 788 ergo
2945 718 3088 774 Deus
3113 720 3222 785 dat,
3250 736 3404 790 quam
3428 722 3577 793 ipsum
3595 728 3696 785 dare

2182 810 2357 875 decet,
2412 810 2468 863 id
2511 817 2617 873 est,
2668 808 2907 863 divinam
2942 806 3278 878 Scripturam
3329 827 3443 881 quae
3482 815 3694 870 virtutum

2183 900 2392 955 fructus
2422 899 2579 966 ferat,
2620 915 2739 970 quae
2780 901 2943 955 habet
2971 899 3115 954 illam
3139 903 3327 965 vitam,
3371 910 3425 956 et
3464 903 3577 958 colit
3610 906 3695 960 sive

2182 1000 2460 1059 operatur,
2501 1004 2665 1059 quam
2694 989 2862 1044 David
2906 988 3085 1044 colere
3125 997 3181 1045 ct
3208 991 3413 1059 operari
3460 993 3697 1060 promittit.

2187 1077 2290 1134 Ubi
2314 1080 2459 1132 enim
2491 1081 2602 1133 Deo
2630 1079 2844 1148 placere
2861 1079 3034 1151 magis
3047 1079 3206 1133 homo
3234 1095 3390 1148 quam
3411 1080 3462 1134 in
3480 1084 3702 1139 mandatis

2185 1179 2242 1224 et
2270 1171 2526 1241 operibus
2551 1171 2709 1227 bonis
2728 1172 2942 1240 potest?
2964 1172 3056 1226 Ait
3075 1172 3217 1227 enim
3243 1191 3256 1227 :
3283 1172 3490 1228 Placebo
3521 1175 3700 1230 bonum

2189 1263 2242 1316 in
2272 1265 2480 1333 regione
2513 1263 2746 1317 vivorum
2791 1262 2961 1334 (Psal.
2984 1264 3150 1334 cxrv).
3201 1265 3276 1319 De
3304 1266 3486 1335 quibus
3512 1268 3611 1337 ipse
3643 1270 3701 1325 di-

2189 1354 2266 1408 cit
2294 1369 2309 1409 :
2337 1353 2443 1419 Qui
2469 1368 2599 1408 vero
2632 1364 2929 1424 exspectant
2961 1354 3242 1409 Dominum
3274 1356 3556 1411 hazreditate
3580 1357 3703 1427 possi-

2187 1443 2381 1498 debunt
2408 1454 2601 1498 terram
2651 1441 2823 1514 (Psal.
2852 1444 3059 1515 xxxvi).
3110 1443 3458 1500 Possidcbunt
3480 1448 3602 1502 enim
3622 1447 3709 1519 ple-

2189 1549 2315 1588 nam
2339 1534 2432 1588 Dei
2458 1534 2649 1603 spiritu
2680 1533 3039 1604 Scripturam,
3064 1542 3251 1605 etquae
3272 1551 3336 1590 ex
3354 1550 3414 1590 ea
3440 1547 3552 1592 sunt
3574 1539 3705 1608 bona,

2191 1640 2311 1693 qure
2347 1624 2514 1679 Deum
2551 1633 2893 1694 exspectans,
2924 1627 3300 1680 mandatorum
3329 1642 3443 1696 qua:
3465 1629 3513 1682 in
3535 1645 3588 1683 ea
3608 1647 3706 1686 eon-

502 1720 783 1792 guiﬁcans,
801 1720 1027 1775 arietem
1051 1733 1149 1789 pro
1171 1725 1395 1787 peccato
1417 1715 1673 1787 praecepit
1698 1714 1902 1777 oﬁ'erri,
1921 1722 1975 1768 et
1994 1726 2090 1782 per
2118 1716 2165 1774 B
2194 1714 2435 1768 tinentur
2473 1713 2882 1768 retributionem
2926 1715 3214 1782 promittit.
3260 1713 3404 1771 Hanc
3449 1726 3620 1772 terram
3647 1720 3708 1774 in-

501 1811 620 1881 ejus
649 1810 974 1866 oblationem
1000 1809 1341 1864 sacerdotem
1371 1806 1673 1876 deprecari.
1719 1805 1851 1873 Quis
1875 1813 1958 1860 est
1994 1820 2089 1859 au-

506 1911 614 1956 tem
641 1903 726 1956 hic
749 1902 841 1971 qui
867 1902 1040 1972 primo
1064 1900 1305 1955 omnium
1329 1900 1532 1954 mundo
1562 1897 1886 1969 deprecatus
1906 1906 2009 1963 est,
2037 1906 2093 1953 et

504 1994 628 2062 quis
652 1993 795 2047 aries
818 1993 908 2061 qui
934 2008 1033 2062 pro
1051 1999 1273 2061 peccato
1295 1989 1538 2052 offertur,
1564 1997 1731 2044 etcur
1744 1996 1871 2043 ante
1892 1989 2091 2043 ostium

505 2086 838 2141 tabernaculi
871 2085 1165 2140 testimonii
1195 2085 1263 2139 ad
1291 2082 1619 2138 sacriﬁcium
1649 2081 1965 2145 deducatur,
1997 2080 2093 2135 sed

508 2187 565 2231 et
594 2177 686 2246 qui
741 2176 959 2247 proprie
994 2176 1154 2231 debet
1185 2175 1407 2246 intelligi
1435 2183 1718 2244 peccatum
1760 2173 1987 2228 delicti?
2014 2171 2091 2227 Ea

505 2283 625 2336 quae
655 2267 721 2322 de
752 2268 1036 2322 sacriliciis
1060 2267 1188 2322 olim
1229 2266 1434 2322 sancite
1467 2273 1591 2321 sunt
1615 2274 1669 2320 et
1694 2265 1936 2335 exposita
1975 2279 2094 2333 per-

505 2337 781 2421 scruians,
812 2357 1056 2412 invenies
1082 2356 1356 2411 Christum
1398 2356 1452 2410 in
1481 2355 1561 2409 eis
1598 2354 1744 2409 velut
1774 2354 1829 2408 in
1860 2353 2095 2424 imagine

509 2445 818 2516 ﬁguratum,
846 2447 937 2517 qui
965 2462 1061 2516 per
1087 2462 1306 2501 crucem
1333 2446 1644 2501 immolatus
1676 2461 1799 2501 cum
1830 2445 1951 2499 aliis
1974 2460 2092 2500 om-

508 2534 666 2589 nibus
701 2536 957 2603 peccatis,
1009 2535 1173 2589 etiam
1211 2535 1317 2590 hoc
1347 2535 1553 2606 ignovit
1599 2535 1741 2604 quod
1786 2533 2094 2591 Iudaeorum

509 2625 784 2682 commisit
817 2625 1067 2697 populus,
1096 2633 1150 2681 et
1179 2627 1227 2681 is
1259 2632 1352 2696 qui
1379 2635 1499 2682 erat
1518 2627 1567 2682 ei
1596 2628 1796 2683 mixtus
1824 2643 1889 2683 ex
1921 2628 2094 2696 genti-

508 2718 632 2785 bus,
680 2718 960 2789 quietiam
990 2719 1226 2773 dormire
1254 2734 1376 2775 cum
1403 2719 1483 2775 eis
1518 2719 1718 2774 dicitur
1739 2759 1754 2784 ,
1785 2718 1957 2790 legem
1988 2734 2096 2775 non

514 2809 818 2865 secundum
851 2808 1204 2862 intentionem
1235 2808 1562 2879 legislatoris
1587 2809 1921 2880 accipiendo.
1970 2808 2098 2865 Hice

509 2909 689 2956 autem
714 2916 820 2956 non
845 2900 1148 2970 importune
1172 2900 1226 2954 in
1254 2900 1358 2955 hoc
1384 2900 1525 2967 loco,
1551 2900 1647 2957 sed
1671 2902 1779 2957 imo
1807 2901 1969 2957 nimis
2000 2917 2098 2972 op-

506 3000 739 3061 portuno
765 2997 1022 3062 tempore,
1039 3006 1145 3062 quo
1172 2991 1418 3060 jumenta
1442 3008 1548 3048 non
1574 2999 1851 3062 oporteret
1872 2994 2096 3049 alterius

2192 1805 2344 1874 gredi
2373 1804 2591 1873 quidem
2617 1802 2709 1857 ﬁlii
2737 1802 3046 1858 Judzeorum
3086 1805 3337 1875 praecepti
3359 1816 3492 1872 sunt,
3523 1817 3710 1863 etaccc-

2189 1902 2389 1962 perunt
2420 1894 2646 1963 priores.

2262 1983 2429 2038 Primi
2476 1985 2621 2038 enim
2665 1998 2850 2040 sacras
2898 1994 3257 2056 susceperunt
3283 1985 3500 2051 litteras,
3535 1995 3712 2057 propter

2192 2076 2335 2145 quod
2378 2081 2433 2129 et
2467 2074 2690 2145 lignum,
2732 2075 2877 2145 quod
2914 2075 3000 2130 edi
3040 2084 3239 2146 potest,
3280 2078 3333 2132 id
3361 2086 3461 2144 est,
3506 2078 3713 2133 mandata

2192 2180 2312 2235 qua:
2336 2165 2590 2232 diximus,
2618 2165 2862 2235 plantare
2876 2164 3016 2234 jussi
3045 2176 3196 2234 sunt,
3227 2168 3282 2223 hi
3302 2169 3505 2238 quidem
3524 2183 3605 2223 eas
3628 2183 3714 2222 me-

2193 2254 2447 2320 ditantes,
2480 2254 2536 2308 hi
2566 2263 2745 2308 autem
2779 2263 2833 2310 et
2857 2255 3239 2325 praedicantes.
3280 2257 3411 2325 Quia
3437 2258 3566 2312 enim
3591 2257 3712 2328 plan-

2194 2347 2383 2401 rationi
2411 2345 2680 2416 lignorum
2705 2344 2983 2400 meditatio
3007 2344 3142 2417 legis
3162 2356 3220 2402 et
3249 2347 3560 2418 praedicatio,
3590 2361 3714 2417 prop-

2194 2451 2279 2495 ter
2301 2456 2422 2496 cum
2447 2441 2746 2511 profectum
2774 2440 2864 2511 qui
2882 2456 2978 2511 per
3001 2452 3189 2511 partes
3214 2442 3471 2513 provenit,
3500 2438 3715 2495 assimila—

2194 2546 2301 2600 tur,
2325 2536 2449 2590 audi
2467 2536 2632 2591 David
2663 2535 2931 2590 dicentem
2958 2554 2970 2589 :
3001 2535 3068 2591 Et
3094 2537 3148 2589 in
3175 2535 3286 2607 lege
3306 2536 3416 2606 ejus
3436 2532 3716 2588 meditabitur

2193 2628 2275 2682 die
2303 2644 2366 2683 ac
2387 2637 2551 2694 nocte,
2596 2636 2644 2681 et
2671 2627 2768 2681 erit
2792 2636 3043 2699 tanquam
3069 2626 3273 2698 lignum
3313 2625 3446 2697 quod
3468 2623 3712 2694 plantatutn

2193 2727 2267 2772 est
2308 2736 2457 2774 secus
2485 2718 2737 2773 decursus
2781 2733 3037 2788 aquarum
3062 2716 3239 2789 (Psal.
3265 2715 3325 2788 ι).
3357 2714 3539 2769 Paulus
3572 2718 3713 2765 autem

2193 2808 2260 2862 de
2284 2807 2662 2878 praedicatione
2686 2821 2849 2877 quam
2868 2805 3180 2875 praedicavit
3201 2804 3485 2861 Corinthiis
3508 2799 3712 2870 scripsit:

2198 2896 2313 2968 Ego
2344 2897 2596 2969 plantavi,
2620 2895 2805 2968 Apollo
2858 2896 3064 2968 rigavit,
3106 2896 3202 2950 sed
3230 2895 3369 2950 Deus
3406 2895 3717 2948 incrementum

2198 2987 2341 3041 dedit
2387 2986 2440 3057 (l
2468 2985 2591 3041 Cor.
2620 2988 2725 3058 ιιι).
2771 2985 2879 3041 Sed
2907 2986 3163 3041 mandata
3195 2985 3409 3056 quidem
3447 2983 3570 3038 bona
3593 2977 3717 3034 nimis

511 3057 726 3154 generis
736 3057 999 3150 iumentis
1016 3057 1288 3153 conjungi,
1322 3083 1375 3137 id
1403 3090 1505 3146 est,
1533 3057 1642 3138 non
1669 3082 1856 3137 liceret
1881 3098 1975 3137 eos
2005 3084 2095 3152 qui
2123 3057 2166 3119 C
2198 3090 2375 3147 erant,
2413 3091 2634 3151 propter
2661 3057 2801 3151 quod
2825 3089 2877 3136 et
2916 3080 3116 3152 lignum
3146 3080 3346 3136 edibile
3367 3076 3648 3149 appellatur.

512 3173 613 3228 sub
626 3171 754 3243 jugo
777 3171 908 3227 facti
937 3179 1065 3227 sunt
1087 3170 1286 3226 Christi
1311 3170 1592 3225 Iudaicum
1609 3169 1798 3240 jugum
1822 3172 2099 3241 suscipere

513 3260 860 3331 signiﬁcavit.
910 3259 1253 3315 Conﬁrmans
1281 3260 1425 3314 enim
1451 3261 1573 3324 hoc,
1612 3261 1897 3330 praesentia
1917 3260 2099 3315 subdi-

514 3350 614 3414 dit,
653 3364 752 3420 per
780 3365 901 3419 qua:
929 3348 1170 3404 ostendit
1195 3349 1318 3418 quia
1350 3358 1405 3404 et
1426 3358 1551 3404 ante
1575 3350 1863 3404 adventum
1892 3348 2096 3403 Christi

514 3439 823 3509 quicunque
851 3445 1161 3493 exterorum
1200 3439 1307 3493 illis
1329 3438 1803 3504 commiscebatur,
1836 3453 1971 3508 opus
1995 3440 2097 3493 ha-

515 3530 678 3585 bebat
705 3529 1056 3601 intelligibilis
1077 3529 1264 3584 arietis
1286 3528 1552 3584 sacriﬁcio
1578 3528 1644 3583 ad
1662 3528 2100 3599 propitiationem

521 3634 700 3685 suam,
732 3619 1017 3675 conferens
1043 3620 1171 3675 illud
1203 3628 1386 3676 mente
1429 3628 1485 3675 et
1506 3620 1816 3676 describens
1845 3621 1985 3690 apud
2014 3619 2100 3676 se-

518 3709 806 3779 metipsum
834 3723 933 3778 per
957 3708 1156 3780 ﬁguras
1182 3709 1486 3764 veritatem.
1520 3708 1611 3765 Sic
1632 3712 1776 3765 enim
1805 3726 1911 3765 non
1925 3710 2097 3766 solum

517 3814 624 3854 non
660 3800 1011 3856 condemnari
1049 3817 1115 3856 ex
1138 3803 1457 3858 obveniente
1483 3803 1585 3858 sibi
1636 3804 1837 3858 virtute
1862 3795 2105 3857 Judaicre

518 3889 735 3956 litterae,
768 3892 861 3946 sed
882 3892 1043 3946 etiam
1065 3892 1284 3947 liberari
1315 3894 1383 3949 ab
1412 3908 1496 3959 ea,
1527 3903 1583 3948 et
1608 3910 1639 3948 a
1664 3904 1839 3949 morte
1868 3894 2098 3948 inﬁdeli—

521 3980 669 4046 tatis,
700 3980 1017 4051 spiritaliter
1053 3982 1226 4052 legem
1257 3983 1549 4053 accipiens,
1591 3992 1646 4039 et
1688 3983 1954 4038 sacriﬁcia
1983 3982 2100 4054 ejus

522 4072 590 4127 ad
614 4071 888 4128 Christum
916 4071 1182 4139 referens,
1208 4082 1442 4143 poterat.

1139 4164 1364 4220 CAPUT
1407 4166 1488 4221 Vl.

518 4256 598 4311 De
630 4257 932 4326 auferendis
960 4257 1230 4327 pra’putiis
1270 4256 1517 4310 arborum
1555 4258 1611 4311 in
1643 4267 1783 4310 terra
1823 4255 2096 4312 Chanaan.

591 4349 777 4423 (Ialm)
817 4348 1041 4416 Quando
1087 4350 1307 4420 ingrcssi
1345 4349 1554 4420 fueritis
1586 4359 1780 4403 terram
1820 4360 1869 4404 et
1893 4348 2100 4419 planta-

522 4440 695 4493 veritis
740 4441 795 4493 in
845 4456 905 4493 ea
948 4438 1091 4509 ligna
1122 4439 1397 4509 pomifera,
1430 4438 1677 4508 auferetis
1713 4439 1970 4509 prwputia
2014 4456 2099 4493 eo-

522 4546 670 4594 rum;
692 4545 845 4599 poma
870 4545 986 4598 qua:
1014 4528 1304 4597 germinant
1336 4528 1606 4581 immunda
1643 4539 1793 4582 erunt
1812 4528 1972 4593 vobis,
2006 4545 2097 4582 nec

519 4618 681 4681 edetis
702 4634 766 4671 e1:
795 4618 889 4672 eis.
925 4616 1126 4682 Quarto
1154 4632 1291 4669 anno
1316 4619 1483 4670 omnis
1511 4616 1713 4684 fructus
1733 4633 1912 4670 eorum
1938 4634 2095 4671 sanc-

524 4705 808 4783 tiﬁcabitur
837 4704 1119 4758 laudabilis
1144 4703 1386 4767 Domino,
1413 4707 1594 4775 quinto
1626 4715 1799 4759 autem
1830 4722 1969 4759 anno
2016 4724 2097 4760 co-

522 4793 736 4851 medetis
781 4794 1003 4862 fructus,
1047 4805 1417 4865 congregantes
1462 4811 1617 4865 poma
1650 4811 1767 4865 qua’
1803 4796 2096 4866 proferunt.

525 4883 637 4953 Ego
676 4882 927 4937 Dominus
960 4883 1102 4938 Deus
1124 4895 1306 4938 vester.
1351 4883 1459 4956 (Eat
1480 4883 1784 4958 Hesychia.)
1815 4885 2103 4942 Permanet

524 4976 578 5030 in
625 4976 921 5031 intentione
964 4977 1126 5031 etiam
1176 4992 1320 5030 nunc
1370 4976 1663 5047 legislator,
1710 4992 1872 5047 quam
1912 4980 2103 5035 habuit

522 5064 675 5133 prius
702 5064 821 5119 aliis
847 5053 1473 5134 verbis'prmcedentibus
1498 5065 1694 5120 similia
1716 5067 1982 5133 sanciens,
2005 5085 2097 5125 os-

526 5155 753 5211 tendens
784 5153 998 5224 quidem
1027 5171 1127 5210 nec
1153 5156 1353 5211 habere
1378 5155 1614 5211 fructum
1639 5158 1839 5213 bonum
1885 5157 2100 5215 Iudaeo-

524 5264 645 5303 rum
671 5248 923 5318 populum
944 5257 1067 5302 ante
1096 5249 1303 5304 Domini
1332 5250 1675 5320 prmsentiam
1700 5252 1961 5322 potuisse.
1994 5252 2103 5308 Cur

525 5341 669 5395 enim
696 5340 928 5396 triennio
958 5339 1196 5396 fructum
1219 5339 1336 5409 ejus
1357 5342 1530 5396 omnis
1558 5342 1687 5411 ligni
1717 5358 1824 5397 non
1849 5359 1967 5399 esse
1995 5343 2101 5398 esi—

526 5430 686 5485 bilem
723 5431 959 5497 dicebat,
993 5433 1085 5486 sed
1115 5446 1214 5486 nec
1260 5431 1367 5486 ullo
1396 5433 1554 5487 modo
1602 5433 1881 5497 mundum,
1927 5433 2020 5487 sed
2049 5440 2105 5488 et

528 5522 927 5577 mundationcm
963 5531 1156 5590 quarto
1190 5538 1331 5575 anno
1367 5522 1726 5576 necessariam
1768 5522 2104 5577 habentem?

528 5612 591 5664 Et
616 5629 735 5681 quae
762 5612 1008 5669 erathzec
1039 5612 1350 5665 mundatio?
1371 5628 1476 5666 non
1504 5612 1765 5680 aspersio,
1792 5626 1897 5665 non
1927 5610 2099 5665 sacri-

2278 3170 2357 3225 llli
2383 3179 2563 3226 autem
2607 3171 2764 3227 modo
2786 3185 2893 3240 quo
2934 3169 3206 3226 debebant
3244 3184 3350 3224 non
3383 3164 3716 3239 cperabantur,

2198 3261 2493 3318 secundum
2537 3262 2779 3316 litteram
2806 3262 2925 3333 lege
2964 3268 3227 3323 utentes,
3259 3260 3390 3314 Erat
3431 3271 3549 3329 ergo
3572 3265 3720 3310 eorum

2197 3354 2420 3419 fructus,
2446 3355 2688 3426 Operatio
2720 3354 2970 3409 videlicet
2989 3353 3144 3425 legis,
3189 3353 3422 3408 triennio
3446 3345 3720 3405 immundus.

2198 3445 2339 3501 Dicit
2366 3455 2547 3499 autem
2573 3445 2861 3499 triennium
2895 3459 2924 3499 a
2951 3455 3194 3513 tempore
3220 3444 3354 3515 legis
3385 3455 3544 3512 usque
3565 3437 3624 3492 ad
3646 3435 3726 3488 ih-

2198 3536 2287 3590 vid
2315 3545 2551 3605 tempus,
2601 3545 2657 3590 et
2683 3550 2715 3589 a
2742 3534 2911 3591 David
2942 3549 3113 3604 usque
3149 3534 3223 3589 ad
3255 3527 3722 3602 transmigrationem

2196 3625 2528 3697 Babyloniae,
2583 3634 2639 3679 et
2672 3640 2703 3678 a
2730 3623 3212 3693 transmigratione
3259 3620 3553 3695 Babylonia:
3590 3625 3726 3683 usque

2200 3716 2269 3770 ad
2316 3715 2603 3770 adventum
2649 3713 2882 3768 Domini.
2930 3712 3021 3768 Sic
3060 3712 3211 3768 enim
3256 3722 3311 3770 et
3355 3711 3614 3767 Mattiacas
3643 3704 3729 3758 dis-

2201 3806 2379 3860 tinxit.
2427 3805 2563 3873 Quia
2599 3820 2728 3876 ergo
2754 3814 2947 3874 quarto
2976 3803 3081 3858 hoc
3130 3818 3279 3859 anno
3303 3815 3510 3859 omnem
3538 3798 3728 3853 fructum

2199 3897 2367 3967 ipsius
2389 3896 2523 3966 legis
2552 3904 2799 3951 sanctum
2819 3903 2875 3951 ct
2899 3894 3229 3951 laudabilem
3254 3895 3476 3951 Domino
3500 3899 3728 3947 commen-

2200 3988 2368 4053 davit,
2414 4004 2521 4042 non
2546 3999 2723 4043 tamen
2752 3988 2837 4045 vel
2895 3997 3024 4045 tunc
3048 3990 3248 4046 esibile
3280 3991 3407 4045 illud
3430 4001 3540 4044 esse
3571 3980 3729 4041 Iudicis

2200 4079 2432 4143 dixerat,
2481 4080 2611 4133 illud
2641 4081 2757 4134 sine
2786 4080 2963 4150 aliqua
2991 4081 3331 4138 dubitatione
3355 4078 3602 4154 probavit,
3633 4072 3731 4142 quia

2203 4182 2346 4228 totus
2366 4172 2499 4243 legis
2525 4172 2550 4225 l‘
2551 4180 2733 4227 ructus
2755 4173 2808 4226 in
2825 4173 3057 4227 adventu
3079 4171 3300 4228 Domini
3323 4181 3423 4229 est.
3446 4169 3599 4238 Hujus
3618 4163 3732 4219 enim

2201 4272 2416 4332 tempus
2451 4260 2745 4316 secundum
2772 4262 3017 4317 ordinem
3046 4270 3356 4333 temporum
3410 4257 3634 4331 superius
3658 4265 3734 4306 no-

2202 4353 2527 4406 minatorum
2552 4367 2725 4408 annus
2747 4362 2894 4407 recte
2918 4353 3294 4409 nominabitur
3318 4361 3535 4424 quartus
3554 4351 3732 4403 sanctus

2202 4443 2485 4500 laudabilis
2510 4444 2643 4509 Deo,
2684 4444 2809 4514 quia
2833 4445 3081 4501 Christus
3112 4461 3240 4501 eum
3269 4444 3587 4502 fructiferum
3604 4436 3734 4494 facie-

2204 4536 2317 4601 bat,
2367 4536 2820 4606 quemadmodum
2860 4545 3072 4606 oportet
3115 4536 3282 4592 etiam
3323 4550 3421 4592 nos
3456 4529 3734 4589 fructiﬁcare

2205 4624 2422 4679 docens.
2477 4623 2642 4679 Recte
2670 4638 2797 4695 ergo
2841 4632 3059 4679 sanctus
3080 4634 3223 4691 erat,
3274 4634 3337 4681 ut
3357 4634 3478 4697 pote
3519 4638 3547 4676 a
3575 4618 3735 4673 Sancto

2205 4723 2514 4771 sanctorum
2537 4712 2838 4785 perfectus;
2874 4715 2966 4771 sed
2987 4714 3360 4771 etlaudabibis
3392 4734 3405 4769 :
3436 4711 3601 4770 omnia
3621 4703 3736 4761 enim

2200 4818 2321 4872 qua:
2341 4804 2587 4860 Christus
2614 4815 2891 4874 operatur,
2946 4806 3100 4861 home
3127 4805 3285 4863 famae
3313 4814 3437 4862 sunt
3483 4813 3629 4873 atque
3650 4794 3737 4868 glo-

2203 4895 2369 4960 riosa,
2416 4894 2490 4949 ita
2521 4903 2578 4948 ut
2610 4894 2773 4948 etiam
2814 4896 2882 4950 ab
2909 4895 3136 4967 ingratis
3158 4893 3362 4952 Iudaeis
3390 4892 3734 4966 gloriﬁcentur.

2204 4983 2340 5038 Cum
2378 4983 2524 5038 enim
2576 4985 2936 5055 paralyticum
2977 4995 3280 5055 portantem
3330 5000 3490 5055 super
3523 4983 3735 5037 humeros

2204 5075 2485 5144 grabatum
2499 5073 2779 5138 vidissent,
2802 5074 3163 5145 glori/icabant
3183 5075 3372 5140 Deum,
3399 5075 3488 5146 qui
3510 5069 3650 5125 talem
3669 5078 3737 5133 p0-

2203 5173 2438 5216 testatcm
2479 5163 2704 5217 dedisset
2752 5164 3048 5218 hominibus
3105 5165 3320 5235 (Matth.
3354 5164 3451 5238 rx).
3497 5159 3734 5218 Undenon

2204 5251 2520 5322 simpliciter
2547 5252 2639 5307 sed
2670 5252 2990 5307 laudabilem
3016 5255 3243 5309 Domino
3265 5253 3497 5308 fructum
3523 5252 3650 5305 hunc
3668 5243 3738 5297 lex

2204 5345 2508 5413 appellavit.
2538 5344 2775 5400 Necdum
2803 5354 2980 5401 autem
3012 5355 3130 5401 erat
3158 5347 3354 5418 populo
3381 5342 3604 5406 edibilis,
3632 5348 3738 5393 nec-

2206 5435 2333 5489 dum
2368 5435 2511 5489 enim
2539 5436 2627 5489 hic
2655 5438 2947 5491 secundum
2976 5438 3223 5505 spiritum
3257 5436 3456 5491 Christi
3491 5442 3741 5489 conversa-

2205 5524 2407 5579 tionem
2437 5528 2662 5594 adcptus
2691 5527 2887 5589 fuerat,
2928 5527 3020 5580 sed
3047 5529 3096 5580 in
3140 5544 3282 5583 anno
3316 5527 3526 5596 quinto,
3564 5522 3610 5575 in
3640 5528 3737 5586 apt-

2203 5614 2390 5668 stoliea
2416 5615 2660 5670 videlicet
2685 5617 3050 5684 generatione.
3082 5616 3231 5673 Illinc
3259 5616 3409 5674 enim
3439 5614 3549 5681 ipse
3568 5609 3747 5664 indeco-
