3926 6176
480 251 585 305 459

1137 248 1198 302 Β.
1242 245 1494 302 RABA‘NI
1533 245 1752 303 MAURI
1789 244 2108 302 ARCIilEP.
2150 240 2457 304 MOGUNT.
2499 245 2783 305 OPERUM
2820 247 2997 305 PARS
3037 245 3076 303 l.

3622 251 3725 309 460

477 342 611 394 dunt
636 351 834 407 corpus
864 344 918 392 et
940 344 1312 409 corrumpunt.
1341 336 1449 392 Sed
1479 344 1534 391 et
1571 337 1846 409 stigmata,
1870 334 1925 390 id
1946 344 2050 401 est,
2080 345 2131 404 Α
2155 337 2290 392 serui
2308 337 2407 392 Dei
2433 337 2623 393 excelsi
2648 347 2799 404 sunt,
2827 340 2917 410 qui
2944 341 3254 394 annuntiant
3276 339 3417 396 vobis
3440 342 3581 397 siam
3598 347 3725 401 vcti-

473 428 631 488 mala:
652 428 910 486 doctrina:
932 429 1209 501 dogmata,
1239 430 1362 500 quia
1386 430 1650 486 inhterent
1670 438 1725 487 et
1752 430 2047 502 inﬁguntur

476 521 674 576 anima:
698 534 798 590 per
822 521 1068 590 quaedam
1084 520 1447 577 blandimenta
1483 520 1564 576 vel
1584 520 1943 592 syllogismos,
1966 521 2048 576 vel

459 627 569 686 per
588 611 878 682 quemlibet
902 612 1069 668 alium
1094 611 1312 667 modum
1333 610 1636 667 docentium
1666 611 2044 683 intelligamus.

476 700 736 772 Praecepit
773 717 902 773 ergo
946 702 1102 758 nobis
1140 701 1226 758 lex
1277 701 1431 757 etab
1456 701 1542 758 his
1562 702 1857 767 abstinere,
1920 702 2046 773 quia

476 794 738 864 impressa
764 794 847 849 vel
885 795 1139 850 immersa
1161 795 1303 850 sicut
1330 793 1506 851 scicnt
1534 795 1803 865 stigmata,
1831 794 2050 850 difﬁcul-

482 892 561 939 ter
592 882 894 939 abolentur.

1059 950 1286 1011 CAPUT
1341 953 1472 1008 Vill.

477 1040 572 1098 Ubi
608 1053 742 1099 vetat
785 1045 1041 1116 prostitui
1074 1044 1263 1115 ﬁliam,
1311 1055 1358 1097 et
1383 1044 1636 1116 iprtccipit
1688 1046 2049 1099 sanctuarium

1012 1115 1107 1169 Dei
1151 1115 1502 1169 metuendum.

541 1203 720 1277 (Ιιιιυ.)
758 1202 841 1259 Ne
873 1205 1159 1275 prostitues
1193 1203 1359 1272 ﬁliam
1399 1213 1545 1258 tuam
1579 1220 1643 1258 ne
1669 1205 2051 1259 contaminatur

469 1306 608 1351 terra
644 1306 694 1352 et
729 1295 1009 1368 impleatur
1046 1293 1276 1367 piacula.
1326 1293 1433 1369 (Ea:
1468 1293 1770 1370 Hesychia.)
1815 1294 1872 1351 Si
1902 1296 2049 1351 enim

467 1400 668 1462 patres,
700 1404 836 1460 quos
870 1394 1083 1459 oportet
1122 1386 1260 1443 lilios
1297 1387 1607 1454 emendare,
1638 1386 1707 1442 ad
1740 1385 2047 1442 fornicatio-

470 1496 595 1537 nem
630 1496 725 1537 cos
756 1481 1046 1535 hortantur
1079 1488 1435 1551 provocantes
1468 1488 1563 1536 aut
1595 1482 1839 1536 viventes
1882 1479 2051 1552 turpi-

470 1578 575 1632 ter,
611 1577 669 1624 ut
698 1569 797 1639 ipsi
829 1569 897 1623 ad
927 1569 1282 1627 imitationem
1309 1578 1590 1640 parentum
1624 1571 1691 1626 ad
1725 1570 1922 1625 malum
1945 1570 2050 1624 illi—

2148 426 2271 482 tatis
2314 426 2452 500 (Act.
2492 426 2627 500 xvi),
2671 429 2871 484 malum
2921 438 3103 485 tamen
3141 430 3409 499 spiritum-
3440 432 3723 504 increpans

2149 516 2419 589 eﬂ'ugavit.
2442 517 2742 575 Pessimum
2769 528 2854 577 est
2876 519 3041 574 etiam
3064 529 3123 576 et
3142 521 3400 578 veneﬁcis
3426 524 3720 592 adhaerere,

2148 607 2273 675 quia
2311 606 2614 663 daemonum
2658 608 3000 665 inimicorum
3040 610 3196 687 nqbis
3253 621 3308 667 et
3360 614 3721 683 pestilentium

2149 697 2366 754 nomina
2388 697 2577 754 dicunt
2615 715 2629 752 :
2659 700 2752 769 qui
2777 700 2881 754 etsi
2917 700 2986 755 ad
3017 701 3182 757 breve
3214 711 3424 774 tempus
3456 711 3515 759 ut
3547 705 3602 761 in
3637 722 3723 762 ero

2150 801 2329 842 rorem
2374 788 2613 854 mittant,
2654 788 2903 844 videntur
2934 791 3149 861 operari
3191 793 3414 862 aliquid,
3458 796 3607 864 quod
3654 799 3720 853 ad

2148 876 2483 946 corporalem
2523 878 2812 936 sanitatem
2844 879 2949 934 vile
2984 889 3039 936 et
3077 883 3323 951 parvum,
3363 884 3522 954 quale
3559 887 3723 944 etiam

2148 967 2384 1037 imperiti
2430 967 2626 1023 medici
2668 971 2882 1039 operari
2924 982 3581 1041 possuntzverumtamen
3622 993 3731 1038 nec

2148 1057 2252 1112 hoc
2276 1064 2336 1110 ut
2359 1056 2509 1123 boni,
2536 1071 2709 1128 neque
2735 1070 2795 1115 ut
2820 1061 2959 1116 bene
2987 1061 3228 1121 volentes
3261 1066 3570 1124 hominibus
3597 1080 3725 1140 ope-

2149 1152 2359 1212 rantur,
2388 1146 2482 1200 sed
2505 1149 2558 1203 in
2580 1148 2894 1205 servizutem
2926 1149 3046 1206 illos
3074 1152 3333 1226 redigere,
3358 1164 3414 1210 et
3435 1172 3468 1211 a
3494 1158 3606 1213 Deo
3632 1174 3723 1217 se-

2147 1248 2340 1304 parare
2367 1235 2665 1306 cupientes.
2702 1237 2809 1294 Sed
2835 1254 2933 1296 nec
2963 1242 3350 1314 ventriloquos,
3390 1246 3447 1302 id
3480 1257 3589 1314 est,
3626 1249 3723 1305 fai-

2147 1336 2239 1377 sos
2274 1323 2565 1395 prophetas
2610 1339 2923 1396 sequamur,
2968 1330 3063 1401 qui
3107 1333 3326 1389 nomina
3364 1334 3461 1390 Dei
3492 1337 3722 1394 alienati

2147 1412 2473 1497 Deoldocent
2507 1423 2563 1470 et
2595 1416 2941 1487 prophetam,
2978 1421 3068 1489 qui
3110 1423 3436 1495 ventriioqui
3464 1426 3616 1496 justo
3650 1429 3726 1486 di-

2148 1514 2364 1572 cuntur,
2393 1508 2548 1575 quasi
2573 1508 2640 1564 de
2661 1508 2980 1581 intelligibiii
2998 1518 3184 1570 ventre
3208 1514 3494 1573 sui'eordis
3514 1517 3725 1577 fabulas

2148 1596 2429 1664 quasdam,
2455 1597 2508 1651 id
2532 1606 2633 1661 est,
2666 1598 2832 1655 falsas
2862 1602 3140 1659 doctrinas
3166 1612 3225 1659 et
3248 1607 3563 1676 prophetias
3592 1623 3722 1679 pro-

469 1659 686 1713 ciautur
721 1657 953 1728 piaculo,
990 1658 1075 1713 vel
1109 1659 1402 1714 secundum
1431 1658 1780 1730 Septuaginta
1815 1659 2047 1715 fornica-
2076 1696 2122 1755 Β
2150 1657 2740 1756 ξετειηεεξδείιυίίητε

471 1752 635 1817 tione,
669 1759 810 1807 terra
835 1749 1151 1820 completur,
1182 1757 1237 1803 et
1262 1750 1330 1803 ad
1351 1764 1565 1806 omnem
1599 1751 1830 1821 speciem
1858 1751 2046 1819 impie-

468 1844 597 1899 tatis
624 1843 856 1915 proﬁcit,
882 1843 1009 1914 quia
1034 1856 1126 1898 eos
1148 1843 1238 1913 qui
1260 1843 1565 1897 eruditores
1585 1858 1703 1897 esse
1725 1843 2043 1907 debuerunt,

468 1934 536 1988 ad
583 1932 781 1988 malum
828 1933 979 2004 pueri
1013 1932 1329 2003 paedagogos
1365 1932 1582 1988 habent.
1632 1931 1739 1988 Sed
1790 1947 1889 1988 nec
1930 1932 2048 1987 ani-

470 2038 617 2078 mam
654 2030 1062 2121 nostram,
1091 2022 1690 2121 nobisiilia-unigcnita
1727 2031 1839 2103 est,
1879 2023 1953 2077 ita
1986 2032 2046 2078 ut
2136 2043 2255 2115 jam
2300 2022 2369 2103 id
2412 2022 2665 2105 εδηίίίεω
2712 2022 2984 2121 genam,

466 2112 636 2168 David
667 2114 904 2178 diceret,
945 2110 1132 2167 Libera
1170 2132 1201 2166 a
1241 2112 1476 2169 leonibus
1504 2112 1735 2168 animam
1772 2131 1961 2180 meam,
1996 2125 2044 2170 et

466 2202 532 2257 de
570 2218 727 2257 manu
764 2201 909 2257 canis
946 2202 1153 2256 unicam
1192 2219 1361 2257 nteant
1400 2201 1571 2275 (Psal.
1619 2219 1780 2267 XXXI,
1821 2205 2042 2274 xxxrv),

470 2293 880 2364 prostituamus,
924 2307 956 2346 a
999 2289 1110 2347 Deo
1154 2292 1300 2347 illam
1348 2292 1731 2348 discessionem
1771 2293 2041 2358 docentes,

470 2400 540 2440 ne
568 2384 866 2440 foruicante
893 2384 1074 2439 anima
1103 2380 1399 2440 fornicatur
1428 2393 1483 2441 et
1510 2400 1726 2455 corpus.
1767 2384 1881 2442 Hoc
1900 2387 2045 2442 enim

472 2484 621 2531 terra
652 2481 709 2527 ut
741 2484 897 2545 pote,
926 2474 1070 2544 quod
1103 2474 1169 2530 de
1201 2482 1344 2530 terra
1366 2483 1544 2530 ortum
1570 2466 1736 2532 est'ct
1760 2477 1813 2531 in
1845 2484 2046 2533 terram

465 2570 789 2628 revertetur,
816 2561 1134 2633 appellatur.
1159 2561 1225 2615 Et
1249 2559 1527 2632 impleatur
1547 2563 1776 2635 piaculo,
1799 2564 1885 2619 vel
1909 2566 2047 2621 sicut

473 2652 824 2724 Septuaginta
867 2651 1124 2707 adulteria
1154 2667 1172 2707 :
1207 2653 1358 2708 ebrio
1396 2646 1590 2723 quippe
1626 2668 1838 2709 sessore
1876 2670 2047 2725 equus

474 2739 716 2797 defertur
748 2740 803 2794 in
830 2752 1094 2810 praeceps,
1117 2747 1172 2796 et
1191 2754 1220 2794 a
1251 2741 1359 2796 Deo
1385 2741 1666 2796 recedente
1702 2743 1899 2809 anima,
1932 2760 2049 2800 om-

469 2831 558 2888 nis
584 2830 842 2902 iniquitas
865 2830 1173 2887 dominatur
1205 2832 1260 2887 in
1296 2846 1541 2902 corpore.

537 2920 765 2978 Sabbata
782 2937 895 2976 mea
906 2921 1180 2986 custodite,
1193 2930 1242 2976 et
1255 2923 1614 2977 sanctuarium
1630 2940 1798 2978 meum
1814 2925 2045 2981 matuite:

464 3016 579 3088 Ego
604 3015 875 3072 Dominus.
909 3014 1018 3089 (Ea:
1041 3012 1348 3091 Hesychia.)
1366 3016 2046 3091 Sicutunuexistentespe-
2073 3040 2118 3102 ρ

466 3105 589 3163 ciali
615 3106 863 3172 sabbato,
896 3105 1122 3176 septima
1154 3106 1402 3163 videlicet
1427 3109 1533 3174 die,
1567 3123 1727 3165 omne
1748 3109 1893 3166 aliud
1917 3110 2046 3182 legi-

465 3199 658 3255 timum
684 3199 852 3254 otium
876 3196 1156 3254 sabbatum
1186 3197 1503 3268 appellatur,
1535 3200 1615 3255 sic
1641 3214 1763 3255 cum
1779 3200 2047 3270 generalis

467 3291 529 3346 lit
554 3286 939 3357 abstinentiae
968 3287 1125 3343 malo.
1159 3288 1272 3343 lloc
1298 3289 1441 3343 enim
1475 3303 1662 3344 revera
1690 3289 1868 3345 studet
1886 3289 2048 3362 legis-

465 3384 604 3439 lator
630 3382 936 3447 sabbatum,
976 3388 1032 3435 et
1056 3394 1153 3450 per
1191 3378 1397 3452 singula
1424 3395 1649 3451 qumque
1677 3383 1929 3437 recedere
1951 3400 2047 3439 no-

463 3476 550 3531 bis
590 3491 620 3528 a
671 3472 814 3528 malo
854 3472 1126 3542 praecepit.
1177 3470 1290 3527 lloc
1341 3474 1486 3527 enim
1532 3470 1758 3528 fulciens
1803 3472 2043 3530 addidit:

468 3565 844 3622 Sanctuarium
885 3579 1057 3618 meum
1104 3566 1331 3630 metuite,
1378 3564 1461 3619 vel
1509 3566 1650 3622 sicut
1695 3564 2044 3642 Septuaginta

466 3666 650 3711 sancta
690 3670 805 3710 mea
848 3655 1131 3720 timebitis;
1176 3655 1298 3726 quia
1342 3658 1789 3727 quemadmodum
1828 3675 1922 3716 eos
1956 3662 2047 3731 qui

467 3760 575 3815 quo
621 3746 819 3802 debent
860 3745 1017 3801 modo
1054 3747 1318 3803 accedunt
1353 3746 1419 3801 ad
1457 3764 1519 3804 ea
1555 3750 1912 3818 sanetilicant,
1969 3754 2047 3808 sic

468 3836 525 3890 hi
553 3835 643 3905 qui
670 3835 851 3904 inique
874 3844 1206 3905 praesumunt
1236 3836 1288 3890 in
1323 3837 1422 3900 eis,
1449 3846 1503 3893 et
1533 3855 1638 3893 non
1670 3842 1821 3909 prius
1852 3851 2047 3897 semet-

467 3927 614 3996 ipsos
641 3925 799 3980 sorde
826 3923 1046 3979 malitim
1073 3933 1323 3995 purgant,
1355 3936 1516 3995 atque
1544 3929 1622 3983 sic
1652 3930 1719 3984 ad
1740 3931 1936 3984 munda
1958 3947 2049 3987 ac-

469 4018 687 4078 cedunt,
728 4023 1080 4085 corrumpunt
1119 4016 1233 4071 sive
1258 4018 1591 4086 disperduut,
1622 4021 1760 4075 sicut
1788 4020 1973 4077 Nadab
1994 4034 2050 4080 et

468 4106 631 4172 Abiu,
654 4114 710 4161 et
729 4105 866 4161 lilios
893 4104 1042 4171 lleli;
1078 4106 1218 4161 unde
1250 4116 1305 4162 et
1337 4106 1536 4162 Paulus
1565 4108 1737 4167 dehis
1764 4111 1853 4181 qui
1880 4112 2038 4167 incir-

470 4206 782 4270 cumspecte
821 4198 1045 4271 mystica
1082 4198 1383 4270 percipiunt
1407 4242 1421 4265 ,
1464 4201 1737 4257 subdidit:
1764 4204 2047 4275 Propterea

469 4289 621 4346 multi
643 4290 698 4344 in
719 4287 857 4345 vobis
882 4289 1097 4358 inﬁrmi,
1133 4300 1178 4344 et
1203 4289 1502 4356 imbecilles,
1535 4302 1583 4347 et
1607 4292 1870 4348 dormiunt
1898 4294 2049 4349 multi

2216 1774 2409 1830 Caram
2445 1792 2576 1831 cano
2615 1779 2782 1849 capite
2813 1795 3086 1851 consurge,
3132 1792 3182 1836 et
3217 1782 3417 1839 honora
3445 1772 3725 1856 ferinum

2145 1863 2307 1931 senis,
2330 1874 2378 1919 et
2406 1865 2529 1919 time
2554 1865 2838 1923 Dominum
2859 1867 3028 1925 Deum
3048 1879 3197 1926 tuum
3217 1888 3235 1926 :
3256 1869 3373 1943 Ego
3400 1890 3517 1928 sum
3545 1874 3727 1930 Domi-

2145 1970 2266 2009 nus.
2302 1953 2411 2028 (Ex
2431 1954 2738 2030 Hesychia.)
2765 1957 2974 2017 Bonum
3004 1969 3091 2017 est
3113 1963 3330 2032 quidem
3367 1973 3422 2021 et
3452 1981 3600 2033 eum,
3626 1967 3723 2036 qui

3012 2054 3299 2113 honorare.
3357 2056 3532 2113 Habet
3577 2060 3726 2114 enim

2147 2147 2360 2207 tempus
2383 2139 2584 2211 aliquid
2608 2142 2849 2212 amplius
2863 2144 3052 2215 procul
3072 2146 3238 2207 dubio
3261 2146 3330 2202 ad
3355 2150 3724 2218 prudentiam,

2145 2228 2239 2281 sed
2267 2235 2322 2282 et
2366 2228 2627 2284 honorem
2669 2246 2828 2300 quem
2872 2235 3298 2303 provectioribus
3336 2237 3726 2309 impendimus,

2145 2333 2245 2373 nos
2267 2334 2479 2389 quoque
2512 2335 2543 2375 a
2572 2322 2871 2379 minoribus
2911 2326 3258 2393 merebimur,
3304 2336 3465 2399 atque
3508 2344 3577 2384 ex
3619 2330 3731 2388 hoc

2145 2409 2279 2464 ordo
2310 2409 2483 2493 bonus
2509 2411 2681 2467 vitam
2718 2423 2963 2473 nostram
2999 2417 3056 2471 in
3095 2418 3379 2475 honestate
3412 2423 3732 2479 custodiens

2145 2497 2303 2555 nobis
2333 2498 2668 2571 proﬂigatur.
2708 2502 2919 2560 Canum
2946 2514 3127 2564 autem
3146 2523 3273 2566 vere
3297 2525 3502 2578 senem,
3537 2513 3592 2569 id
3615 2523 3728 2582 est,

2146 2606 2270 2647 eum
2290 2592 2383 2663 qui
2403 2592 2665 2663 sapientia
2694 2596 2967 2665 profectus
2986 2607 3090 2665 est,
3122 2600 3397 2673 intelliget,
3424 2604 3491 2658 de
3509 2619 3622 2674 quo
3647 2606 3730 2659 ait

2147 2678 2397 2751 Moyses:
2423 2679 2697 2753 Interroga
2733 2695 2930 2755 patrem
2964 2697 3202 2757 tuum,“
3238 2692 3569 2746 annuntiabit
3607 2692 3727 2760 tibi,

2144 2770 2372 2825 seniores
2394 2780 2583 2833 tuos,et
2604 2772 2774 2828 dicent
2802 2775 2895 2830 tibi
2920 2776 3103 2850 (Deut.
3131 2779 3324 2852 χχχιι).
3366 2779 3474 2836 Sed
3500 2790 3558 2836 et
3583 2782 3731 2839 Pun—

2146 2858 2233 2914 lus
2255 2874 2271 2914 :
2294 2857 2590 2933 Presbyteri
2614 2863 2815 2937 duplici
2839 2866 3046 2935 ;hanare
3077 2869 3223 2939 digni
3263 2870 3573 2939 habeantur,
3610 2890 3728 2928 nsa-

2144 2952 2285 3006 atimc
2302 2954 2392 3025 qui
2415 2953 2653 3009 laborant
2678 2974 2733 3010 ut
2760 2957 2906 3013 verba
2931 2967 2979 3013 et
3000 2959 3258 3016 doctrinm
3307 2960 3603 3032 Sequitur:

2768 3047 2996 3104 CAPUT
3034 3048 3101 3104 Χ.

2145 3116 2227 3175 De
2272 3134 2401 3176 cura
2444 3122 2781 3193 advenarum,
2839 3125 2904 3204 de
2956 3144 3221 3204 mensura,
3269 3140 3487 3197 statera,
3545 3132 3729 3204 regula

2674 3203 2724 3247 et
2764 3194 2990 3265 pondere
3019 3196 3192 3267 justo.

2218 3279 2394 3354 (ltum)
2433 3278 2493 3338 Si
2527 3283 2833 3339 habitaverit
2865 3287 3061 3342 advena
3089 3291 3144 3343 in
3171 3298 3310 3345 terra
3339 3301 3509 3346 uestra
3538 3303 3587 3348 et
3608 3311 3730 3350 mo-

2147 3380 2294 3426 ratas
2331 3371 2490 3442 fuerit
2525 3374 2660 3428 inter
2693 3390 2802 3440 uas,
2837 3392 2900 3429 ne
2930 3378 3249 3448 exprobratis
3278 3381 3346 3447 ei,
3376 3380 3469 3435 sed
3496 3382 3564 3435 sit
3590 3383 3735 3439 inter

2144 3475 2234 3514 vos
2261 3449 2412 3531 quasi
2436 3461 2703 3535 indigena,
2724 3473 2772 3517 et
2794 3464 3018 3536 diligatis
3038 3483 3155 3522 eum
3174 3470 3323 3542 quasi
3346 3472 3689 3543 vosmetipsos
3711 3486 3731 3526 :

2147 3547 2322 3618 fuistis
2347 3550 2483 3604 enim
2516 3561 2564 3605 et
2590 3566 2677 3605 vos
2704 3552 2917 3608 aduente
2944 3555 2999 3608 in
3029 3566 3167 3611 terra
3193 3557 3415 3630 Afgypti
3435 3573 3455 3611 :
3477 3557 3592 3630 Ego
3621 3560 3733 3616 Do-

2146 3641 2318 3696 minus
2347 3640 2487 3696 Deus
2515 3652 2696 3697 vester.
2751 3643 2858 3717 (Ea:
2896 3638 3202 3721 Hesychia.)
3240 3649 3462 3705 Terram
3503 3653 3667 3708 nobis
3699 3669 3729 3708 a

2144 3731 2258 3789 Deo
2293 3732 2493 3801 datam,
2527 3750 2645 3791 esse
2670 3735 2935 3792 culturam
2965 3736 3246 3808 virtutum,
3275 3744 3578 3814 bonamque
3610 3745 3732 3815 ejus

2148 3821 2480 3889 doctrinam,
2540 3826 2785 3895 superius
2834 3826 3085 3882 diximus.
3141 3828 3198 3884 Si
3234 3830 3370 3900 quis
3425 3840 3609 3889 autem
3662 3836 3731 3891 ad

2145 3913 2286 3969 hanc
2311 3917 2600 3972 accesserit
2632 3918 2860 3984 advena,
2897 3919 3145 3976 videlicet
3177 3921 3361 3978 volens
3383 3928 3631 3982 converti
3661 3927 3730 3982 ad

2145 4013 2386 4059 nostram
2410 4003 2563 4060 iidem
2582 4048 2597 4073 ,
2627 4016 2681 4061 et
2708 4016 2867 4063 terrae
2892 4006 3036 4065 illius
3053 4011 3187 4066 civis
3208 4014 3494 4077 conscribi,
3525 4015 3593 4069 de
3620 4031 3730 4087 qua

2144 4092 2342 4148 Paulus
2381 4094 2456 4147 ait
2479 4112 2493 4147 :
2519 4095 2804 4165 Aceepistis
2840 4097 2911 4152 ad
2954 4097 3083 4154 Sion
3122 4109 3343 4155 montem
3382 4113 3428 4157 et
3464 4105 3731 4159 civitatem

2145 4179 2243 4235 Dei
2269 4183 2479 4236 viventis
2502 4181 2835 4241 Hierusalem
2874 4188 3156 4255 calestem,
3196 4192 3244 4245 et
3281 4194 3566 4247 multorum
3602 4194 3730 4251 mil-

2147 4271 2275 4327 lium
2310 4274 2612 4345 migelarum
2647 4275 2993 4349 frequentiam
3028 4290 3078 4335 et
3116 4280 3406 4337 Ecclesium
3442 4285 3736 4355 primitiua-

470 4374 525 4448 (I
546 4375 669 4432 Car.
698 4374 782 4448 ιι),
814 4375 955 4430 unde
979 4384 1035 4431 et
1062 4392 1207 4432 nunc
1234 4377 1507 4449 legislator
1534 4378 1774 4436 addidit:
1801 4377 1915 4451 Ego
1939 4380 2047 4437 Da-

2151 4378 2265 4451 rum
2308 4364 2397 4434 qui
2444 4366 2723 4437 conscripti
2770 4378 2892 4423 sunt
2938 4368 2993 4423 in
3029 4369 3170 4425 caelis
3207 4366 3391 4443 (Hebr.
3432 4376 3569 4447 xu),
3617 4390 3731 4432 non

471 4467 660 4533 minus,
689 4467 742 4523 id
768 4475 869 4532 cst,
898 4476 1117 4522 sanctus
1141 4477 1196 4523 et
1222 4469 1277 4523 iu
1316 4470 1518 4527 Sanctis
1554 4471 1825 4539 habitans,
1863 4480 1918 4528 et
1951 4485 2045 4528 ne—

470 4560 710 4615 cessario
734 4560 952 4630 exigens
981 4567 1287 4635 sanctorum
1317 4562 1628 4617 vindictam.

1074 4650 1301 4708 CAPUT
1355 4650 1448 4708 IX.

472 4726 549 4782 De
597 4744 701 4783 non
745 4729 1017 4799 sequendis
1065 4732 1234 4801 magis
1276 4740 1334 4801 et
1386 4732 1609 4798 ariolis,
1648 4747 1740 4789 nec
1792 4735 2045 4793 adeundis

1127 4795 1384 4870 paniﬁcia.

548 4885 725 4958 (lem)
761 4887 875 4942 Nec
898 4887 1167 4944 declinatis
1199 4891 1269 4944 ad
1305 4907 1506 4963 magos,
1540 4908 1631 4948 nec
1657 4895 1723 4950 ab
1748 4896 1929 4951 arietis
1952 4898 2052 4952 nli-

470 4978 599 5053 quid
623 4978 976 5045 sciscitantini,
1007 4989 1063 5033 ut
1094 4979 1518 5055 palluuminiper
1542 5000 1648 5040 eas.
1679 4986 2051 5058 (Septuaginta

479 5069 855 5135 autem,edunt
876 5068 919 5140 :)
953 5067 1071 5124 Non
1100 5073 1390 5142 sequamini
1422 5075 1764 5148 sentriloquas
1794 5088 1843 5133 et
1867 5081 2053 5151 ueneﬁ-

474 5162 553 5220 σὺ
587 5178 693 5217 non
728 5160 1109 5232 adjungemini,
1141 5171 1197 5217 ut
1230 5163 1540 5234 polluamini
1564 5168 1621 5221 in
1646 5169 1720 5223 eis
1749 5159 1768 5224 ὲ
1793 5168 1906 5241 Ega
1937 5186 2054 5226 sum

481 5254 734 5309 Dontinu
761 5251 905 5308 Deus
930 5263 1111 5308 vester.
1143 5252 1252 5328 (Ea:
1277 5252 1578 5332 Hesychia.)
1610 5259 1837 5316 Maxima
1865 5264 2052 5320 diabo-

478 5345 569 5402 lici
609 5344 813 5401 erroris
851 5352 909 5399 et
951 5343 1154 5402 fraudis
1192 5347 1421 5417 species,
1464 5350 1922 5421 ventriloquorum
1968 5363 2052 5411 est

479 5427 789 5504 exquisitio.
826 5434 977 5491 Unde
1003 5444 1059 5490 ct
1084 5434 1284 5493 Paulus
1321 5438 1553 5509 puellam
1582 5442 1860 5498 inveniens
1896 5444 2055 5514 spiri-

483 5535 595 5581 tum
618 5528 909 5583 habentem
933 5528 1201 5600 pythonis,
1232 5531 1480 5599 quamvis
1510 5532 1829 5588 daemonium
1858 5547 2051 5604 magna

483 5614 553 5670 de
584 5617 699 5685 ipso
732 5627 790 5675 et
828 5618 954 5689 Syla
990 5620 1309 5689 prtedicaret
1345 5629 1400 5674 et
1440 5622 1642 5677 diceret
1675 5661 1687 5675 .
1722 5621 1793 5676 Hi
1819 5622 2052 5680 homines

2151 4448 2446 4522 diligamus
2470 4467 2617 4520 eum,
2657 4454 2709 4508 id
2734 4464 2847 4520 est,
2878 4473 2983 4512 non
3006 4470 3356 4530 aggravemus
3385 4472 3573 4517 contra
3602 4478 3731 4520 eum

2146 4538 2355 4612 iugum,
2387 4549 2447 4597 ut
2476 4544 2634 4598 modo
2661 4546 2842 4614 genito
2881 4552 2935 4600 et
2967 4549 3177 4604 naviter
3198 4549 3448 4607 “credenti
3476 4555 3733 4622 graviora

2152 4631 2401 4687 mandata
2426 4632 2784 4702 imponamus,
2809 4646 2995 4692 utnon
3017 4639 3158 4694 sicut
3185 4638 3437 4698 Pharisaei
3459 4651 3514 4697 et
3532 4644 3734 4700 scriba:

2149 4735 2456 4791 peccemus,
2487 4740 2624 4795 quos
2647 4740 2907 4783 accusans
2937 4728 3194 4787 Dominus
3216 4732 3429 4789 dicebat
3458 4751 3471 4788 :

2219 4811 2451 4904 Alligant
2478 4829 2636 4870 onera
2663 4811 2849 4887 grauia,
2868 4806 2919 4873 et
2947 4821 3330 4893 impetrabilia,
3368 4835 3418 4879 et
3452 4826 3733 4904 imponunt

2148 4916 2212 4954 ea
2236 4916 2395 4974 super
2410 4903 2652 4961 numeras
2672 4907 2961 4975 hantinum,
2989 4910 3088 4981 ipsi
3117 4922 3289 4967 autem
3314 4914 3477 4985 digito
3500 4903 3600 4970 suo
3625 4933 3736 4971 non

2150 4989 2327 5044 uolunt
2347 5007 2410 5045 ea
2434 5007 2637 5048 movere
2672 4995 2888 5068 (Matth.
2932 5000 3111 5073 xxut).
3150 5001 3267 5057 Non
3302 5018 3431 5076 ergo
3457 5005 3604 5070 eum,
3635 5007 3735 5077 qui

2151 5079 2324 5134 credit
2358 5082 2426 5135 ad
2447 5082 2613 5139 ﬁdem
2649 5086 2754 5141 hoc
2783 5085 3042 5146 iacientes
3073 5099 3130 5146 et
3156 5094 3401 5161 quaedam
3431 5094 3625 5166 legalis
3661 5096 3733 5153 ab

2152 5184 2218 5224 eo
2244 5171 2539 5243 exigentes,
2567 5174 2861 5246 adligamus
2895 5194 3039 5235 eum.
3081 5181 3163 5237 Sit
3190 5193 3369 5240 autem
3399 5187 3558 5242 nobis
3588 5189 3738 5243 sicut

2148 5261 2400 5334 indigena
2427 5264 2518 5333 qui
2545 5267 2783 5323 nutritus
2800 5272 2962 5326 estin
2986 5272 3110 5341 ﬁde,
3136 5284 3192 5331 et
3210 5278 3386 5333 crevit
3416 5276 3471 5333 in
3502 5280 3733 5348 pietate.

2152 5352 2305 5409 Unde
2334 5362 2390 5409 et
2413 5354 2607 5413 Petrus
2634 5358 2735 5416 hoc
2758 5360 3039 5420 evidenter
3069 5368 3343 5435 sanciens,
3378 5370 3446 5423 ad
3483 5384 3597 5434 eos,
3633 5371 3735 5440 qui

2153 5443 2797 5507 volebantcircumcidere
2807 5452 2873 5508 de
2894 5456 3141 5524 gentibus
3161 5459 3462 5524 credentes,
3483 5460 3734 5516 dicebat:

2155 5534 2296 5600 Quid
2330 5539 2539 5593 tentatis
2573 5540 2872 5609 Dominum,
2909 5544 3169 5615 imponere
3199 5549 3387 5620 jugum
3423 5562 3582 5615 super
3607 5566 3735 5605 τεν·

2151 5627 2285 5680 vices
2305 5627 2698 5699 discipularum,
2711 5632 2851 5704 quod
2866 5651 2957 5690 nec
2967 5647 3143 5708 patres
3158 5640 3321 5694 nostri
3343 5657 3435 5695 nec
3454 5657 3548 5697 nos
3559 5642 3734 5713 patui-
