3918 6180
227 291 316 348 lbi

1131 293 1635 367 EXPOSlTlONES
1669 293 1737 350 1N
1773 295 2167 354 LEVITICUM.
2207 329 2278 340 —-
2317 299 2442 354 illi.
2485 299 2569 358 Vl.

3379 313 3484 367 δίϋῖ

223 425 328 464 mus
355 404 603 477 portare?
645 403 746 462 Sed
775 418 866 460 per
898 407 1123 478 gratiam
1155 409 1280 463 Jesu
1317 406 1510 464 Christi
1534 409 1794 464 credimus
1819 412 1871 472 Α
1898 407 2028 465 Han:
2060 408 2270 483 loquere
2295 409 2420 482 filiis
2456 411 2631 468 Israel
2650 429 2668 467 .·
2691 412 2864 471 Homo
2895 419 2959 474 de
2987 419 3112 488 ﬁliis
3145 421 3316 481 Israel
3345 432 3485 484 etde

221 497 405 552 salvari
431 497 565 550 sicut
587 510 632 551 et
654 496 733 550 illi
762 497 898 559 (Act.
925 499 1038 569 xv).
1070 499 1124 553 In
1157 499 1258 555 hoc
1279 515 1407 572 ergo
1435 517 1793 572 unumquem-

219 603 316 657 que
327 586 610 649 advenam,
632 587 744 640 sive
767 595 823 639 ut
849 585 1200 659 Septuaginta
1214 590 1419 652 dicunt,
1443 589 1788 661 proselytam,

219 678 350 730 sicut
377 675 731 745 nosmetipsos
759 677 1063 747 diligamus,
1094 688 1151 733 ut
1189 678 1275 733 illa
1301 681 1675 752 prmcipiamus
1711 683 1790 738 eis

215 774 442 832 tantum,
469 781 568 835 per
598 781 718 836 quae
757 769 1133 838 nosmetipsos,
1173 771 1219 826 si
1260 786 1323 827 ea
1357 774 1648 844 egerimus,
1692 775 1791 830 sal-

217 871 321 910 vari
361 856 650 910 credimus.

279 943 457 999 Nolite
480 945 653 1015 facere
676 947 910 1014 iniquum
936 950 1138 1022 aliquid
1163 954 1216 1006 in
1242 953 1468 1022 judicio,
1496 956 1548 1009 in
1581 957 1784 1028 regula,

210 1036 261 1090 in
276 1037 524 1102 pondere,
547 1037 601 1091 in
621 1054 889 1104 mensura,
914 1051 1110 1096 statera
1124 1044 1274 1113 justa
1295 1054 1343 1099 et
1364 1063 1511 1116 (equa
1534 1050 1636 1102 sint
1656 1066 1788 1118 pon-

212 1130 373 1181 dera:
396 1130 573 1198 justus
614 1131 842 1196 modius,
878 1129 1156 1205 (equusque
1193 1140 1454 1192 sextarius
1476 1153 1494 1190 .'
1521 1139 1632 1209 Ego
1672 1141 1781 1194 Do-

210 1221 376 1274 minus
419 1221 562 1274 Deus
595 1231 796 1287 vester,
831 1226 920 1294 qui
950 1225 1108 1280 eduxi
1141 1243 1226 1281 vos
1262 1228 1326 1282 de
1363 1238 1502 1284 terra
1538 1230 1777 1302 digypti.

209 1310 470 1367 Custodite
501 1315 675 1367 omnia
703 1325 960 1386 prwcepta
995 1333 1108 1371 mea
1143 1328 1190 1373 et
1227 1321 1468 1374 universa
1501 1322 1708 1391 judicia
1731 1334 1778 1378 et

207 1405 359 1474 facite
394 1422 473 1458 ea.
516 1402 628 1476 Ego
663 1407 937 1461 Dominus.
981 1408 1087 1480 (Ea:
1120 1410 1424 1486 Hesychia.)
1463 1415 1668 1472 Similis
1697 1427 1782 1472 est

205 1495 366 1549 etiam
390 1495 502 1549 huic
528 1496 738 1551 sanctio
777 1501 1232 1568 pnecedentibus,
1277 1505 1492 1571 quando
1534 1517 1654 1577 post
1697 1508 1779 1562 lu-

205 1596 354 1637 crum
393 1584 584 1638 litterae
619 1584 752 1653 ejus,
789 1588 950 1642 etiam
985 1590 1231 1658 spiritum
1258 1597 1581 1662 perscrutati
1617 1595 1779 1652 fueri-

205 1688 338 1727 mus.
393 1673 507 1727 Non
543 1690 670 1746 ergo
697 1677 810 1730 lieri
848 1686 1098 1748 oportere
1123 1677 1376 1748 iniustum
1407 1683 1461 1737 in
1487 1683 1691 1752 judicio
1720 1687 1773 1742 in

1896 503 2107 557 advenis
2135 504 2225 574 qui
2250 504 2486 559 habitant
2509 507 2562 559 in
2590 505 2780 562 Israel.
2823 508 2886 565 Si
2916 514 3032 583 quis
3062 514 3261 572 dederit
3295 519 3360 576 de
3390 539 3476 578 se-

1895 599 2032 652 mine
2089 614 2185 652 suo
2230 598 2370 654 idolo
2413 597 2641 666 Illoloch,
2689 614 2854 658 morte
2908 607 3186 662 moriatur.
3243 607 3480 683 Populus

1893 697 2045 743 terra:
2077 689 2333 760 lapidabit
2363 708 2500 757 eum,
2528 702 2574 746 et
2605 710 2696 764 ego
2719 711 2910 765 ponam
2943 696 3130 766 faciem
3157 716 3324 755 meum
3357 720 3480 758 con-

1891 786 1973 830 tra
2008 777 2178 844 illum,
2215 779 2581 847 succidamque
2615 799 2731 836 eum
2763 784 2827 839 de
2859 785 3030 840 medio
3059 787 3243 859 populi
3270 791 3395 846 sui:
3415 812 3476 848 eo

1889 868 2028 936 quod
2048 868 2246 922 dederit
2278 871 2341 924 de
2370 871 2565 924 semine
2596 889 2690 926 suo
2716 871 2941 938 Moloch,
2971 885 3020 929 et
3047 880 3475 937 contaminaverit

1888 958 2247 1011 sanctuarium
2267 975 2456 1024 nteant,
2479 971 2526 1013 et
2545 960 2788 1031 polluerit
2811 978 2997 1017 nomen
3018 976 3258 1020 sanctum
3281 985 3471 1024 meum.

1890 1043 2043 1110 Quod
2067 1048 2113 1100 si
2137 1047 2396 1119 negligens
2420 1051 2640 1121 pOpulus
2664 1063 2836 1118 terraz,
2861 1065 2908 1108 et
2930 1059 3082 1126 quasi
3097 1061 3472 1132 parripendens

1885 1138 2158 1208 imperium
2186 1157 2352 1195 meum
2373 1142 2628 1198 dimiserit
2648 1143 2908 1200 hominem
2934 1149 3023 1219 qui
3048 1149 3188 1204 dedit
3201 1151 3264 1205 de
3277 1155 3471 1209 semine

1883 1245 1979 1282 sua
2008 1229 2235 1295 Μοίρι-ὴ,
2261 1249 2352 1287 nec
2376 1233 2591 1289 voluerit
2611 1235 2761 1292 illum
2785 1241 3036 1304 occidere,
3070 1260 3258 1311 ponam
3279 1244 3467 1314 faciem

1865 1312 2050 1374 ‘meam
2067 1339 2221 1392 super
2239 1322 2497 1378 hominem
2521 1325 2668 1380 illum
2690 1337 2737 1380 et
2761 1331 3117 1400 cognationem
3141 1332 3276 1402 ejus,
3299 1335 3469 1389 succi-

1836 1409 1838 1411 ’
1881 1411 2103 1482 dantque
2116 1413 2303 1482 ipsum,
2319 1424 2368 1467 et
2382 1431 2558 1470 omnes
2573 1416 2661 1488 qui
2675 1429 3041 1474 consenserunt
3055 1423 3103 1475 ei
3114 1432 3167 1476 ut
3185 1422 3467 1492 fornicare-

1881 1511 1968 1555 tur
1995 1520 2111 1556 cum
2139 1503 2370 1572 Moloch,
2395 1507 2460 1562 de
2491 1509 2660 1563 medio
2686 1509 2863 1581 populi
2887 1512 2988 1566 sui.
3027 1512 3135 1584 (Ex
3155 1512 3461 1588 Hesychia.)

1879 1589 2044 1660 Cujus
2085 1591 2162 1646 rei
2204 1594 2376 1664 gratia
2417 1595 2482 1650 de
2517 1596 2708 1652 iisdem
2741 1598 2822 1653 bis
2852 1608 2907 1654 et
2941 1607 3027 1656 ter
3053 1602 3343 1672 aliquando
3374 1603 3460 1658 lex

1878 1683 2155 1752 przecepit,
2188 1683 2500 1753 frequenter
2523 1686 2578 1740 in
2608 1689 3037 1757 praecedentibus
3057 1691 3310 1758 diximus,
3336 1695 3462 1764 quia

203 1763 627 1831 praecedentibus
646 1767 921 1836 praecepit.
971 1767 1124 1825 Nunc
1149 1779 1328 1825 autem
1361 1789 1460 1827 nec
1486 1775 1540 1828 in
1561 1791 1774 1831 mensa-
1802 1759 1850 1820 Β
1878 1781 2098 1842 propter
2133 1775 2449 1829 memoriam
2492 1775 2784 1848 legentium
2822 1778 2926 1835 hoc
2954 1779 3136 1839 faciat.
3191 1759 3462 1838 Unde—ea-

204 1857 272 1909 ris
301 1853 497 1922 injuste
537 1870 717 1926 agere,
757 1874 856 1913 nec
899 1859 951 1913 in
1000 1859 1256 1929 pondere,
1301 1878 1399 1917 nec
1443 1861 1499 1918 in
1554 1867 1774 1923 steteris

203 1947 468 2014 praecepit,
503 1961 570 2000 ne
599 1945 740 2002 forte
773 1948 854 2003 his
882 1948 1012 2018 ipsis
1045 1966 1163 2020 qua:
1202 1953 1357 2020 quasi
1397 1955 1612 2008 termini
1650 1966 1777 2011 sunt

201 2033 419 2102 iustitia:
455 2035 522 2090 ad
563 2035 885 2104 injustitiam
923 2047 1158 2094 utamur.
1200 2041 1304 2095 Pro
1346 2044 1589 2099 terminis
1627 2047 1770 2100 enim

203 2121 417 2190 iustitia:
452 2127 808 2183 vendentibus
840 2138 894 2182 et
930 2133 1257 2197 ementibus,
1287 2142 1382 2187 aut
1405 2134 1508 2190 alio
1535 2137 1772 2205 quolibet

201 2216 356 2270 modo
386 2219 827 2274 contrahentibus
865 2235 1131 2277 mensura:
1161 2223 1375 2290 dantur,
1417 2237 1474 2282 et
1510 2228 1768 2298 pcndcra,

199 2309 642 2378 quemadmodum
674 2311 818 2381 leges
836 2311 1204 2380 judicantibus
1237 2333 1249 2370 :
1282 2317 1425 2372 unde
1464 2319 1527 2373 de
1556 2335 1662 2375 non
1697 2319 1772 2375 l'a-

198 2398 384 2453 ciendo
403 2397 659 2467 injustum
680 2400 963 2471 judicium,
989 2404 1130 2458 etde
1157 2421 1263 2459 non
1289 2407 1636 2463 immutandis
1658 2419 1772 2465 sta-

199 2487 319 2542 teris
349 2495 405 2541 et
430 2489 775 2556 ponderibus,
815 2491 909 2545 sed
945 2501 998 2545 et
1029 2494 1094 2547 de
1121 2496 1357 2550 sextario
1392 2497 1638 2552 modiove
1674 2499 1770 2554 ba-

196 2580 367 2634 bendo
388 2581 552 2650 justo,
592 2581 645 2636 id
673 2592 776 2648 est,
808 2583 874 2638 de
901 2585 1046 2638 omni
1087 2601 1337 2641 mensura
1375 2588 1484 2643 viui
1517 2598 1609 2644 aut
1640 2591 1765 2658 olei,

195 2674 406 2729 additur
438 2676 505 2730 ab
532 2676 677 2730 omni
708 2678 891 2745 utique
933 2665 1216 2748 injustitia,
1259 2693 1378 2750 qua:
1421 2695 1547 2753 erga
1586 2683 1769 2752 proxi-

194 2782 332 2820 mum
370 2769 607 2838 geritur,
645 2778 748 2823 tam
781 2770 834 2823 in
867 2769 1160 2839 majoribus
1189 2788 1349 2842 quam
1383 2773 1434 2827 in
1470 2775 1767 2832 minoribus

192 2861 441 2929 prmcepit
470 2861 866 2916 abstinendum.
908 2861 1042 2929 Quia
1073 2866 1215 2932 quod
1245 2863 1502 2934 injustum
1524 2877 1627 2934 est,
1652 2869 1769 2924 ubi-

189 2960 284 3013 que
339 2947 703 3003 abominabile
758 2957 861 3004 est.
929 2948 1112 3006 Placet
1161 2961 1342 3007 autem
1393 2953 1504 3009 Deo
1556 2971 1767 3026 semper

191 3039 322 3106 quod
367 3037 572 3107 justum
621 3049 724 3096 cst.
772 3039 1040 3098 Pragterea
1096 3045 1237 3114 quod
1292 3044 1442 3100 diviti
1495 3049 1764 3118 possessio

191 3132 290 3199 agri
319 3138 381 3185 et
409 3131 600 3185 domus
638 3142 742 3196 est,
781 3133 884 3187 hoc
925 3142 980 3188 et
1009 3135 1233 3204 pauperi
1273 3149 1529 3192 mensura
1565 3138 1674 3192 vini
1707 3146 1762 3193 et

191 3219 370 3284 tritici,
400 3228 455 3274 et
481 3221 632 3289 panis
663 3219 872 3290 pondus
902 3231 1005 3288 est,
1036 3231 1090 3277 et
1115 3223 1218 3278 alia
1259 3238 1327 3279 ex
1364 3226 1560 3296 quibus
1593 3229 1762 3283 vitam

189 3311 553 3377 quotidianam
575 3308 740 3364 ducit.
781 3307 888 3365 Sed
909 3327 1008 3366 nec
1035 3312 1290 3383 injustum
1313 3315 1368 3369 in
1383 3313 1587 3384 judicio
1613 3331 1763 3373 men-

190 3402 250 3454 tis
294 3402 581 3465 faciamus,
631 3417 730 3458 nec
771 3412 1050 3459 mensuras
1090 3414 1145 3460 et
1186 3414 1416 3463 stateras
1459 3407 1596 3477 ejus,
1641 3426 1761 3480 quae

191 3493 506 3546 naturaliter
553 3493 706 3547 nobis
748 3493 906 3548 insita
949 3501 1034 3549 est
1063 3493 1287 3563 justitia:
1327 3513 1757 3569 corrumpamus,

190 3585 338 3640 aliter
377 3595 585 3650 nostra,
622 3595 677 3640 et
721 3587 881 3642 aliter
917 3589 1148 3658 proximi
1185 3597 1406 3658 peccata
1431 3590 1755 3661 judicantes.

188 3679 268 3732 Ait
295 3679 444 3734 enim
481 3679 737 3734 Dominus
768 3697 781 3733 :
809 3679 876 3733 In
904 3696 1006 3752 quo
1026 3680 1231 3750 judicio
1255 3681 1635 3752 judicaveritis,
1660 3684 1758 3753 ja-

187 3767 506 3835 dicabi-mini,
550 3779 596 3822 et
629 3771 682 3823 in
719 3785 826 3840 qua
865 3786 1107 3825 mensura
1140 3772 1304 3824 mensi
1331 3770 1555 3841 fueritis,
1593 3789 1757 3826 reme-

187 3859 336 3913 tietur
352 3859 494 3914 vobis
512 3858 723 3931 (Matth.
738 3859 856 3932 vn).
873 3859 1026 3928 Quod
1039 3861 1150 3930 ipse
1170 3861 1555 3930 interpretans,
1574 3875 1760 3932 quem-

187 3954 466 4008 admodum
515 3952 738 4009 deberet
784 3953 1007 4024 intelligi
1053 3952 1288 4008 subdidit
1334 3969 1348 4006 :
1398 3952 1537 4018 Quid
1585 3964 1758 4008 autem

184 4043 315 4096 sides
360 4043 614 4111 festucam
653 4044 706 4096 in
744 4043 893 4098 oculo
945 4044 1125 4114 fratris
1173 4044 1287 4109 tui,
1339 4045 1537 4099 trabem
1584 4055 1758 4100 autem

183 4133 369 4201 qumin
397 4132 547 4185 oculo
571 4142 659 4186 tuo
687 4142 759 4186 est
784 4149 886 4187 non
907 4133 1086 4188 vides?

249 4221 356 4275 Sed
392 4239 490 4276 nec
527 4222 581 4276 in
611 4223 938 4292 ponderibus
967 4233 1022 4278 et
1048 4223 1265 4279 stateris
1296 4232 1352 4278 et
1382 4225 1650 4280 mensuris
1679 4226 1758 4281 di-

181 4311 314 4365 vinis
346 4327 664 4377 noceamus,
698 4313 793 4368 sed
819 4313 993 4382 justas
1030 4321 1261 4368 stateras
1298 4323 1353 4369 et
1393 4331 1676 4370 mensuras
1706 4323 1760 4370 et

183 4401 444 4469 pondera,
477 4403 529 4457 id
569 4412 674 4468 est,
717 4403 864 4473 leges
905 4402 1196 4472 Scriptura:
1245 4405 1440 4459 divinai
1484 4406 1758 4461 custodia-

183 4506 315 4545 mus.
363 4491 678 4547 Nullatenus
711 4494 789 4547 eis
822 4502 1076 4548 stateram
1107 4503 1202 4548 aut
1230 4495 1441 4570 pondus
1467 4511 1629 4566 super
1655 4497 1757 4550 im—

181 4589 442 4640 ponentes
469 4582 766 4651 proprium,
791 4590 844 4637 et
862 4597 1046 4651 neque
1068 4581 1171 4637 hoc
1203 4583 1346 4651 quod
1378 4583 1634 4639 Pharisaei
1663 4601 1757 4655 pa-

181 4671 400 4725 tiamur.
445 4673 518 4726 De
543 4672 737 4741 quibus
770 4672 1026 4727 Dominus
1065 4673 1119 4726 in
1155 4672 1463 4743 Evangeliis
1497 4674 1711 4730 dicebat
1739 4695 1752 4729 :

182 4760 362 4825 Quare
383 4743 802 4829 transgredimini
824 4760 1073 4815 mandata
1102 4760 1200 4815 Dei
1222 4771 1430 4831 propter
1450 4763 1755 4819 traditiones

179 4866 380 4906 reszras
403 4851 613 4923 (iiutth.
645 4851 754 4922 xv).
773 4846 776 4847 ⁷
794 4851 886 4905 llla
911 4853 1052 4907 enim
1078 4852 1146 4905 ad
1177 4853 1492 4906 memoriam
1519 4861 1755 4909 nostram

181 4945 305 5011 quia
354 4951 471 4997 huic
508 4943 718 4997 locutus
757 4952 842 4996 est
867 4983 880 5007 ,
917 4943 1004 4996 lex
1044 4957 1306 4998 revocans
1346 4945 1615 4999 subdidit:
1642 4943 1758 5016 Ego

179 5031 438 5086 Dominus
467 5034 606 5088 Deus
632 5050 810 5098 vester,
842 5035 932 5104 qui
956 5034 1110 5091 eduxi
1142 5051 1226 5088 eos
1253 5033 1316 5089 de
1347 5045 1484 5089 terra
1505 5035 1755 5106 1Egypti:

180 5124 434 5176 custodite
471 5125 645 5177 omnia
675 5136 930 5194 prtecepta
962 5141 1110 5188 utea,
1140 5134 1186 5179 et
1221 5125 1458 5179 universa
1475 5127 1683 5196 judicia
1709 5138 1755 5181 et

181 5209 340 5274 facite
377 5229 456 5266 ea.
487 5213 800 5283 Evangelica
844 5220 1092 5268 mandata
1126 5215 1500 5270 demonstrans
1541 5231 1658 5284 qua:
1689 5231 1754 5270 ex

177 5303 502 5358 auctoritate
540 5305 796 5359 Dominus
827 5305 1101 5374 praecepit.

783 5417 1010 5474 CAPUT
1065 5418 1156 5473 XI.

243 5507 404 5564 [dolo
452 5506 656 5565 iloloch
701 5527 803 5581 non
854 5511 1266 5565 immolandum:
1305 5511 1476 5581 Magis
1518 5530 1618 5566 non
1660 5514 1756 5567 atl-

342 5581 662 5634 lm'rendum.
692 5578 1006 5636 Parentibus
1033 5599 1136 5636 non
1156 5578 1588 5636 maledicendum.

246 5667 406 5740 (Car.
435 5671 548 5744 xx.)
579 5671 806 5728 Locutus
825 5682 898 5726 est
924 5671 1179 5728 Dominus
1197 5672 1266 5727 ad
1295 5669 1506 5743 Moysen
1536 5673 1710 5728 dicens
1735 5687 1753 5725 :

1876 1862 1997 1916 dem
2028 1865 2388 1934 recapitulans
2418 1869 2694 1935 mandata,
2724 1883 2862 1924 nova
2891 1872 3136 1942 quaidam
3169 1874 3249 1929 eis
3287 1875 3459 1931 inter-

1875 1954 2029 2019 serit,
2057 1963 2115 2009 ut
2151 1970 2259 2010 non
2301 1957 2570 2027 superflua
2601 1961 2849 2016 videatur
2889 1961 3068 2034 legum
3099 1966 3369 2034 repetitio,
3405 1977 3460 2023 et

1874 2043 2224 2115 inquisitione
2263 2062 2524 2103 novorum
2563 2050 2726 2105 etiam
2764 2053 3129 2111 anterioribns
3165 2057 3457 2114 studiosius

1871 2132 2232 2190 intendamus.
2282 2135 2452 2206 Hujus
2488 2139 2565 2195 rei
2598 2143 2770 2211 gratia
2807 2143 3053 2200 actiones
3097 2148 3355 2216 quasdam
3397 2148 3458 2203 in

1869 2227 2160 2295 praeteritis
2186 2229 2498 2299 prohibens,
2533 2247 2748 2302 poenam
2783 2248 2971 2289 carum
3015 2237 3212 2304 tacuit,
3248 2248 3457 2310 atquae.

1871 2316 1942 2370 sit
1961 2317 2076 2372 hsce
2095 2317 2177 2374 vel
2205 2320 2380 2390 qualis
2406 2331 2733 2392 qumrentes,
2761 2339 2823 2381 ea
2848 2341 2970 2396 qua:
2994 2327 3223 2385 inferius
3253 2334 3450 2401 sancit,

1869 2417 2193 2464 scrutemur.
2233 2411 2290 2465 In
2329 2413 2415 2468 bis
2455 2413 2598 2468 enim
2639 2430 2830 2486 poenas
2867 2417 3116 2488 inseruit,
3157 2436 3293 2492 quas
3321 2419 3451 2480 tunc

1867 2500 2233 2569 praetermisit.
2291 2501 2430 2558 Olim
2473 2518 2602 2575 ergo
2641 2507 2938 2575 prohibens
2985 2510 3049 2564 de
3105 2513 3311 2568 semine
3351 2529 3449 2570 suo

1868 2587 2096 2658 Molocb,
2139 2593 2254 2648 sive
2287 2594 2582 2648 secundum
2631 2593 3013 2668 Septuaginta,
3027 2600 3257 2672 principi
3311 2601 3450 2658 dari.

1867 2679 1996 2736 Erat
2024 2690 2204 2738 autem
2231 2682 2334 2739 hoc
2361 2683 2487 2739 idoli
2518 2684 2798 2756 cujusdam
2824 2689 2906 2744 vel
2936 2691 3195 2748 dmmonis
3229 2708 3445 2750 nomen.

1869 2770 2178 2827 Secundum
2207 2775 2349 2843 quod
2380 2773 2688 2845 Stephanus
2719 2777 2886 2834 Amos
2926 2779 3225 2837 introduxit
3261 2782 3448 2839 dicen-

1868 2867 1974 2917 tem
2015 2881 2028 2916 :
2067 2861 2137 2916 Et
2183 2865 2446 2935 recepistis
2489 2866 2886 2921 tabernaculum
2931 2869 3161 2937 Μοίρι-Λ,
3209 2882 3256 2925 et
3301 2873 3449 2928 sidus

1865 2947 1963 3006 Dei
1991 2954 2145 3007 vestri
2179 2953 2488 3024 Rempham,
2517 2957 2717 3027 ﬁguras
2753 2975 2884 3029 quas
2912 2960 3109 3030 fecistis
3142 2972 3198 3016 ut
3219 2963 3448 3018 adoretis

1867 3057 1956 3094 eas
1997 3039 2177 3112 (Amos
2221 3043 2296 3115 v).
2337 3043 2433 3098 Est
2472 3053 2652 3103 autem
2687 3045 2894 3102 Moloch
2935 3049 3016 3103 vel
3057 3051 3350 3118 Mclcbom,
3390 3064 3451 3108 ut

1865 3145 2007 3203 saepe
2040 3135 2204 3188 etiam
2231 3135 2427 3206 legitur
2460 3137 2658 3192 idolum
2694 3139 3160 3209 Ammonitarum,
3191 3145 3337 3214 quod
3365 3145 3448 3200 in-

1864 3227 2189 3293 terpretatur
2214 3239 2306 3277 rea:
2335 3233 2518 3292 vester,
2545 3235 2600 3281 et
2626 3228 2776 3284 sidus
2803 3229 2897 3284 Dei
2925 3232 3090 3287 vestri
3126 3232 3446 3304 Rernpbam,

1862 3313 1916 3367 id
1936 3321 2038 3378 est,
2069 3313 2289 3384 factum
2321 3325 2524 3382 vestrm,
2557 3317 2709 3372 vobis
2729 3335 2827 3388 pro
2858 3319 2968 3374 Deo
2989 3322 3324 3393 suscepistis.
3361 3324 3450 3381 Si-

1861 3405 2080 3477 gniﬁcat
2103 3415 2282 3462 autem
2310 3407 2615 3476 luciferum,
2639 3409 2793 3479 cujus
2822 3412 2987 3467 cultui
3015 3412 3442 3472 Sarracenorum

1861 3514 2022 3570 gens,
2067 3499 2136 3554 ob
2178 3500 2438 3554 honorem
2476 3498 2703 3557 Veneris
2751 3509 2870 3558 erat
2917 3506 3239 3575 mancipata.
3290 3506 3446 3565 Nunc

1860 3604 1992 3660 ergo
2030 3591 2263 3660 idipsum
2299 3607 2484 3645 rursus
2524 3601 2837 3648 contestans
2874 3605 3062 3650 contra
3098 3611 3438 3669 peccantem,

1853 3679 2064 3749 jndices
2088 3719 2102 3745 ,
2132 3681 2444 3750 ultoresque
2470 3698 2576 3736 non
2608 3684 2778 3738 solum
2813 3685 3087 3754 principes
3112 3689 3316 3756 populi,
3347 3689 3442 3742 sed

1859 3780 1914 3826 et
1961 3781 2126 3828 totam
2185 3771 2524 3846 Synagogam
2582 3783 2637 3828 et
2683 3776 2940 3846 populum
2995 3775 3144 3831 facit.
3205 3776 3442 3849 Populus

1858 3863 2017 3930 enim,
2050 3863 2244 3933 inquit,
2275 3874 2427 3918 teme
2457 3863 2713 3936 lapidabit
2735 3883 2874 3920 eum.
2909 3866 3017 3923 Nec
3049 3869 3133 3924 his
3155 3878 3444 3925 contentus

1858 3953 2193 4008 addiditzEt
2231 3970 2325 4024 ego
2369 3971 2562 4026 ponam
2608 3956 2796 4026 faciem
2838 3974 3005 4012 meum
3043 3959 3441 4027 contra'illum,

1857 4043 2222 4115 succidamque
2251 4061 2369 4098 eum
2404 4045 2468 4100 de
2495 4046 2663 4100 medio
2697 4046 2877 4118 populi
2910 4049 2992 4102 sui
3010 4089 3025 4115 ,
3059 4066 3156 4120 per
3193 4051 3297 4107 hoc
3327 4067 3443 4106 0m-

1857 4147 1955 4188 nes
1981 4134 2196 4206 erigens
2222 4143 2277 4189 et
2295 4149 2595 4204 provocans
2620 4146 2810 4192 contra
2837 4153 2957 4192 cum
2993 4141 3084 4210 qui
3131 4141 3256 4195 talia
3292 4155 3441 4196 com-

1857 4225 2024 4281 misit.
2068 4224 2176 4281 Sed
2217 4235 2271 4280 et
2315 4237 2576 4282 terrorem
2613 4229 2874 4294 indicens,
2913 4231 2960 4283 si
2994 4231 3352 4302 neglexerint,
3385 4245 3444 4288 et

1858 4330 1965 4368 non
2017 4329 2138 4369 cum
2185 4317 2364 4370 studio
2408 4327 2735 4386 praeceptam
2773 4334 2991 4388 pinnam
3043 4322 3156 4376 suis
3207 4321 3262 4376 in
3315 4337 3438 4378 eun:

1861 4406 2204 4459 exercuerim
2230 4406 2497 4472 manibus,
2527 4415 2712 4477 utpote
2738 4407 2792 4462 in
2823 4415 3032 4465 tantum
3055 4411 3194 4467 irato
3221 4413 3354 4479 Deo,
3381 4425 3442 4469 ut

1862 4493 1976 4562 ipse
1998 4502 2183 4564 aperte
2202 4495 2514 4565 praedictam
2541 4498 2867 4552 sententiam
2891 4507 3082 4555 contra
3105 4518 3228 4557 cum
3250 4501 3433 4559 ferret.

1863 4583 1970 4636 Cur
2012 4584 2229 4655 autem?
2275 4584 2410 4652 Quia
2457 4585 2524 4640 de
2560 4588 2763 4642 semine
2806 4603 2905 4643 suo
2933 4590 3078 4646 dedit
3116 4591 3349 4660 Moloch,
3383 4603 3441 4648 ut

1861 4675 2255 4730 contaminaret
2286 4677 2654 4731 sanctuarium
2701 4694 2900 4743 meum,
2944 4695 3010 4735 ac
3036 4680 3302 4751 pollueret
3338 4698 3440 4738 no-

1863 4781 1987 4819 men
2038 4774 2287 4820 sanctum
2336 4779 2538 4821 meum.
2589 4765 2908 4837 Quicunque
2936 4768 3081 4824 enim
3111 4769 3304 4836 tilium,
3345 4783 3438 4826 aut

1863 4875 2171 4937 cognatum,
2213 4875 2307 4921 aut
2343 4866 2684 4938 discipulum,
2715 4879 2810 4924 aut
2839 4870 3092 4940 amicum,
3132 4882 3226 4929 aut
3253 4889 3442 4946 quem-

1865 4981 2076 5034 cunque
2104 4965 2172 5018 de
2202 4979 2300 5019 suo
2325 4966 2543 5024 nomine
2569 4965 2655 5021 vel
2680 4969 3021 5038 cognatione,
3048 4981 3142 5026 aut
3172 4972 3436 5039 doctrina,

1863 5065 2091 5136 principi
2135 5065 2318 5122 saeculi
2376 5065 2535 5136 hujus
2581 5066 2676 5138 qui
2723 5084 2868 5125 nunc
2911 5081 3168 5142 operatur
3215 5073 3270 5127 in
3312 5072 3438 5127 ﬁliis

1865 5164 2174 5219 diuidendae
2211 5165 2438 5232 dederit,
2477 5181 2680 5224 vovens
2713 5182 2837 5223 eum
2879 5175 2936 5223 et
2974 5184 3305 5227 consectans
3325 5171 3439 5226 dm-

1865 5266 2132 5331 monibus,
2169 5267 2259 5323 hic
2291 5267 2512 5337 quidem
2541 5268 2611 5335 ad
2649 5282 2803 5324 era
2837 5269 3163 5336 daemonum,
3183 5269 3320 5322 alter
3347 5281 3438 5320 au-

1863 5374 1970 5421 tem
2007 5366 2170 5422 mista
2200 5367 2342 5422 virili
2379 5369 2742 5439 muliebrique
2778 5369 2908 5425 vita.
2959 5368 3255 5439 Utrumque
3290 5367 3434 5422 enim

1860 5474 1980 5521 erat
2006 5466 2229 5538 paganis
2251 5467 2607 5534 consuetudo,
2650 5477 2705 5522 et
2743 5467 2832 5524 bis
2863 5468 2955 5537 qui
3001 5468 3059 5520 in
3095 5477 3280 5520 errore
3318 5463 3437 5520 illo-

1862 5583 1978 5624 rum
2017 5569 2354 5626 labebantur.
2409 5571 2486 5627 De
2533 5572 2727 5644 quibus
2772 5571 2912 5627 Deus
2945 5585 3043 5641 per
3075 5569 3240 5625 Amos
3268 5569 3430 5626 dicit:

1862 5675 1995 5741 Quia
2039 5673 2126 5730 isti
2170 5685 2294 5730 cum
2333 5663 2639 5730 fornicariis
2676 5672 3178 5742 corrumpebantur,
3221 5682 3275 5729 et
3309 5690 3433 5731 cum
