3918 6180
481 251 587 311 465

1189 244 1248 301 Β.
1290 243 1542 320 RABA‘NI
1583 244 1803 304 MAURI
1840 230 2159 302 ARCHIEP.
2201 240 2511 302 MOGUNT.
2552 239 2837 301 οΡΕιωΜ
2873 239 3053 298 PARS
3087 241 3131 297 l.

3608 245 3695 302 ιω

480 362 803 425 effeminatis
841 358 1238 418 sacriﬁcabant.
1286 359 1485 416 Polluit
1520 358 1615 414 Dei
1664 365 1884 423 sancta,
1927 371 2062 427 quo-
2089 359 2141 419 Α
2165 371 2301 428 quos
2335 354 2420 411 vel
2458 354 2729 412 veneficos
2766 354 3137 425 praediximus.
3181 352 3243 409 In
3271 362 3495 425 utroque
3519 357 3648 414 enim
3674 378 3702 416 ι

434 454 437 457 ’
480 457 680 516 modo?
714 455 840 526 quia
872 451 1063 524 polluit
1100 465 1295 507 nomen
1335 457 1582 505 sanctum
1621 448 1758 517 cjus.
2008 516 2013 519 _

547 548 888 607 Contaminat
920 557 1049 617 ergo
1074 553 1129 600 et
1146 536 1342 613 polluit
1371 555 1566 596 nomen
1591 537 1725 607 ejus,
1761 537 1854 608 qui
1887 536 1937 592 ei
1965 537 2059 592 de-

436 642 441 649 ’
477 643 560 698 dit
588 636 902 711 imaginem,
937 639 992 691 et
1027 650 1126 705 per
1152 630 1303 688 "hanc
1339 631 1514 701 ipsum
1549 629 1641 699 qui
1678 627 2054 692 sanctificavit,

476 732 571 804 qui
612 737 667 785 et
708 724 957 799 spiritum
990 725 1115 780 vitae
1158 718 1207 779 ei
1253 733 1322 778 ex
1368 736 1463 776 sua
1510 720 1685 791 gratia
1729 716 2053 774 insulilavit:

476 823 604 894 quia
626 818 814 892 spiritu
837 812 976 873 malo
1002 825 1056 872 et
1081 815 1306 870 adverso
1335 810 1443 868 Deo
1466 810 1854 881 corrumpitur,
1877 817 1931 864 et
1954 808 2058 863 Do-

475 911 728 970 minicam
759 909 1047 981 imaginem
1075 908 1131 962 in
1154 906 1457 961 daemonum
1492 898 1807 958 servitutem
1841 900 2053 972 redigit,

476 1003 820 1077 regalemque
860 999 1208 1071 margaritam
1254 1013 1286 1053 a
1323 996 1514 1066 porcis
1547 992 1813 1064 permittit
1858 993 2051 1064 pollui;

474 1095 617 1151 idem
644 1100 728 1148 est
757 1100 811 1146 et
844 1083 1090 1159 quisquis
1135 1088 1201 1143 de
1247 1086 1568 1158 cognatione
1608 1094 1664 1139 et
1701 1085 1767 1139 de
1810 1085 2054 1140 doctrina

473 1201 571 1241 sua
596 1179 836 1239 avaritias
856 1176 1033 1247 offert,
1057 1189 1115 1237 et
1136 1177 1203 1233 ad
1228 1177 1511 1233 avaritiam
1543 1176 1797 1246 operibus
1816 1184 1909 1230 aut
1934 1192 2057 1231 ver-

471 1274 556 1330 bis
589 1269 921 1330 consuefacit
950 1284 1075 1324 eum
1109 1262 1201 1340 qui
1230 1280 1553 1338 quocunque
1590 1265 1750 1321 modo
1780 1266 2056 1336 discipulis

472 1363 589 1435 ejus
621 1364 704 1419 vel
728 1348 989 1434 cognatus
1015 1364 1119 1425 est,
1150 1374 1367 1443 servum
1393 1374 1515 1415 eum
1553 1356 1857 1413 daemonum
1887 1358 2053 1412 devo-

472 1464 585 1510 tum
627 1448 786 1509 idolis
842 1449 956 1513 sive
1001 1459 1411 1515 consecratum,
1450 1448 1788 1518 militemque
1834 1448 2054 1519 maligni

470 1543 731 1619 principis
751 1539 912 1611 hujus
945 1536 1123 1597 saeculi
1152 1538 1409 1596 efﬁciens.
1458 1536 1630 1593 Radix
1654 1539 1790 1593 enim
1824 1540 2055 1593 omnium

471 1635 732 1692 malorum
761 1630 1008 1700 avaritia,
1036 1648 1153 1705 qua:
1177 1642 1250 1687 est
1282 1630 1540 1686 idolorum
1559 1631 1778 1686 servitus
1802 1629 1885 1702 (II
1917 1626 2050 1684 Tim.

470 1745 559 1796 vr;
591 1726 711 1784 Gal.
741 1725 817 1799 v).
854 1726 1097 1781 Dicimus
1122 1731 1302 1779 autem
1336 1722 1439 1777 hoc
1464 1722 1641 1793 ipsum
1671 1728 1725 1776 et
1751 1728 1940 1776 contra
1965 1736 2058 1776 eos

472 1820 565 1890 qui
602 1817 924 1890 adulterium
962 1815 1187 1878 docent;
1229 1822 1577 1884 suggerentes
1620 1811 1855 1867 nefarias
1888 1811 2059 1866 actio-

470 1883 592 1976 ries,
618 1883 912 1979 suadenies
935 1901 1341 1974 turpitudinem,
1371 1900 1667 1973 polluentes
1710 1910 1896 1958 sancta
1938 1902 2051 1967 Dei,

471 1997 527 2054 id
565 2006 674 2065 est,
718 1996 1052 2069 signatorum
1085 1992 1196 2048 Deo
1224 1982 1473 2063 corpora,
1506 2006 1737 2062 quorum
1762 2006 1890 2047 caro
1923 2000 2059 2047 tem-

471 2087 618 2159 plum
648 2087 742 2142 Dci
780 2093 836 2140 et
864 2083 1104 2155 (Spiritus
1149 2082 1325 2138 sancti
1362 2091 1444 2138 est
1486 2082 1874 2139 habitaculum.
1919 2080 2053 2137 Pro.

468 2186 655 2250 pterea
677 2192 771 2233 eos
799 2176 892 2248 qui
914 2175 993 2231 sic
1018 2174 1160 2230 mala
1190 2182 1245 2228 ct
1276 2172 1657 2229 abominabilia
1685 2173 1939 2243 operibus
1964 2181 2057 2227 aut

469 2268 652 2325 verbis
679 2267 897 2332 docent,
932 2282 1041 2321 non
1067 2266 1229 2321 unius
1253 2265 1508 2337 praecepit
1525 2306 1540 2331 ,
1567 2264 1665 2321 sed
1687 2264 1926 2320 omnium
1958 2280 2057 2335 pu-

469 2360 575 2415 niri
598 2359 845 2415 manibus
868 2367 928 2412 ut
947 2365 1070 2429 pote
1091 2356 1332 2413 omnium
1350 2354 1603 2415 inimicus
1621 2364 1677 2412 et
1694 2356 2053 2433 adversarius,

471 2456 527 2505 et
578 2450 818 2504 omnium
872 2448 1079 2517 gloriae,
1125 2446 1267 2503 sicut
1316 2445 1633 2517 praedictum
1680 2454 1786 2510 est,
1831 2458 2052 2517 nocens.

475 2537 629 2605 Quod
654 2538 700 2592 si
729 2537 987 2609 negligens
1014 2535 1234 2609 papulus
1261 2532 1414 2589 terra:
1442 2546 1487 2590 et
1512 2535 1663 2606 quasi
1681 2532 2054 2604 parvipendens

472 2629 747 2701 imperium
786 2644 983 2694 meum,
1022 2625 1277 2681 dimiserit
1315 2626 1575 2680 hominem
1622 2626 1711 2696 qui
1756 2622 1958 2678 dederit
1989 2622 2054 2678 de

472 2718 668 2773 semine
700 2733 796 2772 suo
837 2715 1069 2782 Moloch,
1102 2731 1193 2770 nec
1238 2713 1457 2769 voluerit
1498 2712 1646 2768 illum
1693 2706 1949 2781 occidere,
1999 2711 2055 2769 id

416 2854 426 2860 .
468 2816 581 2876 est,
612 2808 659 2864 si
687 2807 740 2863 hi
763 2808 855 2878 qui
884 2806 1073 2862 nutriti
1103 2814 1229 2862 sunt
1250 2805 1303 2860 in
1329 2805 1553 2861 scientia
1579 2804 1914 2876 neglexerint
1930 2819 2054 2861 eum

468 2880 573 2972 qiii,
596 2900 722 2956 talia
744 2899 917 2955 docet.
958 2896 1083 2952 Haec
1105 2905 1188 2953 est
1212 2897 1357 2952 enim
1379 2909 1503 2950 vera
1528 2905 1584 2952 et
1611 2903 1759 2952 recta
1789 2903 1955 2961 terra,
1987 2894 2053 2951 de

471 3005 577 3062 qua
619 2989 697 3044 ait
739 2987 902 3043 David
929 3002 944 3042 :
969 2985 1196 3059 Spiritus
1235 2996 1358 3071 tuus
1398 2986 1561 3040 bonus
1608 2984 1827 3040 deducet
1868 3001 1952 3038 me
1997 2984 2052 3039 in

2165 448 2275 503 Deo
2303 447 2589 509 receditur,
2622 446 2736 502 sive
2752 443 3037 501 sensibiles
3048 442 3363 516 pythonicos
3376 454 3428 501 et
3444 447 3705 517 veneﬁcos,

2163 530 2277 593 sive
2303 536 2663 608 intelligibiles
2691 535 2858 601 dicas,
2882 534 2936 591 id
2960 542 3063 602 est,
3088 549 3182 589 eos
3211 534 3303 605 qui
3326 535 3380 589 in
3404 538 3606 593 nomine
3626 540 3710 597 Dci

2162 628 2297 686 falsa
2326 631 2670 701 prophetam,
2694 630 3010 699 deceptores
3036 639 3090 684 et
3112 630 3435 696 adulatores,
3460 633 3548 702 qui
3573 651 3709 692 vene—

2162 718 2279 773 licis
2309 719 2679 795 sermonibus,
2714 720 2931 774 auditus
2958 718 3249 774 multorum
3281 703 3638 793 corrumpunt,
3661 737 3710 780 ut

2162 824 2191 863 a
2219 810 2443 865 veritate
2468 811 2683 880 quidem
2705 811 2920 865 auditus
2942 818 3219 876 avertant,
3244 813 3310 868 ad
3329 812 3540 869 fabulas
3557 828 3708 872 autem

2163 908 2218 955 et
2247 915 2488 956 errorem
2518 908 2906 956 convertantur
2933 898 3017 972 (II
3047 899 3182 955 Tim.
3213 900 3312 974 tv).
3352 902 3420 957 Et
3456 914 3711 974 propterea

2161 1008 2363 1063 ponere
2392 991 2585 1048 faciem
2612 1007 2766 1047 suam
2790 990 2977 1061 judex,
3010 999 3063 1046 et
3092 992 3404 1062 disperdere
3440 1008 3536 1050 eos
3557 997 3616 1051 de
3637 1013 3715 1067 pc-

2161 1087 2290 1158 pulo
2321 1102 2420 1142 suo
2447 1087 2806 1143 comminatus
2841 1095 2943 1142 est.
2990 1086 3212 1143 Addidit
3240 1096 3423 1143 autem
3457 1108 3470 1143 :
3496 1089 3715 1158 Sanctiﬁ-

2163 1181 2376 1246 camini,
2399 1189 2447 1235 et
2476 1189 2636 1235 estote
2658 1180 2827 1234 sancti
2846 1194 2863 1245 ;
2885 1180 3177 1237 ostendens
3196 1181 3321 1250 quia
3343 1190 3603 1251 quotquot
3619 1181 3717 1235 illos

2160 1271 2331 1325 secuti
2364 1277 2513 1337 sunt,
2552 1269 2741 1340 polluti
2779 1276 2906 1323 sunt
2946 1277 3000 1323 et
3031 1267 3420 1325 abominabiles
3447 1278 3609 1340 atque
3632 1269 3715 1323 im-

2134 1362 2367 1425 ‘mundi,
2403 1369 2591 1432 utpote
2625 1362 2749 1430 quia
2785 1360 3242 1416 abominabilibus
3269 1362 3449 1418 verbis
3481 1371 3542 1418 et
3564 1363 3720 1432 pravis

2163 1450 2502 1520 dogmatibus
2528 1459 2939 1515 consenserunt,
2966 1451 3186 1521 insuper
3207 1452 3448 1509 addidit:
3474 1453 3723 1509 Custodite

2162 1553 2419 1613 prrecepta
2460 1559 2576 1596 mea
2621 1551 2669 1596 et
2720 1542 2975 1613 facitegea
2998 1541 3391 1599 :manifestans
3426 1553 3482 1600 et
3519 1560 3614 1614 per
3635 1545 3724 1600 hoc

2163 1634 2303 1703 quod
2324 1633 2823 1704 praevaricationem
2850 1634 2925 1688 illi
2952 1643 3342 1705 praeceptorum
3371 1637 3468 1692 Dei
3493 1637 3721 1701 doceant,

2085 1704 2132 1766 Β
2161 1724 2273 1779 sive
2294 1724 2463 1794 legem
2487 1724 2737 1790 doceant,
2769 1724 2885 1780 sive
2916 1704 3098 1779 divina
3128 1704 3188 1780 se
3214 1726 3567 1795 interpretari
3599 1742 3726 1782 man-

2158 1815 2283 1870 data
2321 1816 2561 1889 ﬁngant,
2604 1824 2660 1870 et
2705 1824 2987 1885 pr0pterea
3025 1828 3119 1871 eos
3157 1825 3213 1871 et
3248 1831 3515 1887 sequaces
3559 1832 3725 1872 eorum

2156 1916 2459 1963 aversatur.
2514 1907 2625 1962 Sed
2656 1916 2711 1963 et
2746 1908 2964 1962 brevem
3019 1907 3417 1963 conclusionem
3442 1908 3726 1963 verbisad-

2159 1997 2295 2052 didit
2314 1997 2500 2052 dicens
2526 2015 2538 2051 :
2563 1997 2676 2067 Ego
2704 1997 2984 2059 Dominus,
3013 1999 3100 2067 qui
3129 1997 3403 2065 sanctiﬁco
3430 1998 3614 2062 uos,id
3633 2005 3725 2062 est,

2156 2102 2256 2142 cur
2275 2103 2397 2141 cum
2428 2087 2513 2143 his
2542 2087 2632 2157 qui
2664 2086 2769 2141 alia
2802 2098 2991 2153 contra
3027 2102 3202 2141 meam
3240 2086 3412 2156 legem
3442 2097 3540 2142 aut
3570 2102 3727 2142 meam

2157 2177 2459 2234 doctrinam
2508 2177 2727 2244 dicunt,
2778 2177 3230 2247 corrumpimini?
3276 2176 3389 2248 Ego
3437 2179 3588 2233 enim
3626 2190 3731 2233 sum

2156 2264 2416 2323 Dominus
2448 2265 2536 2338 qui
2567 2267 2837 2336 sanctiﬁco
2866 2283 2975 2322 vos.
3018 2266 3277 2336 Sequitur
3305 2284 3319 2320 :

2230 2356 2333 2423 Qui
2366 2356 2692 2411 maledixerit
2724 2356 2986 2427 patrisuo
3032 2366 3080 2410 et
3121 2356 3302 2416 matri.
3349 2367 3519 2411 morte
3552 2356 3733 2410 moria-

2158 2458 2277 2512 tur;
2303 2447 2442 2517 patri
2470 2448 2727 2516 matrique
2754 2446 2843 2517 qui
2882 2446 3235 2513 maledirerit,
3266 2447 3483 2518 sanguis
3522 2448 3639 2517 ejus
3673 2444 3731 2498 sit

2156 2554 2313 2610 super
2329 2552 2470 2603 eum,
2496 2537 2608 2591 sive
2630 2536 2711 2609 (ut
2738 2536 3111 2607 Septuaginta)
3144 2553 3263 2591 reus
3282 2547 3363 2590 est
3388 2550 3406 2588 :
3430 2545 3490 2592 ut
3518 2537 3629 2591 hoc
3650 2550 3735 2590 no-

2155 2618 2281 2683 men
2306 2627 2378 2682 ad
2407 2629 2579 2698 ipsum
2619 2628 2785 2681 Deum
2832 2625 3122 2681 referatur.
3172 2626 3340 2681 lsaias
3378 2626 3524 2680 enim
3564 2626 3731 2681 dixit:

2158 2716 2414 2790 Nunquid
2437 2734 2538 2771 non
2567 2716 2706 2771 Deus
2738 2733 2872 2771 unus
2901 2714 3021 2786 fecit
3046 2733 3132 2771 eos
3154 2717 3180 2769 ?
3208 2716 3442 2787 nunquid
3461 2725 3618 2786 pater
3640 2731 3734 2771 ont-

2156 2812 2300 2866 nium
2328 2821 2551 2866 vestrum
2577 2809 2712 2881 (Isa.
2745 2811 2890 2881 thv)
2912 2811 2934 2864 Ἰ
2955 2810 3022 2864 Et
3050 2826 3239 2865 rursus
3262 2826 3277 2865 :
3305 2810 3544 2879 Domine,
3593 2820 3733 2883 pater

2155 2911 2329 2956 noster
2352 2918 2404 2955 es
2426 2913 2503 2968 tu,
2540 2918 2632 2955 nos
2674 2917 2788 2955 vero
2823 2900 3013 2971 lutum,
3055 2911 3104 2956 et
3150 2911 3207 2955 tu
3244 2902 3403 2971 ﬁctor
3449 2912 3648 2967 noster,
3689 2888 3731 2955 et

2156 3009 2314 3064 opera
2352 3009 2604 3047 manuum
2649 3001 2863 3047 tuarum
2904 3008 3082 3047 omnes
3123 3010 3236 3047 nos.
3293 2992 3402 3064 (Ex
3433 2991 3729 3061 Hesychia.)

471 3050 614 3137 terra
653 3089 796 3134 recta
839 3076 1012 3151 (Psal.
1054 3076 1243 3149 cxut),
1296 3060 1426 3151 quia
1468 3074 1671 3129 malum
1709 3082 1794 3130 est
1818 3073 2055 3128 maxime
2079 3050 2125 3113 Ο
2158 3050 2323 3138 ﬂecte
2361 3082 2490 3151 ergo
2519 3083 2825 3154 quicunque
2854 3084 2995 3153 patri
3035 3050 3312 3149 detrahit:
3348 3086 3445 3139 sed
3470 3093 3525 3137 et
3540 3050 3730 3148 vmatri,

460 3171 581 3243 tale
620 3178 912 3243 peccatum
954 3185 1060 3225 non
1103 3167 1327 3238 exsequi
1369 3177 1426 3224 et
1469 3168 1789 3237 impunitum
1833 3166 2052 3222 dimitti.

471 3260 615 3332 Quid
643 3270 729 3319 est
764 3261 909 3334 quod
946 3261 1213 3333 sequitur,
1251 3269 1299 3314 et
1331 3275 1487 3330 super
1513 3258 1873 3331 cognationem
1915 3258 2054 3329 ejus,

469 3372 568 3414 eos
604 3355 856 3412 videlicet
893 3354 987 3424 qui
1023 3352 1241 3409 student
1280 3351 1499 3418 similia,
1548 3350 1640 3421 qui
1682 3351 1899 3423 cognati
1930 3359 2057 3407 sunt

458 3453 695 3519 propter
747 3442 1152 3500 similitudinem
1221 3442 1452 3498 actionis
1503 3448 1559 3496 et
1613 3440 1895 3496 doctrinas.
1965 3439 2059 3495 Ait

474 3551 608 3608 ergo
634 3552 648 3589 :
673 3532 1052 3605 Suecidamgue
1076 3532 1251 3602 ipsum
1275 3539 1323 3586 et
1348 3547 1526 3586 omnes
1559 3531 1648 3604 qui
1685 3540 2056 3586 consenserunt

475 3628 546 3696 ei,
569 3626 1053 3698 utforniearentur
1096 3640 1216 3679 cum
1262 3622 1510 3692 Moloch,
1548 3622 1612 3679 de
1659 3623 1830 3679 medio
1877 3622 2056 3696 populi

466 3716 579 3774 sui.

546 3807 744 3864 Mallum
783 3815 869 3865 est
896 3808 1040 3864 enim
1074 3807 1387 3878 permittere
1422 3812 1516 3860 aut
1543 3804 1853 3861 consentire
1892 3802 2058 3858 etiam

474 3913 572 3955 eos
596 3898 686 3969 qui
717 3898 848 3954 foris
878 3906 1003 3954 sunt
1032 3897 1285 3953 fornicari
1312 3913 1342 3951 a
1370 3898 1480 3952 Deo
1509 3903 1564 3953 et
1593 3897 1870 3951 adhaerere
1902 3894 2058 3950 intel-

475 3987 666 4060 ligibili
692 3988 919 4059 principi
945 4007 958 4043 :
987 3988 1155 4043 multo
1187 3988 1358 4059 magis
1383 3995 1563 4042 autem
1590 3986 1657 4043 de
1677 3982 1853 4041 medio
1875 3984 2056 4056 populi

476 4077 583 4144 sui,
616 4078 721 4134 hoc
739 4086 823 4133 est
843 4078 990 4134 enim
1019 4085 1189 4137 totum
1216 4077 1433 4150 gregem
1458 4076 1604 4148 lupis
1625 4076 1839 4143 cedere,
1866 4084 1920 4131 et
1942 4092 2059 4131 om-

477 4185 575 4226 nes
613 4185 741 4226 oves
773 4169 915 4226 'l‘eris
958 4169 1189 4225 tradere.
1242 4169 1299 4225 Si
1324 4158 1541 4241 quidem
1572 4170 1639 4225 de
1672 4162 1850 4224 medio
1877 4166 2057 4238 populi

470 4256 712 4315 inimicis
745 4274 937 4330 rapere
970 4256 1355 4330 permittimus,
1392 4268 1485 4314 aut
1510 4260 1555 4315 si
1579 4275 1797 4315 manum
1826 4257 2057 4330 porrigi-

474 4362 597 4403 mus
625 4349 874 4421 rapienti.
911 4348 1014 4418 Qui
1044 4349 1187 4405 enim
1217 4350 1489 4407 consentit
1523 4357 1578 4408 et
1619 4358 1762 4406 tacet
1799 4361 2058 4405 accusare

474 4451 599 4492 eum
634 4454 794 4509 quem
838 4456 1066 4509 arguere
1099 4457 1318 4499 necesse
1345 4451 1449 4509 est,
1491 4441 1574 4498 vel
1614 4443 1924 4505 admonere,
1969 4437 2056 4494 vel

476 4529 777 4601 increpare,
801 4533 896 4587 hic
921 4549 1026 4588 no.:
1050 4530 1268 4604 effugiet
1298 4534 1536 4589 divinum
1554 4531 1844 4601 judicium.
1896 4531 2056 4588 Ponit

394 4630 403 4646 ι
480 4628 661 4674 autem
686 4619 877 4676 faciem
902 4637 1057 4677 suam
1090 4637 1251 4692 super
1279 4638 1404 4677 eum
1445 4621 1611 4689 Deus,
1661 4621 1807 4676 illam
1842 4621 1908 4674 de
1948 4636 2055 4689 qua

481 4709 650 4765 David
675 4710 883 4769 dicebat
910 4733 923 4768 :
956 4709 1146 4767 Vultus
1176 4723 1347 4768 autem
1376 4712 1589 4767 Domini
1622 4728 1778 4783 super
1802 4711 2056 4781 facientes

479 4801 643 4868 mala,
674 4812 729 4857 ut
761 4804 1027 4875 disperdat
1066 4805 1129 4858 de
1167 4815 1307 4859 terra
1332 4805 1638 4857 memoriam
1671 4818 1851 4857 eorum
1880 4801 2053 4875 (Psal.

480 4890 699 4962 χχχιιι).
739 4890 855 4948 Non
887 4895 1060 4949 solum
1084 4910 1211 4965 ergo
1239 4895 1330 4965 qui
1363 4893 1488 4948 talia
1514 4892 1743 4960 faciunt,
1769 4893 1862 4948 sed
1887 4902 1941 4946 et
1964 4891 2056 4964 qui

481 4982 1179 5041 eonsentiuntfacicntibus.
1225 4985 1532 5056 Sequitur:
1862 4980 1869 4991 ‘
1924 5006 1929 5011 -

553 5070 742 5126 Anima
771 5089 886 5144 qua
913 5073 1246 5130 declinaverit
1276 5076 1345 5129 ad
1374 5092 1551 5147 magas
1590 5085 1640 5130 et
1680 5075 1750 5130 ad
1786 5075 1980 5130 ariolos
2008 5083 2058 5130 et

484 5160 746 5231 fornicata
772 5162 928 5232 fuerit
954 5179 1072 5217 cum
1100 5166 1196 5232 eis,
1227 5182 1418 5236 ponam
1452 5166 1638 5237 {aciem
1669 5180 1835 5221 meam
1875 5177 2057 5225 contra

485 5267 622 5320 sunt,
645 5261 694 5307 et
715 5253 1025 5323 interﬁciant
1051 5254 1198 5311 illam
1217 5255 1283 5310 de
1305 5256 1477 5310 medio
1500 5255 1679 5327 populi
1703 5257 1807 5312 sui.
1846 5256 2060 5313 Saneti-

488 5344 718 5401 lieamini
749 5354 798 5400 et
830 5353 990 5401 estote
1021 5349 1211 5413 sancti,
1240 5348 1365 5414 quia
1401 5363 1493 5419 ego
1522 5346 1781 5404 Dominus
1811 5347 1952 5404 Deus
1975 5365 2060 5404 oe-

483 5444 592 5491 ster
602 5451 622 5502 ;
643 5434 898 5491 custodite
913 5445 1171 5506 pracepta
1194 5452 1309 5491 mea
1328 5446 1375 5491 et
1397 5437 1554 5508 facite
1571 5454 1633 5493 ea
1654 5451 1673 5491 :
1692 5455 1788 5509 ego
1803 5438 2061 5495 Dominus

486 5525 576 5596 qui
598 5525 869 5596 sanctiﬁco
892 5542 1007 5607 (vos.
1032 5514 1173 5582 Non
1213 5526 1587 5599 qualecunque
1625 5536 1906 5597 peccatum
1940 5542 2061 5584 esse

490 5613 759 5674 declinare
807 5618 876 5674 ad
918 5633 1122 5691 magos,
1143 5618 1278 5685 sive,
1320 5625 1381 5673 ut
1401 5617 1774 5691 Septuaginta,
1807 5619 2063 5677 ventrilo-

2156 3184 2332 3228 mone
2360 3162 2650 3229 mulctatus
2677 3183 2779 3229 est.
2825 3174 3074 3246 Ingratus
3101 3183 3185 3231 est
3212 3174 3357 3229 enim
3392 3185 3627 3243 naturas,
3654 3176 3733 3229 lie-

2156 3263 2464 3321 nefactores
2495 3264 2833 3335 blasphemat
2867 3281 2964 3335 per
3004 3280 3140 3334 quos
3179 3281 3211 3319 a
3245 3264 3358 3321 Deo
3399 3279 3519 3321 esse
3555 3264 3729 3333 perci-

2154 3356 2385 3427 pientes,
2417 3364 2471 3411 et
2497 3370 2596 3427 per
2631 3370 2767 3425 quos
2804 3355 3104 3411 mediantes
3140 3356 3379 3427 generati
3415 3370 3622 3410 sumus.
3671 3353 3732 3407 Et

2158 3445 2380 3517 injuriat
2406 3445 2681 3525 Creatoris
2701 3458 2922 3516 organa,
2946 3454 3008 3501 ut
3031 3446 3264 3511 labores,
3297 3461 3435 3516 quos
3461 3444 3731 3515 patiuntur

2158 3537 2214 3593 in
2253 3544 2441 3592 nostra
2485 3528 2833 3607 generatione
2879 3544 3171 3592 taceamus.
3220 3534 3356 3589 Nam
3403 3536 3531 3613 quia
3564 3532 3733 3589 maxi-

2156 3644 2302 3684 mam
2334 3641 2549 3700 posnam
2580 3635 2769 3685 contra
2798 3626 2942 3683 hunc
2965 3627 3059 3697 qui
3094 3625 3400 3695 hujusmodi
3427 3634 3532 3692 est,
3554 3625 3608 3680 id
3630 3632 3727 3689 est,

2157 3728 2388 3775 mortem
2412 3720 2685 3791 praecepit.
2738 3717 3042 3775 Ostendens
3064 3720 3188 3790 quia
3215 3717 3372 3774 valde
3398 3727 3545 3774 recte
3565 3724 3622 3771 et
3642 3732 3731 3772 ra-

2158 3812 2485 3885 tionabiliter
2530 3813 2693 3868 talem
2738 3827 2798 3868 se
2848 3827 3023 3884 poena:
3077 3810 3363 3882 scripsisse
3412 3808 3728 3864 sententiam

2158 3904 2395 3961 subdidit
2418 3923 2432 3959 :
2456 3901 2609 3960 Patri
2634 3907 2891 3978 matrique
2905 3905 2993 3976 qui
3009 3903 3359 3969 maledixerit,
3382 3903 3594 3975 sanguis
3621 3903 3728 3972 ejus

2157 3997 2255 4048 erit
2293 4011 2449 4065 super
2490 4012 2631 4061 eum,
2671 3993 2752 4050 vel
2791 3995 2929 4051 sicut
2959 3992 3333 4064 Septuaginta,
3372 4009 3491 4047 reus
3523 4002 3631 4056 est;
3662 3990 3725 4043 ad

2159 4084 2594 4141 satisfaciendum
2632 4086 2698 4140 de
2734 4099 2908 4155 poenae
2946 4083 3314 4155 magnitudine
3347 4124 3361 4148 ,
3411 4082 3724 4137 mentionem

2158 4183 2215 4229 et
2239 4159 2731 4246 recapitulationem
2757 4175 2961 4231 faciens
2988 4174 3218 4244 peccati.
3273 4171 3329 4227 Si
3367 4187 3496 4244 ergo
3534 4173 3643 4227 haec
3673 4170 3724 4223 in

2158 4281 2226 4322 eo
2259 4265 2352 4336 qui
2388 4265 2671 4321 sensibiles
2706 4265 2977 4321 maledicit
3014 4274 3217 4335 patres,
3247 4263 3414 4318 multo
3443 4264 3616 4334 magis
3640 4260 3724 4331 qui

2159 4356 2493 4426 blasphemat
2519 4354 2813 4411 Christum.
2852 4357 2970 4426 ipse
3003 4357 3149 4412 enim
3180 4372 3280 4412 nos
3312 4344 3624 4426 Spiritaliter
3648 4367 3727 4407 re-

2160 4447 2469 4519 generavit;
2508 4446 2671 4517 igitur
2697 4447 2790 4518 qui
2817 4446 2933 4516 ejus
2961 4448 3279 4519 mysterium
3304 4455 3358 4501 et
3385 4446 3612 4515 gratiam
3642 4442 3722 4497 in-

2154 4537 2323 4608 juriat
2353 4538 2712 4609 baptismatis,
2742 4553 2851 4593 non
2876 4539 3133 4594 obediens
3164 4538 3283 4593 voci
3320 4535 3627 4591 Dominicse.
3668 4529 3724 4585 Si

2160 4630 2274 4701 quis
2316 4608 2417 4684 non
2461 4628 2620 4698 fuerit
2660 4638 2991 4699 regeneratus
3025 4614 3090 4683 ea:
3134 4644 3273 4698 aqua
3309 4635 3358 4680 et
3397 4624 3607 4695 spiritu,
3629 4636 3722 4673 non

2134 4719 2374 4773 intrabit
2418 4719 2474 4773 in
2515 4734 2730 4789 regnum
2781 4717 3070 4784 caelorum,
3115 4718 3206 4783 hic
3250 4726 3426 4771 morte
3478 4714 3725 4768 morietur

2160 4810 2412 4878 pessima,
2445 4808 2709 4865 alienatus
2734 4824 2767 4863 a
2803 4824 2969 4881 regno
2992 4809 3272 4872 caelorum,
3296 4814 3354 4862 et
3371 4794 3592 4861 aeternas
3613 4803 3721 4860 vita!

2160 4899 2544 4959 detrimentum
2567 4899 2861 4953 sustinens.
2907 4897 3009 4965 Qui
3048 4904 3103 4952 et
3133 4905 3421 4967 propterea
3462 4909 3588 4951 reus
3627 4896 3717 4952 est,

2159 4989 2286 5058 quia
2315 4989 2641 5058 praedicante
2666 4989 2920 5055 Domino,
2943 4997 3000 5044 ct
3022 4988 3347 5059 praedicante
3373 4988 3509 5043 nihil
3538 4987 3714 5042 durum

2158 5095 2261 5135 nec
2289 5093 2470 5151 grave,
2499 5094 2673 5150 neque
2695 5080 2837 5149 quod
2867 5079 3123 5149 temporis
3141 5088 3197 5133 et
3226 5079 3464 5141 materia:
3486 5086 3576 5132 aut
3599 5074 3715 5129 artis

2159 5170 2456 5241 disciplinae
2492 5179 2695 5242 egeret,
2733 5173 2825 5228 sed
2870 5173 3236 5227 tantummodo
3262 5170 3449 5225 mundi
3475 5171 3649 5227 cordis
3672 5177 3721 5223 ει

2159 5258 2304 5324 ﬁdei,
2335 5260 2437 5316 iste
2470 5270 2660 5331 sponte
2687 5262 2790 5317 hoc
2817 5262 3028 5317 Domini
3066 5269 3350 5318 aversatus
3384 5270 3490 5319 est.

2751 5369 2978 5426 CAPUT
3027 5369 3139 5426 ΧΠ.

2161 5457 2485 5516 Prohibetur
2527 5459 2849 5516 adulterium
2897 5470 2946 5515 et
2998 5462 3304 5532 fornicatio,
3351 5460 3537 5516 addita
3584 5470 3719 5532 palm

2698 5532 3187 5601 prwvaricantibus.

2235 5602 2412 5694 (ltum)
2442 5620 2498 5677 Si
2529 5622 2810 5678 moechatus
2841 5621 2998 5692 fuerit
3026 5625 3141 5695 quis
3163 5640 3280 5677 cum
3305 5639 3473 5678 uxore
3498 5620 3724 5679 alterius,
