3918 6180
204 328 296 385 465
1074 322 1571 381 EXPOSl’l‘lONES
1609 321 1676 378 ΙΝ
1715 321 1757 376 L

1868 317 2112 376 [ΤιαυΜ.
2153 350 2220 358 -
2262 318 2388 374 LlB.
2429 308 2520 376 Ἣ.
3336 320 3440 377 Αδϐ

202 438 574 498 etadulterium
604 439 968 511 perpetrarent
1015 455 1132 493 cum
1156 439 1376 509 conjuge
1395 436 1620 508 proximi
1644 434 1733 489 sui
1747 476 1762 501 ,
1792 434 1845 495 Α
1870 433 2069 487 minem
2117 428 2467 497 contendens,
2513 429 2812 502 corrumpit
2857 424 3059 487 Christi
3102 446 3272 504 opus,
3319 449 3444 505 grc-

203 541 354 588 morte
380 531 639 585 moriatur
667 539 713 584 et
742 530 971 584 machus
1004 539 1052 584 et
1082 529 1356 594 adultera,
1387 528 1491 611 hoc
1522 536 1635 592 est,
1673 524 1766 597 qui
1869 537 2098 595 gemque
2152 522 2453 594 dispergit,
2503 529 2727 592 pr0pter
2774 522 2919 592 quod
2968 521 3151 578 socius
3197 521 3317 594 ejus
3362 524 3443 582 ef-

199 620 571 679 sdulteravcrit
606 628 661 675 et
694 635 814 691 qua:
827 619 1128 675 adulterata
1156 627 1257 674 est.
1294 616 1402 689 (Ex
1427 616 1764 688 Augustino.)

200 715 289 769 llic
309 709 511 780 aliquid
525 708 726 764 distare
740 709 1066 764 voluit‘inter
1080 709 1371 779 quemlibet
1385 708 1559 762 virum
1580 715 1634 761 e’t
1648 722 1769 776 pro-

198 804 412 864 ximum,
436 801 685 869 quamvis
706 799 890 853 multis
911 800 1044 854 locis
1066 801 1367 869 proximum
1391 815 1490 870 pro
1508 800 1653 855 omni
1670 799 1768 853 ho-

200 895 332 950 mine
350 893 521 962 ponit.
557 889 663 946 Scd
689 906 810 961 qua:
834 901 915 947 est
945 893 1047 946 ista
1074 892 1293 957 locutio,
1319 902 1379 946 ut
1407 907 1528 947 cum
1549 888 1662 958 jam
1686 891 1766 946 di-

200 985 355 1040 xisset
373 984 439 1037 de
460 983 597 1048 viro,
612 982 714 1037 hoc
735 982 872 1037 idem
896 983 1169 1052 repetierit
1190 983 1255 1037 de
1275 982 1539 1053 proximo,
1557 1000 1679 1040 cum
1695 985 1767 1040 sit

200 1086 544 1143 consequens,
578 1080 637 1126 ut
663 1072 831 1126 multo
858 1071 1028 1142 magis
1052 1073 1119 1126 ab
1147 1087 1314 1126 uxore
1335 1074 1567 1142 proximi
1596 1073 1764 1129 absti-

199 1163 422 1219 nendum
451 1168 556 1227 est,
586 1162 631 1217 si
664 1162 733 1217 ab
762 1178 931 1218 uxore
953 1160 1238 1230 cujuslibet
1258 1162 1357 1216 viri
1386 1161 1763 1220 abstinendum

199 1256 305 1307 est?
333 1252 469 1307 Nam
494 1252 539 1308 si
568 1253 720 1323 prius
748 1253 815 1307 de
841 1253 1090 1323 proximo
1116 1253 1358 1318 dixisset,
1392 1270 1458 1310 ne
1482 1262 1765 1324 putaretur

202 1360 413 1400 uxorem
459 1344 622 1400 licere
666 1346 988 1409 adulterare,
1035 1361 1140 1401 non
1178 1347 1409 1417 proximi
1455 1347 1762 1403 addendum

204 1435 293 1489 fuit
322 1435 391 1489 de
434 1434 674 1504 quolibet
707 1436 846 1490 viro.
881 1435 1036 1491 Nunc
1071 1451 1197 1491 vero
1224 1436 1269 1492 si
1299 1437 1441 1507 quod
1471 1437 1650 1493 minus
1681 1446 1764 1494 est

201 1540 296 1580 non
328 1524 477 1590 licet,
528 1534 732 1597 quanto
777 1525 955 1581 minus
998 1526 1125 1582 licet
1159 1527 1301 1597 quod
1344 1528 1520 1599 majus
1560 1529 1763 1584 malum

197 1616 305 1671 est?
343 1614 478 1670 Nam
507 1617 552 1671 si
591 1632 698 1671 non
730 1616 857 1673 licet
884 1617 1187 1673 adulterare
1219 1634 1443 1674 uxorem
1475 1617 1763 1687 cujuslibet

197 1707 312 1773 viri,
355 1716 561 1777 quanto
600 1708 775 1779 magis
805 1708 1072 1778 proximi?
1096 1708 1180 1763 Au
1211 1707 1353 1764 forte
1377 1709 1480 1764 ista
1510 1710 1762 1780 repetitio

1868 614 2049 669 ficitur
2104 627 2313 686 ptume,
2363 612 2673 683 quicunque
2706 612 2774 667 ab
2811 626 2878 669 eo
2915 614 3190 683 corrumpi
3230 628 3288 670 se
3339 631 3406 686 pa
3480 668 3483 673 .

1869 706 2019 761 titur.

1939 798 2043 864 Qui
2065 796 2337 852 domierit
2364 812 2484 851 cum
2509 810 2727 852 nouerca
2756 811 2873 862 sua,
2900 803 2947 849 et
2972 793 3269 850 revelaverit
3294 795 3445 867 igno-

1865 893 2080 947 miniam
2104 893 2270 964 patris
2300 891 2417 957 sui,
2457 900 2623 945 morte
2653 890 2952 944 moriantur
2986 889 3137 944 ambo
3171 902 3191 942 :
3227 891 3443 960 sanguis

1865 998 2045 1037 eorum
2070 983 2137 1036 sit
2167 997 2324 1053 super
2347 997 2455 1036 eos.
2488 978 2551 1036 Si
2571 980 2687 1052 quis
2713 978 2983 1034 dormierit
3007 995 3125 1032 cum
3157 995 3294 1033 nuru
3320 996 3438 1041 sua,

1864 1082 2081 1145 uterque
2106 1073 2424 1138 moriantur,
2449 1073 2574 1142 quia
2604 1070 2771 1126 scelus
2799 1069 3006 1140 aperati
3031 1078 3188 1135 sunt;
3224 1070 3442 1141 sanguis

1863 1181 2042 1219 eorum
2067 1165 2135 1219 sit
2152 1180 2306 1235 super
2319 1172 2405 1217 eos
2423 1159 2690 1233 (Ibidem).
2708 1159 2817 1234 [Ex
2832 1159 3139 1233 Hesychio.]
3155 1160 3306 1216 Dicta
3320 1167 3445 1216 sunt

1863 1255 1978 1311 haec
1998 1256 2051 1310 in
2071 1256 2175 1311 hoc
2187 1256 2413 1312 Levitici
2427 1255 2563 1310 libro
2580 1270 2609 1308 a
2622 1252 2926 1326 legislatore
2946 1252 3214 1323 superius,
3229 1253 3323 1308 sed
3338 1251 3447 1309 illic

1862 1348 2103 1419 quidem,
2148 1364 2250 1403 non
2278 1347 2527 1403 reuelabis
2562 1346 2935 1417 turpitudinem
2968 1346 3137 1418 patris
3163 1347 3243 1400 tui
3262 1354 3309 1401 et
3337 1363 3447 1401 ma-

1862 1437 1978 1505 tris,
2008 1452 2109 1493 uec
2128 1453 2235 1493 non
2258 1439 2458 1494 sororis
2479 1446 2534 1493 et
2555 1453 2721 1493 nurus
2742 1446 2796 1493 et
2826 1437 3154 1507 reliquorum
3179 1452 3276 1509 per
3297 1438 3444 1493 ordi-

1861 1543 1986 1583 nem
2012 1527 2171 1594 dixit,
2194 1528 2409 1597 quando
2431 1535 2485 1582 et
2506 1542 2604 1582 nos
2622 1527 2737 1582 haec
2758 1534 3111 1596 exponentes,
3136 1541 3242 1582 non
3267 1526 3440 1583 solum

1862 1618 2037 1688 turpis
2064 1626 2416 1689 cognatorum
2453 1625 2506 1674 et
2533 1615 2759 1672 nefariae
2786 1617 3181 1673 commistionis
3219 1632 3441 1672 aversa-

1865 1707 2069 1763 tionem
2108 1707 2283 1778 legem
2317 1707 2647 1778 pmcipere,
2692 1706 2785 1762 sed
2815 1714 2868 1762 et
2898 1707 2963 1762 de
2986 1722 3094 1763 non
3136 1706 3443 1762 revelandis

203 1809 452 1869 tanquam
493 1801 714 1871 exponit
745 1800 874 1870 quid
906 1801 1056 1870 prius
1084 1800 1290 1857 dictum
1332 1802 1405 1856 sit
1435 1811 1495 1857 ut
1524 1779 1645 1859 ideo
1680 1803 1763 1858 in-
1787 1779 1838 1841 Β
1865 1812 1985 1868 qua:
2020 1798 2391 1869 cognovimus,
2414 1812 2590 1868 neque
2616 1811 2736 1867 qua:
2766 1796 3111 1853 dill‘amandis
3141 1797 3441 1853 carnalium

197 1891 390 1962 telligat
428 1892 591 1947 homo
628 1901 887 1962 quantum
933 1893 1133 1947 malum
1187 1894 1260 1950 sit
1288 1893 1595 1953 adulterare
1623 1911 1763 1951 uxo-

197 2000 299 2039 rem
330 1985 454 2051 viri,
488 1986 612 2055 quia
641 1986 685 2040 si
715 1985 819 2040 hoc
847 1984 1056 2053 fecerit,
1092 2003 1319 2043 uxorem
1346 1989 1581 2060 proximi
1611 1988 1763 2045 adul-

196 2084 346 2132 terat.

257 2166 365 2239 (Ea:
411 2165 727 2242 Hesychia.)
766 2167 1050 2225 Proximus
1088 2178 1174 2225 est
1211 2170 1355 2225 enim
1393 2170 1570 2227 omnis
1597 2171 1762 2228 homo

192 2253 437 2314 hominis.
492 2256 763 2325 Quantum
809 2272 937 2331 ergo
986 2261 1255 2331 sensibile.
1290 2260 1616 2321 adulterium
1654 2278 1764 2316 ma-

194 2345 330 2415 lum,
403 2356 617 2403 tantum
663 2356 747 2405 est
798 2350 1136 2423 intelligibile
1184 2352 1470 2407 deterius:
1514 2368 1639 2408 nam
1685 2352 1766 2408 illi

196 2441 366 2504 carni,
399 2440 455 2495 hi
490 2448 671 2495 autem
701 2440 915 2511 spiritui
957 2442 1341 2498 contumeliam
1367 2443 1596 2510 faciunt,
1625 2452 1682 2499 et
1706 2444 1762 2500 hi

199 2529 415 2597 homini,
448 2531 526 2585 illi
559 2540 737 2589 autem
771 2534 873 2605 ipsi
909 2535 1038 2590 Deo.
1069 2536 1146 2590 De
1176 2535 1373 2606 quibus
1398 2534 1566 2592 Oseas
1588 2536 1719 2591 dicit
1745 2553 1758 2589 :

196 2618 382 2676 Omnes
427 2623 784 2680 adulterantes
825 2626 977 2698 quasi
1017 2626 1256 2682 clibanus
1302 2644 1583 2683 succensus
1615 2646 1648 2682 a
1676 2644 1763 2682 co-

190 2720 372 2779 quentc
401 2711 574 2785 (Osca:
596 2711 714 2787 vu),
754 2715 808 2769 in
849 2717 1014 2771 corde
1051 2730 1150 2771 suo
1188 2733 1217 2771 a
1243 2716 1515 2771 lulterium
1557 2717 1760 2771 intelli-

188 2800 333 2877 gibile
389 2818 676 2861 accusans.
714 2804 796 2860 Ab
837 2805 983 2860 omni
1031 2806 1173 2860 enim
1214 2806 1414 2877 populo
1452 2804 1761 2861 Judmorum

189 2896 278 2951 hoc
319 2892 801 2959 committebatur,
857 2902 1237 2964 corrumpente
1301 2888 1473 2966 legem
1522 2893 1764 2964 legisque

189 2986 449 3057 dogmata.
484 2985 803 3054 Quicunque
822 3000 951 3057 ergo
977 2984 1123 3040 illius
1144 2984 1269 3050 viri,
1302 2984 1368 3040 de
1394 3000 1501 3056 quo
1531 2984 1609 3039 ait
1629 2984 1764 3039 Pau-

188 3073 258 3129 lus
291 3075 605 3145 :0espondi
637 3091 723 3129 uos
748 3075 839 3128 uni
873 3076 983 3128 viro
1025 3075 1272 3144 virginem
1300 3084 1497 3128 castam
1521 3072 1762 3128 exhibere

1862 1888 2256 1959 spiritaliu’mve
2274 1896 2628 1960 cognatorum
2661 1888 2918 1959 peccatis,
2959 1887 3100 1944 dicta
3128 1904 3250 1945 esse
3279 1903 3444 1961 expo-

1862 1979 2095 2033 suimus.

1932 2066 2030 2124 llis
2057 2075 2241 2124 autem
2265 2068 2430 2136 Deus,
2479 2066 2540 2125 Si
2574 2067 2844 2125 dormierit
2873 2068 3103 2136 addidit,
3143 2066 3290 2124 illum
3315 2082 3445 2137 pro-

1867 2158 1959 2215 cul
1983 2158 2145 2215 dubio
2177 2158 2448 2216 deducens
2475 2161 2546 2218 ad
2577 2160 2838 2228 medium,
2876 2154 2968 2230 qui
2995 2160 3241 2217 eamdem
3271 2159 3443 2215 actio-

1861 2263 1985 2305 nem
2008 2265 2229 2321 pravam
2258 2266 2419 2323 quam
2446 2251 2752 2322 proximum
2781 2251 2959 2324 egisse
2985 2249 3255 2323 cognovit,
3280 2248 3444 2304 nihil-

1861 2342 2076 2399 ominus
2118 2343 2257 2416 agit,
2302 2358 2403 2400 nec
2447 2342 2656 2416 peccati
2703 2343 3020 2400 societatem
3074 2340 3438 2406 erubescens,

1862 2433 2037 2488 etiam
2071 2432 2152 2488 sic
2194 2433 2381 2489 existit
2420 2433 2667 2503 proditor
2693 2433 2749 2489 in
2779 2446 2888 2504 quo
2911 2438 2968 2488 et
2997 2430 3189 2489 mortis
3220 2444 3439 2501 ptenam

1862 2524 2140 2597 legislator
2185 2534 2336 2583 recte
2369 2525 2633 2582 deﬁnivit.
2677 2525 2823 2581 Bene
2851 2531 3035 2580 autem
3062 2535 3311 2579 noverca:
3338 2535 3440 2575 nu-

1865 2634 1985 2672 rum
2034 2618 2345 2689 conjunxit,
2395 2618 2523 2687 quia
2571 2617 2674 2672 hoc
2717 2615 2935 2687 quidem
2982 2613 3035 2669 in
3080 2619 3238 2685 patre
3266 2626 3298 2665 a
3328 2609 3441 2664 lilio

1861 2709 2215 2782 delinquitur,
2259 2709 2389 2765 illud
2435 2716 2615 2764 autem
2661 2708 2716 2763 in
2764 2707 2989 2762 liliuma
3015 2712 3186 2776 patre.
3238 2701 3443 2758 Similis

1863 2807 2042 2855 autem
2073 2800 2321 2871 impietas
2345 2808 2429 2855 est
2455 2798 2623 2853 lilium
2647 2797 2841 2870 patris,
2864 2804 2960 2851 aut
2985 2804 3195 2866 patrem
3226 2792 3318 2848 lilii
3346 2792 3442 2847 de-

1862 2890 2070 2945 nudare
2097 2891 2210 2945 sive
2239 2889 2519 2946 dillamare
2540 2898 2841 2960 peccatum,
2888 2903 3011 2943 cum
3039 2896 3096 2942 et
3135 2885 3235 2956 ipsi
3275 2885 3328 2939 in
3365 2884 3442 2939 si-

1865 2978 2084 3034 milibus
2121 2979 2483 3050 deliquerunt.
2515 2978 2597 3033 Ad
2626 2993 2763 3049 quos
2788 2976 2991 3033 Paulus
3023 2975 3274 3031 dicebat:
3304 2971 3443 3027 Pro-

1865 3077 1980 3140 pter
1995 3069 2138 3140 quod
2163 3068 2536 3124 inexcusabilis
2555 3085 2629 3136 es,
2653 3085 2684 3124 o
2708 3070 2862 3123 homo
2882 3068 3053 3122 omnis
3079 3065 3174 3137 qui
3185 3064 3399 3136 judicas
3422 3079 3442 3118 :

187 3164 382 3221 Christo
419 3133 510 3239 (ll
538 3164 661 3221 Cor.
694 3164 801 3237 ιι),
835 3133 1142 3220 ιηωοὶιαωνιδ
1176 3165 1481 3230 mulierem,
1508 3163 1762 3220 videlicet
1785 3133 1834 3199 C
1863 3133 1918 3214 in
1935 3133 2036 3242 quo
2056 3161 2192 3214 enim
2216 3159 2380 3214 alium
2392 3133 2627 3231 judicas,
2644 3160 2863 3232 teipsum
2883 3133 3441 3214 condenlnasaEadem

189 3256 499 3320 Ecclesiam,
541 3256 608 3310 de
649 3270 751 3325 qua
782 3255 925 3309 idem
948 3254 1061 3308 ait:
1095 3253 1230 3320 Viri,
1276 3253 1478 3325 diligite
1514 3253 1760 3308 mulieres

188 3356 390 3413 vestras,
436 3347 574 3401 sicut
595 3354 643 3399 et
664 3344 905 3399 Christus
929 3344 1110 3399 dilexit
1133 3343 1424 3399 Ecclesium
1440 3344 1663 3418 (Ephes.
1680 3343 1756 3416 v).

190 3437 482 3495 timebatur
525 3446 707 3514 autem
758 3436 940 3494 verbis
978 3436 1224 3508 turpibus
1254 3437 1610 3492 disseminans
1652 3451 1758 3491 non

188 3544 293 3583 eam
339 3529 650 3586 doctrinam
689 3529 965 3599 propriam
995 3537 1049 3584 et
1080 3545 1187 3584 non
1230 3528 1453 3594 Christi,
1503 3530 1643 3585 sicut
1684 3530 1761 3584 ait

188 3618 371 3676 Paulus
399 3640 413 3675 :
449 3619 642 3690 Turpis
671 3620 806 3675 lucri
831 3621 1023 3692 gratia.
1064 3619 1237 3675 Morte
1262 3621 1527 3675 moriatur
1553 3630 1601 3675 et
1627 3638 1755 3675 mte-

187 3713 302 3765 chus
343 3719 396 3765 et
439 3710 707 3774 adultera,
744 3710 798 3765 id
828 3719 930 3776 est,
974 3710 1073 3781 qui
1095 3710 1329 3765 alienum
1361 3711 1761 3780 superseminat

186 3802 426 3868 verbum,
453 3809 511 3857 et
537 3802 778 3858 Ecclesia
804 3819 922 3872 qua:
942 3804 997 3858 in
1020 3818 1080 3859 sc
1104 3803 1227 3856 talia
1255 3802 1458 3872 patitur
1476 3801 1757 3856 seminari.

186 3887 325 3948 lianc
376 3893 532 3949 enim
586 3893 730 3949 sicut
777 3894 1016 3948 diximus
1069 3908 1293 3948 uxorem
1353 3891 1754 3963 intelligamus:

185 3977 418 4037 Primum
480 3983 706 4052 quidem
753 3983 869 4037 veri
932 3981 1178 4052 conjugis
1226 3980 1479 4036 videlicet
1522 3980 1755 4046 Christi,

1861 3253 1998 3306 enim
2022 3253 2133 3322 ang
2151 3268 2269 3323 quae
2284 3252 2505 3323 judicas
2524 3250 2695 3324 (Rom.
2719 3250 2806 3323 ιι).

1935 3342 2040 3410 Qui
2065 3344 2336 3399 dormierit
2377 3361 2497 3399 cum
2522 3342 2755 3399 masculo
2781 3343 2923 3397 coitu
2950 3342 3198 3413 femineo,
3227 3336 3443 3410 uterque

1860 3436 2103 3508 operatus
2132 3447 2207 3491 est
2232 3436 2402 3506 nefas,
2424 3445 2590 3492 morte
2618 3435 2952 3490 moriantur:
2981 3433 3049 3488 sit
3087 3429 3313 3501 sanguis
3356 3443 3445 3481 eo-

1862 3546 1978 3584 rum
2007 3542 2166 3602 super
2189 3546 2295 3585 eos.
2328 3529 2435 3602 (Ea:
2466 3526 2775 3600 Hesychia.)
2820 3527 2957 3594 Quia
2996 3523 3197 3595 injuria
3229 3530 3440 3576 natura:

1860 3629 1943 3675 est
1973 3620 2076 3674 hoc
2108 3627 2392 3688 peccatum
2437 3618 2699 3685 ostendit,
2741 3625 2851 3671 tam
2893 3616 3105 3675 novitas
3132 3611 3248 3681 ejus
3278 3626 3442 3681 quam

1861 3709 2072 3765 facinus
2101 3728 2114 3763 :
2146 3724 2277 3779 ergo
2325 3723 2433 3764 non
2471 3707 2675 3763 frustra
2724 3718 2943 3778 poenam
2996 3707 3051 3761 in
3107 3705 3198 3758 illo
3248 3702 3439 3758 mortis

1860 3801 1947 3856 lex
1974 3800 2236 3856 decernit.
2266 3797 2376 3855 Nos
2399 3806 2580 3854 autem
2612 3796 2922 3868 huiusmodi
2948 3805 3004 3852 et
3024 3795 3267 3851 auditum
3290 3806 3442 3847 aver-

1861 3907 2067 3948 samur.
2085 3890 2388 3947 Caveamus
2409 3897 2591 3947 autem
2613 3897 2670 3945 et
2689 3904 2812 3945 eum
2838 3887 2928 3959 qui
2951 3886 3109 3943 fortis
3130 3894 3217 3942 est
3233 3884 3438 3950 animo,

1861 3988 2024 4052 atque
2052 3981 2172 4036 ideo
2201 3980 2498 4052 appellatur
2520 3978 2815 4036 masculus.
2845 3979 2943 4036 Vir
2975 3978 3121 4034 enim
3152 3975 3354 4047 ubique
3383 3974 3439 4028 in

183 4068 367 4127 deinde
396 4079 457 4127 et
502 4072 787 4143 conjugem
834 4070 973 4140 ejus,
1017 4071 1164 4125 cuia
1192 4069 1409 4125 Christo
1440 4070 1645 4125 credita
1677 4078 1761 4126 est
1861 4072 2044 4128 divina
2096 4071 2377 4143 Scriptura
2425 4070 2699 4142 perfectus
2747 4070 3042 4126 virtutibus
3085 4070 3437 4130 nominatur,

183 4157 445 4228 Ecclesia,
504 4163 803 4218 sacerdotis
847 4170 938 4217 aut
982 4162 1120 4217 forte
1165 4163 1423 4219 doctoris.
1483 4164 1759 4233 Quotquot
1861 4162 2003 4216 unde
2030 4168 2086 4216 et
2115 4161 2319 4217 Paulus
2348 4162 2464 4216 ait:
2491 4161 2669 4216 Donec
2701 4177 3040 4216 occurramus
3073 4174 3249 4214 omnes
3272 4158 3329 4211 in
3356 4156 3437 4209 vi-

182 4252 319 4306 enim
382 4252 692 4308 aemulando
744 4253 1019 4308 Christum
1046 4294 1061 4318 ,
1118 4262 1175 4309 et
1237 4256 1307 4310 ad
1362 4270 1518 4310 suum
1574 4254 1758 4309 odium
1861 4270 1976 4306 rum
2027 4253 2311 4323 perfectum
2338 4292 2353 4318 ,
2406 4253 2463 4306 in
2512 4268 2811 4306 mensuram
2870 4251 3041 4306 aetatis
3095 4245 3437 4320 plenitudinis

182 4342 399 4396 verbum
440 4350 830 4411 corrumpunt,
873 4342 1018 4397 circa
1055 4342 1212 4398 fidem
1246 4343 1648 4414 naufragantes.
1861 4344 2057 4401 Christi
2100 4346 2316 4419 (Ep/tes.
2362 4347 2457 4419 tv).
2500 4345 2802 4403 Caveamus
2847 4361 2977 4417 ergo
3020 4345 3204 4400 verbis
3243 4345 3436 4399 incon-

246 4429 401 4486 Sicut
466 4432 789 4502 Hymenaeus
847 4439 904 4487 et
958 4431 1261 4487 Alexander
1284 4473 1299 4498 ,
1353 4448 1487 4502 ques
1537 4432 2011 4516 tradiditngruis
2050 4434 2364 4491 effeminare
2402 4436 2489 4491 vel
2531 4438 2838 4494 actionibus
2864 4447 2917 4494 et
2948 4436 3243 4493 dissolvere
3276 4434 3437 4516 hujus

179 4515 375 4576 Paulus
434 4519 656 4575 Satanas-
679 4561 694 4587 ,
752 4530 815 4575 ut
873 4521 1144 4576 discerent
1207 4537 1317 4576 non
1380 4521 1756 4589 blasphemare
1781 4515 1838 4538 ”
1862 4526 2056 4580 animm
2100 4525 2381 4592 virtutem,
2408 4527 2533 4581 dum
2578 4542 2701 4582 cum
2739 4543 2806 4584 eo
2842 4528 3094 4585 videlicet
3119 4537 3174 4583 et
3204 4543 3303 4584 nos
3326 4528 3439 4585 disi

181 4607 229 4678 (1
259 4609 399 4666 Tim.
432 4611 481 4682 ι)
511 4628 527 4678 ;
568 4613 760 4667 borum
803 4612 1124 4668 adulterium
1156 4613 1209 4667 in
1238 4626 1527 4681 personam
1556 4610 1759 4666 Christi
1862 4616 2155 4681 solvamur,
2200 4616 2481 4691 utriusque
2510 4617 2661 4672 enim
2684 4618 2825 4675 sicut
2849 4619 3049 4686 cernis,
3088 4632 3244 4690 poena
3288 4634 3437 4677 mors

179 4712 467 4772 reputatur
517 4723 530 4758 :
586 4704 894 4775 quicunque
946 4713 1126 4759 autem
1178 4704 1521 4758 mulatione
1570 4704 1751 4759 homi-
1860 4713 1961 4761 est.
1995 4704 2288 4776 Sequitur:

178 4807 303 4848 num
365 4794 465 4864 qui
532 4796 798 4866 regendas
854 4795 1132 4851 Ecclesias
1189 4801 1315 4848 sunt
1372 4794 1588 4859 sortiti,
1650 4795 1760 4849 tale
1934 4796 2038 4863 Qui
2060 4814 2221 4868 supra
2249 4814 2463 4852 uxorem
2486 4797 2657 4868 ﬁliam
2675 4798 2886 4854 duxerit
2910 4799 3297 4871 matrem-ejus,
3324 4817 3437 4857 see-

180 4882 462 4953 quippiam
511 4883 748 4948 faciunt,
804 4892 864 4938 ut
910 4899 1103 4939 eorum
1146 4883 1447 4938 doctrinam
1496 4885 1760 4939 subruunt
1860 4886 1944 4941 lus
1969 4895 2211 4958 operatus
2240 4894 2335 4951 est,
2376 4889 2520 4941 rivus
2550 4888 2753 4943 ardebit
2780 4905 2901 4943 cum
2927 4889 3021 4955 eis,
3046 4907 3138 4944 nec
3165 4907 3436 4961 permac-

180 4973 320 5039 quod
345 4973 557 5053 Paulus
587 4972 954 5029 Alexandrum
987 4973 1180 5028 fecisse
1214 4973 1351 5027 dixit
1388 4972 1660 5027 marium.
1861 4980 1932 5034 bit
1961 4990 2163 5034 tantum
2193 4978 2340 5048 nefas
2366 4980 2420 5033 in
2453 4979 2623 5034 medio
2656 4981 2831 5035 vestri.
2861 4980 2971 5054 (Ea:
2999 4980 3306 5055 Hesychia.)
3338 4980 3430 5037 Ni-

245 5061 345 5116 Ait
387 5062 536 5118 enim
572 5061 913 5117 εΑιεπαηάετ
958 5062 1180 5117 wrarius
1223 5062 1391 5116 multa
1440 5061 1585 5116 mala
1630 5061 1759 5116 mihi
1856 5073 1959 5126 mis
1974 5079 2119 5126 recte
2139 5070 2219 5124 sic
2243 5085 2439 5125 saevam
2461 5083 2675 5140 poenam
2700 5072 3074 5127 huicminatus
3096 5079 3181 5127 est
3202 5070 3429 5128 delicto:
3469 5120 3477 5130 .

179 5155 433 5220 ostendit,
485 5155 670 5209 reddat
722 5157 769 5209 ei
809 5154 1066 5209 Dominus
1103 5156 1386 5210 secundum
1434 5173 1591 5227 opera
1638 5173 1756 5222 sua,
1856 5176 1950 5216 eos
1977 5162 2119 5216 enim
2143 5161 2234 5229 qui
2263 5174 2328 5214 ex
2352 5168 2525 5215 matre
2563 5151 2731 5233 geniti
2760 5171 2905 5229 sunt,
2930 5163 2998 5217 ab
3024 5161 3111 5218 his
3139 5163 3287 5232 quia
3317 5160 3429 5216 illia

172 5261 335 5310 quem
359 5256 410 5298 et
441 5254 497 5298 tu
524 5245 715 5299 devita.
744 5245 971 5300 Multum
1003 5247 1142 5301 enim
1166 5246 1351 5301 restitit
1379 5247 1544 5302 verbis
1566 5248 1759 5302 nostris
1858 5250 2027 5322 geniti
2057 5259 2205 5316 sunt,
2236 5265 2359 5305 eum
2390 5266 2531 5306 unus
2556 5252 2616 5305 fit
2638 5260 2815 5321 pater,
2845 5252 3111 5309 incertum
3142 5261 3431 5308 estutrum

182 5330 261 5398 (II
296 5332 442 5387 Tim.
469 5334 566 5406 tv).
604 5334 806 5390 llorum
841 5336 1162 5391 adulterium
1191 5337 1245 5391 in
1272 5337 1577 5406 proximum
1605 5330 1763 5405 repu-

178 5430 350 5489 tatur,
405 5441 530 5481 cum
574 5429 909 5484 sacerdotem
950 5429 1199 5485 videlicet
1226 5430 1341 5484 sive
1370 5429 1761 5485 conductorem

175 5525 405 5585 propter
435 5518 587 5587 cujus
630 5521 1026 5575 aemulationem
1061 5522 1128 5576 ad
1165 5521 1324 5575 talem
1346 5518 1610 5589 justitiam
1635 5534 1760 5591 pro-

174 5606 454 5675 greditur.
496 5607 604 5664 Sed
644 5617 699 5664 et
738 5610 897 5681 hujus
934 5626 1083 5666 mors
1108 5619 1188 5667 est
1213 5625 1394 5683 paena,
1439 5625 1600 5681 quam
1629 5618 1683 5667 et
1713 5611 1760 5666 si

178 5713 290 5753 non
339 5699 866 5768 specialitercontra
904 5702 1202 5770 Christum,
1231 5712 1411 5759 tamen
1441 5711 1630 5759 contra
1662 5703 1761 5758 ho-

1863 5339 2062 5394 fratres
2100 5354 2165 5392 an
2209 5339 2504 5395 avunculos
2531 5349 2779 5409 oporteat
2813 5342 3070 5412 appellari
3098 5360 3111 5397 :
3137 5357 3258 5396 nam
3308 5354 3431 5395 cum

1864 5439 2020 5499 pater
2056 5445 2195 5485 unus
2234 5430 2324 5495 sit,
2371 5429 2568 5488 fratres
2592 5446 2686 5488 eos
2714 5432 2857 5504 cogit
2882 5432 3158 5488 aestimari.
3191 5432 3270 5487 Ex
3300 5432 3433 5487 dua—

1864 5520 1965 5575 bus
1995 5529 2176 5575 autem
2203 5522 2522 5591 parentibus
2562 5538 2685 5579 eum
2714 5539 2822 5578 una
2846 5524 2917 5578 sit
2940 5532 3132 5589 mater,
3163 5522 3269 5578 alia
3298 5521 3429 5590 ﬁlia,

1866 5611 2160 5668 avunculos
2196 5614 2297 5669 hos
2327 5614 2417 5685 qui
2447 5614 2513 5670 de
2540 5623 2713 5670 matre
2745 5625 2871 5671 sunt
2901 5614 3090 5685 geniti,
3120 5615 3189 5671 ab
3218 5616 3304 5672 his
3338 5632 3428 5688 qut

1866 5702 1977 5759 nati
2006 5711 2132 5760 sunt
2159 5703 2225 5760 de
2251 5702 2357 5759 illia
2395 5694 2673 5776 compellit
2702 5704 2999 5761 necessitas
3043 5706 3322 5776 appellari.
3365 5708 3433 5766 Et
