3926 6176
449 291 549 350 ιδτ

1119 285 1177 338 Β.
1220 283 1470 339 ΒΛΒΑΜ
1511 282 1729 339 MAURI
1765 276 2025 336 ARCHIE?

2127 274 2430 334 MOGU'NT.
2469 273 2756 331 OPERUM
2791 274 2972 331 PARS
3009 276 3050 331 1.

3599 278 3701 334 ιδδ

450 402 554 459 hoc
578 397 796 468 quidem
829 393 982 451 valde
1012 395 1309 452 secundum
1345 393 1581 448 litteram
1619 391 1936 453 custoditur,
1964 395 2020 443 et
2046 391 2097 449 Λ
2121 396 2205 444 est
2227 429 2242 453 ,
2287 387 2484 444 mistus
2525 394 2612 444 est
2651 388 2723 444 ei.
2774 388 2843 444 Et
2884 387 3014 458 quid
3063 388 3143 444 ait
3174 407 3187 442 :
3219 388 3501 445 Peccatum
3553 409 3706 446 suum

450 496 676 546 cavetur
720 483 1027 554 hujusmodi
1079 484 1289 541 incesta
1344 483 1652 538 commistio
1702 481 2025 552 generisque

451 577 719 635 confusio.
757 574 896 644 Quia
933 582 1113 631 autem
1150 574 1330 630 omnis
1366 572 1574 643 peccati
1616 579 1790 627 mater
1825 584 2025 624 concu-

452 667 717 739 piscentia
748 674 854 731 est,
881 672 1094 735 Oportet
1121 671 1177 718 et
1215 664 1319 718 hoc
1352 661 1715 732 praevaricari,
1751 668 1811 713 ut
1847 660 1894 714 si
1920 673 2025 728 qua

453 761 610 822 nobis
656 759 860 833 peccati
902 757 1340 827 concupiscentia
1371 755 1449 822 fit,
1476 771 1646 826 usque
1675 755 1743 810 ad
1770 756 1910 809 banc
1935 768 2024 808 re-

448 853 728 916 sistamus,
767 860 824 906 ct
854 865 960 905 non
987 849 1038 904 ei
1067 847 1458 918 conjungamus
1489 848 1775 902 actionem.
1809 845 1912 912 Qui
1938 860 2028 914 qu-

451 955 560 999 tcm
589 941 889 1013 coniungit,
913 941 969 996 in
1000 941 1122 1011 igne
1151 940 1478 1002 incenditur,
1511 954 1616 993 non
1644 937 1818 991 solum
1846 944 2025 990 autem

455 1037 592 1104 ipse,
611 1035 704 1090 sed
723 1043 778 1088 ct
803 1033 1129 1089 desiderium
1152 1032 1382 1103 peccati,
1409 1031 1628 1102 insuper
1648 1037 1702 1084 et
1723 1029 1864 1084 actio
1890 1029 2024 1098 ipsa.

455 1132 574 1194 Quo
602 1127 756 1198 igne?
787 1127 862 1180 De
890 1141 998 1196 quo
1023 1125 1158 1179 dixit
1177 1123 1423 1178 Christus
1450 1141 1462 1175 :
1489 1120 1668 1191 Ignem
1696 1120 1810 1174 veni
1827 1120 2026 1172 mittere

449 1220 506 1273 in
528 1228 720 1272 terram
745 1227 792 1270 et
822 1215 935 1272 volo
965 1224 1019 1269 ut
1045 1215 1366 1269 accendatur
1395 1212 1542 1285 (Luc.
1572 1211 1690 1283 xu),
1725 1210 1777 1266 id
1798 1218 1902 1274 cst,
1933 1209 2029 1263 ad-

449 1306 903 1365 ministrationem
927 1305 1170 1374 spiritus,
1199 1303 1290 1374 qui
1317 1304 1463 1373 ipsos
1487 1309 1803 1372 peccatores
1828 1299 1894 1353 de
1914 1314 2028 1353 mc-

453 1401 544 1454 dio
581 1396 810 1461 auferet,
855 1412 1148 1467 eorumque
1173 1403 1414 1466 peccata.
1450 1393 1511 1448 Si
1538 1393 1677 1446 enim
1712 1391 1922 1462 spiritu,
1952 1390 2030 1444 ait

451 1489 674 1556 Paulus,
703 1497 822 1542 acta
850 1488 1024 1541 carnis
1045 1485 1392 1554 morti/iactis,
1419 1485 1618 1538 vivetis.

527 1581 632 1648 Qui
659 1597 777 1636 cum
795 1581 1036 1650 jumento
1065 1589 1112 1632 et
1139 1593 1322 1648 pecore
1349 1577 1528 1631 coierit
1555 1584 1720 1629 morte
1747 1573 2026 1638 moriatur,

454 1690 609 1743 prcus
646 1688 848 1742 quoque
889 1671 1186 1735 occidetur;
1224 1677 1272 1723 et
1314 1667 1502 1722 mulier
1533 1683 1650 1737 qua:
1693 1663 2024 1720 succubuerit

2127 479 2398 550 accipient,
2427 494 2548 534 cum
2583 479 2650 534 de
2677 492 2839 549 paena
2869 494 3057 534 eorum
3084 478 3420 548 loqueretur,
3454 481 3557 536 nisi
3582 483 3706 551 quia

2127 578 2183 625 et
2212 570 2384 640 ipsam
2415 584 2632 640 ptenam
2655 572 2886 640 peccati,
2916 579 3200 640 peccatum
3230 572 3402 626 voluit
3425 573 3705 643 appellari.

2129 655 2238 729 (Ea:
2268 649 2573 730 Hesychia.)
2603 659 2906 714 Tolerabile
2939 675 3060 714 esse
3096 661 3200 715 hoc
3221 676 3252 715 a
3276 661 3461 716 multis
3487 663 3709 732 putaba-

2128 755 2235 812 tur,
2284 747 2562 804 sororibus
2607 747 2729 802 ﬁlia:
2759 748 2929 817 patris
2957 748 3041 803 vel
3084 749 3207 803 filice
3245 751 3439 805 matris
3465 751 3707 820 misceri,

2126 837 2252 906 quia
2301 845 2356 894 et
2399 837 2676 893 Abraham
2715 839 2782 893 de
2832 836 2968 892 Sara
3003 839 3256 895 dicebat:
3294 838 3459 894 Soror
3489 858 3606 895 mea
3635 851 3709 896 est

2128 927 2282 1000 (Gen.
2306 929 2429 1002 xu),
2455 945 2538 997 ex,
2553 939 2710 1000 patre
2735 939 2920 986 etnon
2960 947 3026 986 ex
3064 943 3256 996 matre,
3306 933 3450 1002 quod
3491 934 3710 1002 quidem

2125 1033 2234 1072 non
2264 1019 2575 1074 omnimodo
2596 1019 2676 1074 sic
2699 1027 2784 1075 est
2807 1021 2948 1074 sicut
2977 1020 3180 1076 habere
3207 1031 3430 1092 putatur
3459 1023 3710 1078 historia.

2127 1112 2262 1169 Nam
2299 1129 2396 1169 eos
2423 1114 2516 1185 qui
2545 1129 2612 1168 ex
2646 1115 2827 1169 Thare
2866 1125 3017 1186 patre
3056 1116 3333 1171 Abraham
3364 1117 3533 1188 geniti
3565 1126 3712 1182 sunt,
3763 1174 3766 1175 ν

2127 1201 2339 1273 Moyses
2377 1218 2609 1259 narrans
2657 1220 2925 1274 nusquam
2976 1203 3128 1261 Sara:
3173 1207 3511 1262 mentionem
3562 1207 3712 1263 fecit.

2127 1293 2280 1361 Quod
2307 1295 2352 1349 si
2381 1304 2435 1350 et
2459 1296 2634 1350 sorori
2675 1310 2786 1350 suae
2827 1295 3104 1352 Abraham
3133 1299 3337 1369 nupsit,
3371 1309 3500 1355 ante
3529 1307 3714 1356 tamen

2127 1401 2290 1455 quam
2320 1393 2674 1455 cognosceret
2701 1385 2907 1442 Deum?
2943 1387 3141 1443 Malum
3165 1399 3246 1445 est
3273 1405 3404 1462 ergo
3433 1384 3717 1446 sororibus

2127 1475 2361 1547 conjugii
2398 1477 2658 1534 societate
2698 1478 2938 1543 misceri,
2965 1480 3110 1536 unde
3140 1480 3270 1536 illud
3298 1481 3386 1535 lex
3411 1482 3714 1551 prohibuit.

2126 1566 2262 1622 Cum
2301 1583 2431 1639 ergo
2475 1569 2590 1624 hac
2636 1570 2716 1624 sic
2753 1583 2810 1624 se
2859 1569 3120 1636 habeant,
3174 1571 3489 1627 nullatenus
3515 1587 3546 1626 a
3575 1588 3717 1641 pne-

2127 1659 2274 1716 dicta
2309 1660 2767 1729 contemplatione
2803 1661 3144 1717 recedamus.
3177 1663 3593 1734 Turpitudinem
3624 1681 3716 1718 au-

450 1735 689 1835 jmnento
739 1735 896 1816 simul
940 1761 1282 1830 interﬁciatur
1319 1776 1435 1814 cum
1479 1735 1561 1824 eo,
1606 1757 1820 1827 sanguis
1845 1771 2024 1809 eorum
2056 1735 2104 1795 Β
2136 1758 2242 1807 tem
2279 1753 2483 1808 sororis
2513 1768 2579 1808 ex
2606 1761 2762 1825 patre
2789 1763 2883 1808 aut
2911 1761 2978 1808 ex
3005 1764 3201 1819 matre,
3234 1771 3427 1810 revera
3457 1757 3608 1812 illum
3636 1757 3717 1812 ine

452 1871 610 1926 super
627 1871 734 1909 eos.
775 1852 1043 1920 Quaeritur
1083 1851 1354 1921 quomodo
1402 1850 1476 1906 sit
1519 1864 1671 1903 reum
1711 1861 1877 1918 pecus
1903 1860 2026 1901 cum

455 1946 526 2000 sit
556 1943 873 1999 irrationale
901 1958 1000 1996 nee
1023 1941 1135 1996 ullo
1164 1941 1325 1996 modo
1345 1939 1480 2008 legis
1503 1954 1671 2008 capax
1695 1939 1706 1989 !
1733 1937 1815 1990 An
1845 1951 2029 2006 quem-

453 2036 742 2094 admodum
766 2033 1172 2088 transferuntur
1194 2031 1358 2086 verba
1397 2028 1556 2084 modo
1591 2027 1880 2082 locutionis
1907 2041 2027 2096 qua:

451 2126 640 2183 Gme
675 2125 978 2196 appellatur
1008 2122 1343 2192 metaphora,
1383 2121 1451 2175 ab
1489 2119 1706 2174 animali
1742 2118 1808 2172 ad
1847 2117 2027 2172 inani-

454 2219 600 2276 male
646 2219 787 2274 sicut
831 2218 1053 2284 dicitur,
1105 2215 1384 2286 improbus
1436 2219 1650 2277 ventus,
1696 2208 1780 2264 vel
1832 2209 2029 2263 iratum

459 2326 635 2377 mare,
667 2310 742 2367 ita
767 2318 824 2364 et
849 2309 939 2364 hic
968 2307 1292 2363 translatum
1323 2314 1429 2370 est,
1457 2320 1486 2358 a
1519 2302 1767 2358 rationali
1795 2303 1861 2356 ad
1891 2301 2030 2381 irra-

456 2403 678 2458 tionale.
711 2401 845 2458 Nam
866 2416 1064 2471 pecora
1094 2401 1216 2456 inde
1241 2397 1568 2456 credendum
1592 2394 1839 2466 estjussa
1862 2395 2030 2450 inter-

456 2491 570 2558 ﬁci,
599 2492 726 2561 quia
764 2492 856 2547 tali
893 2491 1096 2561 ﬂagitio
1132 2489 1520 2553 contaminata,
1564 2487 1840 2558 indignam
1869 2485 2029 2540 refri-

453 2591 582 2644 cant
609 2582 736 2640 facti
762 2584 1097 2639 memoriam.

528 2676 639 2750 (Ea:
659 2675 965 2750 Hesychia.)
1001 2675 1174 2731 Nimia
1215 2683 1403 2730 contra
1434 2673 1691 2744 pepulum
1718 2671 2028 2728 Iudaeorum

454 2767 738 2838 legislator
764 2767 936 2822 utitur
962 2765 1322 2830 districtione,
1367 2764 1494 2834 quia
1542 2763 1811 2818 intantum
1859 2761 2030 2832 iniqui

455 2868 619 2929 atque
649 2857 856 2914 libidini
883 2856 1046 2912 dediti
1073 2863 1246 2921 erant,
1279 2864 1338 2910 ut
1360 2855 1431 2910 ad
1463 2861 1682 2909 exteras
1714 2853 1878 2908 etiam
1903 2867 2032 2907 con-

453 2948 820 3021 enpiscentias
857 2949 1196 3011 aberrarent,
1246 2953 1303 2999 et
1327 2953 1618 3016 propterea
1648 2959 1772 2999 cum
1795 2941 2034 3014 quadru-

452 3039 680 3109 pedibus
719 3037 822 3093 viri
868 3035 1221 3106 mulierisque
1266 3033 1662 3090 commistionis
1698 3032 2028 3088 mentionem

456 3128 685 3196 faciens,
718 3128 913 3186 mortis
947 3142 1068 3182 esse
1105 3125 1412 3196 hujusmodi
1441 3139 1661 3196 poenam
1691 3124 2031 3179 demonstra-

456 3219 554 3272 vit.
603 3219 683 3274 Tu
732 3228 913 3273 autem
960 3217 1187 3272 forsitan
1235 3213 1561 3286 superﬂuam
1608 3229 1730 3269 esse
1783 3213 2031 3268 fidelibus

454 3308 607 3364 hanc
645 3307 820 3379 legem
853 3307 1143 3376 judicabis.
1173 3305 1358 3376 Neque
1402 3306 1569 3370 enim,
1619 3304 1819 3375 inquis,
1871 3313 2031 3375 egent

460 3396 767 3467 hujusmodi
816 3397 943 3469 jure
991 3397 1222 3452 censeri.
1263 3395 1379 3452 Non
1419 3404 1599 3450 autem
1627 3405 1712 3450 est
1736 3385 2024 3466 superflua,

452 3489 552 3545 sed
589 3489 752 3544 nimis
793 3487 910 3558 ejus
954 3505 1054 3543 nos
1083 3488 1276 3558 juvare
1304 3488 1563 3557 spiritalis
1591 3495 1768 3559 potest
1794 3497 2029 3543 contem-

455 3579 642 3650 platio:
697 3578 754 3636 Si
800 3581 1169 3650 quadrupedia
1213 3580 1518 3650 voluptates
1569 3594 1764 3650 pravas
1789 3589 1844 3634 et
1872 3580 2029 3635 deor-

454 3687 576 3730 sum
621 3679 821 3728 terram
869 3678 1187 3727 contuentes
1226 3671 1609 3739 intelligamus,
1651 3678 1853 3740 utpote
1879 3670 2026 3725 omni

457 3763 694 3820 humana
736 3770 985 3818 carentes
1037 3764 1250 3819 actione
1289 3770 1345 3818 et
1393 3771 1683 3833 propterea
1729 3763 2028 3834 appellatas

457 3854 850 3924 quadrupedia,
867 3855 994 3924 quia
1011 3855 1380 3924 quadrupedis
1405 3870 1597 3910 manus
1617 3853 1759 3909 sicut
1783 3855 2029 3909 homines

454 3959 564 4000 non
595 3944 814 4007 habent,
847 3953 1010 4013 atque
1051 3945 1172 3999 ideo
1201 3945 1439 3998 maxima
1481 3951 1669 4000 nostra
1709 3945 2027 4014 cognatione

455 4043 663 4090 carent.
702 4035 1018 4105 Quicunque
1051 4051 1180 4106 ergo
1207 4037 1290 4090 vir
1326 4044 1421 4091 aut
1458 4036 1652 4092 mulier
1677 4037 1746 4091 ad
1777 4036 2030 4108 alienige-

455 4139 554 4181 nas
594 4123 899 4194 voluptates
945 4125 1214 4191 intentum
1262 4125 1546 4191 incumbit,
1593 4133 1654 4180 ut
1699 4139 1767 4180 ne
1806 4126 2026 4196 quidem

453 4230 550 4284 per
575 4213 834 4271 desidiam
866 4216 934 4270 ab
959 4216 1038 4272 eis
1065 4216 1328 4286 capiatur,
1376 4216 1472 4270 sed
1511 4216 1620 4270 imo
1649 4215 1807 4271 valde
1835 4215 1916 4271 eis
1941 4231 2028 4271 co-

453 4307 658 4363 luereat
681 4314 740 4360 ει·
763 4321 885 4361 cum
922 4307 1003 4364 eis
1025 4315 1201 4372 coeat,
1245 4315 1304 4362 ut
1339 4307 1769 4362 commistionem
1797 4321 1919 4362 cum
1945 4308 2025 4364 eis

453 4396 764 4454 diuturnam
811 4405 867 4452 ct
909 4406 1350 4468 perseverantem
1395 4397 1626 4464 habeat,
1674 4413 1802 4454 reus
1847 4407 1930 4454 est
1977 4400 2026 4455 is

452 4489 543 4556 qui
572 4489 696 4547 talis
725 4497 808 4544 est
826 4491 1037 4546 mortis.
1083 4491 1180 4546 llic
1221 4500 1305 4546 est
1347 4491 1498 4546 enim.
1533 4490 1864 4546 nefariarum
1899 4491 2020 4547 libi-

453 4578 637 4636 diuum
683 4577 830 4644 finis,
873 4580 963 4650 qui
991 4580 1461 4652 nperantibugeas
1475 4580 1682 4650 punitis
1713 4588 1860 4635 recte
1891 4581 2021 4650 ipsa:

453 4668 618 4721 ctiam
648 4670 786 4722 mori
817 4671 1090 4724 dicuntur.
1133 4670 1316 4740 Neque
1346 4671 1488 4725 enim
1526 4673 1621 4739 per
1643 4685 1702 4724 se
1723 4670 2022 4724 subsisten-

454 4767 555 4820 tes,
586 4757 712 4826 quia
738 4757 882 4814 nulla
904 4768 986 4813 est
1011 4761 1218 4830 peccati
1245 4761 1545 4816 substantia
1568 4761 1622 4814 in
1644 4759 2026 4829 peccatoribus.

451 4847 821 4916 operantibus,
837 4849 1034 4917 quibus
1055 4859 1234 4907 tamen
1255 4851 1501 4922 perditis,
1517 4857 1571 4905 et
1587 4850 1686 4920 ipsi
1710 4849 1869 4903 simul
1900 4864 2022 4919 per-

453 4944 600 4990 eunt.
631 4935 885 5006 Sequitur
907 4956 919 4991 :

524 5025 629 5103 Qui
657 5029 910 5098 acceperit
939 5045 1171 5084 sororem
1212 5046 1362 5083 suam
1381 5051 1386 5074 ι
1405 5029 1576 5098 ﬁliam
1603 5031 1770 5100 patris
1798 5032 1900 5094 sui,
1943 5031 2020 5086 uel

450 5121 619 5193 ﬁliam
657 5122 842 5177 matris
865 5140 994 5191 suta,
1027 5134 1075 5179 et
1110 5125 1291 5182 viderit
1325 5125 1702 5195 turpitudinem
1729 5125 1864 5195 ejus,
1893 5125 2015 5180 illa-

448 5229 547 5283 que
593 5213 918 5283 conspexerit
965 5214 1146 5284 fratris
1194 5215 1558 5285 ignominiam,
1604 5214 1860 5284 nefariam
1909 5232 2020 5270 rem

451 5305 652 5376 operati
677 5313 799 5360 sunt
827 5319 846 5358 :
869 5307 1170 5361 occidantur
1195 5305 1252 5360 in
1279 5315 1550 5376 conspectu
1569 5306 1769 5378 populi,
1793 5324 1852 5363 eo
1876 5309 2015 5379 quod

447 5395 822 5465 turpitudinem
863 5412 1016 5450 suam
1050 5407 1232 5450 mutuo
1269 5394 1628 5463 revelaverint,
1658 5406 1705 5451 et
1731 5398 2012 5467 portabunt

445 5482 773 5552 iniquitatem
817 5500 988 5538 suam.
1038 5482 1145 5551 (Ex
1167 5483 1503 5555 Augustino.)
1536 5484 1672 5552 Quid
1712 5486 1788 5541 ait
1826 5487 1880 5544 in
1909 5487 2012 5544 hoc

447 5568 565 5623 loco
594 5571 788 5626 viderit
836 5569 1391 5630 nisi‘concumbendo
1430 5575 1743 5643 cognoverit.
1779 5575 1918 5632 sicut
1953 5576 2010 5631 in

447 5656 561 5729 lnge
599 5657 838 5719 dicitur:
871 5661 1118 5738 Cognovit
1149 5677 1364 5718 uxorem
1405 5681 1578 5733 suam,
1623 5681 1722 5739 pro
1760 5680 1826 5723 oo
1867 5669 2009 5739 quod

2132 1845 2311 1917 tellige
2353 1847 2538 1902 videre
2583 1856 2640 1904 et
2687 1848 2936 1920 accipere
2977 1847 3068 1918 qui
3116 1855 3334 1918 turpem
3379 1848 3654 1903 actionem
3685 1865 3716 1902 a

2129 1919 2285 2007 patre
2308 1943 2402 1989 aut
2429 1945 2626 2002 matre,
2651 1937 2704 1991 id
2729 1919 2834 2002 est,
2858 1937 2913 1992 in
2947 1952 3054 2008 qua
3079 1944 3234 2007 pater
3258 1944 3352 1990 aut
3376 1946 3553 1993 mater
3584 1937 3718 1992 deli-

2128 2025 2266 2095 quit,
2290 2041 2397 2080 non
2425 2026 2600 2081 solum
2624 2026 2792 2093 videt,
2823 2028 2919 2082 sed
2942 2035 2997 2082 et
3021 2027 3222 2098 accipit
3257 2042 3356 2096 per
3387 2027 3624 2081 similem
3660 2036 3718 2082 et

2127 2133 2314 2188 parem
2362 2119 2654 2184 actionem,
2698 2126 2755 2173 et
2800 2118 3048 2175 nefarius
3091 2128 3193 2182 est,
3244 2119 3335 2173 hic
3376 2133 3486 2173 non
3538 2118 3717 2174 solum

2127 2215 2480 2276 perscrutans
2502 2223 2622 2278 qua:
2646 2223 2752 2263 non
2778 2209 3042 2279 oportuit,
3072 2209 3165 2263 sed
3194 2217 3249 2262 et
3270 2208 3721 2279 supermditicans

2129 2306 2185 2352 et
2211 2297 2545 2370 conjungens
2581 2315 2641 2354 se
2669 2309 2993 2370 perpetrata:
3027 2314 3058 2353 a
3082 2299 3400 2370 parentibus
3430 2301 3718 2370 pravitati,

2133 2404 2253 2458 quae
2281 2403 2439 2443 soror
2458 2387 2598 2456 ejus,
2628 2389 2784 2459 quasi
2813 2390 2965 2460 pravi
2994 2389 3234 2460 pravitas
3255 2387 3580 2459 appellatur.
3607 2388 3721 2444 Sed

2133 2489 2194 2534 ut
2227 2481 2357 2550 quid
2391 2479 2692 2536 diffamavit
2737 2497 2859 2536 eam
2905 2491 2961 2536 et
3009 2481 3413 2537 disseminavit?
3459 2479 3717 2536 Latentia

2131 2569 2276 2624 enim
2329 2567 2590 2639 plurimos
2642 2577 2929 2639 parentum
2983 2579 3208 2640 peccata
3266 2567 3553 2624 diﬁ‘amant
3615 2569 3718 2625 ﬁlii

2131 2659 2350 2728 quando
2376 2669 2544 2731 agunt
2565 2660 2760 2714 similia
2797 2679 2809 2714 :
2843 2661 2986 2715 unde
3023 2662 3167 2716 hunc
3203 2662 3296 2730 qui
3338 2661 3462 2716 talis
3490 2670 3579 2718 est
3603 2663 3718 2717 dis~

2128 2751 2281 2819 perdi
2307 2750 2361 2805 in
2398 2761 2687 2822 conspectu
2732 2752 2936 2822 populi,
2984 2753 3068 2808 vel
3119 2753 3260 2809 sicut
3304 2752 3713 2824 Septuaginta:

2128 2844 2185 2898 in
2210 2853 2484 2914 conspectu
2515 2844 2747 2912 ﬁliorum
2782 2846 2984 2916 generis
3024 2848 3128 2910 sui,
3166 2848 3219 2902 id
3258 2855 3361 2911 est,
3399 2847 3720 2903 videntibus

2135 2934 2333 2990 similia
2371 2936 2732 3006 cogitantibus
2776 2939 3053 3008 praecepit.
3098 2939 3162 2994 Hi
3198 2939 3342 2994 enim
3369 2938 3464 2993 ﬁlii
3492 2941 3720 3010 generis

2131 3027 2248 3097 ejus
2271 3035 2418 3083 recte
2453 3028 2726 3084 dicuntur.
2755 3028 2864 3085 Cur
2895 3040 3075 3085 autem
3108 3032 3160 3086 in
3189 3041 3482 3102 conspectu
3514 3033 3718 3088 horum

2132 3125 2192 3171 ut
2221 3118 2381 3172 unius
2407 3133 2566 3187 poena
2599 3128 2654 3174 et
2681 3121 2862 3176 caeteri
2897 3122 3216 3192 pudicitiam
3267 3124 3498 3179 discant.
3542 3124 3720 3180 Inter-

2129 3215 2312 3278 empto
2340 3217 2518 3264 autem
2566 3219 2855 3282 peccatore
2891 3221 2947 3266 et
2986 3221 3268 3282 peccatum
3304 3212 3465 3268 simul
3499 3214 3718 3281 interit,

2127 3300 2582 3370 quemadmodum
2607 3302 2774 3357 semel
2796 3302 2850 3357 in
2871 3304 3302 3361 omcedentibus
3326 3305 3584 3360 diximus.
3617 3304 3717 3360 Se-

2129 3390 2315 3460 quitur
2338 3399 2519 3446 autem
2545 3410 2558 3446 ε

2199 3480 2303 3547 Qui
2315 3484 2494 3537 coierit
2509 3500 2628 3537 cum
2641 3483 2859 3539 muliere
2869 3485 2924 3540 in
2936 3487 3085 3554 fluxu
3099 3496 3383 3553 menstruo,
3395 3497 3446 3540 et
3461 3487 3716 3543 revelave-

2129 3571 2195 3624 rit
2214 3573 2590 3643 turpitudinem
2615 3573 2748 3644 ejus,
2766 3574 2981 3646 ipsaque
3005 3577 3267 3646 aperuerit
3284 3577 3478 3650 fontem
3495 3593 3717 3647 sangui-

2128 3662 2209 3714 nis
2235 3662 2338 3727 sui,
2361 3662 2743 3731 interﬁcientur
2765 3665 2918 3718 ambo
2947 3665 3010 3718 de
3036 3667 3206 3719 medio
3228 3665 3407 3736 populi
3453 3669 3559 3721 sui.
3594 3669 3713 3739 (Ea:

2130 3749 2438 3824 Hesychia.)
2470 3751 2514 3806 A
2533 3761 2865 3808 menstruata
2887 3755 3143 3811 abstineri
3161 3757 3436 3826 legislator
3457 3774 3568 3813 non
3594 3759 3714 3813 fru-

2128 3851 2242 3897 stra
2285 3845 2560 3916 praecepit,
2592 3847 2687 3901 sed
2719 3847 2993 3903 hominem
3021 3850 3256 3905 suadens
3284 3851 3352 3906 ad
3385 3851 3713 3921 pudicitiam

2127 3933 2411 4000 castitatis,
2435 3951 2554 4006 quae
2579 3952 2700 3992 eum
2729 3937 3064 4010 diligentiam
3088 3941 3306 4007 habere,
3346 3957 3411 3998 ex
3441 3958 3548 4012 qua
3581 3959 3712 3999 san-

2127 4021 2382 4078 ctificatio
2401 4027 2873 4094 provenitvolens,
2897 4037 2951 4084 et
2971 4046 3076 4085 non
3095 4029 3150 4084 in
3172 4031 3390 4086 modum
3413 4047 3712 4102 porcorum

2125 4114 2379 4169 continue
2405 4116 2719 4174 mulieribus
2759 4120 2998 4187 misceri,
3034 4130 3088 4176 et
3125 4123 3193 4177 ad
3219 4138 3560 4179 communem
3587 4141 3715 4180 cor-

2127 4206 2432 4275 ruptionem
2453 4223 2669 4276 vacare,
2696 4212 2788 4267 sed
2823 4227 2890 4266 ex
2933 4221 3121 4268 coacta
3166 4215 3495 4272 abstinentia
3543 4232 3710 4273 usum

2124 4295 2304 4353 facere
2327 4299 2394 4353 ad
2421 4301 2827 4357 continentiam.
2856 4303 2963 4360 Sed
2985 4307 3440 4374 quemadmodum
3463 4309 3712 4378 disperdi

2125 4403 2218 4444 eos
2243 4389 2311 4445 de
2345 4391 2541 4462 pepulo
2583 4409 2681 4449 suo
2722 4396 2997 4467 praecepit,
3055 4413 3179 4452 cum
3230 4401 3610 4471 purgationem
3658 4403 3710 4455 ei

2129 4480 2219 4550 qui
2249 4480 2503 4538 dormivit
2543 4497 2667 4538 cum
2709 4493 3040 4542 menstruata
3082 4490 3332 4557 superius
3372 4491 3711 4546 indixisset?

2127 4569 2272 4626 Dixit
2299 4572 2444 4626 enim
2470 4591 2484 4627 :
2514 4572 2574 4628 Si
2613 4576 2795 4630 coierit
2818 4593 2937 4630 cum
2963 4595 3024 4632 ea
3050 4580 3133 4632 uir
3156 4589 3384 4651 tempore
3425 4585 3712 4652 sanguinr's

2125 4664 2488 4731 menstrualis,
2533 4666 2832 4721 immundus
2873 4669 2970 4724 erit
3010 4679 3202 4740 septem
3239 4671 3438 4726 diebus.
3494 4673 3712 4730 Deinde

2122 4763 2244 4825 post
2268 4755 2384 4811 haec
2407 4757 2790 4827 purgationum
2830 4759 3099 4815 sacrificia
3143 4778 3375 4818 narrans
3414 4764 3708 4821 subdidit:

2123 4843 2238 4898 Ista
2267 4856 2340 4900 est
2391 4846 2475 4900 lea:
2512 4848 2580 4912 ei,
2620 4849 2710 4918 qui
2736 4850 2939 4918 ﬂuxum
2982 4851 3194 4906 seminis
3241 4853 3474 4923 patitur,
3521 4865 3571 4908 et
3614 4860 3712 4928 qui

2125 4933 2396 5002 polluitur,
2437 4945 2485 4989 et
2525 4953 2642 5006 qua:
2681 4939 2951 5008 sanguinis
2991 4941 3194 5008 ﬂuxum
3231 4943 3450 5013 patitur,
3475 4945 3533 4997 in
3559 4962 3716 5000 men-

2123 5025 2284 5079 struis
2307 5028 2448 5090 suis,
2473 5037 2522 5081 et
2556 5028 2609 5081 in
2647 5029 2797 5097 [luxu
2837 5031 3050 5085 seminis
3085 5033 3312 5101 patiente
3346 5034 3400 5086 in
3426 5035 3584 5103 [lqu
3602 5053 3708 5089 suo

2122 5120 2359 5175 masculo
2377 5131 2424 5175 et
2443 5121 2650 5191 femina:
2665 5133 2711 5178 et
2730 5125 2841 5178 viro
2859 5126 2903 5180 si
2923 5127 3194 5181 dormierit
3208 5144 3326 5181 cum
3346 5140 3703 5192 menstruata,

2121 5211 2198 5265 sic
2222 5212 2467 5281 purgari,
2509 5221 2566 5267 et
2613 5215 2755 5268 hunc
2780 5216 2922 5270 sicut
2961 5225 3016 5272 et
3051 5217 3186 5273 alios
3212 5235 3318 5273 non
3348 5220 3528 5288 puniri
3566 5222 3704 5282 vult.

2120 5317 2253 5372 ergo
2277 5303 2702 5374 contemplemur
2729 5315 3121 5362 menstruatam
3154 5311 3436 5378 gentilium
3480 5313 3709 5381 sapicnc

2119 5394 2272 5457 tiam,
2321 5394 2479 5466 longe
2525 5397 2668 5450 enim
2695 5413 2726 5452 a
2753 5396 2884 5462 Deo,
2910 5399 3006 5453 sed
3037 5407 3092 5454 et
3121 5400 3186 5455 de
3220 5401 3398 5456 volatu
3435 5403 3618 5456 avium
3647 5413 3711 5456 et

2117 5499 2277 5540 cursu
2324 5485 2560 5542 siderant
2599 5497 2654 5543 et
2687 5490 2958 5546 mensuris
3003 5491 3123 5545 coeli
3168 5493 3355 5548 dicens
3393 5502 3560 5563 atque
3599 5493 3709 5548 do-

2117 5590 2264 5631 cens.
2294 5575 2430 5631 Cum
2472 5577 2575 5632 hac
2615 5593 2743 5649 ergo
2781 5580 3076 5648 pessimum
3107 5591 3190 5636 est
3216 5583 3476 5649 dormire,
3503 5585 3559 5639 id
3584 5593 3702 5645 est,

2114 5666 2371 5724 delectari
2405 5669 2464 5726 in,
2486 5684 2548 5726 ca
2576 5669 2746 5725 etdiu
2785 5671 2954 5735 coire,
3001 5672 3095 5726 scd
3136 5682 3189 5728 et
3221 5675 3462 5731 revelare.
3501 5683 3556 5732 ct
3591 5688 3710 5743 ρει-ι
