3918 6180
296 283 388 340 ισο

1201 283 1700 343 EXPOSITIONES
1737 285 1802 340 IN
1843 287 2235 344 LEVlTlCUM.
2274 321 2346 332 -—-
2381 291 2508 345 LIB.
2550 293 2634 346 Vl.

3414 305 3522 360 470

287 399 387 453 lam
409 395 654 467 proferre
683 396 1066 467 turpitudinem
1105 395 1243 466 ejus,
1288 398 1552 458 tradendo
1592 413 1687 455 eas
1728 413 1848 468 qua:
1875 402 1922 461 Α
1950 415 2117 456 uxore
2163 402 2343 471 patrui
2382 403 2614 474 primum
2648 406 2944 474 prohibuit,
2983 413 3233 479 quamvis
3259 414 3376 474 haec
3412 433 3522 476 non

286 488 422 560 apud
448 502 573 543 eum
597 493 722 541 sunt
743 483 930 542 teletas
946 495 1001 542 et
1028 502 1244 546 errores
1267 505 1403 559 quos
1429 489 1592 546 habet
1622 498 1677 546 et
1701 489 1853 545 fron—

286 589 391 637 tem
420 579 588 634 totius
621 578 824 632 erroris
857 587 1214 648 exponentem
1245 597 1263 635 :
1291 582 1418 652 quia
1449 582 1536 636 his
1565 581 1855 652 publicatis

286 671 487 728 revelat
513 678 564 727 et
594 671 706 740 ipsa
743 667 945 724 fluxum
973 673 1254 739 sanguinis
1281 673 1383 736 sui,
1419 672 1474 726 id
1507 681 1610 739 est,
1640 670 1704 728 ea
1734 687 1853 741 qua!

283 774 406 822 sunt
434 765 499 819 de
524 761 808 817 sacriﬁciis
848 761 1112 818 idolorum
1138 763 1612 829 subintroducens,
1634 771 1855 834 propter

283 857 422 929 quod
445 872 551 912 non
574 855 892 925 simpliciter
914 856 1069 922 dixit,
1084 857 1481 926 interﬁcientur,
1500 859 1593 914 sed
1616 859 1849 914 addidit:

281 950 344 1004 de
368 948 538 1004 medio
576 949 755 1019 populi
799 949 903 1014 sui,
946 949 1030 1004 vel
1060 950 1358 1004 secundum
1401 948 1749 1021 Septuaginta
1788 966 1853 1004 ex

281 1058 464 1112 genere
513 1057 644 1105 suo;
695 1040 820 1110 quia
861 1041 953 1110 qui
999 1041 1320 1111 sapientiam
1357 1043 1520 1097 tradit
1549 1042 1850 1113 gentilium,

281 1147 396 1200 qua:
421 1131 810 1200 praevaricatur
840 1128 1154 1186 Creatorem
1190 1141 1457 1199 nostrum,
1487 1141 1542 1187 et
1569 1133 1852 1188 scientiam

281 1223 412 1292 ejus,
440 1230 496 1279 et
522 1220 798 1292 pietatem,
845 1237 951 1276 non
982 1229 1068 1278 est
1094 1221 1300 1290 justum
1323 1221 1438 1290 jam
1461 1232 1520 1278 ut
1540 1224 1851 1279 nominetur

283 1313 460 1374 homo,
485 1309 582 1366 sed
615 1319 671 1365 et
697 1309 983 1380 imaginem
1018 1309 1112 1364 Dei
1139 1313 1492 1381 semetipsum
1527 1313 1849 1384 ignorando,

279 1402 584 1458 Creatorem
635 1401 896 1472 privavit,
955 1410 1011 1457 et
1058 1403 1178 1459 ideo
1236 1405 1561 1461 interﬁcitur
1614 1406 1681 1461 de
1741 1422 1853 1460 me-

277 1494 360 1548 dio
404 1492 622 1563 populo,
672 1492 786 1548 sive
829 1493 894 1547 de
937 1508 1136 1564 genere
1183 1509 1302 1559 suo,
1344 1503 1403 1549 ut
1451 1511 1559 1550 non
1599 1496 1712 1566 jam
1766 1511 1853 1550 sa-

275 1583 474 1654 pientia
510 1582 838 1648 nominetur,
861 1583 955 1637 sed
978 1591 1164 1639 careat
1194 1585 1338 1654 quod
1365 1585 1554 1640 habuit
1582 1583 1720 1642 falso
1749 1599 1848 1639 no-

275 1675 420 1728 mine
448 1683 613 1743 atque
639 1673 786 1740 ﬁcto,
822 1683 960 1730 teste
987 1675 1152 1731 Paulo
1173 1677 1277 1746 'qui
1307 1677 1384 1731 ait
1410 1696 1422 1730 :
1454 1676 1726 1748 Sapientia
1754 1678 1852 1731 Itu-

266 1763 354 1835 jus
381 1763 569 1817 mundi
598 1763 822 1819 stultitia
854 1774 928 1819 est
957 1765 1098 1836 apud
1122 1765 1292 1820 Deum
1321 1765 1372 1836 (Ι
1404 1765 1526 1822 Cor.
1558 1766 1633 1838 v).

343 1854 746 1925 Turpitudinem
783 1865 1076 1912 materterce
1116 1865 1168 1914 et
1207 1859 1384 1912 amita:
1412 1867 1518 1911 tua:
1546 1875 1649 1912 non
1673 1857 1848 1912 disco-

271 1946 502 2018 operies,
525 1943 615 2016 qui
643 1946 739 1999 hoc
764 1946 962 2014 fecerit,
989 1947 1331 2017 ignominiam
1357 1947 1531 2000 carnis
1551 1963 1660 2001 sua:
1685 1945 1855 2000 nuda—

266 2039 359 2101 ait;
381 2036 670 2107 portabunt
691 2037 842 2092 ambo
864 2037 1191 2108 iniquitatem
1213 2053 1383 2091 suam.
1411 2036 1519 2109 (Ea:
1545 2034 1850 2106 Hesychia.)

260 2125 378 2182 Nec
425 2126 708 2182 sororibus
744 2127 1002 2198 praecepit
1045 2141 1234 2182 eorum
1273 2126 1365 2196 qui
1409 2142 1508 2181 nos
1551 2131 1854 2197 genuerunt

254 2217 634 2283 commisceri,
675 2225 785 2273 tam
811 2225 1036 2288 propter
1064 2217 1466 2288 generationes,
1491 2224 1551 2272 ut
1581 2232 1690 2272 non
1719 2231 1848 2272 con-

253 2306 610 2372 fundantur,
636 2322 797 2377 quam
841 2315 916 2362 ut
944 2315 1340 2377 competentem
1368 2307 1728 2363 reverentiam
1758 2322 1851 2377 pa-

248 2399 524 2454 rentibus
569 2412 974 2462 conservemus,
1021 2407 1242 2468 propter
1285 2413 1381 2454 eos
1409 2408 1465 2454 et
1491 2413 1522 2452 a
1568 2398 1848 2454 sororibus

245 2507 456 2548 eorum
483 2491 831 2556 abstinentes,
875 2492 1023 2562 quod
1062 2491 1315 2548 similiter
1347 2499 1402 2547 et
1426 2493 1722 2548 secundum
1745 2493 1850 2563 spi-

246 2585 435 2638 ritum
484 2581 760 2653 intelligis,
801 2590 861 2637 ut
892 2599 1006 2656 non
1047 2581 1221 2638 solum
1265 2583 1512 2640 velentur
1558 2594 1848 2654 parentum

247 2683 496 2748 peccata
527 2673 738 2728 silentio
759 2683 812 2729 et
837 2675 1123 2730 tradantur
1147 2675 1429 2742 oblivioni,
1458 2674 1550 2731 sed
1577 2683 1632 2730 et
1658 2690 1845 2731 eorum

253 2765 353 2835 qui
388 2765 472 2819 eis
497 2763 688 2819 sociati
723 2771 876 2829 sunt,
905 2764 1047 2819 unde
1073 2771 1128 2818 et
1158 2778 1347 2820 eorum
1387 2763 1584 2820 fratres
1609 2779 1731 2820 esse
1762 2763 1847 2818 di-

253 2863 488 2911 cuntur.
518 2853 785 2909 Sileamus
806 2866 987 2910 autem
1018 2854 1230 2910 illorum
1258 2865 1500 2924 peccata,
1529 2857 1656 2926 quia
1678 2858 1849 2911 nuda-

259 2948 336 3003 tis
355 2946 469 3002 illis
492 2945 664 3002 latere
691 2961 792 3001 nec
815 2955 1072 3018 parentes
1099 2955 1348 3015 possunt,
1369 2947 1511 3003 unde
1537 2947 1613 3003 ait
1640 2965 1654 3001 :
1684 2947 1846 3018 Igno-

269 3039 488 3092 miniam
527 3038 700 3092 carnis
737 3054 848 3092 sate
887 3037 1121 3112 nudavit.
1150 3037 1248 3106 Qui
1278 3046 1458 3093 autem
1487 3039 1591 3095 hoc
1619 3037 1841 3104 faciunt,

1957 491 2229 560 cognatio,
2280 493 2376 547 sed
2423 493 2655 549 affinitas
2704 497 3038 565 perhibetur.
3090 500 3195 557 Sed
3243 507 3372 574 quid
3413 519 3522 578 est,

1953 582 2064 636 sine
2099 582 2224 651 ﬁliis
2254 587 2562 651 morientur,
2587 602 2708 641 cum
2733 587 2826 643 ﬁlii
2853 605 2917 644 ex
2953 591 3259 662 hujusmodi
3293 599 3522 669 conjun-

1953 674 2222 730 ctionibus
2248 683 2304 730 et
2328 683 2451 730 ante
2479 677 2591 731 nati
2616 686 2762 744 sunt,
2794 689 2848 734 et
2884 681 3155 752 hodieque
3196 689 3524 744 nascantur?

1952 761 2034 818 An
2090 765 2193 819 hoc
2239 765 2642 836 intelligendum
2687 777 2772 824 est
2819 770 2936 844 lege
2988 773 3083 829 Dei
3125 777 3522 846 constitutum,

1951 855 2030 908 uti
2061 856 2367 926 quicunque
2403 873 2468 911 ex
2497 857 2575 913 eis
2619 861 2730 915 nati
2782 861 3000 930 fuerint,
3052 881 3160 920 non
3197 867 3524 938 deputentur

1953 945 2077 1009 ﬁlii,
2124 946 2177 1001 id
2218 957 2320 1013 est,
2360 948 2504 1004 nullo
2552 953 2868 1019 parentibus
2909 953 3033 1024 jure
3077 961 3388 1018 succedant.
3429 961 3528 1020 Se-

1953 1037 2138 1106 quitur
2163 1057 2177 1092 :

2026 1126 2130 1193 Qui
2170 1129 2378 1184 duxerit
2400 1147 2614 1185 uxorem
2641 1131 2823 1201 fratris
2841 1135 2943 1202 sui,
2970 1153 3077 1191 rem
3099 1138 3228 1209 facit
3255 1139 3522 1210 illicitum,

1951 1220 2325 1289 turpitudinem
2369 1222 2550 1291 fratris
2575 1225 2659 1278 sui
2689 1224 2949 1292 reuelabit,
2990 1228 3180 1299 absque
3205 1229 3330 1300 ﬁliis
3349 1242 3522 1289 erunt.

1953 1303 2079 1375 (Ex
2127 1307 2453 1381 Hesychia.)
2517 1309 2764 1367 Ostendit
2829 1330 2958 1386 ergo
3014 1316 3333 1389 legislator,
3389 1324 3520 1394 quia

1953 1397 2187 1452 maxime
2215 1399 2444 1454 ﬁliorum
2476 1417 2639 1456 causa
2671 1419 2702 1456 a
2729 1413 2990 1471 creatore,
3031 1409 3292 1464 societate
3315 1426 3523 1481 praece-

1953 1489 2030 1562 pit
2054 1498 2301 1546 naturam
2326 1493 2597 1566 conjungi,
2625 1511 2686 1551 ea
2712 1498 2908 1568 quippe
2934 1513 3053 1567 quae
3089 1517 3232 1558 nunc
3267 1511 3523 1574 tanquam

1954 1581 2331 1637 abominabilia
2374 1584 2777 1657 incongruaque
2803 1590 3094 1657 prohibuit.
3134 1591 3228 1647 Est
3268 1593 3414 1648 enim
3439 1608 3526 1650 re-

1953 1686 2080 1727 vera
2113 1674 2492 1747 incongruum,
2537 1685 2592 1733 et
2624 1675 2994 1747 jumentorum
3026 1683 3152 1738 vitae
3192 1685 3526 1755 proximum,

1877 1763 1925 1822 B
1953 1764 2210 1818 uxoribus
2245 1764 2474 1821 fratrum
2509 1775 2563 1822 et
2593 1778 2966 1840 cognatorum,
3005 1773 3306 1830 vicinorum
3329 1775 3526 1832 videli-

1953 1861 2058 1920 cet,
2090 1857 2448 1912 commisceri.
2479 1859 2546 1914 Et
2585 1860 2700 1916 haec
2723 1861 2776 1915 iu
2799 1862 2904 1917 alia
2942 1873 3097 1932 parte
3132 1866 3286 1937 legis,
3327 1867 3382 1924 id
3410 1877 3538 1934 est,,

1952 1942 2007 1998 in
2057 1943 2198 1999 libro
2245 1946 2670 2015 Deuteronomii,
2723 1966 2831 2006 non
2878 1952 3051 2007 solum
3087 1957 3365 2026 praecepit,
3427 1959 3523 2016 sed

1951 2033 2110 2088 etiam
2153 2036 2411 2106 compulit
2449 2038 2674 2094 dicens:
2708 2038 2932 2106 Quando
2961 2041 3306 2099 habitauerint
3333 2045 3525 2115 fratres

1950 2121 2128 2188 simul,
2159 2132 2207 2176 et
2251 2141 2386 2179 unus
2423 2143 2486 2180 es:
2522 2127 2594 2182 eis
2625 2128 2816 2200 absque
2848 2128 3024 2184 liberis
3063 2141 3300 2189 mortuus
3341 2134 3524 2204 fuerit,

1949 2230 2086 2270 uxor
2111 2214 2346 2284 defuncti
2376 2232 2478 2271 non
2514 2217 2668 2272 nubet
2705 2217 2880 2284 alteri,
2909 2220 3000 2273 sed
3023 2222 3237 2291 accipiet
3269 2239 3387 2278 eum
3415 2222 3527 2295 fra-

1949 2311 2028 2356 ter
2047 2302 2181 2373 ejus,
2208 2313 2255 2356 et
2280 2306 2549 2359 suscitabit
2573 2323 2746 2361 semen
2775 2308 2956 2378 fratris
2979 2311 3085 2377 sui,
3111 2320 3166 2366 et
3192 2312 3276 2368 his
3299 2314 3521 2370 similia.

1950 2395 2084 2452 Cum
2115 2405 2295 2453 autem
2323 2397 2493 2454 frater
2525 2416 2633 2456 non
2683 2400 2866 2469 fuerit,
2906 2405 3230 2461 avunculum
3268 2416 3363 2464 aut
3397 2425 3523 2464 eum

1949 2486 2040 2558 qui
2082 2485 2240 2541 aliter
2258 2494 2342 2543 est
2363 2503 2430 2542 ex
2461 2489 2632 2557 patris
2656 2492 2995 2560 cognatione,
3026 2494 3222 2550 ducere
3247 2496 3528 2554 mulierem

1951 2576 2190 2632 defuncti
2212 2578 2329 2633 sine
2351 2579 2501 2646 filiis,
2528 2581 2806 2651 praecepit,
2831 2584 3282 2652 quemadmodum
3306 2595 3360 2641 et
3381 2586 3526 2644 Boos

1949 2667 2092 2724 Ruth
2145 2669 2439 2725 secundum
2507 2670 2677 2740 legem
2738 2673 3073 2741 cognationis
3137 2677 3363 2746 accepit.
3432 2676 3525 2736 Sic

1947 2760 2187 2817 libidinis
2207 2761 2423 2831 quidem
2453 2777 2618 2819 causa
2653 2762 2789 2834 fugit
2811 2773 3162 2836 cognatorum
3189 2770 3525 2826 commistio-

1948 2864 2072 2906 nem
2101 2849 2527 2921 societatemque
2561 2853 2848 2922 prohibet;
2879 2857 3093 2924 quando
3127 2867 3308 2913 autem
3337 2875 3524 2918 rursus

1947 2952 2159 3013 oportet
2181 2960 2210 2999 a
2239 2945 2677 3002 tribulationibus
2700 2948 2983 3004 sublevare
3006 2950 3088 3004 vel
3118 2951 3354 3017 casibus,
3385 2969 3524 3022 pra:-

1949 3033 2080 3104 cipit
2100 3042 2156 3090 et
2180 3034 2294 3090 vult
2321 3037 2556 3106 nuptias,
2595 3053 2704 3092 non
2724 3039 2779 3092 in
2803 3037 3098 3108 pollutione
3139 3043 3525 3114 corruptionis,

277 3127 361 3181 cui
409 3142 580 3197 pmnte
624 3127 1046 3183 submittuntur?
1091 3128 1372 3198 portabunt
1417 3129 1591 3196 ambo,
1642 3129 1840 3198 inquit,
1869 3112 1914 3175 C
1947 3125 2042 3180 sed
2062 3126 2128 3179 ad
2152 3127 2552 3182 successionem
2577 3129 2812 3198 generis,
2839 3128 3108 3200 conjungi.
3132 3112 3361 3203 Propter
3382 3135 3526 3203 quod

285 3219 600 3289 iniquitatem
640 3236 812 3284 suam,
857 3217 1209 3290 Septuaginta
1251 3228 1432 3276 autem
1470 3211 1691 3286 addunt,
1734 3221 1848 3277 sine

289 3309 402 3378 ﬁliis
431 3312 741 3376 morientur,
770 3311 896 3380 quia
931 3325 1038 3365 non
1065 3311 1296 3366 invicem
1331 3325 1428 3365 sua
1455 3311 1694 3380 pondera
1729 3325 1848 3380 por-

293 3408 416 3465 tant,
451 3401 543 3456 sed
576 3398 857 3460 diﬁ'amant
895 3409 1056 3472 atque
1081 3399 1438 3457 disseminant
1469 3409 1842 3473 cognatorum,

292 3498 390 3546 tam
428 3491 720 3547 secundum
767 3505 986 3547 carnem
1032 3506 1192 3564 quam
1244 3492 1540 3547 secundum
1595 3493 1846 3562 spiritum

290 3589 512 3652 peccata,
551 3583 669 3638 sine
705 3583 1000 3638 virtutibus
1043 3583 1386 3638 morientur:
1417 3585 1561 3655 quod
1601 3594 1682 3640 est
1725 3600 1847 3654 pes-

290 3672 411 3728 sima
441 3675 718 3740 sterilitas,
750 3674 845 3730 ﬁlii
875 3675 1076 3730 etenim
1107 3691 1208 3731 nos
1239 3684 1477 3744 tempore
1506 3674 1696 3742 judicii
1737 3689 1846 3728 non

281 3762 474 3834 juvant,
499 3768 728 3824 virtutes
754 3776 935 3822 autem
957 3767 1168 3837 juvant,
1197 3783 1427 3837 quarum
1463 3783 1629 3822 causa
1655 3766 1844 3821 videli-

287 3864 366 3912 eet
388 3873 741 3925 coronamur;
791 3875 1018 3930 quarum
1067 3859 1352 3914 sterilitate
1399 3859 1634 3914 animam
1677 3873 1848 3929 aegro-

288 3954 395 4005 tare
421 3950 780 4006 miserrimum
807 3958 909 4006 est.
939 3949 1132 4006 Ornari
1162 3958 1342 4005 autem
1371 3949 1680 4021 lmjusmodi
1711 3949 1845 4004 ﬁlio-

287 4052 398 4093 rum
445 4041 794 4109 generatione
837 4041 1186 4096 beatitudinis
1237 4048 1350 4096 est:
1375 4049 1431 4096 et
1458 4041 1562 4095 hoc
1602 4049 1686 4096 est
1722 4056 1846 4096 cum

287 4128 414 4185 Isaia
432 4133 611 4189 dicere
641 4132 704 4187 :A
730 4133 865 4204 facie
887 4143 1000 4199 tua,
1018 4132 1260 4199 Domine,
1274 4132 1602 4203 concepimus
1623 4141 1670 4187 et
1696 4133 1849 4204 quasi

285 4225 640 4290 parturiaimus
665 4234 714 4280 et
735 4226 1025 4296 peperimus
1044 4225 1284 4295 spiritum
1303 4223 1490 4279 salutis
1512 4223 1844 4296 [justitiam],

286 4329 382 4368 non
405 4315 618 4384 fecimus
639 4317 694 4371 in
718 4326 910 4374 terram
941 4315 1079 4389 (Isa.
1110 4316 1250 4382 xvn),
1289 4325 1346 4371 et
1367 4316 1482 4372 haec
1509 4317 1764 4387 intelligis
1791 4326 1848 4371 et

287 4420 397 4474 quae
418 4410 834 4478 subsequuntur.

1947 3223 2004 3270 et
2028 3229 2148 3270 eum
2182 3217 2275 3286 qui
2322 3217 2402 3273 sic
2443 3217 2702 3274 miscetur
2750 3219 2867 3274 sine
2905 3219 3028 3276 ﬁliis
3073 3222 3208 3276 mori
3249 3224 3522 3294 praecepit.

1943 3304 2037 3360 Ait
2075 3306 2485 3378 enim:Absque
2532 3307 2660 3377 ﬁliis
2709 3321 2894 3376 erunt,
2943 3311 3069 3380 quia
3118 3311 3351 3367 ﬁliorum
3399 3329 3520 3383 pro-

1946 3398 2250 3454 creationes
2285 3398 2470 3468 legem
2500 3399 2641 3454 male
2668 3401 2869 3456 utendo
2894 3400 3156 3458 confudit.
3205 3403 3344 3471 Quid
3389 3419 3521 3476 ergo

1946 3497 2031 3544 est
2057 3489 2195 3544 mori
2239 3490 2357 3545 sine
2387 3490 2556 3544 ﬁliis?
2585 3490 2698 3547 Hoc
2734 3493 2880 3548 enim
2921 3494 2974 3547 in
3002 3495 3102 3549 hac
3135 3494 3254 3564 lege
3281 3511 3524 3566 qumrere

1946 3579 2182 3656 maxime
2225 3581 2598 3636 necessarium
2635 3590 2756 3637 est:
2790 3591 2970 3636 utrum
3018 3583 3155 3640 ﬁlios
3203 3601 3390 3640 eorum
3427 3586 3524 3657 qui

1949 3671 2209 3724 uxoribus
2259 3670 2487 3726 fratrum
2534 3673 3032 3742 avunculorumque
3072 3685 3401 3744 nupserunt,
3442 3677 3530 3732 in-

1948 3759 2125 3814 terimi
2160 3761 2510 3832 praeceperit;
2544 3770 2598 3817 et
2625 3765 2894 3832 quomodo
2922 3765 3000 3818 ait
3029 3782 3041 3816 :
3069 3763 3186 3819 Non
3224 3768 3526 3824 morientur

1947 3859 2130 3922 patres
2161 3868 2261 3922 pro
2287 3852 2432 3918 ﬁliis,
2467 3869 2566 3909 nec
2603 3853 2694 3908 ﬁlii
2718 3871 2815 3913 pro
2845 3855 3124 3925 patribus?
3167 3857 3263 3913 sed
3300 3857 3532 3915 nullate-

1949 3959 2052 3999 nus
2075 3957 2169 3998 eos
2199 3943 2336 3997 mori
2364 3945 2657 4015 praecepit;
2690 3946 2809 4002 sine
2850 3947 2974 4002 ﬁliis
3021 3956 3198 4004 autem
3241 3948 3360 4005 illos
3387 3950 3524 4006 mori

1949 4035 2108 4100 dixit,
2149 4036 2444 4090 secundum
2487 4036 2838 4108 Septuaginta
2876 4037 3136 4094 duntaxat
3168 4039 3521 4110 interpretum

1949 4126 2260 4192 editionem,
2291 4133 2483 4179 utnon
2521 4136 2798 4198 reputetur
2832 4130 2910 4184 eis
2951 4130 3181 4184 ﬁliorum
3222 4129 3516 4193 successio,

1950 4235 2052 4281 nec
2076 4219 2204 4274 ﬁliis
2243 4234 2395 4273 suam
2444 4218 2755 4288 relinquant
2788 4219 3174 4274 lunreditatem.
3203 4219 3317 4274 Hoc
3340 4226 3522 4273 autem

1951 4309 2188 4364 ostendit
2227 4309 2391 4364 etiam
2441 4309 2814 4378 Symmachus,
2859 4308 3023 4362 edens
3067 4307 3302 4377 planius,
3351 4306 3443 4363 sed
3473 4314 3526 4360 et

1953 4400 2310 4463 Theodotion,
2341 4399 2433 4468 qui
2461 4415 2558 4468 pro
2588 4414 2652 4453 eo
2695 4398 2840 4468 quod
2875 4397 3077 4452 dictum
3109 4406 3214 4464 est,
3249 4399 3360 4452 sine
3397 4398 3524 4467 ﬁliis

355 4497 450 4560 Qui
485 4460 666 4554 εοίεἸγίι
708 4516 824 4552 cum
853 4515 1018 4556 uxore
1049 4500 1227 4569 palmi
1269 4498 1348 4553 vel
1383 4499 1627 4553 avunculi
1657 4499 1758 4562 sui,
1791 4507 1841 4552 et
1871 4460 1925 4519 D
1950 4491 2259 4554 morientur,
2285 4489 2396 4544 sine
2424 4488 2550 4558 ﬁliis
2594 4497 2746 4542 erunt
2775 4495 3002 4558 uterque
3033 4487 3338 4544 ediderunt.
3373 4488 3528 4548 Unde

293 4587 573 4643 revelaverit
625 4589 966 4659 ignominiam
1015 4589 1339 4659 cognationis
1387 4605 1514 4650 sure,
1563 4589 1843 4658 portabunt

292 4679 431 4734 amba
456 4689 723 4752 peccatum
757 4697 934 4746 suum,
975 4681 1166 4751 absque
1195 4679 1369 4734 liberis
1394 4681 1708 4733 moriuntur.
1741 4679 1842 4735 Se-

290 4770 509 4825 cundum
553 4770 717 4826 aliam
770 4771 1062 4826 editionem
1109 4772 1184 4825 ita
1245 4770 1442 4841 legitur
1480 4787 1494 4824 :
1535 4760 1844 4840 Quicunque

283 4858 544 4914 dormierit
572 4877 690 4914 cum
723 4870 945 4932 cognata
971 4878 1085 4925 sua,
1119 4860 1496 4930 turpitudinem
1517 4860 1844 4929 cognationis

286 4965 392 5003 sure
431 4950 695 5015 reuelabit,
727 4951 836 5006 sine
861 4951 988 5020 ﬁliis
1009 4951 1316 5005 morientur.
1367 4950 1474 5021 (Ea;
1507 4949 1845 5021 Augustino.)

287 5037 551 5106 Quatritur
593 5056 875 5111 quousque
914 5041 985 5094 sit
1032 5040 1380 5110 intelligenda
1429 5041 1532 5095 ista
1575 5040 1846 5109 cognatio,

283 5144 404 5186 cum
429 5146 493 5186 ex
526 5131 686 5203 longo
716 5132 884 5202 gradu
918 5130 1076 5185 liceat
1106 5131 1290 5199 utique
1319 5130 1566 5199 accipere
1601 5144 1849 5193 uxorem,

284 5236 600 5293 semperque
648 5222 894 5277 licuerit?
936 5221 1043 5276 Sed
1087 5219 1494 5291 intelligendum
1522 5228 1623 5282 est,
1664 5235 1732 5274 ex
1765 5219 1852 5273 bis

278 5313 532 5382 gradibus
574 5327 710 5382 quos
755 5312 1033 5384 prohibuit
1074 5327 1182 5366 non
1225 5310 1407 5376 licere,
1451 5317 1507 5364 et
1549 5309 1845 5365 secundum

278 5406 422 5474 ipsos
474 5407 679 5461 dictum
721 5421 736 5459 :
793 5405 1098 5474 Quicunque
1141 5403 1410 5456 dormierit
1459 5418 1577 5456 cum
1625 5410 1847 5470 cognata

276 5513 396 5564 sua,
422 5497 513 5554 ubi
549 5506 605 5554 et
638 5498 814 5567 aliqua
860 5512 968 5550 non
1009 5501 1450 5558 commemorata,
1499 5489 1849 5562 intelligenda

278 5588 510 5656 dimisit,
560 5590 702 5646 sicut
750 5603 994 5643 sororem
1038 5587 1104 5642 de
1149 5593 1379 5654 utroque
1429 5589 1672 5652 parente,
1708 5581 1850 5635 sicut

279 5695 500 5736 uxorem
546 5678 731 5735 fratris
776 5679 997 5744 matris,
1041 5678 1094 5734 id
1139 5689 1239 5742 est,
1295 5673 1566 5730 avunculi.
1614 5671 1744 5728 Nam
1783 5672 1849 5728 de

1947 4589 2002 4636 et
2032 4580 2329 4651 Spiritalcm
2354 4579 2856 4650 interpretationem
2887 4587 2942 4634 et
2963 4578 3349 4635 resolutionem
3377 4580 3528 4637 simi-

1947 4671 2054 4725 lem
2093 4671 2256 4725 habet
2294 4671 2678 4740 supertoribus.
2713 4669 2980 4725 Custodite
3013 4669 3147 4740 leges
3183 4687 3326 4726 meas
3364 4681 3522 4745 atque

1941 4761 2147 4831 judicia
2186 4771 2234 4817 et
2273 4761 2430 4831 facite
2468 4779 2531 4816 ea
2560 4778 2578 4816 :
2609 4778 2672 4814 ne
2714 4771 2760 4814 et
2811 4779 2896 4816 vos
2937 4771 3137 4816 evomat
3177 4771 3319 4817 terra
3363 4781 3520 4835 quam

1949 4855 2197 4908 intraturi
2243 4854 2366 4909 estis
2399 4864 2445 4908 et
2485 4854 2848 4909 inhabitaturi.
2891 4853 3001 4925 (Ea:
3046 4853 3350 4928 Hesychia.)
3396 4857 3512 4915 Non

1952 4946 2106 5000 nobis
2129 4945 2322 5001 sufficit
2349 4953 2557 5016 partem
2580 4946 2866 5014 quamdam
2895 4961 3218 5000 conservare
3245 4947 3399 5019 legis,
3423 4965 3526 5005 nec

1953 5050 2119 5088 unum
2159 5035 2373 5090 aliudve
2407 5034 2722 5089 mandatum
2751 5034 2817 5088 ad
2840 5035 3233 5090 correctionem
3259 5038 3381 5091 vita:
3404 5052 3527 5106 per—

1954 5142 2138 5199 agere,
2177 5127 2271 5181 sed
2313 5126 2494 5181 omnia
2538 5132 2806 5195 praecepta
2833 5134 2888 5180 et
2905 5123 3106 5192 judicia
3133 5128 3404 5182 custodire
3435 5142 3527 5180 ne—

1951 5231 2105 5272 cesse
2145 5217 2425 5281 habemus,
2467 5230 2802 5284 quaecunque
2834 5229 2862 5266 a
2893 5215 3001 5269 Deo
3028 5213 3214 5282 jussus
3253 5216 3526 5284 legislator

1953 5307 2188 5378 scripsit.
2236 5306 2362 5362 Haec
2408 5307 2551 5361 enim
2587 5305 2716 5359 dicit
2753 5313 3042 5375 praecepta,
3095 5305 3179 5357 vel
3227 5305 3291 5357 de
3333 5302 3527 5371 quibus

1953 5398 2070 5468 ipse
2113 5397 2365 5452 dubitans
2409 5396 2714 5466 inquirebat
2743 5395 2932 5459 Deum,
2965 5402 3020 5447 et
3049 5393 3137 5447 illo
3169 5390 3357 5445 didicit
3379 5389 3527 5460 judi-

1955 5498 2132 5556 cante,
2175 5489 2316 5545 sicut
2365 5489 2418 5543 in
2453 5487 2566 5543 lilio
2601 5486 2917 5542 lsraelitidis
2955 5482 3214 5544 mulieris,
3251 5480 3343 5550 qui
3377 5481 3524 5536 locu-

1956 5586 2043 5635 tus
2079 5587 2162 5636 est
2205 5578 2612 5649 blasphemiam.
2656 5577 2827 5647 leges
2862 5574 3006 5630 enim
3035 5585 3154 5639 quae
3193 5569 3269 5623 ita
3303 5569 3527 5640 prolatae

1959 5677 2103 5736 sunt,
2127 5669 2328 5740 judicia
2356 5670 2615 5724 nominat.
2661 5667 2763 5722 Per
2802 5668 2915 5721 haec
2954 5669 3130 5716 autem
3178 5666 3342 5717 totam
3386 5662 3526 5718 hanc
