3918 6180
500 313 594 369 ΠΙ

496 428 668 497 legem
719 424 961 481 breviter
1009 421 1356 494 signiﬁcavit,
1410 422 1476 477 de
1524 437 1627 491 qua
1677 419 1812 474 nihil
1859 428 2075 490 oportet

496 514 823 589 transgredi,
852 522 913 569 ut
940 527 1047 568 non
1073 511 1344 580 ejiciatur,
1383 512 1435 567 id
1471 519 1575 575 est,
1599 509 1917 581 projiciatur
1940 524 2077 579 pra:-

497 609 789 663 varicator.
823 605 936 660 Hoc
958 612 1042 660 est
1065 605 1208 659 enim
1252 619 1521 658 emovere.
1573 603 1726 670 Quod
1753 610 1805 656 et
1837 602 2081 672 Symma-

495 699 654 762 chus,
713 695 964 751 similiter
1008 693 1345 748 Theodoti'on
1393 692 1619 762 abjicere
1653 692 1838 748 edidit.
1891 691 2078 746 Evomi

496 795 681 843 autem
704 785 877 840 unde?
923 785 998 838 De
1047 791 1193 836 terra
1223 781 1498 847 videlicet,
1549 782 1604 835 in
1642 797 1748 851 qua
1796 796 1895 835 nos
1936 780 2079 835 Deus

497 881 765 936 introduci
805 879 1094 950 promittit.
1130 876 1260 945 Qutc
1293 875 1363 932 sit
1397 884 1574 930 autem
1617 877 1739 932 haec
1781 891 1846 930 ex
1891 875 2080 930 subse-

497 972 786 1043 quentibus
809 971 973 1027 disce.

1095 1080 1317 1137 CAPUT
1346 1079 1475 1134 Xlll.

500 1175 578 1230 De
623 1173 935 1247 possidenda
975 1183 1113 1227 terra
1167 1182 1219 1256 et
1271 1172 1500 1226 carenda
1549 1171 1692 1226 omni
1745 1168 2081 1224 immunditia

1202 1259 1254 1296 tn
1289 1259 1368 1296 ea.

571 1332 749 1404 (ιιιιυ.)
776 1331 954 1386 Nolite
981 1330 1251 1386 ambulare
1276 1333 1330 1384 in
1372 1330 1615 1400 legitimis
1650 1330 1923 1383 nationum
1950 1343 2081 1397 quas

498 1439 592 1494 ego
631 1421 948 1494 expulsurus
983 1438 1095 1476 sum
1127 1430 1247 1475 ante
1270 1438 1375 1474 vos.
1409 1419 1602 1474 Omnia
1636 1419 1773 1472 enim
1809 1417 1919 1470 hare
1949 1417 2083 1486 [ece-

501 1523 641 1578 runt,
683 1524 734 1567 et
771 1512 1101 1567 abominatus
1145 1528 1262 1565 sum
1299 1527 1406 1564 eos.
1464 1507 1616 1563 Vobis
1666 1517 1838 1561 autem
1877 1504 2079 1576 loquor,

499 1605 758 1676 possidete
779 1615 970 1659 terram
995 1619 1174 1658 eorum
1202 1619 1357 1673 quam
1391 1601 1525 1654 dabo
1550 1599 1691 1654 vobis
1721 1599 1774 1651 in
1800 1597 2084 1650 [neredita-

499 1704 635 1760 tem,
679 1703 871 1747 terram
913 1693 1157 1763 ﬂuentem
1202 1690 1335 1744 lacte
1382 1699 1429 1744 et
1472 1688 1782 1757 melle:ego
1825 1685 2080 1738 Dominus

1147 312 1208 365 Β.
1252 309 1504 366 ΒᾹΒΛΝΙ
1544 309 1764 366 MAURI
1801 309 2081 365 ARClllEl

2182 308 2471 365 thGUNT.
2511 309 2800 366 OPERUM
2836 310 3016 367 PARS
3058 311 3098 366 Ι.

3589 319 3675 377 4ῗὶ

2105 420 2347 482 Αεαηειὶ
2413 419 2542 473 mihi
2585 435 2606 473 .°
2653 421 2779 490 quia
2842 430 3054 475 sanctus
3122 437 3238 476 sum
3288 439 3373 493 ego
3433 425 3676 500 Dominus,

2179 518 2232 563 et
2274 509 2516 580 separavi
2553 525 2642 563 vos
2689 527 2722 563 a
2773 512 2974 563 ca'teris
3021 510 3221 580 populis
3277 522 3331 566 ut
3375 518 3530 570 essetis
3577 525 3677 578 mei,

2180 597 2288 670 (Ex
2331 595 2553 670 eodem.)
2600 596 2849 654 Iumenta
2897 600 3009 654 sive
3053 615 3240 670 pecora
3286 603 3401 672 quia
3444 609 3682 676 populares

2179 688 2428 743 homines
2460 687 2722 759 intelligat
2748 688 2858 754 lex,
2889 687 3122 743 volatilia
3150 699 3322 743 autem
3349 696 3680 765 contemplato-

2181 798 2268 838 res
2294 783 2388 852 qui
2420 783 2488 836 ad
2536 783 2920 838 sublimitatem
2964 790 3158 839 vacant
3199 784 3440 850 scientiae,
3481 799 3635 858 aperte
3660 805 3680 844 a

2180 874 2336 928 nobis
2362 881 2416 928 et
2442 889 2562 928 cum
2587 873 2782 944 quibus
2809 873 3091 943 oportebat
3121 873 3502 944 Scripturarum
3526 879 3684 948 proba-

2180 963 2420 1018 tionibus
2461 972 2737 1018 ostensum
2767 972 2868 1028 est,
2911 979 3034 1019 cum
3083 965 3149 1018 de
3195 963 3463 1021 sacriﬁciis
3505 976 3551 1022 et
3583 970 3689 1024 cibis

2179 1054 2586 1125 quadrupedum
2635 1053 3039 1122 volatiliumque
3079 1053 3390 1110 diceremus.
3437 1055 3558 1123 Quia
3589 1073 3691 1130 ergo

2180 1145 2358 1199 omnis
2410 1145 2684 1215 popularis
2731 1146 2962 1200 mundus
3009 1155 3230 1216 propter
3275 1146 3630 1218 simplicitatem
3668 1165 3692 1206 a

2179 1235 2425 1304 pluribus
2455 1233 2752 1302 iudicatur,
2793 1235 3149 1305 similiterque
3170 1244 3226 1291 et
3250 1235 3338 1306 qui
3364 1235 3428 1290 ad
3458 1239 3692 1294 scientiam

2181 1327 2419 1381 divinam
2468 1327 2788 1398 semctipsos
2823 1328 3036 1382 tradere
3066 1336 3229 1398 atque
3264 1343 3511 1399 occupare
3546 1331 3695 1386 viden-

2183 1425 2288 1480 tur,
2326 1416 2468 1486 quod
2499 1431 2604 1471 non
2647 1417 2720 1471 ita
2750 1432 2808 1471 se
2855 1417 3032 1472 habet.
3084 1416 3307 1486 Oportet
3350 1419 3482 1473 enim
3511 1420 3694 1488 popula-

2181 1519 2295 1558 rem
2323 1505 2638 1574 prudentem
2673 1519 2791 1560 esse
2820 1505 2872 1558 in
2918 1506 3081 1568 bono,
3132 1505 3185 1559 in
3217 1505 3354 1561 malo
3379 1516 3561 1572 autem,
3585 1509 3696 1563 sicut

2179 1595 2256 1648 ait
2284 1594 2499 1661 Paulus,
2530 1595 2848 1666 simplicem.
2891 1596 2988 1651 Hic
3015 1595 3160 1650 enim
3186 1597 3278 1667 qui
3305 1597 3424 1653 talis
3450 1606 3542 1664 est,
3565 1615 3699 1654 mun-I

2179 1684 2280 1739 dus
2323 1693 2433 1752 est;
2475 1687 2566 1756 qui
2590 1693 2769 1740 autem
2818 1686 2940 1742 talis
2987 1702 3092 1742 non
3140 1697 3246 1754 est,
3289 1687 3572 1745 immundus
3614 1698 3692 1745 est.

498 1753 640 1838 Deus
702 1792 868 1838 vester
889 1753 924 1849 ,'
956 1783 1046 1854 qui
1100 1782 1342 1852 separari
1385 1797 1478 1835 vos
1533 1797 1564 1834 a
1617 1753 1818 1833 ca'teris
1847 1775 2074 1848 populis.
2106 1753 2151 1814 Β
2181 1772 2287 1830 Sed
2324 1786 2382 1830 et
2428 1753 2520 1846 qui
2571 1776 2998 1846 contemplandis
3047 1753 3246 1833 divinis
3282 1787 3448 1844 vacat,
3494 1795 3696 1836 necessa-

501 1873 612 1946 (Ea:
636 1872 881 1944 eodem.)
911 1872 1028 1926 Νοη
1055 1871 1229 1927 solum
1252 1871 1319 1925 ad
1347 1869 1560 1924 Judzeos
1594 1869 1710 1923 haec
1751 1865 1896 1922 dicta
1931 1873 2076 1929 sunt,

501 1963 626 2031 quia
671 1963 740 2016 ab
786 1961 1036 2016 omnibus
1067 1960 1315 2031 gentibus
1348 1966 1570 2029 propter
1610 1955 2077 2012 circumcisionem

499 2061 566 2108 et-
582 2052 756 2122 legem
800 2051 1002 2123 Moysis
1033 2059 1320 2121 separatos
1353 2065 1412 2106 se
1451 2063 1572 2104 esse
1596 2049 1844 2112 credunt,
1893 2045 1989 2101 sed
2012 2043 2080 2098 ad

499 2158 690 2198 omnes
715 2143 808 2213 qui
832 2141 1100 2197 accedunt
1140 2143 1346 2197 servire
1375 2142 1503 2196 Deo.
1557 2139 1670 2195 Hoc
1703 2139 1847 2194 enim
1893 2135 2080 2190 ambu-

501 2235 617 2290 lare
647 2234 884 2288 maxime
907 2233 958 2287 in
983 2233 1222 2304 gentium
1251 2233 1487 2305 legitima
1523 2247 1629 2287 non
1656 2231 1798 2286 licet.
1827 2229 2079 2284 Gentium

501 2333 682 2380 autem
721 2324 835 2378 sive
882 2324 1162 2378 nationum
1205 2337 1454 2392 quarum,
1485 2338 1616 2392 quas
1644 2335 1736 2390 ego
1769 2316 2082 2387 expulsurus

503 2432 641 2480 sum,
671 2416 764 2480 ait,
791 2432 913 2479 vos;
957 2415 1098 2480 quod
1127 2415 1305 2469 caeteri
1333 2413 1472 2468 inter
1510 2412 1743 2483 pretium
1772 2410 2079 2472 ediderunt,

503 2502 650 2570 Quas
680 2503 832 2572 ejicio
870 2519 962 2573 ego
1009 2502 1144 2572 facie
1183 2511 1371 2567 vestra,
1421 2501 1769 2571 Septuaginta
1802 2507 2017 2562 autem,
2048 2515 2081 2552 a

501 2594 668 2660 vobis,
717 2593 770 2648 id
794 2601 895 2655 est,
929 2593 1193 2647 daemonia
1223 2607 1238 2646 :
1267 2593 1380 2647 haec
1425 2592 1567 2646 enim
1599 2606 1628 2645 a
1660 2590 1798 2646 faeie
1841 2588 2080 2644 ﬁdelium

502 2692 730 2763 expulit,
754 2689 1087 2746 dominantia
1113 2689 1192 2744 eis
1217 2689 1384 2759 prius,
1420 2703 1540 2742 cum
1576 2687 1630 2741 in
1661 2686 1935 2755 impietate
1961 2700 2084 2754 per-

501 2782 777 2847 sisterent,
829 2789 1012 2836 etnec
1035 2794 1176 2834 unus
1225 2779 1336 2840 uni,
1382 2778 1476 2832 sed
1515 2777 1668 2832 multi
1714 2776 1806 2831 uni
1842 2776 2082 2831 domina-

503 2870 719 2925 bantur.
746 2869 897 2936 Quod
923 2869 1116 2939 probat
1140 2867 1305 2922 Maria
1349 2866 1658 2937 Magdalene
1681 2865 1744 2918 de
1762 2881 1865 2936 qua
1889 2873 2084 2934 septem

503 2962 652 3032 ejecit
691 2960 985 3025 dwmonia;
1029 2967 1085 3014 et
1124 2959 1214 3030 qui
1257 2958 1466 3013 vinctus
1513 2964 1632 3012 erat
1675 2956 1906 3021 catenis,
1951 2954 2084 3009 dicit

505 3057 651 3112 enim
680 3055 729 3111 ei
763 3072 776 3108 :
807 3053 963 3125 Legio
1011 3069 1198 3106 nomen
1232 3061 1307 3106 est
1357 3051 1514 3115 mihi,
1546 3052 1670 3121 quia
1698 3047 1850 3102 multi
1895 3064 2078 3102 sumus

507 3143 742 3215 (Matth.
773 3159 826 3196 Ix
851 3142 893 3214 ).
935 3141 1059 3195 llzcc
1105 3156 1235 3211 ergo
1273 3156 1392 3208 quat
1435 3139 1520 3193 lex
1552 3139 1827 3207 prohibuit
1871 3137 1939 3193 ab
1977 3137 2084 3192 illis

505 3234 796 3289 commissa
843 3239 990 3296 sunt,
1037 3239 1129 3284 aut
1157 3231 1288 3301 ipsis
1323 3245 1420 3300 per
1461 3244 1520 3283 se
1561 3228 1867 3300 agentibus,
1907 3237 2002 3282 aut
2031 3229 2084 3283 in

505 3322 819 3378 hominibus
871 3321 1259 3389 operantibus,
1321 3327 1541 3391 propter
1596 3319 1739 3388 quod
1795 3333 1890 3373 eos
1943 3319 2086 3374 Deus

507 3412 850 3468 abominatus
893 3417 996 3476 est,
1032 3419 1087 3465 et
1117 3426 1217 3466 nos
1254 3410 1306 3464 in
1344 3410 1713 3465 haereditatem
1756 3409 1967 3465 illorum
2003 3410 2086 3463 in-

509 3501 772 3565 troduxit,
807 3502 857 3556 in
897 3510 1097 3556 terram
1139 3501 1390 3557 ﬁuentem
1421 3501 1501 3556 lae
1530 3511 1584 3556 et
1615 3502 1718 3556 mel
1751 3520 1763 3554 :
1790 3517 1894 3556 non
1926 3501 2082 3567 dixit,

507 3592 814 3656 habentem,
861 3598 921 3644 ut
959 3591 1024 3646 dc
1069 3591 1171 3647 hac
1213 3591 1453 3646 sensibili
1486 3599 1632 3645 terra
1675 3573 1912 3660 accipias
1943 3592 2088 3661 quod

507 3683 708 3740 dictum
734 3691 840 3748 est,
878 3683 970 3737 sed
995 3685 1260 3752 ﬂuentem.
1301 3682 1430 3750 Qum
1462 3691 1545 3738 est
1581 3691 1759 3738 autem
1793 3691 1935 3739 terra
1965 3699 2088 3754 qua:

507 3773 593 3827 lac
612 3781 667 3827 et
691 3773 796 3827 mel
816 3771 978 3828 ﬁuat?
1012 3773 1240 3828 Delicias
1263 3774 1424 3843 igitur
1449 3775 1579 3828 dicit
1602 3773 1768 3827 futuri
1801 3774 2004 3840 Steculi,
2033 3782 2088 3828 et

509 3865 653 3918 bona
682 3881 802 3934 quae
831 3865 990 3920 nobis
1018 3864 1161 3919 Deus
1196 3872 1318 3934 post
1360 3865 1810 3918 resurrectionem
1843 3875 2084 3918 mortuo-

510 3969 634 4007 rum
654 3953 849 4018 donat;
876 3969 996 4022 quae
1023 3953 1104 4008 lac
1127 3962 1182 4008 ct
1210 3954 1316 4007 mel
1339 3954 1646 4023 appellavit,
1689 3954 1814 4023 quia
1841 3954 1920 4008 eis
1953 3954 2087 4008 nihil

509 4057 593 4101 est
628 4047 846 4101 suavius
883 4047 937 4100 in
968 4046 1052 4100 his
1096 4046 1294 4115 quibus
1336 4060 1480 4100 nunc
1517 4047 1723 4099 utimur
1753 4045 1887 4100 cibis
1914 4059 2088 4114 neque

510 4136 741 4201 dulcius,
790 4137 885 4191 sed
914 4145 969 4191 et
989 4136 1105 4191 sine
1143 4135 1325 4191 labore
1361 4152 1548 4192 eorum
1579 4136 1732 4192 cibus
1757 4147 1858 4199 est,
1888 4137 2088 4193 nullius

509 4227 840 4296 operationis
863 4227 946 4282 vel
975 4227 1390 4297 prteparationis
1419 4243 1584 4299 egens
1609 4244 1622 4281 :
1656 4229 1734 4284 sic
1761 4229 1902 4282 enim
1943 4228 2083 4283 bona

507 4317 679 4372 futuri
721 4318 900 4374 saeculi
953 4319 1071 4373 sine
1124 4317 1308 4374 labore
1353 4328 1513 4374 erunt
1549 4328 1604 4374 et
1651 4319 1832 4390 aliquo
1879 4319 2082 4385 dolore,

507 4405 708 4460 nullius
735 4407 918 4473 studii,
953 4407 1152 4462 nullius
1176 4417 1484 4478 apparatus,
1516 4409 1713 4464 nullius
1753 4410 2084 4480 operationis

506 4499 742 4566 egentia.
773 4499 841 4552 Et
864 4499 986 4568 quis
1031 4498 1187 4553 nobis
1229 4500 1345 4554 lucc
1395 4501 1525 4554 dat?
1572 4510 1756 4569 aperte
1802 4499 2082 4570 sequentia

506 4587 675 4641 verba
743 4588 1066 4658 legislatoris
1113 4591 1420 4654 ostendunt,
1472 4607 1564 4660 ego
1638 4591 1890 4644 Dominus
1940 4590 2082 4644 Deus

508 4685 690 4739 vester,
720 4678 808 4746 qui
836 4678 1074 4747 separavi
1100 4695 1187 4731 vos
1208 4696 1239 4731 a
1266 4682 1467 4732 crrteris
1497 4680 1701 4749 populis
1731 4693 1749 4731 :
1772 4681 1878 4734 hoc
1901 4689 2081 4734 autem

508 4762 758 4818 Christus
783 4767 941 4831 iecit;
976 4768 1091 4836 ipse
1113 4767 1256 4822 enim
1304 4768 1357 4821 in
1398 4768 1702 4838 Evangeliis
1735 4769 1804 4822 ab
1832 4768 2084 4824 omnibus

509 4859 761 4928 gentibus
791 4875 896 4912 non
920 4860 1092 4915 solum
1121 4861 1566 4931 intelligibilibus,
1592 4863 1684 4915 sed
1713 4861 2076 4927 sensibilibus,

508 4949 789 5018 distinguit
833 4965 927 5005 eos
969 4953 1059 5020 qui
1107 4952 1160 5004 in
1183 4967 1304 5006 eum
1345 4953 1604 5019 credunt;
1653 4955 1728 5008 ait
1763 4955 1954 5008 enim:
1998 4955 2081 5009 Ne

508 5041 742 5110 cogitetis
767 5042 1013 5108 dicentes,
1039 5042 1177 5108 Quid
1203 5044 1528 5098 comedemus
1555 5056 1645 5098 aut
1673 5047 1798 5116 quid
1827 5045 2077 5110 bibemus,

508 5140 601 5184 aut
633 5131 759 5201 quid
801 5133 1117 5196 vestiemur;
1169 5134 1280 5187 ﬁa'c
1313 5136 1449 5193 enim
1488 5137 1662 5189 omnia
1699 5146 1873 5206 gentes
1908 5137 2080 5206 inqui-

510 5229 628 5274 runt
654 5219 881 5291 (Matth.
913 5221 1008 5290 vr).
1046 5221 1187 5293 Ergo
1226 5231 1408 5292 aperte
1447 5239 1546 5278 nos
1583 5233 1859 5292 separatos
1897 5240 2018 5279 esse
2047 5243 2076 5278 a

510 5311 756 5379 gentibus
779 5309 891 5364 vult
912 5311 1278 5366 sublimiorem
1308 5314 1562 5368 scctando
1589 5316 2075 5370 conversationem.

579 5400 833 5472 Separate
859 5418 980 5472 ergo
1003 5419 1089 5456 vos
1101 5402 1400 5472 jumentum
1422 5404 1672 5458 mundum
1699 5405 1763 5458 ab
1787 5406 2087 5476 immundo,-

507 5505 650 5543 avem
699 5488 950 5544 mundam
1001 5491 1066 5544 ab
1121 5492 1413 5546 immunda.
1463 5491 1545 5547 Ne
1581 5493 1828 5563 polluatis
1873 5496 2078 5549 animas

506 5585 700 5630 vestras
727 5578 784 5630 in
815 5595 996 5648 pecore
1023 5588 1071 5634 et
1093 5580 1148 5634 in
1165 5580 1362 5644 avibus,
1389 5590 1436 5634 et
1456 5584 1654 5636 cunctis
1680 5601 1797 5653 qum
1811 5596 2082 5640 moventur

507 5666 562 5717 in
603 5676 764 5734 terra,
817 5679 863 5722 et
911 5687 1027 5739 quas
1069 5671 1210 5726 vobis
1257 5672 1457 5725 ostendi
1494 5690 1604 5727 esse
1638 5673 1859 5742 polluta.
1915 5675 2078 5730 Eritis

2109 4453 2160 4512 D

2179 1863 2320 1918 rium
2342 1866 2508 1920 habet
2533 1867 2789 1921 mundum
2819 1883 2934 1932 cor,
2958 1869 3322 1938 mundamque
3343 1869 3696 1935 conscientiam,

2178 1963 2234 2012 et
2258 1954 2416 2012 ﬁdem
2445 1973 2551 2014 non
2578 1957 2780 2013 ﬁctam.
2807 1959 2909 2026 Qui
2937 1969 3121 2015 autem
3141 1961 3266 2016 inec
3289 1975 3392 2016 non
3428 1960 3618 2027 habent,
3654 1963 3695 2017 in

2179 2047 2485 2117 vaniloquia
2509 2055 2917 2116 convertuntur,
2947 2064 3056 2105 non
3093 2050 3449 2122 intelligentes
3483 2066 3630 2122 neque
3647 2051 3700 2107 de

2180 2135 2377 2206 quibus
2396 2136 2707 2206 loquuntur,
2724 2152 2898 2208 neque
2918 2139 2984 2194 de
3005 2139 3204 2210 quibus
3223 2138 3498 2206 allirmant‘,
3518 2143 3636 2196 sicut
3649 2142 3706 2196 ad

2182 2225 2524 2282 Timotheum
2553 2229 2810 2300 scriptum
2837 2238 2938 2286 est.
2973 2229 3295 2288 Necessario
3330 2247 3452 2304 ergo
3477 2242 3525 2289 et
3544 2233 3705 2289 horum

2181 2315 2504 2386 illorumque
2530 2318 2757 2374 mundos
2792 2322 3032 2391 separari
3063 2325 3322 2396 praecepit
3350 2331 3497 2394 atque
3517 2325 3703 2379 immun-

2180 2407 2299 2471 dos,
2343 2415 2401 2461 ut
2459 2409 2527 2464 ab
2569 2409 2654 2464 his
2697 2410 3084 2479 abstineamus,
3140 2413 3250 2470 illis
3295 2415 3700 2470 oommisceamur.

2185 2495 2291 2551 Sed
2322 2497 2542 2552 multam
2571 2499 2892 2570 sapientiam
2932 2517 3082 2556 suam
3110 2504 3276 2559 etiam
3317 2521 3453 2560 nunc
3476 2504 3704 2576 legislator

2183 2588 2439 2653 ostendit,
2497 2588 2562 2643 de
2603 2590 3041 2661 quadrupedibus
3095 2593 3315 2662 quidem
3361 2603 3414 2650 et
3450 2594 3702 2650 volatilibus

2184 2679 2259 2734 ita
2307 2680 2666 2752 distinguens,
2699 2682 2752 2736 in
2797 2682 3079 2751 reptilibus
3104 2693 3290 2740 autem
3325 2694 3476 2740 terra:
3512 2700 3602 2739 non
3627 2684 3700 2737 ita.

2185 2769 2392 2826 Cuncta
2413 2773 2554 2827 enim
2582 2789 2701 2844 qua:
2723 2783 3008 2830 moventur
3037 2777 3089 2830 in
3123 2785 3273 2833 terra
3309 2779 3561 2834 immunda
3589 2783 3700 2840 sunt,

2184 2861 2275 2933 qui
2323 2869 2540 2917 terrena
2568 2861 2818 2919 videlicet
2862 2865 3022 2935 sapit,
3067 2867 3226 2938 cujus
3264 2869 3392 2926 deus
3427 2878 3593 2925 venter
3623 2875 3703 2929 est,

2185 2952 2276 3021 qui
2316 2968 2525 3009 veneno
2559 2954 2800 3024 pascitur
2832 2957 3256 3015 constitutarum
3307 2962 3360 3016 in
3403 2962 3598 3031 pulvere
3630 2972 3708 3012 vo-

2186 3041 2494 3111 luptatum;
2528 3045 2594 3100 de
2626 3045 2758 3116 ipsis
2807 3047 3073 3118 siquidem
3113 3050 3262 3105 sicut
3307 3052 3478 3107 cernis
3503 3049 3707 3106 distincte

2189 3145 2375 3190 narrat
2404 3137 2590 3192 dicens
2621 3155 2634 3190 :
2664 3138 2734 3192 Et
2760 3141 2958 3195 cunctis
2986 3158 3104 3212 qua
3139 3153 3412 3198 moventur
3437 3144 3487 3196 in
3506 3151 3642 3203 terra,
3670 3146 3708 3191 et

2184 3241 2302 3297 quis
2342 3226 2484 3280 vobis
2511 3229 2712 3282 ostendi
2751 3246 2861 3284 esse
2885 3231 3106 3302 polluta.
3150 3234 3297 3307 Ergo
3320 3251 3500 3291 omnes
3523 3231 3602 3304 qui
3625 3239 3710 3287 ter-

2186 3319 2334 3373 renis
2383 3328 2682 3388 pascuntur
2731 3323 3056 3390 actionibus,
3112 3327 3216 3381 etsi
3276 3326 3500 3382 ﬁdelium
3548 3326 3712 3394 ﬁngant

2187 3411 2452 3478 habitum,
2501 3419 2562 3465 ut
2599 3411 2861 3467 immundi
2908 3415 3141 3484 separati
3194 3425 3341 3484 sunt,
3388 3426 3442 3474 et
3481 3417 3604 3472 inter
3633 3412 3712 3467 im-

2186 3501 2385 3556 munda
2410 3501 2650 3557 distincti
2674 3510 2822 3568 sunt,
2850 3517 2879 3557 a
2913 3519 3142 3574 quomm
3179 3521 3284 3562 nos
3313 3505 3598 3563 omnimodo
3620 3517 3710 3557 ma-

2184 3592 2252 3648 lis
2279 3593 2552 3649 abstinere
2580 3593 2870 3660 desiderat,
2904 3606 3125 3666 propter
3145 3600 3294 3665 quod
3329 3598 3518 3654 addidit
3544 3615 3555 3649 :
3582 3592 3712 3648 Eritis

2184 3685 2368 3750 sancti,
2404 3685 2554 3750 mihi,
2607 3685 2731 3756 quia
2776 3695 2988 3740 sanctus
3027 3704 3119 3758 ego
3163 3705 3288 3743 sum
3336 3689 3597 3749 Dominus;
3642 3682 3714 3752 qui

2186 3775 2355 3829 forma
2377 3777 2531 3830 vobis
2551 3776 2976 3830 conversationis
3005 3775 3232 3832 effectus
3266 3795 3405 3844 sum,
3432 3778 3517 3847 qui
3544 3781 3714 3828 tantum

2186 3877 2466 3923 aversatus
2493 3884 2611 3922 sum
2657 3877 2891 3933 terrena,
2936 3877 2994 3924 ut
3029 3886 3127 3926 nec
3165 3870 3426 3927 haberem
3467 3885 3566 3939 quo
3596 3863 3716 3923 recli'

2186 3971 2373 4012 narem
2423 3967 2615 4026 caput;
2647 3958 2737 4028 qui
2784 3961 2947 4014 etiam
2977 3963 3112 4016 meis
3149 3961 3430 4033 discipulis
3470 3955 3713 4017 mandavi;

2187 4043 2311 4100 Non
2343 4046 2650 4115 possideatis
2692 4064 2879 4102 aurum
2911 4067 3070 4121 neque
3097 4061 3395 4120 argentum,
3428 4065 3576 4121 neque
3593 4063 3652 4101 (τε
3675 4043 3716 4095 in

2186 4136 2331 4190 zonis
2356 4138 2555 4202 vestris,
2597 4154 2701 4191 non
2722 4155 2900 4208 peram
2921 4142 2976 4194 in
3003 4141 3105 4206 via,
3131 4159 3226 4195 nec
3253 4144 3388 4197 duas
3416 4141 3617 4201 tunicas,
3643 4150 3715 4187 ne.

2184 4243 2281 4297 que
2319 4225 2683 4291 calciamenta,
2731 4243 2892 4298 neque
2929 4230 3122 4300 virgam
3162 4228 3392 4302 (Matth.
3435 4228 3518 4300 ι).
3548 4227 3599 4280 In
3625 4233 3719 4280 tau-

2184 4325 2301 4369 tum-
2325 4330 2453 4387 ergo
2494 4332 2682 4370 eorum
2713 4333 2833 4386 qua:
2871 4319 2926 4372 in
2972 4327 3168 4375 terram
3221 4328 3437 4392 repunt,
3485 4316 3604 4374 nihil
3637 4325 3719 4368 nos

2186 4423 2378 4478 sapere
2404 4415 2498 4462 aut
2535 4422 2694 4478 agere
2715 4409 2912 4463 studet.

2766 4499 2992 4556 CAPUT
3025 4499 3164 4557 XIV.

2556 4589 2634 4643 De
2653 4590 2949 4660 pythonicis
2965 4603 3012 4645 et
3031 4609 3182 4664 paena
3201 4610 3406 4648 eorum.

2253 4681 2429 4754 (Imm)
2469 4680 2558 4734 Vir
2583 4683 2690 4734 sive
2722 4681 2909 4735 mulier
2937 4683 2990 4736 in
3017 4683 3203 4755 quibus
3229 4685 3535 4755 pythonicus
3557 4679 3627 4735 vel
3653 4675 3722 4729 di-

2182 4771 2459 4824 vinationis
2477 4770 2636 4839 fuerit
2655 4771 2892 4839 spiritus,
2927 4782 3090 4826 morte
3124 4775 3439 4838 moriantur,
3463 4771 3538 4826 vel
3563 4766 3724 4839 lapidi-

2185 4859 2276 4912 bus
2306 4861 2526 4912 obruant
2553 4875 2639 4912 eos
2663 4878 2681 4915 :
2703 4861 2918 4928 sanguis
2953 4877 3134 4915 eorum
3167 4864 3236 4916 sit
3263 4879 3425 4933 super
3459 4861 3591 4915 illos.
3615 4856 3633 4928 (
3655 4855 3724 4909 Et:

2184 4948 2407 5019 eodem.)
2454 4947 2567 5002 Hoc
2607 4949 2782 5018 ipsum
2826 4951 3174 5020 pythonicum
3215 4967 3338 5012 esse
3371 4953 3456 5008 vel
3492 4951 3720 5008 divinum,

2183 5039 2318 5102 sive,
2341 5047 2400 5092 ut
2425 5036 2794 5109 Septuaginta,
2826 5043 3223 5108 incantatorem,
3255 5045 3436 5098 nimia:
3459 5037 3723 5112 iniquitatis

2183 5137 2264 5182 est
2296 5147 2309 5180 τ
2342 5128 2433 5196 qui
2481 5129 2625 5182 enim
2656 5129 2780 5184 talis
2813 5140 2915 5195 est,
2964 5139 3019 5186 et
3061 5133 3176 5203 ipse
3222 5143 3509 5204 cos-ruptus
3547 5139 3640 5196 est,
3679 5137 3722 5181 et

2184 5217 2316 5271 alios
2341 5217 2526 5287 procul
2546 5219 2709 5272 dubio
2729 5219 2782 5272 in
2810 5235 2906 5275 sua
2929 5221 3212 5290 iniquitate
3238 5225 3567 5293 corrumpit;
3605 5217 3722 5274 unde

2183 5310 2436 5380 praecepit
2484 5310 2750 5379 lapidibus
2793 5328 2915 5367 eum
2960 5315 3158 5370 obrui:
3190 5317 3315 5386 quia
3361 5332 3462 5372 nec
3500 5309 3723 5372 sensibile

2181 5401 2308 5469 quid
2329 5401 2555 5471 agimus,
2594 5402 2689 5456 scd
2728 5400 2936 5458 fabulas
2961 5403 3026 5459 de
3057 5406 3220 5461 corde
3244 5406 3413 5460 veluti
3455 5401 3725 5476 superﬂuos

2179 5504 2235 5548 et
2261 5508 2428 5548 vanos
2471 5506 2768 5556 sermones,
2818 5494 2903 5549 vel
2943 5497 3187 5564 quaedam
3217 5498 3375 5566 quasi
3422 5489 3722 5552 incantantia

2178 5588 2546 5643 blandimenta
2568 5585 2879 5656 incongruis
2895 5588 3256 5646 doctrinarum
3275 5590 3610 5646 sermonibus
3629 5592 3726 5640 stu-

2179 5679 2417 5741 deamus,
2449 5683 2508 5731 ut
2546 5673 2882 5744 popularium
2921 5679 3034 5736 sive
3075 5680 3398 5752 simplicium
3429 5679 3726 5736 scducamus

2111 3103 2157 3166 C
