3918 6180
289 321 358 375 '73
1144 311 1643 371 EXPOSITIONES
1678 309 1746 366 ΙΝ
1782 309 2182 368 LEVITICUM.
2224 342 2294 352 —
2331 312 2460 368 LIB.
2504 314 2590 368 Vl.
2623 356 2632 362 .

3405 318 3514 373 474

253 432 491 494 auditus,
524 427 596 484 ad
631 425 946 483 nutriendos
992 434 1209 481 ventres
1257 435 1491 490 nostros,
1543 433 1706 492 atque
1733 437 1832 475 ex-
1861 422 1913 481 Α
2005 421 2233 492 Oportet
2255 424 2399 478 enim
2437 423 2771 480 sacerdotem
2807 423 3135 494 diligentiam
3174 427 3431 485 adhibere
3459 443 3515 486 et

253 525 402 595 plere
428 529 646 576 nostras
672 517 974 586 voluptates
1002 516 1135 571 alias
1160 515 1355 570 talibus
1379 511 1833 584 exquisitionibus

247 615 553 685 cupientes.
604 611 803 679 Aperte
843 609 988 663 enim
1035 605 1401 676 intelligibiles
1429 603 1750 676 pythonicos
1778 609 1834 656 et

248 721 451 778 pravos
488 705 860 758 incantatores
903 699 1162 752 Romanis
1210 695 1453 751 scribens
1492 693 1690 748 Paulus
1734 707 1834 748 vas

247 799 534 856 electionis
555 795 840 866 expressit.
877 792 1138 862 Rogamus
1173 800 1345 844 autem
1379 805 1488 854 vos,
1525 788 1738 856 fratres,
1775 795 1832 839 ut

247 890 528 948 observetis
555 905 640 942 eos
663 887 752 957 qui
792 883 1137 938 dissensiones
1159 881 1293 934 inter
1316 896 1405 933 vos
1433 887 1481 932 et
1519 874 1836 946 offendicula

244 992 443 1052 prwter
468 979 759 1034 doctrinam
775 990 931 1046 quam
958 989 1045 1028 vos
1068 971 1322 1024 didicistis
1352 968 1572 1038 faciunt,
1605 975 1651 1019 et
1668 963 1833 1019 decli-

245 1085 372 1130 nute
401 1072 467 1128 ab
487 1072 580 1125 eis.
605 1069 708 1136 Qui
730 1076 907 1121 autem
944 1073 1070 1120 sunt
1096 1063 1152 1119 hi
1187 1063 1242 1116 in
1265 1059 1718 1130 subsequentibus
1741 1073 1836 1112 ex-

242 1165 493 1240 planavit
524 1183 536 1217 :
579 1162 650 1216 Hi
687 1161 826 1215 enim
865 1157 1089 1212 Domino
1130 1163 1304 1209 nostro
1341 1149 1551 1207 Christo
1580 1166 1686 1204 non
1720 1165 1835 1203 ser-

245 1239 416 1322 riunt,
443 1255 535 1310 sed
560 1269 656 1308 suo
679 1249 862 1314 centri,
901 1256 953 1302 et
973 1263 1066 1317 per
1088 1244 1266 1298 dulces
1299 1257 1561 1297 sermones
1591 1248 1642 1296 σε
1678 1239 1833 1294 bene-

243 1350 508 1405 dictiones
537 1343 789 1399 seducunt
819 1338 980 1394 corda
1019 1337 1369 1390 innocentum.

851 1447 1077 1506 CAPUT
1111 1445 1228 1501 XV.

244 1549 528 1619 Quomodo
549 1545 848 1619 sacerdotes_
861 1559 915 1597 se
937 1540 1125 1619 habere
1146 1537 1360 1619 debeant
1384 1534 1438 1588 in
1461 1543 1624 1588 morte
1644 1533 1833 1587 civium

732 1626 780 1668 et
813 1611 1062 1666 ducendis
1086 1607 1356 1662 uxoribus.

314 1712 338 1782 (
351 1710 487 1766 CAP.
509 1708 646 1776 xxi.)
676 1704 926 1773 Dixitque
944 1700 1200 1756 Dominus
1227 1697 1294 1750 ad
1323 1694 1538 1764 Moysen
1561 1706 1581 1744 :
1601 1691 1834 1764 Loquere

239 1764 812 1868 mi‘sacerdoteiﬂlios
839 1764 1060 1858 'Aaron,
1091 1800 1139 1845 et
1169 1790 1306 1844 dices
1331 1787 1399 1841 ad
1429 1803 1515 1841 eos
1545 1799 1563 1837 :
1593 1782 1675 1838 Ne
1700 1799 1828 1837 con-
1860 1764 1909 1824 Β

241 1895 540 1951 taminetur
573 1888 815 1945 sacerdos
845 1887 899 1940 in
942 1881 1196 1938 mortibus
1233 1879 1420 1934 civium
1454 1891 1697 1938 suorum,
1731 1873 1831 1927 nisi

241 1993 458 2040 tantum
486 1982 538 2035 in
567 1974 967 2047 consanguineis
995 1979 1086 2026 aut
1119 1967 1446 2041 propinquis,
1479 1965 1534 2020 id
1563 1973 1655 2028 est,
1679 1978 1834 2033 super

239 2087 422 2149 patre,
449 2091 512 2146 ac
540 2079 727 2133 matre,
751 2077 799 2120 et
828 2065 964 2134 filio,
999 2071 1048 2117 et
1073 2061 1211 2132 ﬁlia,
1249 2059 1414 2129 fratre
1441 2071 1642 2129 quoque
1670 2062 1719 2108 et
1742 2069 1832 2106 so-

240 2143 368 2222 rore
412 2143 633 2233 virgine,
683 2173 799 2230 qua:
846 2171 949 2209 non
986 2161 1060 2208 est
1109 2159 1271 2220 nupta
1309 2149 1421 2202 uiro
1452 2165 1471 2201 :
1503 2145 1593 2200 sed
1636 2160 1729 2198 nec
1774 2143 1833 2196 in

237 2256 487 2330 principe
526 2249 703 2323 populi
727 2248 809 2301 sui
845 2241 1305 2299 contaminabitur.
1355 2235 1708 2307 Septuaginta
1737 2247 1834 2286 au-

239 2323 385 2412 tem,
416 2323 524 2398 non
551 2339 812 2412 polluetur
835 2352 899 2390 ea:
922 2333 1092 2388 subito
1117 2333 1172 2385 in
1198 2327 1389 2401 populo
1417 2343 1512 2381 suo
1543 2325 1613 2379 ad
1651 2323 1834 2395 profa-

239 2439 518 2492 nationem
566 2446 736 2485 suam.
782 2426 801 2498 (
834 2424 918 2478 Ea:
967 2422 1245 2493 Hesychia.
1274 2419 1293 2491 )
1326 2419 1525 2473 Littera
1554 2416 1770 2485 quidem
1799 2429 1832 2469 a

239 2534 586 2580 mortuorum
624 2517 1005 2590 pollutionibus
1047 2513 1233 2583 fugere
1272 2509 1582 2565 sacerdotes
1620 2519 1831 2576 praece-

237 2617 341 2688 pit,
377 2614 474 2668 sed
503 2629 607 2666 non
633 2612 747 2664 haec
771 2615 857 2662 est
894 2605 1025 2676 legis
1051 2605 1296 2667 intentio,
1329 2615 1506 2670 neque
1532 2601 1599 2655 de
1623 2601 1728 2654 hoc
1753 2597 1832 2652 le-

239 2709 476 2780 gislator
503 2701 647 2772 loqui
668 2698 962 2770 preposuit,
987 2696 1079 2751 sed
1107 2693 1310 2765 aliquid
1342 2691 1516 2759 majus
1542 2689 1828 2754 intellexit,

237 2809 294 2854 et
324 2796 475 2866 quod
503 2794 662 2847 nimis
683 2791 746 2846 de
768 2787 1140 2844 sacerdotibus
1164 2783 1472 2838 necessario
1502 2781 1777 2836 diceretur
1805 2796 1820 2832 :

238 2891 372 2960 quia
403 2887 549 2941 enim
581 2885 724 2954 ipsos
767 2881 1040 2952 inspicere
1080 2875 1293 2947 quando
1335 2874 1610 2944 negligunt
1645 2870 1830 2942 populi

235 2985 496 3049 peccata,
528 2974 726 3028 dicitur
776 2971 1069 3026 secundum
1108 2968 1250 3036 quod
1287 2967 1338 3020 in
1386 2963 1524 3019 Osea
1568 2964 1830 3032 scriptum

237 3075 323 3121 est
361 3084 374 3118 :
405 3061 633 3115 Peccata
657 3059 833 3131 populi
858 3058 958 3112 mei
989 3055 1273 3118 comedent,
1317 3061 1365 3106 et
1395 3052 1462 3106 ad
1501 3052 1828 3122 iniquitatem

238 3110 323 3121 νυ*
362 3110 827 3131 '—"'"'"r'r""
861 3110 882 3111 η
917 3110 928 3112 ν
1260 3110 1270 3118 ι
1591 3110 1601 3122 ,

223 3169 431 3213 'eorum
456 3153 791 3208 sublevabant
825 3150 1028 3203 animas
1051 3162 1230 3202 eorum
1262 3143 1408 3216 (Ose.
1436 3142 1532 3215 tv).
1565 3143 1682 3198 Non
1709 3141 1830 3212 qui-
1855 3110 1901 3175 C

239 3250 368 3305 dcm
397 3245 582 3300 omnia
607 3255 941 3312 quaecunque
972 3238 1204 3308 populus
1247 3244 1460 3307 peccat,
1506 3235 1639 3306 ipsis
1672 3247 1834 3303 opor-

239 3349 319 3394 tet
352 3335 631 3405 imputari,
678 3333 772 3387 sed
819 3330 1142 3386 intendenda
1196 3337 1280 3383 est
1314 3329 1402 3382 illa
1441 3328 1510 3383 ab
1551 3323 1833 3381 Ezechiele

237 3431 512 3502 propheta
551 3428 690 3482 dicta
741 3425 932 3480 divisio
965 3441 977 3476 :
1015 3421 1120 3476 Fili
1157 3422 1401 3486 hominis,
1455 3418 1832 3490 speculatorem

237 3521 366 3576 dedi
396 3531 446 3573 te
473 3519 652 3572 domui
688 3516 880 3580 Israel,
903 3527 950 3568 et
988 3514 1169 3568 audies
1193 3514 1258 3566 de
1295 3529 1384 3566 ore
1413 3528 1524 3566 meo
1554 3510 1762 3564 verbum
1782 3516 1832 3562 et

238 3610 589 3669 annuntiabis
629 3611 702 3663 eis
749 3625 813 3662 ea:
860 3619 988 3660 me:
1019 3605 1064 3659 si
1111 3605 1311 3658 dicente
1352 3617 1434 3654 me
1471 3599 1540 3654 ad
1588 3598 1828 3668 impium,

238 3705 421 3760 Morte
462 3701 722 3763 morieris,
755 3715 859 3752 non
901 3695 1292 3750 annuntiaveris
1320 3693 1386 3756 ei,
1427 3705 1590 3760 neque
1626 3687 1831 3741 locutus

238 3796 433 3865 fueris,
462 3801 518 3846 ut
547 3799 812 3844 avertatur
837 3805 866 3840 a
899 3789 980 3840 via
1007 3803 1104 3840 sua
1130 3785 1290 3854 impia
1328 3791 1375 3836 et
1406 3781 1562 3845 vivat,
1592 3779 1701 3849 ipse
1733 3778 1830 3830 im-

235 3890 361 3958 pius
412 3885 468 3939 in
510 3884 783 3954 iniquitate
827 3898 923 3934 sua
963 3880 1245 3941 morietur,
1297 3875 1604 3944 sanguinem
1654 3880 1828 3926 autem

236 3981 360 4050 ejus
384 3979 451 4032 de
477 3993 636 4030 manu
677 3984 768 4026 tua
793 3972 1072 4042 requiram.
1107 3967 1168 4023 Si
1197 3976 1370 4020 autem
1396 3975 1451 4019 tu
1485 3963 1830 4018 annuntiave-

237 4073 314 4125 ris
362 4067 545 4138 impio,
593 4074 639 4120 et
677 4063 763 4118 ille
798 4080 899 4116 non
940 4061 1099 4131 fuerit
1135 4073 1410 4112 conversus
1457 4055 1521 4108 ab
1563 4055 1828 4124 impietate

236 4179 368 4225 sua,
401 4168 449 4212 et
490 4159 571 4211 via
600 4173 696 4210 sua
741 4155 921 4223 impia,
953 4153 1060 4222 ipse
1089 4149 1296 4220 quidem
1338 4151 1392 4201 in
1428 4147 1700 4217 iniquitate
1727 4161 1826 4199 sua

237 4250 521 4310 morietur,
552 4255 607 4299 tu
631 4254 803 4298 autem
827 4242 1058 4296 animam
1080 4249 1223 4293 tuam
1239 4237 1451 4305 salvasti
1471 4235 1688 4308 (Ezech.
1713 4231 1822 4305 ιιι).

236 4342 362 4396 lloc
392 4347 573 4392 autem
619 4335 881 4405 apertius,
935 4331 1029 4386 sed
1070 4337 1125 4384 et
1170 4328 1437 4391 subtilius,
1483 4327 1537 4380 in
1572 4322 1824 4395 praesenti

1934 511 2132 582 populo
2170 522 2230 567 ut
2266 529 2371 569 non
2399 524 2607 583 peccet,
2655 515 2748 572 sed
2789 516 3055 585 praecipue
3086 516 3268 571 domui
3311 535 3422 574 suae
3454 531 3512 576 et

1934 606 2214 671 cognatis;
2255 613 2477 673 propter
2518 606 2660 674 quod
2688 604 2887 659 Paulus
2909 605 2986 659 ait
3022 623 3035 659 :
3063 604 3192 660 Hac
3212 610 3432 678 praecipe
3453 621 3512 664 ut

1931 693 2406 763 irreprehensibiles
2457 696 2582 748 sint.
2646 694 2708 750 Si
2763 696 2880 765 quis
2939 705 3112 749 autem
3163 713 3409 763 suorum,
3461 712 3508 754 et

1934 787 2160 839 maxime
2177 787 2599 851 domesticorum,
2624 802 2806 839 curam
2825 803 2927 840 non
2953 786 3124 851 habet,
3152 787 3309 856 fidem
3337 801 3511 860 negat,

1934 882 1984 927 et
2015 884 2091 928 est
2111 873 2311 942 inﬁdeli
2335 874 2564 928 deterior
2603 875 2665 940 (1
2691 874 2825 929 Tim.
2857 875 2932 948 v).
2974 877 3041 931 Et
3066 893 3254 932 rursus
3280 898 3293 932 :
3324 877 3382 934 Si
3411 899 3497 934 au-

1934 975 2038 1020 tem
2051 967 2166 1037 quis
2186 983 2296 1020 suae
2321 967 2500 1020 domui
2521 984 2740 1038 praeesse
2761 968 2942 1033 nescit,
2973 971 3231 1040 quomodo
3260 970 3512 1028 Ecclesia:

1935 1055 2033 1110 Dei
2075 1073 2257 1110 curam
2283 1055 2528 1110 habebit?
2554 1056 2616 1127 (1
2644 1055 2778 1110 Tim.
2809 1060 2928 1128 tu.)
2966 1057 3021 1111 lu
3048 1058 3179 1124 lilio,
3203 1069 3258 1114 et
3291 1061 3420 1127 lilia,
3457 1072 3514 1118 et

1935 1145 2126 1212 fratre,
2165 1155 2221 1202 et
2248 1162 2434 1201 sorore
2461 1146 2691 1217 virgine,
2721 1147 2973 1203 videlicet
3009 1149 3382 1217 peccantibus,
3409 1167 3509 1206 ne-

1936 1239 2172 1293 cessario
2205 1241 2458 1295 sacerdos
2484 1241 2761 1310 polluitur,
2796 1249 2856 1295 ut
2880 1251 3024 1311 pote,
3057 1244 3148 1313 qui
3190 1245 3350 1300 debet
3370 1261 3512 1315 quo-

1937 1333 2087 1398 tidie,
2123 1334 2218 1388 sed
2243 1342 2301 1387 et
2335 1334 2482 1388 omni
2510 1335 2663 1401 hora,
2710 1351 2775 1391 ea
2813 1351 2932 1405 qua:
2967 1337 3035 1391 ad
3074 1337 3302 1392 salutem
3348 1339 3517 1408 perti-

1936 1431 2065 1479 nent
2085 1438 2180 1478 eos
2206 1424 2507 1490 instituere,
2539 1436 2593 1479 et
2622 1426 2844 1497 vigilare
2877 1427 3021 1481 circa
3049 1441 3148 1482 eos
3169 1435 3228 1482 ut
3261 1444 3364 1482 non
3388 1443 3514 1498 pec-

1935 1523 2062 1570 cent
2088 1515 2214 1570 talia
2236 1532 2357 1586 qua:
2396 1526 2571 1572 morte
2596 1529 2723 1572 sunt
2747 1518 2928 1588 digna.
2976 1517 3088 1573 Hoc
3118 1526 3300 1574 autem
3337 1519 3511 1588 ipsum

1936 1612 1992 1658 et
2017 1605 2074 1658 in
2099 1613 2292 1670 matre,
2339 1614 2396 1660 et
2438 1606 2490 1660 in
2539 1614 2692 1676 patre
2729 1606 3137 1678 intelligendum
3181 1616 3286 1674 est.
3318 1607 3512 1663 Filium

1936 1695 2134 1765 quippe
2175 1695 2453 1750 doctorem
2491 1696 2668 1766 patris
2703 1697 3001 1766 matrisque
3047 1696 3402 1752 sacerdotalis
3430 1697 3516 1752 di-

1936 1785 2114 1856 gnitas
2154 1786 2286 1841 facit
2317 1805 2329 1840 :
2359 1787 2546 1842 dicens
2591 1787 2809 1856 quidem
2851 1801 3094 1842 sororem
3135 1803 3256 1858 qua:
3293 1803 3398 1843 non
3432 1798 3520 1845 est

1935 1882 2101 1946 nupta
2128 1876 2267 1942 viro,
2296 1877 2533 1932 ostendit
2555 1891 2652 1947 per
2683 1877 2825 1932 hanc
2857 1877 2983 1947 quia
3015 1877 3059 1932 si
3085 1879 3302 1950 cognati
3327 1893 3516 1935 sacer-

1935 1965 2078 2020 dotis
2120 1965 2440 2034 semetipsos
2486 1966 2876 2034 separaverint,
2921 1975 2975 2020 et
3011 1965 3204 2022 domus
3252 1967 3515 2036 quodam—

1935 2056 2097 2111 modo
2123 2055 2226 2109 alia
2265 2056 2584 2126 semetipsos
2615 2065 2930 2126 separantes
2957 2056 3086 2113 facti
3117 2057 3341 2126 fuerint,
3387 2057 3515 2114 nul-

1935 2146 2041 2200 lam
2061 2146 2343 2217 patiuntur
2362 2148 2416 2202 in
2438 2147 2788 2217 peccantibus
2809 2147 2896 2202 his
2917 2147 3299 2219 pollutionem;
3339 2163 3515 2220 quan-

1933 2237 2028 2294 diu
2053 2246 2230 2294 autem
2260 2239 2341 2293 eis
2365 2239 2672 2306 adhaerent,
2701 2241 3122 2311 propinquitatis
3149 2251 3207 2298 et
3239 2244 3516 2314 cognatio‘

1935 2330 2021 2385 nis
2066 2330 2239 2401 legem
2286 2330 2734 2396 custodientibus,
2795 2331 3275 2387 contaminationis
3323 2347 3516 2388 eorum

1933 2430 2082 2477 recte
2108 2421 2402 2492 participes
2445 2421 2768 2488 eﬂlciuntur,
2809 2423 2935 2493 quia
2980 2437 3082 2479 nec
3123 2424 3373 2494 ignorare
3415 2439 3514 2479 eo-

1933 2529 2055 2568 rum
2081 2522 2323 2584 peceata,
2366 2522 2427 2567 ut
2452 2523 2579 2584 pote
2615 2514 3063 2582 cohabitantium,
3089 2522 3346 2585 possunt,
3368 2514 3517 2584 quod

1933 2605 2014 2660 eis
2051 2613 2108 2660 et
2135 2606 2614 2662 contaminationis
2639 2621 2859 2662 causam
2888 2607 3050 2676 parit.
3095 2605 3251 2664 Unde
3278 2621 3408 2678 ergo
3429 2605 3514 2661 di—

1933 2713 2064 2754 cens
2084 2699 2227 2768 quod
2250 2698 2304 2753 in
2334 2698 2419 2753 his
2442 2699 2962 2765 contaminarentur,
2998 2699 3389 2768 subsequenter
3416 2699 3512 2754 ad—

1933 2791 2089 2856 didit,
2126 2792 2422 2847 secundum
2463 2790 2830 2861 Septuaginta,
2874 2807 2978 2844 non
3020 2789 3299 2861 polluetur,
3334 2789 3513 2844 subito

1932 2883 1987 2939 in
2016 2883 2214 2954 populo
2249 2899 2349 2938 suo
2370 2883 2437 2938 ad
2479 2883 2910 2952 profanationem
2930 2881 3068 2952 ejus.
3109 2882 3248 2948 Quid
3287 2897 3385 2952 per
3409 2881 3512 2936 hoc

1934 2975 2080 3030 aliud
2104 2975 2380 3032 ostendit?
2405 2975 2509 3030 nisi
2538 2975 2664 3044 quia
2709 2973 2966 3044 polluitur
2999 2973 3214 3043 quidem
3247 2980 3303 3028 et
3328 2972 3382 3026 in
3408 2986 3508 3042 po-

1931 3066 2058 3137 pulo
2082 3073 2343 3136 peccante
2382 3065 2659 3129 sacerdos,
2687 3065 2780 3119 sed
2807 3079 2914 3118 non
2946 3063 3146 3119 subito.
3173 3061 3302 3130 Qua:
3329 3070 3512 3118 autem

1936 3157 2202 3212 accedunt
2242 3156 2296 3210 in
2344 3156 2620 3211 extraneis
2649 3155 2839 3225 culpis,
2879 3157 2995 3209 haec
3025 3169 3132 3209 non
3163 3153 3308 3209 illico
3333 3168 3516 3208 sacer-

1933 3247 2115 3302 dotem
2162 3245 2554 3310 contaminant,
2603 3245 2696 3300 sed
2743 3246 2958 3315 quando
2994 3244 3095 3314 ipsi
3135 3244 3353 3314 quidem
3393 3257 3516 3313 per-

1933 3340 2232 3396 manserint
2261 3339 2316 3394 in
2360 3339 2622 3409 peccatis,
2652 3337 2964 3394 sacerdotes
2989 3345 3169 3392 autem
3195 3350 3290 3391 eos
3319 3350 3513 3391 curare

1932 3431 2287 3503 neglexerint.
2326 3430 2442 3485 Non
2474 3429 2674 3485 frustra
2713 3435 2894 3484 autem
2931 3427 3158 3492 addidit,
3184 3425 3514 3496 profanatio-

1931 3539 2064 3583 nem,
2103 3522 2198 3578 sed
2222 3521 2350 3576 illud
2375 3536 2474 3589 per
2496 3520 2599 3575 hoc
2626 3517 2851 3574 verbum
2889 3517 3118 3572 innuens
3143 3517 3270 3587 quia
3293 3514 3512 3586 quando

1931 3615 2188 3670 sacerdos
2226 3614 2502 3683 polluitur,
2556 3613 2848 3668 secundum
2897 3611 3208 3680 praulictam
3263 3623 3509 3672 causam,

1930 3705 2112 3774 populi
2157 3703 2434 3774 peccatis,
2473 3702 2751 3772 negligens
2800 3699 3053 3755 videlicet
3096 3707 3152 3753 et
3190 3714 3296 3752 non
3343 3713 3510 3767 agens

1928 3811 2050 3864 quae
2076 3794 2252 3849 modis
2288 3793 2541 3848 omnibus
2590 3792 2925 3847 sacerdotem
2973 3790 3276 3858 oportebat,
3323 3788 3509 3857 profa-

1930 3901 2054 3950 nus,
2096 3886 2148 3941 id
2190 3892 2297 3950 est,
2347 3885 2522 3940 nudus
2568 3882 2856 3940 sacerdotii
2909 3882 3190 3952 dignitate,
3238 3880 3511 3935 invenitur

1929 3991 2070 4030 unus
2115 3983 2172 4030 et
2212 3975 2327 4044 ipse
2370 3975 2438 4030 de
2475 3974 2664 4030 multis
2697 3991 2710 4029 :
2739 3971 2951 4045 profani
2993 3972 3137 4028 enim
3171 3971 3226 4026 hi
3262 3971 3352 4043 qui
3394 3985 3505 4026 non

1927 4072 2055 4120 sunt
2102 4063 2424 4121 sanctificati
2475 4063 2750 4130 dicuntur,
2800 4071 2857 4118 et
2905 4062 3132 4133 multum
3174 4069 3344 4127 recte,
3378 4061 3504 4131 quia

1926 4170 1992 4210 ea
2043 4170 2164 4224 qua:
2215 4161 2343 4209 sunt
2393 4154 2690 4208 sacerdotis
2738 4169 2848 4208 non
2896 4161 3144 4222 egerunt.
3199 4149 3504 4218 Sequitur:

1997 4246 2104 4318 (Ex
2114 4246 2338 4317 eodem.)
2355 4245 2478 4299 Non
2499 4246 2682 4298 radent
2705 4253 2858 4316 caput
2882 4260 2972 4298 nec
2994 4243 3230 4306 barbam,
3260 4256 3424 4310 neque
3450 4241 3507 4294 in

1924 4337 2168 4392 carnibus
2195 4337 2306 4390 suis
2331 4335 2524 4404 facient
2577 4335 2854 4387 incisuras.
2891 4331 3044 4386 Vinci
3072 4347 3102 4385 a
3131 4329 3508 4386 sacerdotibus

237 4430 528 4504 legislator
553 4425 800 4496 exposuit
832 4443 845 4477 :
887 4422 954 4476 In
992 4420 1284 4483 animabus,
1329 4417 1520 4485 inquit,
1569 4431 1672 4469 non
1699 4430 1824 4468 con-

1932 4427 2092 4483 etiam
2130 4427 2406 4482 tristitiam
2445 4441 2564 4496 quae
2593 4425 2658 4480 de
2697 4431 2872 4479 morte
2914 4422 3054 4479 solet
3102 4420 3369 4486 accidere,
3415 4418 3503 4476 lex

236 4503 575 4578 taminentur
601 4521 736 4572 inter
772 4517 903 4571 cives
949 4529 1090 4577 suos,
1133 4512 1186 4565 in
1223 4509 1438 4579 quibus.
1468 4507 1522 4560 in
1552 4503 1825 4576 peccanti-

237 4631 344 4670 ous
374 4611 649 4675 videlicet,
689 4624 810 4679 quae
855 4604 1153 4676 pollutione
1205 4601 1562 4670 complentur,
1609 4605 1666 4652 et
1707 4596 1827 4651 aliis

238 4704 466 4776 quidem
491 4695 784 4754 secundum
807 4696 1066 4766 quosdam
1093 4691 1280 4747 modos
1306 4687 1618 4760 pollutionis
1647 4695 1828 4742 aucto-

236 4809 329 4851 res
361 4794 522 4857 ﬁunt,
558 4791 792 4844 maxime
818 4798 996 4842 tamen
1039 4783 1407 4839 sacerdotibus
1427 4789 1482 4836 et
1516 4779 1826 4836 doctoribus

221 4885 464 4956 quando
504 4897 597 4936 eos
641 4879 1013 4949 neglexerunt.
1071 4875 1435 4928 Verumtamen
1476 4873 1532 4925 in
1577 4871 1680 4934 his,
1725 4871 1824 4934 ait,

235 4993 348 5029 non
377 4973 762 5027 contaminetur
785 4969 842 5021 in
869 4966 1120 5020 mortibus
1154 4965 1342 5018 civium
1368 4979 1603 5026 suorum,
1638 4962 1688 5015 id
1715 4970 1822 5024 est,

234 5064 467 5136 quando
514 5061 648 5116 nihil
696 5058 897 5113 inventi
947 5056 1149 5110 fuerint
1192 5053 1332 5123 quod
1379 5053 1462 5108 eis
1503 5052 1828 5122 expediebat

233 5157 498 5212 omisisse
526 5171 540 5206 :
569 5152 661 5206 sed
693 5149 794 5220 ipsi
821 5149 1036 5218 quidem
1080 5146 1221 5215 quod
1250 5145 1317 5199 ad
1346 5159 1404 5198 se
1445 5143 1708 5214 pertinuit
1749 5141 1826 5197 fe-

232 5247 410 5309 cisse,
434 5253 490 5299 et
519 5242 618 5297 Dei
658 5241 829 5311 legem
869 5238 1214 5307 prmdicasse,
1258 5235 1332 5289 illi
1364 5244 1544 5290 autem
1576 5234 1824 5289 nolentes

232 5340 468 5395 obedire
495 5346 724 5390 mortem
761 5333 978 5387 sibimet
1004 5330 1374 5384 conduxerunt
1417 5327 1817 5382 inobedientia:

232 5447 350 5487 non
387 5445 518 5500 ergo
547 5430 602 5484 in
629 5428 716 5483 his
746 5427 800 5481 hi
837 5427 927 5496 qui
968 5431 1208 5494 praesunt
1245 5423 1579 5491 polluuntur,
1622 5423 1717 5477 sed
1765 5423 1820 5475 in

1926 4527 2075 4574 recte
2103 4517 2366 4588 praecipit,
2397 4525 2456 4571 ut
2481 4524 2607 4587 pote
2645 4515 2735 4585 qui
2771 4521 2828 4570 et
2856 4513 2955 4584 ipsi
2984 4526 3134 4582 spem
3159 4511 3283 4566 vitae
3307 4509 3505 4566 futura:

1925 4609 2128 4665 habent
2161 4617 2217 4663 et
2241 4607 2498 4678 populum
2541 4607 2756 4661 docent.
2787 4603 2893 4660 Sed
2935 4611 3089 4657 extra
3120 4602 3238 4658 haec
3266 4616 3374 4657 non
3411 4615 3504 4657 so-

1925 4701 2035 4754 lum
2077 4701 2132 4754 in
2156 4699 2389 4770 propriis
2424 4696 2662 4768 peccatis
2691 4695 2913 4765 vigilare
2939 4706 3050 4749 eos.
3084 4701 3136 4747 et
3167 4699 3378 4747 mentes
3401 4691 3500 4746 ha-

1925 4793 2055 4847 bere
2092 4805 2272 4852 sanas,
2305 4789 2398 4844 sed
2427 4788 2591 4843 etiam
2639 4787 2693 4840 in
2739 4785 2960 4849 alienis,
3006 4784 3061 4838 in
3091 4783 3178 4838 his
3200 4798 3320 4853 quae
3354 4797 3500 4839 nunc

1925 4883 2068 4937 dicta
2112 4890 2238 4937 sunt
2285 4879 2564 4934 evidenter
2615 4877 2891 4948 praecepit.
2949 4875 3229 4943 Quomodo
3275 4882 3498 4940 autem,

1926 4972 2074 5027 disce
2108 4987 2121 5022 :
2158 4977 2320 5039 caput
2343 4978 2397 5024 et
2430 4969 2596 5023 barba
2633 4966 2912 5037 sapientia
2943 4971 3028 5021 est
3055 4971 3110 5020 et
3151 4962 3501 5035 perfectionis

1926 5069 2124 5116 nostra:
2137 5060 2380 5130 signum;
2405 5067 2628 5128 propter
2645 5058 2789 5128 quod
2808 5065 2970 5127 caput
2997 5065 3239 5112 nostrum
3261 5053 3496 5126 appella-

1926 5160 2016 5206 tur
2043 5151 2310 5216 Christus,
2355 5151 2409 5204 in
2433 5164 2540 5219 quo
2570 5163 2763 5220 sapere
2803 5149 3061 5204 debemus
3089 5149 3322 5203 maxima
3351 5159 3496 5213 qna:-

1924 5260 2030 5314 que
2059 5251 2221 5311 atque
2247 5239 2485 5310 perfecta
2505 5280 2519 5304 ,
2565 5248 2704 5294 teste
2741 5239 2908 5294 Paulo
2928 5279 2943 5305 ,
2984 5239 3076 5309 qui
3111 5239 3240 5293 dicit
3269 5255 3281 5290 :
3313 5235 3490 5288 Donec

1923 5347 2261 5388 occurramus
2287 5345 2460 5384 omnes
2489 5329 2544 5381 in
2573 5329 2739 5382 virum
2761 5328 3075 5397 perfectum,
3116 5335 3166 5379 et
3194 5337 3491 5376 mensuram

1920 5423 2089 5476 artatis
2132 5418 2466 5489 plenitudinis
2494 5415 2689 5472 Christi
2729 5416 2941 5488 (Ephes.
2976 5415 3072 5486 tv).
3104 5413 3268 5467 Recte
3307 5418 3488 5465 autem

231 5525 532 5594 propinquo
567 5531 613 5575 et
649 5521 888 5591 proximo
930 5534 1057 5582 suo,
1096 5517 1150 5570 in
1191 5525 1338 5584 patre
1367 5523 1414 5568 et
1445 5515 1499 5567 in
1534 5522 1723 5578 matre,
1765 5515 1818 5566 in
1919 5521 1976 5570 et
2001 5514 2169 5568 barba
2203 5509 2468 5582 signiﬁcat
2501 5509 2891 5581 perfectionem
2934 5505 3244 5577 sapientiae,
3273 5504 3398 5573 quia
3429 5503 3486 5560 in

230 5593 370 5679 ﬁliis
395 5621 444 5665 et
472 5610 720 5678 ﬁliabus,
757 5609 814 5663 in
843 5608 1004 5679 fratre
1029 5617 1077 5662 et
1112 5620 1288 5660 sorore
1331 5603 1689 5675 rirginc,.qute
1715 5621 1818 5659 non
1919 5602 2005 5657 his
2050 5601 2142 5672 qui
2179 5601 2246 5655 ad
2268 5599 2564 5668 iuvenilem
2603 5605 2869 5654 venerunt
2912 5603 3145 5657 aetatem,
3191 5600 3247 5648 et
3294 5593 3494 5648 intelli-

231 5712 316 5756 εει
345 5713 506 5756 nupta
535 5702 660 5755 viro.

1916 5711 2040 5766 gere
2068 5694 2179 5765 jam
2204 5707 2323 5763 quae
2351 5699 2474 5748 sunt
2508 5690 2656 5746 utilia
2688 5689 2989 5745 valentibus
3028 5685 3195 5741 barba
3224 5685 3489 5744 nascitur.
