3918 6180
521 313 589 367 75
1156 298 1218 352 Β.
1260 295 1515 351 ΒΑΒΑΜ
1554 292 1774 351 MAURI
1814 287 2069 348 ARCHIE

2178 283 2487 340 MOGUNT.
2529 279 2816 338 OPERUM
2851 276 3034 336 PARS
3068 276 3112 332 1.

3589 280 3678 340 ne

476 425 747 496 Quoniam
781 434 913 490 ergo
947 427 1192 473 mortuos
1228 421 1543 485 peccatores
1587 425 1695 466 non
1734 409 1906 466 solum
1955 407 2063 462 Do—
2087 401 2137 464 Δ
2165 399 2248 496 ιι).
2287 399 2510 496 Insuper
2552 406 2607 453 et
2634 395 2804 496 David
2832 393 3096 496 praedicat
3120 392 3521 496 profanationem
3555 394 3675 496 ejus;

476 520 677 578 minus.
709 515 804 570 sed
842 520 897 567 et
920 511 1119 566 Paulus
1158 506 1427 578 appellat,
1471 519 1597 559 cum
1625 503 1795 557 dicit:
1827 498 1895 554 Et
1938 515 2056 553 cum

476 626 706 666 essemus
747 605 941 660 mortui
974 601 1198 674 peccatis
1223 599 1432 664 nostris,
1460 595 1840 665 convivi/ienuit
1884 608 1977 646 nos
2003 591 2058 644 in

478 700 708 756 Christo.
776 696 801 770 ('
835 696 1027 767 Ephes.
1110 690 1221 764 ιι).
1278 689 1392 745 Νοιι
1464 693 1683 758 oportet
1741 684 2059 741 sacerdotes

479 790 715 846 maxime
742 794 905 856 caput
933 794 1026 840 aut
1062 784 1286 839 barbam
1319 780 1433 835 radi
1472 794 1634 848 super
1675 783 1970 837 mortuum,
2003 772 2058 827 id

478 887 582 945 est,
614 894 774 950 super
810 885 1168 948 peccatorum.
1222 873 1408 942 Neque
1436 871 1578 926 enim
1611 875 1826 938 oportet
1853 865 2058 936 cogita-

479 971 690 1035 tiones,
743 983 864 1038 quae
907 968 1047 1022 sicut
1084 964 1260 1035 capilli
1299 971 1524 1018 ornatus
1560 967 1685 1015 sunt
1732 957 1947 1028 capitis,
2003 963 2062 1010 et

480 1063 612 1133 ipsa:
641 1069 864 1115 ornatus
895 1067 1018 1114 sunt
1051 1068 1252 1112 nostra
1291 1053 1588 1124 sapientia,
1626 1049 1842 1121 quando
1871 1056 2057 1102 tamen

478 1159 607 1208 sunt
626 1151 891 1206 ordinatae
918 1158 1080 1218 atque
1108 1147 1325 1210 sobriae,
1349 1144 1688 1200 sacerdotem
1709 1153 2062 1209 corrumpere

480 1243 588 1299 alio
623 1251 906 1314 peccante,
963 1241 1057 1296 sed
1093 1253 1422 1295 conservare
1473 1235 1738 1305 integros,
1789 1239 1849 1288 ut
1891 1233 2063 1302 possit

478 1335 779 1400 exhortari,
807 1335 1118 1396 obsecrare,
1151 1344 1398 1400 arguere,
1427 1329 1727 1395 increpare,
1761 1325 2058 1380 secundum

480 1428 623 1496 quod
674 1425 872 1479 Paulus
915 1423 981 1477 ad
1032 1420 1373 1482 Timotheum
1426 1417 1647 1487 scripsit
1678 1415 1929 1484 :Argue,
1978 1415 2064 1466 in-

479 1534 656 1586 crepa,
688 1515 920 1580 obsecra,
953 1515 1006 1567 in
1032 1514 1171 1566 omni
1201 1512 1452 1582 patientia
1474 1520 1520 1563 et
1545 1508 1786 1564 doctrina
1810 1505 1897 1578 (II
1923 1503 2060 1558 Tim.

477 1606 578 1675 sv).
621 1607 900 1673 Quomodo
944 1613 1123 1659 autem
1167 1604 1272 1658 hoc
1315 1601 1428 1666 ﬁat,
1473 1600 1739 1656 subdidit:
1771 1597 1849 1652 Tu
1890 1607 2064 1651 autem

479 1696 658 1768 vigila,
691 1699 745 1750 in
768 1695 1004 1750 omnibus
1025 1694 1227 1758 labora,
1247 1710 1374 1763 opus
1400 1692 1484 1761 fac
1503 1687 2053 1761 evangelistw(lbid.).

481 1889 613 1946 tem,
646 1896 753 1936 non
774 1880 959 1951 vigilat
983 1898 996 1934 :
1025 1879 1117 1949 qui
1144 1887 1325 1932 autem
1355 1891 1459 1930 non
1483 1874 1692 1945 vigilat,
1733 1874 2057 1928 radere‘ca-

479 1979 578 2041 put
629 1980 683 2025 et
732 1970 958 2026 barbam
1019 1969 1312 2024 secundum
1371 1968 1626 2022 virtutem
1681 1965 2062 2042 prmdiclorum

481 2072 628 2119 recte
669 2063 888 2117 dicitur.
935 2061 1040 2116 Sed
1073 2075 1248 2130 neque
1276 2059 1457 2114 facere
1484 2059 1536 2112 in
1563 2071 1727 2113 carne
1758 2071 1852 2112 sua
1884 2055 2067 2111 conci-

479 2157 662 2210 siones
694 2169 857 2224 super
885 2161 1100 2208 mortuo
1137 2151 1474 2206 sacerdotem
1505 2151 1679 2213 decet,
1712 2148 1766 2202 id
1804 2155 1910 2212 est,
1952 2161 2063 2200 non

481 2243 835 2299 scandalizari
881 2243 934 2297 in
982 2250 1290 2314 peccatore,
1343 2256 1445 2296 nec
1490 2239 1764 2295 offendere
1802 2245 2066 2308 peccante

481 2334 682 2404 aliquo,
731 2349 906 2404 neque
949 2333 1220 2388 carnalem
1258 2348 1324 2387 ex
1355 2333 1459 2387 hoc
1490 2347 1706 2387 sumere
1745 2329 2068 2401 sapientiam

481 2424 549 2478 ad
598 2424 964 2478 incitationem
1009 2423 1202 2478 similis
1252 2422 1584 2491 iniquitatis;
1633 2422 1868 2476 incisura
1919 2420 2067 2474 enim

481 2512 746 2584 sapientia
780 2514 961 2568 carnis
988 2522 1093 2577 est,
1125 2513 1268 2583 quod
1293 2513 1360 2567 de
1389 2511 1607 2578 Judaeis,
1645 2513 1736 2582 qui
1770 2512 2070 2566 carnaliter

481 2603 672 2658 vivunt
697 2611 750 2657 et
777 2603 994 2672 sapiunt
1029 2609 1264 2668 terrena,
1304 2602 1381 2657 ait
1409 2602 1609 2656 Paulus
1638 2643 1650 2655 .
1690 2600 1869 2656 Videte
1891 2617 2068 2668 canes,

481 2695 649 2752 uidete
677 2695 842 2750 malos
865 2696 1151 2765 operarios,
1183 2695 1348 2750 videte
1377 2697 1744 2749 concisionem.

556 2787 743 2842 Sancti
769 2793 920 2840 erunt
953 2785 1062 2840 Deo
1088 2803 1204 2851 suo,
1247 2796 1296 2840 et
1324 2803 1426 2840 non
1466 2786 1695 2858 polluent
1723 2803 1906 2841 nomen
1931 2786 2068 2857 ejus,

483 2877 751 2930 incensum
795 2878 932 2930 enim
965 2876 1176 2931 Domini
1202 2886 1249 2930 et
1292 2895 1454 2948 panes
1498 2877 1593 2932 Dei
1629 2879 1710 2932 sui
1747 2879 1997 2948 offerunt,
2020 2886 2070 2932 et

481 2967 599 3021 ideo
629 2967 796 3020 sancti
820 2975 992 3020 erunt.
1029 2966 1307 3034 Quomodo
1335 2968 1582 3038 polluunt
1627 2969 1939 3024 sacerdotes
1965 2984 2069 3024 n0-

484 3073 607 3112 men
653 3057 770 3123 Dei,
816 3055 1104 3112 Malachias
1137 3059 1398 3128 propheta
1433 3061 1683 3128 exposuit
1711 3077 1724 3112 :
1767 3057 1868 3113 Vos
1896 3075 2071 3116 sacer-

483 3149 650 3213 dotes,
693 3148 781 3217 qui
811 3149 1041 3216 polluitis
1070 3165 1256 3202 nomen
1291 3167 1485 3214 meum,
1523 3160 1571 3202 et
1597 3150 1808 3204 dixistis
1830 3167 1848 3204 :
1877 3149 1944 3203 In
1968 3166 2070 3220 quo

483 3237 768 3310 polluimus
792 3238 880 3292 te?
918 3237 1133 3308 Offertis
1158 3256 1314 3309 super
1341 3239 1510 3293 altare
1547 3257 1720 3292 meum
1744 3257 1932 3310 panem
1957 3238 2072 3309 pol-

487 3327 953 3402 lutunt(Malach.
984 3330 1074 3401 1);
1101 3339 1157 3384 et
1186 3331 1269 3384 his
1306 3328 1503 3385 similia
1553 3331 1756 3384 addens
1795 3331 2069 3386 subdidit:

486 3419 552 3476 Si
599 3421 833 3490 o/I‘eratis
880 3437 1075 3475 crucum
1114 3421 1183 3474 ad
1225 3419 1628 3484 immolandum,
1674 3437 1842 3475 nonne
1876 3421 2072 3476 malum

483 3522 561 3568 est
577 3530 596 3578 ;
624 3523 670 3567 et
698 3515 742 3568 si
774 3515 1008 3584 o/feratis
1043 3513 1289 3567 claudum
1313 3523 1360 3568 et
1393 3512 1722 3584 languidum,
1760 3531 1931 3568 nonne
1958 3531 2074 3568 ma-

486 3605 597 3660 lum
651 3605 772 3659 est?
811 3604 1030 3677 (Ibid)
1079 3605 1146 3659 Et
1195 3621 1429 3660 rursus:
1468 3603 1720 3673 Magnum
1768 3613 1844 3658 est
1890 3620 2077 3658 nomen

486 3713 659 3750 meum
689 3697 741 3748 in
762 3696 1022 3766 gentibus,
1047 3695 1172 3749 dicit
1195 3695 1471 3750 Dominus.
1492 3693 1589 3750 Vos
1615 3705 1790 3750 autem
1814 3693 2074 3764 polluisti;

486 3787 640 3851 illud,
674 3789 728 3841 in
763 3804 822 3840 eo
863 3788 1000 3858 quod
1031 3787 1206 3842 dicitis
1237 3802 1255 3840 .'
1290 3787 1472 3842 Mensa
1515 3787 1728 3841 Domini
1767 3787 1971 3841 deserta
2001 3797 2076 3842 est

491 3877 713 3948 (Ibid.).
749 3878 889 3948 Ergo
925 3879 978 3932 in
1024 3887 1246 3947 peccato
1298 3879 1710 3944 sacrificiorum,
1756 3894 1952 3934 nomen
1981 3879 2077 3933 Dei

490 3967 734 4038 polluunt
756 3970 1081 4022 sacerdotes.
1115 3967 1374 4037 Sequitur
1407 3983 1570 4037 porro
1601 3987 1614 4022 :

563 4056 803 4112 Scortum
848 4068 896 4113 et
945 4058 1046 4112 vile
1092 4059 1435 4128 prostibulum
1488 4076 1590 4113 non
1633 4058 1784 4112 ducet
1836 4075 2076 4126 uxorem,

488 4167 586 4208 nec
613 4167 751 4216 eam,
773 4167 890 4223 qure
921 4150 1196 4222 repudiata
1241 4160 1314 4204 est
1343 4168 1373 4204 a
1403 4149 1615 4212 marito,
1651 4150 1775 4219 quia
1807 4165 2079 4210 consecra-

490 4253 574 4296 tus
615 4251 688 4296 est
729 4241 838 4296 Deo
877 4257 996 4305 suo,
1036 4249 1084 4294 et
1133 4257 1290 4310 panes
1329 4240 1695 4312 propositionis
1737 4239 1939 4308 oﬂ‘eret.
1993 4237 2077 4292 Sit

485 4350 611 4404 ergo
650 4345 882 4400 sanctus,
914 4336 1038 4404 quia
1075 4344 1121 4386 et
1157 4350 1248 4404 ego
1291 4345 1502 4388 sanctus
1540 4349 1655 4386 sum
1692 4331 1950 4386 Dominus
1987 4332 2076 4401 qui

489 4425 759 4494 sancti/ica
799 4443 907 4480 vos.
943 4424 961 4496 (
987 4424 1069 4478 Ea:
1097 4423 1404 4496 Hesychio.)
1445 4422 1504 4478 Si
1533 4439 1664 4494 ergo
1693 4439 1721 4477 a
1748 4422 1861 4476 Deo
1891 4423 2072 4477 datam
2098 4446 2153 4507 Ι)

492 4513 650 4570 nobis
685 4513 1170 4570 sanctiﬁcationem
1200 4529 1298 4568 nos
1331 4513 1642 4567 sacerdotes
1684 4513 2071 4577 custodiamus,

492 4603 898 4660 sanetilicamus
925 4619 1022 4675 per
1045 4612 1287 4658 nostram
1324 4603 1805 4659 sanctiﬁcationem
1833 4619 1954 4659 eum
1982 4605 2075 4673 qui

495 4706 714 4752 sanctus
744 4699 1037 4754 secundum
1068 4705 1318 4752 naturam
1347 4705 1448 4752 est.
1490 4697 1558 4750 Et
1599 4696 1703 4768 [In]
1751 4697 1907 4751 nobis
1937 4697 2074 4751 dun-

495 4799 671 4857 taxat,
716 4795 806 4862 qui
842 4796 895 4848 in
929 4792 1298 4849 conlormibus
1331 4800 1386 4846 et
1418 4791 1773 4861 participibus
1814 4789 1930 4860 ejus
1958 4791 2078 4862 glo-

500 4883 596 4939 ria:
618 4882 786 4937 voluit
811 4882 1159 4946 sanctificari,
1187 4883 1292 4936 hac
1312 4881 1790 4936 transformatione
1813 4897 1944 4936 usus
1969 4890 2076 4946 est,

501 4973 656 5045 quasi
702 4972 928 5044 ﬁgurate
966 4979 1020 5026 ct
1049 4973 1224 5043 typice
1273 4972 1932 5041 loquens;verumtamen
1984 4987 2079 5027 eos

496 5064 593 5134 qui
647 5063 1055 5120 sanctiﬁcantur
1095 5063 1163 5119 ab
1192 5079 1276 5128 eo,
1310 5075 1548 5118 scortum
1580 5071 1635 5119 et
1679 5063 1783 5117 vile
1811 5064 2080 5132 prostibu-

498 5156 611 5213 lum
651 5154 848 5210 ducere
876 5170 982 5208 non
1006 5154 1120 5207 vult
1152 5172 1164 5208 :
1200 5162 1383 5228 aperte
1413 5163 1600 5208 contra
1629 5153 1937 5208 Judreorum
1978 5153 2080 5224 Sy-

499 5260 763 5316 nagogam
812 5244 1116 5309 intendens,
1167 5260 1287 5315 qua:
1329 5245 1450 5313 quia
1495 5248 1749 5299 meretrix
1799 5253 1902 5309 est,
1952 5245 2075 5298 audi

499 5335 789 5392 Dominum
817 5335 870 5388 iu
899 5335 1034 5390 Isaia
1060 5335 1327 5389 dicentem
1357 5352 1370 5388 :
1405 5334 1676 5400 Quomodo
1707 5335 1848 5404 facta
1875 5345 1949 5389 est
1979 5352 2080 5388 me-

499 5427 665 5481 retrix
693 5426 872 5480 civitas
901 5425 1071 5495 ﬁdelis
1102 5423 1228 5479 Sion
1247 5466 1260 5489 ,
1293 5424 1444 5494 plena
1464 5425 1657 5494 judicii
1680 5426 1705 5478 ?
1727 5425 1944 5479 Iustitia
1985 5425 2082 5478 Ita-

502 5516 680 5572 bitavit
709 5519 762 5571 in
790 5533 873 5580 ea,
906 5533 1043 5570 nunc
1072 5526 1242 5570 autem
1272 5515 1531 5569 homicida
1568 5514 1720 5585 (.Isa.
1761 5531 1776 5569 ι
1805 5515 1843 5585 ).
1889 5515 1995 5570 Sed
2027 5523 2082 5568 et

503 5607 558 5665 in
599 5607 735 5661 Osca
772 5626 784 5661 :
820 5608 888 5661 Et
935 5608 1173 5678 auferam
1217 5607 1613 5677 fornicationem
1666 5606 1780 5674 ejus
1824 5607 1877 5660 in
1909 5606 2080 5660 medio

508 5695 644 5766 ejus,
670 5708 718 5749 ct
745 5700 1058 5752 aaultcrium
1091 5697 1203 5769 ejus
1241 5695 1304 5751 dc
1343 5697 1511 5751 medio
1541 5697 1756 5751 uberum
1789 5696 2076 5767 ejus'(03c.

480 1747 622 1859 Erigo
655 1790 907 1844 sacerdos
932 1788 1022 1858 qui
1057 1801 1162 1840 non
1191 1747 1515 1840 exhortatur
1541 1791 1597 1836 et
1623 1781 1802 1853 arguit
1831 1794 2058 1850 peccan-

2159 492 2236 547 ait
2260 491 2403 545 enim
2435 490 2545 544 Deo
2583 507 2596 542 :
2631 486 2938 557 Profanasti
2975 486 3031 539 in
3069 493 3207 538 terra
3229 485 3533 540 sanctitatem
3564 487 3676 558 ejus,

2157 581 2460 635 destruxisti
2503 595 2681 633 omnes
2729 576 2979 631 materias
3023 575 3140 646 ejus
3184 572 3377 644 (Psal.
3417 576 3678 650 tum“).

2161 670 2536 728 Sanctiﬁcatio
2563 678 2744 730 autem
2770 666 3078 722 Iudaeorum
3110 664 3382 739 Synagoga
3403 681 3568 722 eorum
3588 679 3679 726 erat

2157 763 2344 832 procul
2375 762 2557 817 dubio.
2575 760 2632 814 In
2664 760 2778 830 ipsa
2804 759 2948 813 enim
2973 765 3094 813 erat
3123 765 3178 811 et
3203 756 3511 812 sacriﬁcium
3537 758 3681 816 taber-

2159 851 2377 917 naculi,
2428 851 2482 904 in
2533 864 2640 919 qua
2689 863 2879 903 eorum
2921 847 3428 903 consummabautur
3467 847 3682 918 legitima.

2157 943 2276 1013 Ipsa
2302 950 2387 998 est
2413 949 2468 996 et
2498 939 2780 1010 repudiata
2807 954 2836 993 a
2861 939 2972 994 Deo
2999 946 3251 1008 tanquam
3279 953 3309 992 a
3334 937 3444 992 viro
3482 953 3586 1003 suo,
3613 941 3683 1008 qui

2160 1036 2210 1092 ei
2236 1049 2334 1105 per
2363 1033 2680 1089 electionem
2709 1031 2794 1086 vir
2830 1029 3004 1087 factus
3044 1029 3238 1094 fuerat,
3269 1029 3363 1084 sed
3395 1029 3510 1098 quia
3537 1040 3686 1100 postea

2159 1141 2280 1182 eam
2307 1123 2628 1195 culpabilem
2669 1122 2890 1192 reperit,
2931 1129 3221 1196 propterea
3252 1120 3552 1191 repudiavit.
3581 1120 3688 1188 Quia

2161 1229 2342 1276 autem
2370 1217 2592 1272 omnino
2635 1213 2812 1284 ejecta
2835 1223 2943 1280 cst,
2988 1229 3182 1270 vocem
3222 1212 3344 1268 audi
3373 1228 3521 1282 quam
3557 1211 3688 1266 Oseas

2161 1312 2419 1383 protulit:
2453 1310 2700 1364 Judicate
2744 1316 2964 1361 matrem
3012 1314 3272 1370 vestram,
3311 1302 3548 1374 judicate,
3593 1303 3688 1372 quia

2161 1404 2275 1474 ipsa
2325 1419 2428 1456 non
2475 1417 2613 1454 uxor
2654 1415 2792 1463 mea,
2833 1407 2882 1450 et
2926 1413 3018 1466 ego
3049 1411 3153 1450 non
3197 1396 3276 1448 vir
3317 1394 3428 1464 ejus
3457 1390 3590 1463 (Ose.
3617 1390 3689 1462 ιι).

2162 1493 2301 1548 Audi
2350 1500 2532 1546 autem
2561 1498 2617 1546 et
2651 1505 2812 1560 quam
2853 1486 3020 1559 Isaias
3053 1486 3315 1556 propheta
3352 1484 3592 1538 tradidit:
3619 1481 3690 1538 Sit

2163 1583 2287 1636 dicit
2309 1581 2564 1635 Dominus
2590 1593 2608 1631 :
2639 1578 2768 1645 Quis
2790 1587 2863 1632 est
2888 1577 2972 1631 hic
2997 1574 3203 1630 libellus
3230 1574 3427 1644 repudii
3446 1573 3608 1626 matris
3625 1587 3693 1626 re-

2163 1682 2288 1728 stra:
2310 1688 2412 1743 quo
2427 1671 2602 1726 dimisi
2624 1670 2769 1725 eam?
2782 1668 2833 1741 (I
2837 1685 2916 1723 sa.
2933 1667 3012 1740 ι..)
3039 1667 3140 1723 Ubi
3170 1675 3348 1722 autem
3363 1673 3443 1721 est
3457 1663 3690 1733 repudium

2161 1773 2219 1820 et
2240 1763 2448 1828 missio,
2471 1761 2817 1818 manifestum
2839 1769 2924 1816 est
2949 1760 3076 1829 quia
3099 1775 3237 1813 uxor
3258 1766 3390 1824 erat,
3413 1757 3474 1811 de
3493 1771 3583 1826 qua
3603 1754 3693 1808 lucc

2165 1856 2394 1913 dicebat.
2426 1854 2542 1910 Non
2566 1853 2681 1908 vult
2707 1868 2838 1924 ergo
2863 1866 2986 1907 eam
3016 1865 3246 1908 uxorem
3288 1848 3598 1904 sacerdotem
3621 1844 3695 1897 du-

2165 1961 2311 2014 cere,
2351 1955 2412 2001 ut
2455 1961 2562 2002 non
2607 1945 2787 2015 aliqua
2818 1959 3007 2001 eorum
3037 1959 3159 2013 quae
3203 1941 3278 1997 ad
3323 1955 3438 2016 eam
3473 1938 3695 2009 pertinent

2165 2036 2528 2108 legitimorum
2557 2035 2833 2106 przedicet,
2865 2049 2968 2089 nec
2994 2043 3180 2088 utatur
3207 2033 3294 2087 eis
3318 2031 3504 2100 quibus
3536 2027 3610 2082 illa
3631 2041 3696 2080 se-

2166 2131 2406 2186 cundum
2447 2128 2684 2185 litteram
2719 2127 3005 2191 utebatur;
3037 2124 3089 2179 id
3117 2132 3221 2188 est,
3261 2131 3321 2178 ut
3344 2135 3506 2192 neque
3531 2115 3698 2173 sacriﬁ-

2163 2218 2253 2274 cia
2301 2216 2704 2273 irrationaiium
2757 2224 2814 2272 et
2867 2214 3284 2285 puriﬁcationes
3342 2209 3620 2274 sensibiles,
3657 2206 3698 2260 hi

2169 2310 2365 2380 quibus
2391 2307 2746 2379 intelligibilia
2776 2308 2982 2362 credita
3013 2314 3161 2370 sunt,
3196 2312 3383 2376 agant.

2239 2399 2546 2456 Sacerdotis
2578 2399 2694 2469 ﬁlia
2733 2400 2780 2453 si
2807 2397 3129 2469 deprehensa
3175 2396 3342 2466 fuerit
3370 2395 3422 2448 in
3458 2403 3631 2463 stupro,
3664 2396 3702 2442 et

2168 2471 2440 2548 violaneiit
2472 2508 2660 2547 nomen
2681 2492 2848 2561 patris
2871 2489 2973 2555 sui,
3013 2489 3252 2559 ﬂammis
3285 2495 3534 2542 exuretur.
3563 2481 3702 2567 Grave

2169 2591 2254 2640 est
2299 2583 2518 2653 quidem
2560 2583 2724 2638 etiam
2769 2579 3057 2649 cujuslibet
3101 2579 3206 2634 viri
3269 2577 3512 2632 fornicari
3555 2573 3700 2633 ﬁliam,

2171 2674 2408 2732 maxime
2430 2681 2613 2728 tamen
2642 2670 2964 2735 sacerdotis,
2981 2667 3106 2738 quia
3132 2668 3437 2723 secundum
3457 2663 3583 2736 quod
3602 2661 3706 2715 dixit

2170 2763 2370 2820 Paulus
2402 2782 2415 2818 :
2449 2762 2666 2834 Oportet
2703 2761 3024 2816 sacerdotem
3071 2758 3214 2828 ﬁlios
3273 2757 3455 2812 habere
3495 2752 3704 2812 subditos,

2171 2874 2291 2912 cum
2328 2859 2470 2912 omni
2519 2857 2777 2912 castitate.
2821 2855 2899 2912 lta
2937 2861 2998 2909 ut
3032 2868 3141 2908 non
3170 2852 3392 2908 dicatur
3429 2849 3492 2903 de
3515 2861 3572 2902 eo
3596 2839 3706 2914 quod

2172 2949 2419 3018 sequitur
2451 2966 2464 3001 :
2505 2947 2566 3004 Si
2592 2947 2709 3018 quis
2748 2955 2924 3001 autem
2963 2960 3076 3000 sum
3101 2943 3294 2997 domui
3332 2955 3538 3012 prceesse
3563 2933 3704 2995 nescit,

2174 3040 2434 3111 quomodo
2465 3038 2715 3093 Ecclesia:
2747 3037 2843 3091 Dei
2870 3051 3054 3092 curam
3075 3033 3332 3089 habebit?
3357 3031 3620 3100 Propterea
3638 3023 3709 3079 lu-

2175 3130 2416 3184 daeorum
2444 3127 2728 3198 Synagoga
2768 3141 2877 3184 non
2901 3125 3076 3182 solum
3103 3138 3274 3191 uxor,
3305 3122 3398 3179 sed
3421 3128 3473 3176 et
3510 3119 3604 3176 ﬁlia
3631 3115 3704 3170 Dei

2176 3219 2442 3290 appellata
2467 3219 2521 3272 in
2544 3218 2824 3288 prophetis
2851 3215 3144 3271 invenitur.
3173 3212 3292 3268 Sed
3324 3220 3592 3281 utrumque
3621 3206 3710 3276 ipsa

2176 3314 2500 3383 depravans,
2551 3313 2768 3382 indigna
2820 3309 2976 3366 donis
3032 3309 3316 3378 apparuit,
3373 3314 3426 3360 et
3477 3307 3712 3376 propterea

2174 3403 2353 3457 aliena
2378 3401 2520 3456 facta
2547 3411 2650 3465 est,
2689 3402 2762 3456 ita
2789 3408 2851 3455 ut
2877 3399 3022 3454 Deus
3044 3396 3366 3467 per'lsaiam
3400 3395 3584 3451 diceret
3607 3407 3618 3441 :
3638 3385 3712 3440 lle-

2175 3493 2440 3564 linquetur
2467 3493 2580 3561 ﬁlia
2613 3491 2745 3548 Sion
2788 3488 3346 3547 sicutiumbraculum
3387 3488 3440 3541 in
3480 3485 3642 3539 uinea:
3679 3484 3715 3530 el

2175 3587 2311 3640 sicut
2361 3585 2630 3656 tugurium
2671 3584 2728 3637 in
2768 3581 3150 3647 cucumerario,
3193 3591 3250 3634 es
3293 3583 3422 3634 sicut
3451 3576 3610 3631 civitas
3625 3583 3715 3642 qua

2178 3674 2414 3730 vastatur
2457 3674 2590 3745 (Isa.
2640 3671 2704 3743 ι).
2755 3672 2877 3743 Ipsa
2905 3670 3187 3741 profanata
3238 3679 3300 3726 et
3328 3667 3606 3724 adulterata
3635 3664 3715 3713 est.

2180 3766 2257 3820 De
2296 3767 2399 3821 hac
2426 3764 2667 3819 invenies
2711 3762 2881 3817 Deum
2921 3777 3018 3831 per
3047 3760 3394 3830 prophetiam
3423 3759 3472 3812 in
3499 3754 3619 3812 Osca
3657 3747 3718 3802 di-

2177 3867 2389 3914 centem
2422 3875 2436 3910 :
2477 3854 2633 3910 Filiis
2672 3854 2787 3924 ejus
2820 3870 2924 3907 non
2951 3852 3265 3917 miserebor,
3311 3850 3435 3922 quia
3469 3847 3561 3916 ﬁlii
3595 3838 3722 3912 forni-

2179 3947 2401 4001 cationis
2476 3954 2596 3999 sunt
2628 3985 2644 4011 ,
2705 3943 2830 4015 quia
2882 3942 3144 4012 fornicata
3191 3950 3275 3994 est
3355 3947 3515 3992 mater
3574 3941 3717 3986 eorum

2181 4035 2328 4107 (οτι.
2362 4035 2445 4109 ιι).
2475 4035 2613 4091 Nam
2657 4043 2713 4091 et
2743 4035 2864 4106 igne
2891 4041 3083 4088 exusta
3118 4040 3225 4096 est,
3283 4031 3426 4103 quod
3456 4023 3721 4084 manifestat

2183 4129 2447 4199 templum
2476 4138 2532 4184 et
2559 4129 2754 4184 civitas
2791 4129 2906 4184 hac
2941 4126 3286 4182 Hierusalem
3317 4127 3552 4194 antiqua,
3579 4117 3719 4172 adhuc

2179 4220 2471 4278 ostendens
2499 4221 2735 4275 incendii
2767 4219 3041 4289 reliquias.
3065 4217 3210 4288 Ergo
3236 4233 3371 4274 vera
3399 4225 3453 4271 et
3477 4207 3724 4276 irrelraga'

2180 4311 2305 4367 bilis
2337 4319 2421 4367 est
2464 4311 2726 4381 spiritalis
2753 4310 2886 4380 legis
2936 4307 3348 4377 contemplatio.
3394 4305 3568 4374 Neque
3605 4297 3720 4354 enim

2182 4405 2355 4460 solum
2383 4418 2642 4458 succensa
2679 4412 2785 4469 est,
2832 4400 2927 4459 sed
2971 4401 3274 4458 secundum
3323 4397 3468 4471 quod
3511 4395 3582 4451 ait
3623 4389 3721 4446 lex:

2179 4495 2417 4565 funditus
2445 4503 2630 4549 ea'usta
2655 4503 2752 4548 est.

2622 4570 2626 4578 '
2761 4583 2989 4640 CAPUT
3027 4582 3164 4638 xw.
3731 4636 3742 4647 ,

2179 4678 2256 4733 De
2293 4678 2572 4734 eminentia
2611 4673 2872 4747 pontiﬁcis
2912 4691 2976 4728 ne
3009 4672 3299 4743 polluatur,
3341 4680 3390 4725 et
3426 4679 3479 4723 ut
3513 4664 3724 4735 virginem

2677 4746 2836 4798 ducat
2883 4760 3119 4810 uxorem,
3157 4751 3262 4797 etc.

2251 4863 2453 4936 (Imm).
2488 4861 2762 4932 Pontifex,
2811 4861 2866 4914 id
2895 4869 2990 4925 est,
3031 4858 3276 4914 sacerdos
3320 4856 3577 4911 maximus
3621 4849 3728 4936 inter

2181 4934 2369 5025 fratres
2395 4969 2542 5018 suos,
2587 4968 2744 5022 super
2780 4951 2932 5021 cujus
2961 4959 3114 5020 caput
3159 4948 3339 5017 fusum
3383 4956 3458 5000 est
3502 4934 3727 4996 unctionis

2179 5049 2369 5113 oleum,
2409 5056 2458 5100 et
2481 5046 2636 5116 cujus
2661 5061 2852 5100 manus
2877 5045 2932 5097 in
2959 5042 3250 5097 sacerdotio
3275 5046 3590 5094 consecrata:
3611 5035 3726 5085 sunt.

2177 5141 2487 5208 vestitusque
2524 5147 2598 5194 est
2633 5136 2828 5191 sanctis
2867 5134 3104 5199 uestibus,
3135 5141 3290 5204 caput
3327 5145 3483 5183 suum
3522 5139 3617 5178 non
3637 5117 3726 5171 ἀίεσ

2179 5230 2453 5301 cooperiet,
2476 5230 2775 5284 uestimenta
2802 5243 2899 5281 sua
2927 5243 3031 5280 non
3067 5225 3264 5279 scindet
3292 5263 3308 5287 ,
3364 5232 3412 5275 et
3450 5219 3517 5274 ad
3558 5222 3728 5268 omnem

2177 5333 2448 5378 mortuum
2478 5339 2580 5376 non
2607 5320 2928 5391 ingredietur
2971 5318 3184 5371 omnino
3208 5333 3227 5370 :
3265 5329 3427 5383 super
3471 5319 3610 5380 patre
3631 5314 3731 5373 quo-

2179 5435 2278 5490 que
2312 5433 2407 5472 suo
2435 5425 2529 5469 aut
2549 5425 2717 5468 matre
2745 5429 2848 5468 non
2885 5408 3348 5466 contaminabitur.
3396 5403 3509 5458 Nec
3536 5392 3736 5492 egredie-

2181 5521 2271 5565 tur
2297 5513 2362 5564 de
2399 5509 2613 5571 sanctis,
2645 5524 2706 5560 ne
2744 5504 2944 5577 polluat
2983 5501 3348 5557 sanctuarium
3375 5490 3601 5554 Domini,
3629 5490 3734 5555 quia

2183 5606 2351 5660 oleum
2392 5613 2588 5659 sanch
2630 5601 2892 5656 unctionis
2923 5598 3019 5653 Dei
3045 5596 3129 5651 sui
3169 5607 3329 5664 super
3373 5605 3494 5644 eum
3529 5588 3735 5643 est:e90

2187 5696 2461 5751 Dominus.
2490 5693 2597 5767 (Ex
2633 5687 2968 5763 Augustino.)
3000 5685 3325 5757 lntelligitur
3354 5696 3418 5735 ea
3459 5689 3576 5746 qua:
3597 5677 3736 5737 still”
