3918 6180
265 313 374 368 ιΤἸ

1157 307 1658 366 EXPOSITIONES
1695 308 1763 363 IN
1805 307 2200 365 LEVITICUM.
2241 339 2308 348 -—
2347 308 2475 364 LIB.
2519 310 2604 364 Vl.
3415 317 3518 380 £73

258 426 397 482 dixit
426 423 482 479 in
507 422 653 478 luctu
680 421 858 478 facere
897 436 1022 476 eum
1064 422 1420 492 prohibitum,
1453 421 1504 476 id
1531 431 1633 484 est,
1675 429 1837 488 caput
1863 433 1912 493 Α
1938 420 2112 491 gratia
2141 419 2234 476 Dei
2250 436 2354 476 non
2375 423 2694 492 aegrotabat.
2723 421 2974 492 Nunquid
3003 426 3082 480 sic
3107 428 3268 482 etiam
3294 429 3359 484 de
3383 429 3521 485 ﬁlio-

254 514 466 574 nudare
499 511 709 583 cydari,
739 519 794 566 et
829 511 1154 566 vestimenta
1189 510 1457 566 scindere.
1505 509 1841 564 Vestimenta

251 605 404 660 enim
437 603 685 658 scindere
717 601 1024 670 lugentibus
1059 608 1180 656 erat
1208 602 1571 671 antiquorum,
1605 601 1746 656 sicut
1774 599 1841 655 de

250 695 360 752 Job
388 695 649 764 scriptum
682 701 787 757 est,
816 708 939 748 cum
971 693 1020 746 ei
1049 692 1145 748 ﬁlii
1175 691 1292 762 ejus
1328 693 1483 748 ruina
1530 693 1842 750 nuntiaren-

253 800 350 840 tur
361 785 606 857 Oppressi
623 784 765 856 (Job.
794 783 856 854 ι).
874 783 1088 839 Nudare
1109 792 1290 839 autem
1305 792 1467 856 caput
1487 783 1695 854 cydari,
1715 797 1840 852 pro-

250 886 443 948 pterea
474 876 709 945 lugentis
733 891 852 932 esse
878 876 1073 946 potuit,
1113 876 1239 945 quia
1272 875 1538 930 detractio
1564 884 1647 930 est
1682 889 1840 928 orna-

250 969 450 1024 menti.
479 967 631 1035 Quod
654 983 783 1022 vero
823 968 920 1033 ait,
961 968 1258 1023 secundum
1298 966 1652 1038 Septuaginta
1680 1005 1696 1030 ,
1741 964 1842 1020 Su-

248 1077 346 1131 per
366 1075 570 1114 omnem
601 1058 835 1122 animam
863 1067 1126 1112 mortuam
1157 1075 1261 1112 non
1284 1057 1539 1123 introibit,
1568 1057 1839 1127 quomodo

248 1149 403 1203 dicat
435 1149 675 1203 animam
724 1155 1011 1209 mortuam,
1052 1161 1248 1216 corpus
1283 1156 1576 1212 mortuum,
1624 1145 1840 1202 diﬁicile

247 1248 338 1293 est
377 1238 708 1308 intelligere;
764 1253 828 1292 ea
866 1245 1045 1292 tamen
1087 1237 1489 1309 Seripturarum
1522 1248 1606 1294 est
1638 1239 1837 1294 usitata

247 1329 478 1394 locutio,
527 1344 647 1398 quae
685 1328 841 1384 nobis
884 1328 1293 1384 inusitatissima
1324 1337 1426 1383 est.
1463 1327 1668 1384 Nomen
1709 1344 1838 1400 ergo

248 1420 509 1476 rectricis
532 1435 642 1474 sua:
664 1420 827 1474 etiam
855 1435 1052 1490 corpus
1077 1421 1274 1490 accipit
1296 1420 1473 1474 anima
1496 1420 1835 1487 destitutum,

245 1511 512 1581 quoniam
542 1510 870 1565 reddendum
908 1510 982 1565 illi
1020 1518 1104 1566 est
1139 1512 1193 1566 in
1229 1511 1667 1567 resurrectione:
1694 1513 1839 1568 sicut

244 1595 544 1658 mdiﬁcium
574 1603 718 1674 quod
745 1602 1045 1672 appellatur
1067 1601 1320 1668 ecclesia,
1351 1603 1516 1658 etiam
1555 1619 1678 1659 cum
1713 1603 1837 1658 inde

246 1695 496 1750 Ecclesia
543 1695 772 1760 exierit,
833 1695 926 1766 qui
972 1693 1220 1750 homines
1268 1702 1432 1760 sunt,
1487 1695 1835 1752 nihilominus

243 1789 483 1844 ecclesia
510 1789 722 1843 dicitur.
758 1787 864 1843 Sed
894 1803 1015 1843 cum
1042 1802 1239 1857 corpus
1264 1801 1370 1842 non
1393 1787 1621 1855 accipiat
1639 1787 1834 1841 anima:
1861 1817 1906 1876 Β

243 1894 452 1934 nomen
489 1879 543 1933 in
590 1877 810 1934 homine
843 1878 1077 1942 vivente,
1129 1877 1571 1946 quomodotunc
1612 1883 1833 1932 vocetur

242 1973 432 2027 anima
478 1985 600 2026 cum
647 1969 888 2024 caruerit
932 1969 1135 2035 anima,
1183 1969 1383 2024 mirum
1429 1976 1532 2023 est.
1577 1967 1748 2024 Porro
1787 1967 1834 2023 si

243 2065 488 2118 animam
524 2070 792 2118 mortuam
836 2061 1261 2118 intellexerimus
1297 2077 1327 2116 a
1361 2074 1588 2132 corpore
1614 2075 1834 2130 separa—

243 2162 382 2218 tam,
416 2161 478 2207 ut
507 2154 678 2224 ipsam
715 2154 1113 2223 separationem
1154 2162 1386 2209 mortem
1427 2154 1630 2208 dixisse
1654 2153 1836 2207 videa-

242 2255 352 2311 tur,
388 2247 445 2301 id
480 2254 585 2311 est,
612 2254 673 2300 ut
709 2247 890 2302 anima
927 2255 1140 2301 mortua
1183 2248 1273 2310 sit,
1315 2248 1581 2316 dirempta
1631 2263 1663 2302 a
1708 2261 1834 2302 cor-

239 2354 400 2411 pore,
427 2355 538 2395 non
563 2347 754 2393 natura
796 2354 893 2393 sua
925 2339 1136 2409 perdita
1166 2357 1178 2393 :
1207 2354 1314 2394 non
1341 2339 1487 2396 enim
1512 2347 1568 2394 et
1601 2355 1724 2395 cum
1753 2338 1834 2393 di-

237 2431 421 2486 cimur
473 2429 672 2485 mortui
714 2437 960 2498 peccato,
1008 2438 1202 2484 natura
1255 2431 1488 2486 dicimur
1535 2430 1828 2495 interiisse,

207 2513 210 2516 ’
235 2521 338 2576 sed
373 2519 522 2590 quod
551 2518 667 2588 jam
695 2530 922 2589 peccato
953 2536 1061 2574 non
1093 2520 1318 2585 utimur,
1363 2527 1424 2574 ut
1453 2521 1534 2575 sic
1565 2520 1834 2591 intelliga-

235 2621 330 2666 tur
361 2611 548 2664 anima
581 2620 816 2675 mortua,
847 2611 900 2664 id
931 2619 1034 2676 est,
1063 2626 1293 2680 corpore
1323 2621 1559 2675 mortua,
1591 2611 1735 2680 quod
1765 2626 1832 2666 eo

233 2701 315 2754 uti
347 2699 594 2766 desierit,
624 2714 747 2754 cum
784 2700 839 2754 in
865 2715 961 2755 sua
985 2709 1181 2755 natura
1210 2701 1378 2756 vivat.
1419 2700 1701 2768 Quomodo
1733 2716 1832 2770 po-

233 2796 348 2844 test
379 2789 665 2858 quisquam
698 2789 902 2844 intrare
921 2804 1084 2859 super
1109 2790 1345 2844 animam
1367 2799 1660 2855 mortuam,
1685 2792 1832 2860 quod

231 2879 496 2935 sacerdos
522 2880 624 2934 iste
650 2880 988 2950 prohibetur,
1022 2896 1146 2936 cum
1173 2881 1419 2951 quisquis
1449 2881 1635 2945 intrat,
1664 2896 1831 2950 super

232 2980 522 3027 mortuum
567 2987 763 3041 corpus
811 2972 998 3038 intret,
1039 2987 1146 3026 non
1194 2989 1357 3043 super
1399 2973 1655 3037 animam,
1708 2988 1829 3042 qua:

229 3061 496 3118 discessit
545 3076 577 3115 a
617 3062 881 3130 corpore?
920 3061 1002 3116 An
1050 3062 1236 3132 ipsam.
1259 3063 1425 3118 vitam
1475 3044 1838 3134 temporalem.

228 3153 439 3210 anima:
467 3153 731 3209 vocabulo
759 3153 1085 3224 appellavit:
1120 3169 1240 3223 quae
1270 3155 1457 3224 utique
1496 3164 1711 3210 mortua
1739 3163 1824 3210 est

230 3246 289 3303 in
321 3245 585 3301 defuncto
605 3261 856 3315 corpore,
887 3247 1069 3300 anima
1108 3247 1200 3300 illa
1233 3246 1505 3318 migrante
1544 3263 1664 3317 quae
1689 3249 1827 3303 mori

229 3355 346 3394 non
395 3348 598 3408 potest,
644 3354 754 3394 non
786 3340 930 3408 quod
962 3339 1073 3409 ipsa
1111 3339 1222 3393 vita
1266 3339 1445 3394 anima
1495 3339 1678 3404 fuerit,
1731 3340 1828 3395 sed

230 3429 383 3498 quod
408 3443 510 3498 per
536 3429 728 3482 anima:
748 3429 1094 3498 praesentiam
1115 3430 1466 3496 subsistebat,
1491 3445 1685 3485 nomen
1709 3430 1828 3501 ejus

231 3519 536 3588 acceperit,
561 3519 701 3573 sicut
729 3519 1079 3574 distinximus
1105 3535 1229 3574 cum
1261 3521 1328 3576 de
1353 3521 1617 3592 sanguine
1643 3521 1829 3592 loque-

231 3626 448 3674 remur,
475 3609 618 3679 quod
639 3609 842 3665 dictum
865 3610 935 3665 sit
965 3609 1194 3678 :‘Anima
1221 3611 1390 3665 omnis
1413 3613 1588 3665 carnis
1607 3613 1823 3681 sanguis

231 3703 355 3771 ejus
381 3710 497 3766 est;
518 3708 602 3756 est
629 3701 773 3756 enim
795 3709 851 3756 et
870 3701 985 3771 ipse
1005 3701 1226 3772 sanguis
1247 3710 1492 3757 mortuus
1519 3703 1572 3756 in
1594 3717 1822 3770 corpore

231 3792 484 3848 mortui:
516 3807 623 3847 non
653 3800 834 3847 autem
871 3807 991 3847 eum
1017 3792 1342 3848 abscedente
1390 3793 1570 3847 anima
1608 3793 1828 3848 absces-

231 3885 327 3938 sit.
400 3883 586 3938 Vetuit
651 3897 780 3953 ergo
831 3883 1113 3953 Scriptura
1163 3899 1434 3938 summum
1489 3883 1825 3939 sacerdotem

229 3977 409 4030 etiam
436 3989 599 4044 super
623 3975 794 4045 patris
827 3975 912 4030 vel
963 3975 1154 4030 matris
1200 3975 1361 4032 {unus
1411 3977 1636 4042 intrare,
1684 3977 1827 4048 quod

230 4066 538 4124 secundum
569 4083 676 4122 non
705 4067 1004 4137 prohibuit.
1046 4067 1304 4138 Sequitur
1328 4068 1472 4123 enim
1500 4087 1514 4124 :
1613 4092 1624 4102 ν

306 4160 490 4230 Super
518 4159 733 4216 Patrem
775 4176 928 4214 suum
955 4169 1002 4214 et
1024 4169 1241 4214 matrem
1266 4177 1417 4214 suam
1451 4177 1556 4216 non
1583 4161 1828 4233 inquina-

229 4251 403 4307 bitur.
428 4248 574 4305 Ordo
601 4259 686 4306 est
705 4259 888 4306 autem
909 4251 1220 4316 verborum,
1246 4265 1409 4321 super
1423 4259 1634 4320 patrem
1665 4267 1826 4307 suum

230 4361 345 4400 non
377 4343 768 4412 inquinabitur,
799 4357 901 4397 nec
942 4357 1103 4412 super
1147 4349 1378 4396 matrem
1420 4355 1594 4397 suam.
1646 4340 1716 4395 Et
1763 4342 1828 4396 de

230 4435 440 4490 sanctis
463 4451 570 4488 non
593 4434 774 4499 exibit,
801 4448 866 4488 eo
889 4434 1076 4504 procul
1102 4433 1268 4488 dubio
1295 4441 1668 4503 tempore-quo
1695 4448 1826 4489 suo-

228 4543 358 4582 mm
385 4525 579 4579 funera
601 4525 962 4590 celebrantur,
994 4525 1133 4580 sicut
1164 4523 1214 4579 ei
1249 4533 1456 4594 septem
1487 4526 1675 4579 diebus
1701 4525 1824 4594 qui-
1849 4555 1903 4614 D

226 4619 336 4673 bus
385 4614 825 4670 sanctiﬁcabatur
853 4616 919 4670 de
949 4616 1152 4670 sanctis
1192 4623 1277 4670 est
1304 4615 1455 4670 exire
1497 4615 1819 4685 prohibitus.

228 4709 355 4766 Non
390 4716 571 4762 autem
603 4722 815 4778 semper
844 4723 860 4762 :
892 4721 1022 4762 sane
1049 4707 1096 4762 si
1119 4721 1320 4761 uxores
1347 4706 1546 4761 ducere
1573 4705 1658 4760 vel
1686 4705 1824 4761 ﬁlios

226 4801 465 4871 gignere
507 4813 616 4853 non
677 4798 995 4852 vetabantur
1053 4799 1248 4854 summi
1309 4806 1439 4852 tunc
1491 4810 1820 4864 saceruOtes,

227 4905 438 4962 magna
473 4890 649 4944 oritur
673 4890 919 4959 quaestio,
947 4906 1070 4945 cum
1100 4890 1183 4943 lex
1215 4890 1382 4944 etiam
1408 4889 1672 4960 coniugali
1692 4906 1824 4945 con—

228 4983 430 5037 cnbitu
470 4981 808 5036 immundum
842 4982 1116 5036 hominem
1146 4983 1290 5037 dicat
1320 4997 1492 5052 usque
1537 4983 1604 5036 ad
1634 4995 1823 5053 vespe-

229 5087 379 5135 ram,
415 5071 580 5127 etiam
612 5089 735 5128 eum
772 5073 1004 5128 abluerit
1036 5089 1234 5142 corpus
1271 5089 1427 5128 suum
1457 5088 1619 5144 aqua,
1655 5082 1708 5129 et
1739 5073 1828 5141 ju-

228 5163 436 5218 bmtur
479 5179 722 5219 summus
759 5163 1011 5218 sacerdos
1058 5172 1278 5233 propter
1332 5163 1612 5218 incensum
1660 5164 1829 5218 conti-

227 5256 521 5312 nuationis
568 5257 653 5311 bis
706 5257 758 5310 in
811 5255 898 5310 die
944 5255 1186 5324 quotidie
1235 5255 1440 5310 intrare
1475 5256 1615 5312 ultra
1646 5255 1822 5311 velum

227 5347 332 5400 ubi
362 5356 486 5401 erat
518 5347 692 5401 altare
716 5347 943 5417 incensi,
984 5361 1083 5400 nec
1125 5361 1448 5415 quemquam
1490 5346 1823 5401 immundum

228 5435 304 5489 ad
336 5445 528 5492 sancta
559 5435 641 5492 fas
675 5446 821 5492 esset
859 5436 1138 5502 accedere,
1174 5437 1445 5506 quomodo
1488 5437 1539 5491 id
1584 5438 1826 5508 quotidie

227 5543 492 5582 summus
533 5533 788 5586 sacerdos
842 5527 1115 5598 implebat,
1184 5528 1228 5582 si
1275 5528 1415 5583 ﬁlios
1467 5529 1823 5598 procreabat?

226 5619 378 5674 Nam
409 5621 454 5675 si
485 5621 744 5691 aegritudo
779 5621 853 5674 illi
885 5619 1192 5683 accidisset,
1221 5621 1345 5690 quis
1379 5618 1500 5675 loco
1543 5619 1658 5690 ejus
1707 5620 1822 5675 ΐιιιι-

227 5712 497 5784 gcrctur?
525 5711 583 5768 Si
617 5711 738 5782 quis
785 5712 1046 5780 inquirat,
1090 5711 1406 5779 responderi
1455 5719 1627 5784 potest
1674 5711 1816 5782 quod

1942 525 2061 563 rum
2086 512 2456 579 procreatione
2491 514 2805 581 responderi
2849 515 3062 584 potest?
3111 516 3262 573 Unde
3307 519 3367 574 ﬁt
3394 535 3506 575 cou-

1941 614 2170 669 sequens
2196 610 2253 654 ut
2299 609 2392 656 aut
2420 601 2704 658 continens
2733 612 2876 660 esset
2904 613 2996 658 aut
3025 607 3212 661 diebus
3249 607 3516 677 aliquibus

1939 690 2393 747 intermitteretur
2454 693 2770 759 incensum;
2822 703 2917 748 aut
2967 695 3012 750 si
3052 695 3184 751 illud
3233 697 3519 754 intermitti

1940 798 2047 839 non
2070 793 2274 853 posset,
2297 785 2439 854 quod
2468 800 2574 839 non
2613 787 2716 841 nisi
2750 801 2846 858 per
2874 803 3143 842 summum
3178 791 3516 846 sacerdotem

1939 893 2160 933 necesse
2209 886 2352 932 esset
2394 877 2616 949 imponi,
2669 893 2778 934 non
2828 878 2982 934 ﬁeret
3029 880 3339 935 immundus
3372 881 3517 935 coitu

1938 968 2226 1038 conjugali,
2257 969 2452 1025 merito
2473 970 2759 1040 praecipua:
2787 971 3233 1027 sanctiﬁcationis
3252 988 3381 1026 sum.
3411 971 3519 1026 Aut

1937 1060 1985 1112 si
2013 1059 2174 1112 etiam
2219 1059 2287 1113 ad
2318 1058 2493 1129 ipsum
2533 1060 2770 1129 pertinet
2811 1061 2954 1130 quod
3002 1062 3068 1115 de
3097 1061 3347 1116 omnibus
3392 1062 3518 1118 ﬁliis

1936 1150 2102 1206 Israel
2134 1151 2187 1204 in
2215 1151 2674 1220 consequentibus
2703 1152 2858 1217 dicit,
2887 1159 2948 1205 ut
2989 1151 3172 1207 nullus
3197 1168 3384 1208 eorum
3426 1168 3520 1208 ac-

1935 1242 2092 1298 cedat
2116 1241 2183 1296 ad
2219 1250 2423 1306 sancta,
2449 1242 2494 1296 si
2521 1241 2608 1296 cui
2634 1242 2834 1312 aliquid
2865 1242 3122 1297 acciderit
3153 1243 3514 1309 immunditia,

1937 1331 2065 1386 illud
2094 1347 2192 1402 pro
2211 1340 2436 1404 peccato
2465 1340 2633 1388 restat
2653 1333 2900 1402 accipere
2933 1333 3076 1402 quod
3109 1332 3382 1388 nonnullis
3403 1333 3519 1389 die-

1934 1411 2035 1476 bus
2077 1437 2185 1476 non
2224 1421 2600 1490 imponebatur
2625 1422 2923 1477 incensum.
2965 1422 3117 1489 Quod
3147 1431 3324 1477 autem
3355 1436 3518 1492 super

1935 1509 2094 1566 funus
2122 1512 2292 1582 patris
2313 1512 2398 1565 sui
2419 1524 2662 1566 summus
2690 1514 2944 1568 sacerdos
2958 1512 3512 1582 prohibeturintrare.

1934 1603 2100 1672 quaeri
2126 1612 2306 1673 potest
2332 1603 2600 1672 quomodo
2618 1602 2734 1671 jam
2759 1618 2878 1658 esse
2907 1612 3118 1672 poterat
3148 1619 3388 1658 summus
3429 1619 3518 1658 sa.

1934 1693 2124 1747 cerdos
2161 1687 2398 1748 nondum
2424 1701 2637 1748 mortuo
2659 1703 2814 1764 patre
2851 1709 2966 1760 suo,
3011 1711 3131 1750 eum
3155 1709 3249 1748 eos
3272 1695 3518 1764 patribus

1935 1785 2224 1840 succedere
2259 1785 2481 1854 jubeat?
2539 1785 2664 1841 ldeo
2715 1801 2937 1842 necesse
2973 1797 3109 1852 erat,
3151 1789 3388 1842 nondum
3428 1803 3517 1843 se-

1934 1874 2083 1944 pulto
2110 1890 2322 1930 summo
2356 1877 2655 1943 sacerdote,
2688 1877 2944 1932 continuo
2976 1878 3229 1933 substitui
3255 1881 3512 1934 sacerdo~

1935 1972 2065 2030 tem,
2114 1973 2337 2034 propter
2386 1966 2806 2023 continuationis
2855 1969 3175 2032 incensum,
3224 1969 3369 2036 quod
3416 1983 3515 2038 per

1934 2069 2202 2109 summum
2261 2055 2597 2110 sacerdotem
2652 2057 2900 2126 quotidie
2953 2059 3240 2128 oportebat
3286 2058 3510 2128 imponi.

1934 2143 2252 2214 Quanquam
2277 2144 2368 2200 illa
2398 2145 2624 2214 quaestio
2666 2147 2732 2200 de
2756 2148 3074 2216 :egritudine
3113 2149 3308 2202 summi
3338 2163 3518 2203 sacer-

1933 2233 2077 2290 dotis
2108 2243 2308 2302 manet,
2352 2234 2466 2290 sive
2509 2234 2836 2298 moriturum
2883 2251 3106 2291 necesse
3151 2246 3272 2290 erat
3316 2237 3508 2293 diebus

1933 2325 2201 2394 aliquibus
2230 2333 2515 2396 egrotare,
2547 2326 2650 2395 nisi
2685 2326 2826 2383 forte
2860 2337 2915 2382 et
2944 2328 3048 2384 hoc
3085 2329 3159 2382 ita
3189 2329 3428 2384 solvatur
3451 2339 3514 2386 ut

1932 2421 2144 2476 dicatur
2172 2436 2277 2475 non
2305 2421 2480 2477 solere
2527 2436 2770 2478 summos
2814 2425 3126 2478 sacerdotes
3173 2425 3274 2478 nisi
3325 2425 3506 2480 subito

1932 2514 2092 2579 mori,
2128 2531 2232 2570 non
2264 2515 2589 2585 procedente
2625 2516 2969 2587 aegritudine,
3006 2518 3146 2573 sicut
3170 2517 3236 2574 de
3268 2519 3386 2589 ipso
3411 2519 3516 2573 Aa-

1933 2621 2030 2663 ron
2059 2605 2338 2676 Seriptura
2377 2615 2627 2664 testatur.
2655 2608 3060 2665 Advertendum
3089 2619 3171 2665 est
3200 2611 3414 2679 quoties
3435 2612 3513 2666 di-

1931 2699 2039 2756 cit:
2068 2698 2180 2769 Ego
2207 2699 2483 2763 Dominus,
2505 2699 2594 2768 qui
2615 2699 2888 2769 sancti/ica
2909 2716 3046 2763 eum,
3080 2701 3306 2770 loquens
3331 2703 3396 2757 de
3427 2718 3512 2756 sa-

1930 2788 2168 2854 cerdote,
2201 2805 2323 2844 cum
2354 2791 2456 2844 hoc
2494 2791 2660 2844 etiam
2711 2790 2881 2860 Moysi
2923 2792 3141 2860 dixerit,
3197 2805 3244 2847 et
3270 2795 3508 2863 sanctiﬁ-

1930 2880 2072 2934 rabis
2099 2897 2235 2934 eum.
2275 2881 2556 2947 Quomodo
2604 2895 2734 2952 ergo
2772 2890 2828 2936 et
2871 2881 3079 2952 Moyses
3123 2884 3427 2939 sanctiﬁcat
3454 2894 3510 2939 et

1930 2971 2208 3028 Dominus.
2240 2971 2357 3027 Non
2379 2972 2524 3026 enim
2553 2971 2763 3042 Moyses
2785 2987 2886 3042 pro
2902 2972 3150 3037 Domino,
3179 2975 3272 3029 sed
3296 2974 3505 3046 Moyses

1928 3062 2228 3118 visibilibus
2260 3062 2616 3117 sacramentis
2647 3077 2743 3131 per
2777 3062 3139 3118 ministerium
3185 3079 3366 3129 suum,
3398 3065 3508 3119 Do-

1931 3153 2111 3208 minus
2155 3160 2334 3207 autem
2377 3151 2631 3207 invisibili
2679 3152 2851 3222 gratia
2901 3167 3000 3220 per
3029 3153 3280 3222 spiritum
3326 3169 3505 3219 suum,

1931 3242 2020 3297 ubi
2043 3251 2126 3298 est
2156 3250 2298 3296 totus
2321 3239 2546 3305 fructus,
2585 3240 2751 3295 etiam
2790 3241 3082 3298 visibilium
3121 3252 3496 3299 sacramento-

1929 3349 2080 3398 rum;
2108 3347 2233 3386 nam
2263 3332 2381 3386 sine
2411 3332 2513 3386 ista
2538 3329 2969 3388 sanctiﬁcatione
2994 3331 3279 3388 invisibilis
3319 3335 3509 3404 gratia:

1925 3425 2158 3481 visibilia
2185 3430 2523 3479 sacramenta
2546 3438 2652 3480 non
2676 3431 2920 3492 prosunt.
2950 3423 3142 3479 Merito
3161 3432 3340 3480 autem
3365 3441 3512 3495 quae-

1926 3517 2065 3571 ritur
2093 3524 2275 3570 utrum
2311 3515 2474 3569 etiam
2506 3514 2610 3569 ista
2655 3513 2940 3568 invisibilis
2987 3514 3345 3570 sanctiﬁcatio
3393 3517 3511 3571 sine

1925 3605 2228 3660 visibilibus
2259 3603 2636 3668 sacramentis,
2663 3603 2857 3672 quibus
2879 3603 3168 3658 visibiliter
3192 3605 3353 3659 homo
3385 3621 3510 3661 san-

1926 3695 2214 3761 ctiﬁcatur,
2239 3697 2446 3767 pariter
2468 3695 2600 3750 nihil
2625 3695 2836 3764 prosit:
2886 3695 3031 3763 quod
3077 3696 3263 3765 utique
3309 3698 3502 3754 absur-

1926 3789 2054 3843 dum
2100 3795 2204 3842 est.
2255 3785 2612 3842 Tolerabilius
2649 3786 2793 3840 enim
2835 3785 3064 3854 quisque
3115 3787 3332 3852 dixerit,
3380 3788 3497 3843 sine

1926 3879 2032 3935 illis
2061 3879 2218 3934 istam
2245 3893 2352 3933 non
2380 3892 2525 3942 esse,
2547 3890 2709 3949 quam
2732 3875 2779 3930 si
2806 3875 3058 3942 defuerit,
3091 3892 3196 3932 non
3223 3877 3504 3948 prodesse,

1925 3989 2049 4030 cum
2087 3973 2191 4028 ista
2222 3973 2294 4028 sit
2330 3971 2508 4028 omnis
2553 3969 2762 4026 utilitas
2806 3968 3038 4024 illorum.
3074 3968 3182 4024 Sed
3208 3971 3371 4026 etiam
3401 3971 3509 4026 hoc-

1924 4067 2068 4140 quod
2099 4067 2216 4124 sine
2258 4065 2364 4121 illis
2393 4065 2496 4121 ista
2533 4079 2653 4120 esse
2681 4079 2788 4120 non
2814 4064 3008 4134 possit,
3037 4065 3309 4133 quomodo
3357 4073 3512 4118 recte

1925 4160 2136 4216 dicatur
2166 4157 2483 4212 intuendum
2529 4164 2649 4212 est:
2681 4155 2815 4210 nihil
2847 4155 3046 4224 quippe
3073 4154 3276 4224 profuit
3301 4153 3513 4207 Simoni

1926 4252 2080 4323 Mago
2107 4249 2332 4307 visibilis
2357 4249 2680 4318 baptismus,
2704 4248 2792 4303 cui
2839 4246 3198 4302 sanctiﬁcatio
3221 4245 3515 4302 invisibilis

1925 4343 2114 4399 defuit.
2164 4341 2272 4396 Sed
2323 4341 2522 4409 quibus
2555 4339 2658 4392 ista
2691 4336 2980 4392 invisibilis
3009 4335 3267 4404 quoniam
3313 4333 3518 4401 adfuit,

1925 4435 2150 4506 profuit,
2188 4435 2354 4488 etiam
2405 4439 2459 4486 et
2483 4430 2716 4485 visibilia
2757 4436 3096 4484 sacramenta
3150 4434 3510 4497 perceperunt

1927 4527 2174 4584 similiter
2193 4523 2473 4596 baptizati.
2507 4522 2618 4577 Nec
2646 4529 2824 4575 tamen
2851 4519 3082 4590 Moyses,
3103 4518 3194 4587 qui
3223 4517 3508 4572 visibiliter

1927 4616 2238 4674 sacerdotes
2265 4611 2660 4675 sanctiﬁcabat,
2688 4610 2778 4665 ubi
2807 4608 2970 4664 fuerit
2995 4609 3111 4677 ipse
3135 4607 3267 4676 ipsis
3293 4606 3504 4661 sacriﬁ-

1927 4710 2028 4765 eiis
2055 4707 2141 4762 vel
2187 4706 2307 4761 oleo
2357 4701 2730 4759 sanctiﬁcatus
2775 4700 3114 4764 ostenditur;
3164 4697 3508 4753 invisibiliter

1926 4816 2056 4866 vero
2085 4796 2481 4855 sanctiﬁcatum
2517 4810 2717 4864 negare
2760 4793 2882 4862 quis
2911 4793 3126 4857 audeat,
3174 4791 3327 4861 cujus
3355 4798 3508 4844 tanta

1926 4893 2100 4965 gratia
2123 4890 2526 4961 praeeminebat.
2577 4886 2692 4942 Hoc
2715 4895 2768 4941 et
2801 4886 2869 4940 de
2901 4883 3107 4940 Joanne
3131 4884 3371 4955 Baptista
3398 4883 3505 4939 dici

1926 4991 2122 5054 potest.
2158 4981 2316 5036 Prius
2349 4979 2492 5034 enim
2531 4977 2769 5047 baptizat
2809 4991 2974 5045 quam
3006 4974 3314 5044 baptizatus
3343 4985 3504 5040 appa~

1925 5076 2057 5140 ruit,
2106 5071 2248 5128 unde
2293 5086 2418 5126 eum
2468 5067 2861 5124 sanctiﬁcatum
2911 5082 3251 5136 nequaquam
3300 5076 3508 5134 negaro

1923 5171 2178 5232 possunt;
2211 5163 2264 5217 id
2298 5170 2476 5216 tamen
2504 5161 2559 5215 in
2585 5175 2651 5215 eo
2685 5159 2888 5214 factum
2911 5158 3198 5214 visibiliter
3219 5173 3326 5211 non
3355 5155 3507 5208 iuves

1925 5255 2104 5309 nimus
2129 5261 2420 5322 antequam
2448 5261 2502 5307 et
2532 5252 2892 5308 ministerium
2926 5249 3237 5322 baptizandi
3268 5245 3500 5302 veniret.

1926 5346 2040 5401 Hoc
2060 5345 2204 5400 etde
2235 5345 2445 5399 latrone
2479 5343 2571 5398 illo
2595 5345 2684 5398 cui
2745 5358 2927 5400 secum
2957 5340 3215 5396 cruciﬁxo
3245 5336 3505 5390 Dominus

1926 5437 2044 5491 ait:
2077 5435 2250 5491 Hodie
2286 5451 2489 5489 mecum
2536 5436 2638 5488 eris
2694 5435 2749 5488 in
2797 5433 3047 5503 paradiso
3102 5428 3253 5496 (Luc.
3310 5423 3495 5494 xxm).

1926 5526 2110 5596 Neque
2134 5526 2278 5580 enim
2315 5525 2434 5580 sine
2480 5522 2905 5578 sanctiﬁcatione
2953 5515 3206 5574 invisibili
3235 5521 3383 5567 tanta
3417 5514 3502 5567 ὣς

1923 5619 2126 5674 licitate
2167 5618 2400 5673 donatus
2435 5625 2538 5671 est.
2582 5614 2812 5668 Proinde
2864 5608 3134 5678 colligitur
3172 5603 3502 5658 invisibilcm

1922 5710 2404 5768 sanctiﬁcationem
2445 5705 2764 5780 quibusdam
2786 5700 3020 5757 adfuisse
3045 5706 3206 5768 atque
3230 5696 3496 5771 profuisse
