3918 6180
454 310 558 365 479
1121 305 1181 358 B.
1223 304 1479 360 RABANI
1520 303 1738 361 MAURI
1774 301 2091 360 ARClllEP.
2134 303 2443 362 MOGUNT.
2483 306 2766 363 OPERUM
2802 306 2980 364 PARS
3016 309 3056 364 Ι.
3543 319 3628 376 δεῖ)

452 419 564 479 sine
590 417 893 475 vlsibillbus
919 417 1290 479 sacramentis,
1329 431 1448 486 qum
1472 431 1570 486 pro
1595 424 1898 486 temporum
1936 414 2018 470 di-
2045 413 2096 473 A
2121 413 2294 484 factus
2321 425 2395 470 est
2423 417 2659 471 omnibus
2707 418 3174 488 obtemperantibus
3209 419 3326 488 sibi,
3348 441 3494 482 causa
3509 433 3633 487 satu-

451 511 706 567 versitate
743 513 952 562 mutata
986 513 1127 565 sunt.
1160 512 1221 560 ut
1259 506 1361 560 alia
1409 514 1536 561 tunc
1580 506 1800 572 fuerint,
1829 514 1887 560 et
1917 504 2020 558 alia
2132 505 2198 559 tis
2238 515 2446 561 mter-na:
2471 507 2759 578 appellatus
2799 525 2832 562 a
2866 508 2974 562 Deo
3001 510 3230 578 pontifex
3259 512 3405 582 juxta
3439 519 3634 576 ordinem

450 601 608 656 modo
648 599 804 664 sint;
855 595 1119 651 visibilem
1161 610 1291 650 vero
1333 595 1813 651 sanctificationem
1837 637 1852 660 ,
1903 609 2024 664 quas
2131 594 2505 651 Melchisedech
2549 598 2736 667 (Hebr.
2777 598 2854 670 v).
2905 600 2973 655 Et
3013 617 3235 657 rursus:
3281 603 3484 662 Decebat
3525 615 3636 669 enim

451 693 604 747 fleret
645 705 744 760 per
782 687 1015 743 visibilia
1057 694 1411 748 sacramenta,
1455 685 1571 740 sine
1614 685 1718 740 ista
1770 684 2024 739 invisibili
2130 705 2247 742 eum
2282 698 2491 760 propter
2524 707 2675 761 quem
2718 692 2894 745 omnia
2927 701 2976 746 et
3025 710 3117 764 per
3162 711 3305 766 quem
3349 701 3635 772 omnia,quia

451 796 609 851 posse
638 780 845 842 adesse,
870 792 976 830 non
999 791 1154 844 posse
1197 776 1473 845 prodesse.
1524 775 1635 830 Nec
1680 783 1860 828 tamen
1903 774 2024 828 ideo
2131 780 2323 833 multos
2345 779 2484 850 ﬁlios
2508 782 2562 834 in
2601 781 2823 851 gloriam
2855 781 3172 848 adduxerat,
3201 795 3447 840 auctorem
3485 790 3637 847 salutis

451 875 854 922 sacramentum
925 864 1138 919 visibile
1201 865 1654 919 contemnendum
1715 873 1838 928 est,
1897 879 2021 917 nam
2130 883 2309 921 eorum
2336 885 2428 937 per
2465 871 2756 940 passionem
2787 888 3145 927 consummare
3171 871 3368 948 (Ibid‘.).

451 963 794 1025 contemptor
820 951 936 1021 ejus
962 953 1304 1007 invisibiliter
1333 953 1661 1008 sanetillcari
1690 952 1836 1006 nullo
1865 953 2024 1007 modo
2203 958 2302 1014 Hic
2341 969 2396 1014 et
2421 962 2758 1016 vestimentis
2803 962 2908 1018 illis
2937 963 3153 1020 indutus
3181 974 3264 1021 est
3297 984 3408 1038 qua:
3432 969 3642 1028 David‘in

451 1055 645 1118 potest.
2131 1049 2353 1118 psalmis
2377 1053 2661 1108 cantabat:
2689 1053 2941 1108 Dominus
2963 1056 3212 1125 regnavit,
3247 1058 3464 1114 decorem
3483 1061 3646 1128 induit,

521 1137 658 1192 Hinc
679 1144 761 1192 est
780 1137 922 1206 quod
943 1134 1242 1200 Cornelius,
1272 1145 1326 1189 et
1350 1136 1440 1205 qui
1463 1153 1583 1191 cum
1605 1151 1668 1190 eo
1691 1143 1874 1201 erant,
1900 1151 2024 1192 cum
2131 1140 2302 1194 induit
2326 1141 2579 1197 Dominus
2612 1143 2967 1212 fortitudinem
2997 1154 3046 1200 et
3077 1147 3341 1216 praecinxit
3368 1166 3417 1203 se
3447 1152 3644 1207 virtutem

449 1225 1110 1300 jaminvisibiliterinfuso
1135 1234 1324 1281 sancto
1349 1225 1554 1295 Spiritu
1580 1226 1906 1282 sanctificati
1933 1241 2028 1296 ap-
2135 1226 2305 1298 (Psal.
2346 1231 2500 1303 xcu).
2545 1231 2645 1288 Hic
2672 1243 2832 1304 caput
2857 1249 3012 1291 suum
3047 1251 3151 1291 non
3188 1239 3537 1310 disco0periet,
3566 1258 3647 1298 nec

449 1325 720 1388 parerent,
745 1316 999 1386 baptizati
1015 1324 1140 1371 sunt
1163 1325 1340 1371 tamen
1357 1316 1494 1389 (Act.
1521 1316 1602 1388 χ),
1630 1332 1729 1372 nec
1754 1317 2025 1387 superflua
2130 1321 2451 1375 vestimenta
2494 1337 2588 1378 sua
2615 1325 2932 1380 conscindet
2959 1344 2972 1381 :
3005 1323 3171 1398 Caput
3199 1347 3344 1382 suum
3381 1348 3475 1384 non
3507 1331 3648 1386 disco-

448 1408 685 1479 iudicata
699 1418 779 1464 est
794 1408 1020 1463 visibilis
1040 1407 1416 1470 sanctiﬁcatio,
1437 1423 1596 1476 quam
1624 1407 2026 1476 invisibilisjam
2133 1414 2355 1482 operuit,
2383 1414 2509 1482 quia
2539 1431 2569 1468 a
2599 1414 2754 1472 Patre
2777 1432 2893 1483 suo,
2921 1418 3012 1487 qui
3039 1418 3154 1488 ejus
3183 1429 3338 1488 caput
3364 1421 3642 1490 appellatur,

450 1505 821 1568 prmcesserat.
842 1496 950 1567 (Ea:
966 1495 1508 1566 Hesychia.)Quisest
1529 1497 1781 1552 sacerdos
1802 1511 2026 1567 magnus
2134 1519 2235 1558 nec
2262 1508 2544 1575 passiones
2585 1507 2768 1562 carnis
2805 1509 3076 1566 sustinens
3121 1520 3423 1579 separatur;
3460 1513 3543 1567 sed
3575 1530 3650 1567 nec

453 1587 600 1639 inter
629 1585 827 1640 fratres
851 1600 998 1648 suos,
1023 1585 1126 1639 nisi
1155 1585 1341 1653 utique
1387 1586 1476 1640 ille
1503 1586 1568 1640 de
1597 1601 1703 1654 quo
1747 1587 1884 1640 dixit
1919 1587 2028 1640 4-Da-

2139 1596 2434 1650 vestimenta
2479 1599 2786 1664 conscindit,
2823 1600 2876 1654 id
2913 1609 3017 1666 est,
3061 1602 3262 1658 carnis.
3311 1603 3386 1656 Ex
3414 1619 3509 1672 quo
3532 1605 3649 1658 enim

453 1674 582 1727 vid:
616 1673 839 1743 Magnus
865 1673 1136 1727 Dominus
1166 1683 1213 1728 et
1245 1690 1434 1743 magna
1479 1674 1641 1728 virtus
1678 1675 1814 1738 eius,
1863 1684 1911 1728 el
1938 1691 2028 1728 εα-
2144 1682 2366 1740 Verbum
2412 1703 2534 1741 caro
2561 1688 2758 1757 factum
2793 1701 2890 1756 est,
2926 1691 3066 1746 inest
3112 1700 3258 1748 totus
3297 1707 3402 1748 sua:
3431 1692 3580 1757 carni,
3608 1701 3652 1747 et

451 1763 658 1831 pientiw
680 1761 793 1831 ejus
817 1779 917 1815 non
939 1771 1013 1815 est
1036 1778 1283 1815 numerus
1309 1759 1479 1832 (Psat.
1503 1761 1706 1835 CXLVI).
1731 1762 1860 1831 Quis
1884 1764 2026 1818 enim
2059 1761 2103 1818 B
2131 1787 2404 1843 nunquam
2427 1776 2494 1829 ab
2530 1791 2593 1830 ea
2621 1791 2722 1831 nec
2748 1793 2778 1832 a
2807 1779 3088 1846 crucifixa,
3118 1797 3220 1837 nec
3253 1798 3283 1836 a
3322 1783 3532 1853 sepulta,
3571 1797 3653 1838 nec

451 1853 706 1907 virtutem
750 1851 865 1920 ejus
901 1853 1264 1916 considerare,
1308 1853 1428 1922 quis
1481 1869 1767 1908 numerare
1816 1854 2032 1924 sapicn-
2131 1861 2275 1917 aliud
2305 1865 2576 1934 quodlibet
2603 1883 2784 1937 passa,
2806 1884 2927 1944 qua;
2951 1872 3017 1924 ad
3041 1881 3288 1927 naturam
3319 1883 3654 1944 ηοειηιιιρειι-

453 1943 585 1997 tiam
615 1953 708 1996 aut
741 1943 1200 2012 comprehendere
1223 1945 1438 2013 potest?
1466 1944 1598 2012 quia
1637 1959 1759 1999 cum
1795 1945 1938 2000 Deus
1961 1945 2034 1999 sit
2130 1950 2286 2017 tinet,
2327 1969 2386 2008 se
2410 1954 2656 2010 abscidit.
2687 1956 2840 2023 Quod
2875 1958 2919 2013 si
2950 1960 3031 2014 vis
3062 1961 3252 2018 audire
3293 1963 3357 2018 de
3383 1943 3651 2018 excelsiori-

451 2041 676 2102 ρτοριθτ
716 2033 1170 2102 dispensationem
1214 2042 1456 2088 θϐῑοΐυῐη
1494 2049 1593 2103 PFO
1631 2036 1789 2090 nobis
1828 2043 2031 2106 myste—
2133 2043 2233 2098 bus
2259 2045 2585 2101 indumentis
2609 2045 2742 2115 ejus,
2775 2050 2960 2121 accipe
2981 2053 3142 2107 verba
3167 2055 3472 2126 prophetica
3502 2054 3655 2108 :Ami—

454 2123 680 2187 riorum,
707 2123 868 2177 etiam
903 2123 1154 2178 sacerdos
1177 2121 1400 2178 effectus
1438 2132 1542 2180 est.
1578 2125 1748 2181 Recte
1778 2140 1908 2197 ergo
1938 2126 2028 2180 hic
2132 2141 2264 2196 ctus,
2301 2133 2492 2204 inquit,
2527 2135 2723 2191 lumine
2761 2138 2893 2193 sicut
2935 2121 3286 2198 vestimento:-
3310 2143 3510 2215 abgssus
3547 2146 3656 2198 sicut

456 2231 684 2286 magnus
713 2217 982 2281 sacerdos,
1024 2224 1084 2271 ut
1111 2225 1238 2287 pote
1257 2218 1348 2288 qui
1374 2219 1725 2289 semetipsum
1756 2234 1857 2290 pro
1883 2220 2035 2285 nobis
2133 2224 2381 2277 amictum
2405 2226 2762 2280 uestimentum
2783 2228 2898 2298 ejus
2936 2227 3106 2300 (Psal.
3129 2233 3269 2302 cm).
3305 2230 3408 2304 [Eu
3431 2233 3666 2287 Adaman-

460 2308 692 2362 hostiam
725 2315 778 2361 et
815 2308 1141 2363 oblationem
1186 2308 1404 2375 obtulit,
1439 2309 1770 2381 appellatur;
1816 2319 2037 2380 propter
2134 2314 2252 2387 tio.]
2281 2316 2380 2371 Hic
2409 2326 2493 2372 est
2517 2318 2624 2374 mei
2652 2321 2830 2392 magni
2858 2322 3124 2391 pontificis
3151 2325 3385 2391 habitus,
3414 2340 3516 2396 quo
3543 2324 3659 2394 judio

457 2399 598 2467 quod
629 2407 684 2453 et
707 2415 893 2454 servos
915 2397 1110 2455 fratres
1135 2415 1262 2455 suos
1299 2402 1482 2458 dicere
1504 2417 1700 2473 passus
1725 2410 1834 2480 est,
1866 2401 1920 2456 id
1947 2411 2035 2457 est
2135 2413 2290 2459 catur
2333 2405 2596 2474 profunda
2624 2409 2866 2466 scientiae
2907 2421 2964 2467 et-
2996 2413 3278 2484 sapientise
3307 2417 3420 2473 luce
3447 2415 3661 2478 vestitus,

458 2496 695 2553 sanctos,
750 2491 838 2557 qui
895 2504 1109 2560 semper
1141 2491 1257 2562 ejus
1302 2491 1509 2547 faciunt
1543 2495 1892 2550 voluntatem.
1947 2493 2037 2550 Ait
2136 2510 2254 2564 quae
2277 2511 2402 2552 vere
2431 2506 2616 2553 sancta
2642 2509 2766 2555 sunt
2789 2501 3121 2560 indumenta.
3154 2504 3306 2572 Non,
3332 2507 3510 2577 inquit,
3537 2505 3659 2574 aufe-

463 2579 607 2633 enim
633 2596 645 2631 :
677 2577 984 2649 Quicunque
1007 2579 1185 2647 fecerit
1214 2581 1533 2636 voluntatem
1574 2582 1752 2639 Patris
1781 2587 1904 2652 mei,
1947 2586 2038 2641 ille
2137 2597 2212 2642 ret
2239 2589 2304 2642 de
2341 2591 2507 2661 capite
2532 2608 2626 2645 suo
2663 2594 2918 2664 cgdarim.
2948 2595 3016 2651 Et
3038 2597 3195 2667 prius
3217 2598 3326 2672 jam
3355 2599 3566 2654 diximus
3587 2611 3660 2665 cy-

464 2687 609 2723 meus
631 2678 683 2723 et
724 2669 909 2739 frater,
937 2681 984 2724 et
1022 2686 1193 2737 soror,
1243 2681 1290 2726 et
1320 2683 1489 2728 mater
1526 2685 1601 2729 est
1649 2675 1863 2746 (Matth.
1912 2677 2033 2748 xu).

468 2761 639 2831 Super
667 2763 824 2831 hujus
863 2772 1017 2830 caput
1058 2762 1227 2817 oleum
1271 2767 1528 2820 unctionis
1566 2768 1789 2836 e/fusum
1834 2779 1929 2832 est,
1972 2771 2038 2824 de

463 2865 570 2919 quo
587 2851 720 2905 dixit
744 2869 757 2904 :
794 2851 953 2906 Sedes
976 2862 1087 2918 tua,
1112 2853 1273 2918 Deus,
1301 2856 1357 2909 in
1389 2857 1638 2911 stcculum
1663 2858 1862 2924 strculi,
1893 2862 2038 2930 uirga

463 2949 599 2992 recta
647 2949 721 2994 est
767 2942 910 3010 virga
952 2944 1097 3011 regni
1135 2943 1244 3008 tui;
1283 2945 1512 3000 dilexisti
1543 2947 1810 3017 justitiam
1849 2959 1898 3004 et
1925 2950 2039 3004 odi-

463 3031 524 3083 sti
572 3032 919 3102 iniquitatem,
961 3045 1232 3103 propterea
1260 3039 1405 3091 una'it
1436 3047 1484 3092 te
1527 3040 1683 3104 Deus,
1719 3040 1861 3094 Deus
1889 3051 2032 3107 tuus,

461 3120 572 3174 oleo
607 3120 804 3176 futtilia:
827 3140 936 3192 prce
969 3125 1307 3193 participibus
1342 3129 1445 3180 tuis
1483 3127 1654 3197 (Psnl.
1689 3129 1865 3203 xuv);
1900 3145 2034 3185 con-

462 3209 740 3264 cordantia
767 3211 893 3264 huic
915 3210 1018 3280 legi
1047 3212 1252 3276 dicens,
1277 3228 1384 3267 non
1412 3215 1583 3269 solum
1615 3218 1736 3284 quia
1764 3219 2036 3272 unctionis

461 3307 687 3366 uterque
722 3301 1036 3355 memoriam
1085 3301 1234 3367 facit,
1276 3303 1371 3358 sed
1414 3307 1539 3374 quia
1577 3309 1719 3361 sicut
1746 3308 1913 3363 David
1943 3324 2037 3362 cx-

463 3389 662 3443 cellere
695 3391 1040 3459 semetipsum
1080 3393 1133 3446 in
1171 3394 1284 3463 ipsa
1325 3398 1576 3451 unctione
1607 3401 1721 3453 suis
1757 3401 2038 3470 participi-

462 3478 562 3533 bus
597 3488 948 3549 protestatnr.
991 3481 1141 3549 Quod
1169 3486 1312 3540 enim
1337 3487 1507 3541 dixit:
1536 3506 1644 3559 pra:
1672 3492 2030 3561 participibus,

463 3589 628 3643 super
651 3577 939 3646 participes
966 3585 1086 3634 tuos
1117 3580 1233 3634 sine
1273 3582 1449 3652 aliqua
1477 3583 1752 3641 dubietate
1784 3587 2036 3659 intelligi-

464 3672 586 3731 tur;
617 3667 694 3722 sic
723 3681 846 3722 eum
888 3669 1050 3724 etiam
1083 3671 1356 3742 legislator
1397 3675 1688 3730 maximum
1721 3678 1856 3732 dixit
1897 3678 2040 3733 inter

463 3753 659 3811 fratres
689 3772 834 3820 suos,
871 3759 921 3812 id
950 3769 1054 3824 est,
1081 3763 1433 3830 superiorem.
1465 3764 1617 3831 Quod
1648 3776 1826 3822 autem
1866 3768 2038 3824 maxi-

460 3861 546 3899 me
570 3846 621 3899 in
654 3850 909 3915 praesenti
932 3858 1144 3918 oportet
1174 3853 1369 3907 intueri
1402 3855 1650 3919 historia,
1689 3873 1810 3912 cum
1847 3847 2038 3917 secun-

465 3936 591 3990 dum
636 3935 982 4008 Septuaginta
1027 3943 1316 3998 editionem
1363 3947 1561 4002 addere
1605 3949 1902 4019 debuisset,
1952 3955 2039 4009 cui

462 4030 686 4098 effusum
721 4041 794 4084 est
824 4049 980 4101 super
998 4045 1152 4102 caput
1181 4035 1351 4089 oleum
1381 4040 1662 4104 unctionis,
1688 4058 1794 4097 non
1827 4043 1908 4098 sic
1939 4046 2034 4113 ait,

462 4119 556 4172 sed
587 4119 854 4174 maximus
881 4120 947 4175 de
978 4120 1233 4178 fratribus
1263 4123 1398 4193 ejus,
1433 4129 1525 4196 qui
1549 4127 1737 4185 cfiudit
1756 4146 1918 4202 super
1940 4151 2034 4188 ca-

461 4221 559 4280 put
579 4198 713 4280 ejus.
745 4213 880 4282 Quia
927 4218 1069 4271 enim
1097 4217 1296 4274 Christi
1345 4238 1472 4276 caro
1519 4232 1602 4280 est
1639 4240 1758 4294 qum
1801 4198 2039 4300 suscepit

462 4303 770 4359 unctionem
809 4305 862 4360 in
904 4309 1250 4378 semetipsum
1281 4315 1690 4370 communicatae
1719 4318 1834 4372 sive
1875 4321 2039 4377 nnitze

462 4394 779 4461 divinitatis,
808 4412 874 4452 ex
915 4399 1015 4454 hac
1045 4408 1222 4455 autem
1253 4418 1416 4459 carne
1463 4403 1662 4461 fratres
1699 4408 1826 4478 ejus.
1857 4418 1911 4464 et
1943 4427 2037 4467 co-
2059 4436 2114 4496 D

462 4486 606 4552 gnati
638 4486 810 4542 effecti
842 4505 1046 4554 sumus,
1080 4502 1224 4546 recte
1251 4494 1326 4547 ait
1353 4514 1366 4549 :
1417 4495 1682 4566 Pontifex,
1703 4500 1759 4551 id
1800 4510 1895 4566 est,
1922 4519 2036 4556 ma—

461 4573 635 4627 ximus
658 4579 902 4632 sacerdos
934 4581 1072 4632 inter
1109 4580 1299 4648 fratres
1326 4601 1467 4648 suos,
1499 4602 1660 4654 super
1698 4588 1850 4656 cujus
1880 4600 2037 4658 caput

462 4663 685 4729 effusum
723 4677 798 4719 est
852 4670 1111 4723 unctionis
1161 4669 1356 4737 oleum,
1394 4683 1453 4726 ut
1501 4685 1686 4742 aperte
1733 4677 2038 4732 inveniatur

463 4752 566 4808 hoc
603 4757 743 4823 quod
771 4758 1171 4830 intelligendum
1218 4772 1320 4829 est,
1357 4765 1620 4820 maximus
1649 4768 1784 4821 inter
1823 4769 2032 4838 fratres.

463 4839 519 4896 id
549 4847 648 4901 est.
676 4845 854 4900 carnis
895 4863 1023 4902 suae.
1055 4849 1172 4919 Ipsa
1224 4861 1308 4905 est
1344 4853 1485 4907 enim
1518 4870 1636 4923 quae
1680 4857 1914 4927 suscepit
1945 4875 2038 4912 un-

464 4931 658 4986 ctionis
670 4934 866 5000 oleum,
891 4937 1050 5007 hujus
1073 4944 1384 5007 sacerdotis,
1413 4953 1467 4999 et
1487 4956 1834 5003 consecratas
1868 4948 2036 5006 fuisse

467 5037 681 5088 manus,
704 5025 838 5091 sive,
871 5036 929 5081 ut
955 5029 1327 5102 Septuaginta,
1349 5047 1759 5103 consummatas,
1782 5053 1884 5108 per
1909 5056 2036 5095 cru-

467 5111 548 5165 cis
568 5112 920 5170 conﬁxionem
950 5120 1294 5178 manifestum
1325 5132 1428 5179 est.
1463 5125 1612 5180 Tunc
1651 5129 1796 5181 enim
1843 5144 2034 5198 quem-

465 5200 754 5257 admodum
797 5204 850 5258 hi
887 5208 980 5275 qui
1015 5212 1306 5266 secundum
1339 5213 1505 5284 legem
1546 5225 1670 5270 sunt
1707 5221 2033 5286 sacerdotes,

463 5289 523 5347 in
565 5295 878 5364 sanguinem
905 5297 1058 5352 vituli
1101 5308 1156 5354 et
1199 5302 1384 5356 arietis
1439 5305 1883 5362 consummabant
1921 5309 2035 5366 sive

467 5389 861 5442 consecrabant
889 5407 1078 5446 manus
1123 5409 1269 5458 suas,
1303 5396 1379 5449 sic
1408 5404 1463 5450 et
1492 5397 1608 5466 ipse
1651 5401 1870 5466 proprio
1914 5417 2036 5456 san-

469 5473 630 5540 guine
670 5492 795 5531 suas
845 5494 1037 5534 manus
1076 5485 1412 5538 consecravit
1458 5487 1572 5548 sive
1617 5491 2031 5556 consummavit,

471 5563 534 5616 de
559 5581 665 5633 quo
686 5567 763 5622 ait
791 5568 1024 5628 Paulus:
1057 5571 1124 5626 Et
1155 5576 1243 5645 qui
1287 5593 1404 5628 eum
1446 5587 1577 5632 esset
1613 5577 1808 5645 Filius,
1851 5581 2035 5636 didicit

470 5669 532 5706 tu:
559 5655 638 5709 his
661 5674 777 5726 qua:
816 5678 1001 5728 passus
1044 5672 1120 5718 est
1159 5665 1522 5734 obedientiam,
1552 5677 1600 5722 et
1643 5681 2032 5725 consummatus

2137 2679 2308 2735 darim
2335 2697 2502 2751 genus
2527 2697 2647 2737 esse
2681 2684 3000 2752 operimenti
3028 2689 3171 2757 quod
3199 2689 3359 2759 capiti
3393 2685 3658 2759 superposi-

2137 2777 2250 2822 tum
2298 2769 2536 2839 pontifici
2573 2779 2792 2840 praestat
2837 2781 3108 2829 ornatum.
3160 2777 3263 2834 Hic
3309 2794 3432 2850 ergo
3472 2790 3660 2846 magnus

2135 2859 2373 2928 pontifex
2405 2874 2578 2926 meus,
2610 2876 2881 2932 nunquam
2911 2865 3128 2935 deponit
3164 2869 3313 2924 sacri
3329 2868 3512 2940 capitis
3531 2880 3662 2922 orna-

2138 2958 2271 3003 tum.
2332 2950 2469 3017 Quid
2515 2951 2587 3007 sit
2643 2962 2824 3009 autem
2869 2965 3030 3025 caput
3066 2955 3294 3024 Christi,
3342 2961 3408 3015 ab
3446 2956 3663 3028 Apostolo

2139 3039 2302 3104 disce,
2329 3041 2602 3109 quidicit:
2627 3041 2792 3113 Caput
2815 3053 2988 3100 autem
3008 3043 3208 3102 Christi
3235 3050 3370 3104 Deus
3390 3049 3582 3120 {Ephcs.
3601 3047 3663 3118 v).

2139 3128 2328 3183 Merito
2353 3129 2519 3200 igitur
2543 3131 2705 3186 istum
2741 3135 2934 3204 capitis
2965 3137 3068 3201 sui,
3095 3139 3191 3207 qui
3242 3139 3382 3195 Deus
3423 3146 3517 3203 est,
3555 3153 3665 3190 nun~

2136 3235 2297 3289 quam
2334 3222 2549 3290 deponit
2594 3235 2859 3288 ornatum,
2906 3227 3031 3297 quia
3077 3244 3300 3302 semper
3339 3240 3420 3286 est
3446 3230 3587 3286 Pater
3624 3228 3667 3282 in

2135 3311 2291 3373 Filio,
2324 3312 2463 3366 sicut
2491 3312 2658 3369 Filius
2687 3331 2900 3386 semper
2947 3318 3002 3372 in
3046 3317 3235 3376 Patre.
3294 3321 3360 3375 Et
3405 3321 3667 3375 uestimenta

2136 3419 2232 3456 sua
2258 3419 2359 3456 non
2379 3403 2683 3474 disrumpet.
2718 3407 2855 3462 Vere
2884 3409 2972 3464 hic
3003 3418 3086 3466 est
3125 3411 3223 3481 qui
3263 3413 3565 3468 vestimenta
3591 3421 3668 3463 sua

2137 3507 2241 3547 non
2285 3494 2590 3566 disrumpit,
2626 3498 2721 3552 sed
2755 3513 2967 3570 semper
2990 3515 3055 3555 ea
3083 3504 3309 3571 munda,
3339 3517 3538 3573 semper
3559 3500 3670 3553 inte-

2135 3598 2252 3652 gra,
2282 3599 2496 3655 semper
2520 3595 2664 3678 cpsta
2692 3589 2945 3645 servavit.
2985 3590 3250 3661 Sequitur
3275 3612 3290 3649 :

2207 3671 2405 3745 (Imm).
2448 3673 2517 3727 Et
2541 3671 2635 3728 'ad
2679 3693 2882 3732 onmem
2929 3689 3192 3734 mortuum
3244 3699 3349 3738 non
3396 3679 3674 3753 ingredietur

2137 3763 2346 3816 omnino
2370 3777 2388 3815 ἔ
2409 3781 2564 3834 super
2583 3775 2730 3835 patre
2767 3783 2967 3839 quoque
2987 3787 3084 3824 δυο
3122 3781 3172 3825 et
3214 3783 3382 3828 matre
3406 3789 3502 3826 non
3525 3779 3673 3824 conta-

2135 3853 2439 3907 minabitur.
2489 3854 2838 3926 Septuaginta
2893 3867 3073 3914 au-tem
3119 3861 3352 3918 dicunt:
3392 3863 3552 3933 Super
3586 3875 3675 3912 om-

2137 3958 2254 3995 nem
2282 3944 2513 3998 animam
2559 3955 2824 4000 mortuam
2867 3964 2969 4001 non
3016 3950 3361 4019 ingredietur.
3395 3951 3497 4022 (Ex
3537 3947 3672 4016 llesy~

2136 4032 2294 4104 chio.)
2325 4033 2602 4100 Quomodo
2632 4046 2811 4093 autem
2855 4040 3031 4093 anima
3065 4043 3302 4097 moritur
3330 4058 3450 4098 cum
3482 4041 3546 4096 sit
3568 4053 3676 4093 con-

2138 4124 2247 4177 dita
2284 4125 2623 4193 immortalis,
2666 4130 2788 4184 audi
2817 4132 3134 4200 prophetam
3161 4135 3474 4191 dicentem:
3515 4132 3673 4186 Anima

2135 4231 2253 4284 qua’
2272 4218 2550 4284 peccaverit
2577 4219 2688 4288 ipsa
2705 4207 2976 4288 morietur,
2993 4223 3288 4292 impietatis
3309 4227 3492 4296 utique
3509 4229 3674 4278 morte.

2139 4303 2268 4359 ΙΙωο
2289 4314 2372 4360 est
2405 4307 2547 4360 enim
2600 4309 2793 4364 animat
2836 4327 2983 4367 mors
3041 4328 3207 4384 quam
3255 4317 3488 4371 maxime
3521 4320 3676 4384 gentes

2136 4409 2308 4464 passas
2335 4406 2462 4451 sunt
2487 4413 2605 4466 quze
2627 4415 2725 4454 nec
2745 4399 2914 4471 legem
2939 4402 3056 4469 Dei,
3083 4420 3186 4461 nec
3207 4405 3374 4462 aliam
3401 4405 3513 4475 ejus
3535 4402 3682 4458 scien-

2141 4486 2269 4539 tiam
2301 4487 2621 4542 hahuerunt.
2679 4489 2850 4561 Super
2887 4495 3116 4548 animam
3148 4511 3282 4569 ergo
3308 4507 3576 4558 mortuam,
3611 4488 3680 4543 vel

2140 4592 2345 4632 omnem
2379 4589 2640 4632 mortuum
2671 4597 2774 4634 non
2799 4582 3135 4652 ingredietur,
3182 4589 3312 4656 quia
3339 4587 3441 4642 etsi
3467 4584 3682 4641 omnium

2137 4675 2362 4736 peccata
2382 4670 2636 4737 portavit,
2665 4681 3034 4728 verumtamen
3060 4675 3376 4746 impollutus
3405 4676 3677 4747 permanet.

2138 4765 2191 4812 et
2223 4773 2322 4813 nec
2345 4759 2585 4829 gentium
2625 4761 2862 4828 peccatis
2901 4761 3174 4831 polluitur.
3207 4767 3285 4820 De
3310 4766 3398 4820 his
3424 4764 3584 4828 enim,
3613 4773 3682 4814 se-

2139 4849 2372 4903 cundum
2395 4849 2562 4915 LXX,
2590 4851 2737 4904 omni
2767 4853 2962 4907 animas
3001 4859 3225 4909 mortua:
3263 4864 3325 4910 ut
3358 4863 3486 4926 pote
3519 4860 3682 4907 contra

2137 4952 2328 4992 omnes
2373 4938 2542 4994 effusa
2591 4939 2868 5009 impietate
2911 4951 2966 4997 et
3018 4943 3324 4999 idololatria
3375 4945 3582 5001 dicitur.
3628 4937 3682 4992 Et

2136 5044 2228 5082 nec
2250 5045 2404 5099 super
2429 5039 2576 5100 patre
2622 5041 2671 5084 et
2721 5042 2907 5097 matre,
2958 5049 3120 5104 super
3168 5037 3426 5106 populum
3462 5033 3686 5088 videlicet

2134 5115 2461 5184 Iudaeorum,
2490 5135 2556 5174 ex
2587 5119 2780 5189 quibus
2807 5131 2889 5176 est
2915 5125 3204 5179 secundum
3229 5141 3474 5188 carnem,
3511 5132 3564 5177 et
3579 5135 3686 5188 pro.

2135 5219 2320 5281 pterca
2350 5213 2646 5280 appellatur
2671 5211 2788 5280 ejus
2826 5223 2981 5284 pater
3008 5225 3062 5270 et
3091 5225 3285 5281 mater,
3317 5211 3686 5272 contaminatu-

2135 5312 2250 5367 tur;
2285 5319 2375 5356 nec
2415 5302 2479 5355 de
2520 5305 2712 5358 sanctis
2760 5306 3080 5374 egredietur;
3134 5315 3189 5361 et
3241 5307 3289 5361 si
3335 5303 3686 5377 peccatoribus

2135 5393 2564 5449 condescendere
2585 5395 2766 5464 elegit,
2789 5407 3070 5466 permanet
3105 5409 3287 5453 tamen
3320 5407 3541 5454 sanctus
3565 5402 3616 5448 et
3637 5394 3682 5445 in

2136 5483 2334 5538 sanctis
2361 5485 2674 5554 requiescit,
2709 5494 2764 5541 et
2793 5505 2824 5541 a
2874 5489 3097 5555 sanctis,
3145 5487 3234 5558 qui
3277 5489 3332 5542 in
3383 5487 3521 5542 coelo
3554 5489 3680 5542 sunt,

2135 5573 2338 5643 angelis
2372 5574 2754 5630 circumdatur.

2205 5665 2313 5736 (Ex
2356 5665 2718 5743 Adamantio.)
2760 5669 2947 5728 Omnis
2993 5688 3123 5745 ergo
3151 5675 3317 5730 homo
3348 5672 3403 5728 in
3454 5676 3600 5740 patre
3640 5669 3689 5717 et
