3926 6176
230 251 311 310 481
1109 243 1610 302 EXPOSlT-IONES
1643 244 1715 301 IN
1753 245 2154 303 LEVITICUM.
2191 274 2262 288 --
2299 247 2426 303 LIB.
2469 250 2556 306 Vl.

3375 259 3482 315 432

230 376 388 425 matre
433 360 676 434 pollutus
713 366 816 426 est,
849 356 996 414 solus
1021 372 1153 414 vero
1180 355 1339 413 Jesus
1372 357 1514 414 Deus
1553 372 1706 413 meus
1753 357 1806 412 in
1835 361 1882 421 Α
1912 357 2025 428 Ego
2062 356 2207 413 Deus
2234 359 2546 414 necessario
2574 357 2799 415 addidit.
2829 359 3017 426 Qualis
3040 372 3220 420 autem
3243 405 3262 433 ,
3307 369 3503 424 subsc-

230 461 316 514 hac
349 453 712 528 generatione
738 448 973 504 mundus
1014 448 1293 521 ingressus
1315 459 1420 514 est,
1449 458 1504 504 et
1543 449 1596 504 in
1632 457 1808 504 matre

229 565 320 606 non
348 555 438 602 est
466 544 727 616 pollutus.
777 541 1059 613 Ingressus
1090 549 1174 595 est
1208 540 1354 595 enim
1383 555 1584 610 corpus
1615 538 1805 594 incon-

228 640 561 700 taminatum,
610 636 725 705 ipse
757 634 901 687 enim
932 640 1050 686 erat
1076 631 1170 701 qui
1196 640 1252 686 et
1275 631 1477 686 dudum
1508 646 1603 701 per
1647 630 1805 685 Salo-

227 745 432 788 mouem
459 729 673 783 dixerat
702 744 714 779 :
747 723 919 794 Magis
945 733 1118 776 autem
1147 735 1264 776 cum
1291 739 1454 776 essent
1479 721 1663 787 bonus,
1694 722 1808 776 veni

227 827 284 877 ad
313 836 504 891 corpus
547 815 1001 886 incoinquiuatum
1031 811 1186 883 (Sap.
1219 812 1361 885 vm).
1415 811 1532 867 Non
1564 821 1652 867 est
1677 827 1806 884 ergo

227 913 619 970 contaminatus
661 909 714 964 in
762 915 959 970 matre,
1009 906 1107 962 sed
1144 921 1213 961 ne
1265 906 1318 960 in
1365 917 1521 976 patre
1561 906 1799 976 quidem.

225 1005 356 1062 Nihil
381 1005 530 1060 enim
549 1002 747 1072 Joseph
777 1002 832 1056 in
859 999 1206 1071 generatione
1231 998 1350 1067 ejus
1381 1009 1580 1070 praeter
1604 1009 1805 1072 myste-

224 1101 350 1155 rium
375 1096 631 1168 prrestitit
652 1104 708 1148 et
748 1092 1021 1156 atiectum,
1054 1091 1195 1145 unde
1223 1100 1281 1145 et
1307 1107 1406 1161 pro
1451 1091 1593 1146 ﬁdeli
1647 1093 1806 1146 mini-

223 1193 378 1248 sterio
412 1189 586 1260 patris
619 1188 668 1243 ei
703 1183 1029 1240 vocabulum
1069 1181 1350 1253 Scriptura
1381 1184 1672 1238 concessit.
1713 1183 1804 1239 Sic

223 1285 354 1340 enim
387 1281 556 1335 Maria
595 1280 713 1348 ipsa
749 1277 882 1331 dicit
909 1276 961 1329 in
989 1273 1320 1344 Evangelio:
1355 1273 1494 1328 Ecce
1520 1290 1612 1344 ego
1634 1282 1682 1327 et
1703 1291 1802 1344 pa-

219 1387 287 1430 ter
303 1385 436 1429 tuus
482 1371 717 1426 dolentes
743 1367 1108 1439 quaerebamus
1137 1375 1186 1420 te
1217 1363 1369 1436 (Luc.
1418 1364 1503 1436 ιι).
1538 1365 1629 1420 Sic
1673 1380 1802 1434 ergo

221 1467 357 1522 solus
396 1472 480 1520 est
510 1464 598 1517 hic
623 1458 883 1516 sacerdos
926 1472 1178 1530 magnus,
1217 1457 1311 1532 qui
1341 1471 1520 1527 neque
1562 1457 1614 1512 in
1647 1465 1802 1528 patre

220 1557 449 1629 pollutus
495 1554 588 1618 sit,
634 1566 811 1622 neque
864 1549 917 1603 in
969 1558 1162 1604 matre.
1202 1549 1494 1604 Videamus
1527 1557 1708 1604 autem
1754 1549 1802 1604 si

223 1648 385 1702 adhuc
427 1658 720 1715 possumus
765 1639 970 1710 aliquid
1001 1639 1288 1708 sublimius
1313 1647 1366 1695 et
1394 1655 1494 1710 pro
1539 1641 1803 1712 dignitate

1909 449 2201 520 quentibus
2213 450 2428 506 edocuit
2440 451 2637 516 verbis,
2653 452 2914 523 Virginem
2930 455 3082 510 ducet
3096 474 3311 514 uxorem
3324 462 3389 515 de
3405 479 3501 532 po-

1907 539 2031 610 pulo
2057 557 2175 604 suo,
2204 541 2340 605 sive,
2375 550 2433 594 ut
2461 541 2814 613 Septuaginta
2834 585 2848 610 ,
2882 545 2946 598 de
2988 563 3172 616 genere
3200 567 3294 603 suo
3323 567 3340 604 :
3369 555 3499 622 quia

1904 647 2077 714 genus
2092 632 2294 686 Christi
2320 642 2542 702 propter
2568 649 2810 699 carnem,
2835 651 2996 692 omne
3022 637 3302 693 hominum
3328 658 3499 712 genus

1905 733 2014 791 est,
2047 725 2271 780 cuilibet
2311 735 2521 780 certum
2551 734 2653 781 est.
2685 726 2783 782 Hic
2811 744 2876 782 ex
2909 729 3033 794 hac,
3069 746 3297 787 uxorem
3329 735 3496 806 virgi-

1906 835 2031 875 nem
2055 861 2068 883 ,
2099 820 2152 873 id
2183 826 2286 882 est,
2307 817 2599 874 Ecclesiam
2641 821 2693 873 in
2720 835 2842 874 eum
2865 821 3204 877 credentium
3226 825 3398 880 duxit.
3423 828 3500 883 De

1906 927 2011 981 qua
2047 910 2246 964 Paulus
2277 911 2491 965 diccbat
2517 928 2530 962 :
2558 909 2824 980 Despondi
2853 929 2940 966 vos
2981 916 3073 968 nni
3105 917 3215 969 viro
3247 917 3500 988 virginem

1907 1015 2108 1060 castam
2137 1005 2376 1059 exhibere
2403 1001 2612 1057 Christo
2663 1004 2748 1074 (II
2787 1004 2912 1060 Cor.
2943 1008 3043 1079 ιιι).
3086 1007 3310 1063 Viduam
3334 1019 3381 1064 et
3412 1027 3499 1065 re-

1905 1098 2180 1169 pudiatam
2219 1106 2268 1151 et
2305 1098 2576 1150 sordidam
2625 1108 2780 1168 atque
2821 1103 3146 1154 meretricem
3193 1120 3295 1156 non
3321 1104 3498 1159 ducet.

1906 1191 2211 1247 Judzeorum
2257 1191 2595 1264 Synagogam
2625 1192 2842 1246 viduam
2869 1194 2922 1248 in
2948 1197 3226 1264 prophetis
3255 1197 3498 1267 appella-

1907 1290 2016 1334 tam
2046 1282 2335 1346 novimus;
2387 1282 2454 1335 ad
2506 1297 2667 1349 quam
2711 1283 2848 1337 dixit
2885 1301 2898 1336 :
2939 1284 3185 1339 Tondere
3228 1296 3283 1341 et
3324 1287 3500 1357 gaude

1907 1385 2069 1439 super
2100 1369 2238 1424 ﬁlios
2264 1378 2384 1424 tuos
2417 1378 2630 1425 teneros
2659 1368 2846 1441 (illic/2.
2871 1371 2910 1442 ι)
2940 1389 2954 1438 ;
2987 1372 3152 1429 dilata
3179 1376 3498 1433 viduitatem

1897 1457 2056 1514 'tuam
2095 1461 2237 1514 sicut
2281 1460 2480 1529 aquila.
2532 1459 2639 1516 Sed
2681 1469 2738 1516 et
2785 1465 2850 1517 de
2894 1465 3092 1534 pepulo
3145 1465 3494 1533 Judamrum,

1905 1555 2018 1608 sive
2043 1553 2318 1622 proditore
2349 1551 2482 1608 Juda
2505 1593 2519 1619 ,
2572 1554 2878 1610 communis
2911 1558 3055 1610 enim
3088 1572 3274 1612 eorum
3303 1566 3385 1613 est
3408 1575 3497 1614 in-

1906 1644 2162 1715 diguitas,
2205 1643 2353 1708 dicit,
2387 1643 2519 1711 ﬁant
2550 1643 2650 1713 ﬁlii
2701 1646 2815 1709 eius
2846 1646 3068 1715 orphani
3094 1687 3108 1710 ,
3147 1657 3193 1700 et
3225 1664 3356 1701 uror
3379 1649 3496 1718 ejus

225 1739 339 1794 tanti
375 1735 656 1808 pontiﬁcis
691 1734 955 1790 invenire.
990 1733 1163 1788 Pater
1204 1733 1446 1786 omn-ium
1479 1749 1640 1787 verus
1668 1733 1802 1788 dici-
1829 1740 1876 1799 B
1905 1738 2063 1791 vidua
2096 1735 2322 1808 (Psalm.
2365 1737 2538 1808 cvm).
2590 1737 2767 1807 Ipsam
2822 1749 3003 1795 autem
3058 1741 3494 1811 repudiatam-ct

221 1840 299 1885 tur
324 1830 488 1892 Deus,
537 1834 769 1881 matrem
805 1834 986 1880 autem
1017 1823 1305 1895 Apostolus
1341 1823 1642 1880 Jerusalem
1672 1825 1802 1880 dicit

221 1935 325 1978 esse
359 1921 664 1976 caelestem.
712 1917 914 1973 Omnes
960 1931 1089 1987 ergo
1121 1915 1211 1986 qui
1260 1923 1488 1987 peccant
1531 1914 1801 1969 contami-

226 2023 408 2070 nantur
447 2012 504 2066 in
535 2011 722 2074 Patre,
747 2024 777 2063 a
801 2023 913 2079 quo
942 2007 1112 2062 creati
1153 2013 1310 2070 sunt;
1343 2006 1456 2060 sive
1501 2005 1644 2059 enim
1690 2005 1802 2076 egi-

225 2121 328 2160 mus
353 2102 560 2172 aliquid
589 2100 842 2170 impium,
867 2100 984 2154 sive
1013 2097 1177 2152 locuti
1208 2112 1415 2162 sumus,
1445 2095 1560 2151 sive
1596 2097 1804 2167 cogita-

225 2199 384 2252 vimus
413 2205 606 2251 contra
633 2194 826 2258 Deum,
853 2208 978 2248 eum
1003 2208 1109 2247 non
1139 2191 1472 2246 credidimus
1511 2191 1642 2255 Deo,
1673 2206 1804 2245 con-

223 2288 461 2344 taminati
491 2301 681 2342 sumus
712 2285 765 2338 in
790 2284 988 2350 Patre;
1019 2283 1113 2338 sed
1141 2290 1304 2352 atque
1332 2283 1539 2337 utinam
1566 2291 1695 2336 tunc
1721 2296 1803 2336 so-

227 2381 324 2436 lum
360 2396 463 2451 per
496 2377 934 2435 incredulitatem
974 2375 1178 2431 factum
1233 2376 1322 2442 sit,
1356 2383 1628 2431 cessatum
1673 2389 1802 2431 vero

227 2472 293 2526 sit
311 2480 600 2543 postquam
631 2468 961 2524 credidimus
981 2467 994 2521 !

294 2563 385 2620 Sic
425 2579 549 2634 ergo
601 2563 766 2616 etiam
805 2560 860 2614 in
891 2567 1065 2615 matre
1093 2559 1565 2624 contaminamur,
1595 2557 1640 2613 si
1677 2572 1800 2613 cre-

237 2656 420 2712 dentes
458 2655 562 2709 Deo
594 2654 679 2708 vel
714 2651 1016 2707 Ecclesiam
1044 2651 1312 2716 lazdimus,
1360 2651 1444 2705 vel
1490 2649 1801 2705 libertatem

229 2745 417 2801 matris
445 2745 674 2801 celestis
716 2742 936 2814 indigna
963 2743 1171 2812 peccati
1211 2742 1472 2797 servitute
1510 2740 1798 2796 fmdamus.

223 2835 378 2893 Solus
406 2851 534 2892 vero
567 2835 830 2890 Dominus
857 2842 1044 2889 noster
1068 2830 1226 2887 Jesus
1253 2832 1522 2895 Christus,
1559 2831 1649 2900 qui
1677 2846 1804 2901 pec-

219 2938 392 2986 catum
435 2928 632 2990 nescit,
665 2939 842 2996 neque
886 2924 940 2978 in
969 2931 1155 2992 patre,
1193 2936 1366 2991 neque
1391 2921 1443 2974 in
1474 2927 1649 2975 matre
1675 2935 1803 2974 con-

223 3019 508 3073 taminatus
545 3025 650 3072 est.
681 3015 750 3069 Et
777 3014 840 3068 de
858 3015 1055 3069 sanctis
1087 3029 1191 3067 non
1222 3011 1401 3066 exibit.
1428 3009 1530 3066 Sed
1561 3028 1652 3066 nec
1681 3010 1800 3082 pol-

1907 1827 2146 1892 viduam,
2177 1829 2471 1883 secundum
2497 1844 2559 1884 ea
2587 1845 2706 1899 qum
2735 1839 2860 1888 ante
2891 1832 3166 1901 paululum
3197 1834 3340 1889 dicta
3371 1845 3500 1890 sunt

1907 1919 2278 1988 intelligimus.
2311 1920 2610 1990 Repudiata
2637 1932 2721 1977 est
2744 1925 2891 1980 enim
2920 1942 2949 1980 a
2977 1926 3070 1980 Dei
3098 1927 3356 1982 societate
3372 1945 3495 1984 eum

1907 2009 2066 2064 idolis
2115 2009 2391 2066 fornicans
2419 2052 2432 2073 ,
2481 2024 2703 2082 propter
2729 2016 2872 2083 quod
2903 2032 3021 2071 eam
3051 2018 3105 2072 in
3129 2020 3378 2090 conjugio
3407 2036 3496 2076 ac-

1907 2099 2089 2169 cipere
2121 2116 2224 2155 non
2255 2101 2478 2170 patitur,
2505 2111 2564 2156 ut
2603 2105 2870 2176 intelligas
2912 2109 3038 2176 quia
3094 2125 3215 2164 eam
3263 2127 3494 2167 conver-

1907 2192 2174 2247 sationem
2209 2208 2328 2262 qua:
2357 2194 2412 2247 in
2451 2194 2658 2251 umbris
2703 2205 2760 2251 et
2812 2197 3003 2265 ﬁguris
3043 2209 3130 2256 est
3175 2205 3492 2271 prohibuit,

1905 2295 1959 2340 et
1990 2286 2042 2340 in
2089 2286 2235 2340 nullo
2275 2285 2326 2340 ei
2381 2287 2788 2343 communicare
2813 2290 2927 2344 vult
2953 2291 3052 2346 hos
3087 2294 3180 2362 qui
3210 2295 3260 2348 ei
3304 2310 3497 2364 exspe-

1906 2384 2058 2431 ctant
2091 2392 2188 2446 per
2232 2376 2396 2430 vitam
2442 2377 2638 2432 bonam
2685 2378 2956 2449 [idemque
2999 2383 3296 2438 cohaerere.
3342 2384 3498 2442 Unde

1905 2483 2027 2523 cum
2057 2468 2221 2523 semel
2247 2469 2474 2525 dixisset
2507 2488 2518 2523 :
2553 2469 2800 2524 Puellam
2849 2473 3100 2542 virginem
3149 2475 3215 2529 de
3258 2475 3451 2546 populo
3479 2518 3495 2542 ,

1905 2560 2023 2615 sive
2055 2577 2242 2629 genere
2288 2561 2547 2631 accipiet,
2587 2577 2693 2616 non
2744 2571 3035 2618 contentus
3081 2564 3201 2631 fuit,
3235 2567 3329 2620 sed
3371 2567 3498 2623 sub-

1902 2651 2060 2715 didit,
2092 2650 2306 2705 riduam
2328 2660 2376 2705 et
2404 2653 2726 2706 meretricem
2758 2663 2806 2707 et
2838 2655 3170 2724 repudiatam
3215 2673 3319 2710 non
3357 2657 3500 2710 acci-

1903 2743 2026 2813 piet.
2055 2743 2365 2798 Secundum
2401 2742 2756 2815 Septuaginta
2787 2754 2968 2800 autem
2995 2787 3009 2812 ,
3044 2747 3291 2816 virginem
3316 2748 3381 2802 de
3409 2765 3497 2818 ge-

1904 2849 2026 2887 nere
2050 2849 2145 2886 suo
2181 2835 2431 2902 accipiet;
2465 2842 2524 2887 ut
2550 2835 2785 2902 primum
2814 2835 2944 2889 illud
2986 2837 3205 2906 quidem
3249 2840 3314 2893 de
3343 2839 3493 2893 omni

1903 2924 2173 2994 intelligas
2201 2926 2459 2981 Ecclesiae
2502 2941 2750 2995 corpore,
2800 2928 2906 2983 hoc
2941 2937 3122 2984 autem
3151 2930 3446 2985 secundum
3477 2971 3494 2997 ,

1901 3016 1968 3071 de
1997 3016 2178 3070 anima
2211 3017 2382 3071 omni.
2425 3010 2893 3083 Quemadmodum
2922 3019 3067 3074 enim
3095 3021 3328 3076 societas
3357 3021 3494 3077 ﬁde-

220 3111 314 3165 luet
331 3111 696 3165 sanctuarium
723 3107 950 3167 Domini,
975 3107 1099 3176 quia
1123 3105 1297 3182 oleum
1320 3115 1517 3158 sancttr
1539 3105 1801 3158 unctionis
1829 3093 1874 3156 C
1905 3108 2062 3173 lium,
2089 3108 2168 3182 sic
2196 3117 2251 3163 et
2272 3109 2452 3163 anima
2480 3107 2905 3179 uniuscujusque
2933 3124 3130 3181 sponsa
3171 3111 3265 3167 Dei
3297 3119 3352 3166 et
3387 3112 3497 3168 Ec-

219 3202 307 3257 Dei
350 3202 441 3258 sui
486 3217 646 3271 super
695 3217 756 3254 eo
797 3210 894 3254 est.
950 3197 1058 3270 (Ea:
1105 3195 1416 3268 Hesychia.)
1485 3197 1628 3266 Ergo
1662 3205 1718 3252 et
1753 3195 1799 3252 si

219 3294 409 3352 videris
462 3311 585 3350 eum
633 3308 760 3349 cum
798 3291 1105 3362 publicanis
1139 3299 1196 3346 et
1249 3306 1373 3346 cum
1420 3285 1801 3345 meretricibus

1903 3200 2072 3256 clesia
2103 3207 2208 3256 est.

1975 3289 2083 3361 (Ea:
2121 3290 2490 3364 Adamantio.)
2522 3289 2579 3346 Si
2609 3293 2731 3363 quis
2757 3304 3004 3349 nostrum
3035 3255 3363 3364 peccaverit,
3395 3296 3495 3351 ab-

218 3397 649 3444 oonversantem.
684 3392 740 3439 et
769 3385 1038 3439 dicentem
1068 3383 1492 3453 peccatoribus:
1535 3381 1657 3436 Non
1688 3382 1801 3436 veni
1897 3382 2079 3453 jectus
2125 3391 2211 3439 est
2237 3424 2252 3448 ,
2308 3383 2474 3438 etiam
2517 3385 2562 3439 si
2607 3399 2715 3440 non
2761 3385 3050 3456 abjiciatur
3091 3388 3160 3441 ab
3193 3387 3449 3459 episc0po
3477 3430 3492 3454 ,

220 3495 387 3534 uocare
427 3478 633 3548 justas,
659 3476 749 3530 sed
773 3483 1071 3546 peccatores
1109 3475 1166 3528 in
1193 3475 1551 3546 panitentiam
1582 3472 1799 3544 (Matth.
1904 3473 2020 3529 sive
2053 3474 2196 3544 quod
2244 3474 2403 3529 liceat
2430 3515 2445 3538 ,
2501 3473 2616 3530 sive
2671 3475 2817 3544 quod
2851 3475 3119 3530 interdum
3153 3477 3221 3530 ad
3264 3479 3496 3548 gratiam

217 3569 316 3639 is),
346 3578 538 3624 tamen
566 3567 620 3621 in
649 3565 794 3620 nullo
821 3566 1014 3621 horum
1045 3565 1507 3620 eontaminabitur
1531 3605 1547 3628 ,
1574 3564 1804 3619 actionis
1898 3562 2194 3632 iudicetur,
2217 3563 2423 3631 ejectus
2437 3573 2540 3628 est,
2567 3571 2748 3618 tamen
2769 3565 3236 3632 ipsa'conscientia
3263 3568 3496 3634 peccati,

219 3673 388 3714 eorum
450 3658 599 3713 enim
652 3655 808 3711 malae
867 3655 1141 3725 particeps
1193 3671 1300 3709 non
1357 3653 1606 3710 eilicitur.
1651 3651 1804 3708 Unde
1905 3670 2007 3710 nec
2031 3655 2254 3726 prodest
2291 3655 2529 3709 hominis
2582 3655 2794 3724 gratia,
2845 3669 2968 3709 cum
3022 3654 3276 3710 Christus
3302 3655 3492 3724 hujus-

218 3764 311 3804 uen
346 3748 548 3820 polluit
585 3747 960 3802 sanctuarium
994 3745 1110 3810 Dei,
1146 3746 1199 3800 id
1233 3754 1350 3810 est,
1381 3745 1643 3814 Spiritum
1683 3759 1804 3797 sano
1906 3747 2052 3802 modi
2101 3745 2344 3800 animam
2378 3752 2636 3814 tanquam
2690 3745 2959 3814 ahjectam
3017 3762 3124 3801 non
3167 3748 3392 3816 recipiat
3439 3749 3495 3804 in

216 3847 370 3892 ctum.
403 3841 490 3894 De
518 3838 640 3908 ipso
673 3835 821 3891 enim
852 3836 930 3890 ait
959 3853 973 3888 :
1009 3833 1148 3900 Quia
1173 3833 1346 3888 oleum
1377 3841 1576 3886 sancite
1601 3831 1807 3885 unctio-
1907 3837 2238 3909 conjugium.
2270 3836 2438 3908 lgitur
2464 3850 2640 3905 neque
2670 3836 2888 3891 viduam
2918 3877 2934 3901 ,
2985 3837 3127 3892 sicut
3165 3853 3328 3907 supra
3357 3839 3499 3894 dixi-

214 3930 286 3983 nis
320 3929 415 3984 Dei
479 3929 563 3982 sui
623 3923 888 3998 super'eo
927 3937 1002 3980 est
1049 3938 1068 3976 :
1115 3925 1450 3980 concordans
1497 3931 1552 3977 et
1592 3922 1707 3992 ipse
1740 3922 1807 3977 de
1907 3945 2031 3984 mus
2059 3929 2332 3999 accipiet,
2363 3943 2541 3998 neque
2563 3926 2826 3996 ejectam,
2851 3943 3029 3999 neque
3053 3929 3336 3999 pollutam.
3375 3929 3498 3986 Pol-

213 4016 420 4075 Christo
484 4018 636 4073 153i“?
682 4016 862 4072 verbis
893 4033 906 4070 τ
945 4015 1178 4086 δρίνίηω
1210 4013 1422 4100 υοιῖιίπί
1476 4029 1635 4084 ευμεν
1677 4028 1760 4066 ἠε
1790 4052 1804 4079 ι
1910 4023 2021 4077 luta
2052 4022 2272 4088 dicitur,
2305 4037 2426 4092 quae
2461 4021 2626 4077 etiam
2655 4021 2698 4076 si
2728 4037 2832 4076 non
2861 4037 2927 4077 ex
2963 4022 3174 4093 integro
3202 4023 3493 4092 complevit

210 4123 416 4182 propter
453 4111 592 4183 quod
627 4111 778 4164 unxit
809 4125 891 4162 me
924 4106 1062 4179 (Isa.
1087 4107 1201 4176 ιχ).
1227 4106 1463 4177 Spiritus
1490 4114 1670 4161 autem
1695 4104 1810 4176 pol-
1907 4124 2212 4185 peccatum,
2245 4122 2426 4167 tamen
2479 4113 2584 4168 hoc
2631 4113 2748 4182 ipso
2799 4115 2942 4182 quod
2988 4114 3246 4183 cogitavit
3280 4155 3294 4180 ,
3348 4115 3492 4183 quod

214 4203 357 4271 latio,
382 4205 439 4260 id
477 4212 566 4259 est
591 4244 606 4270 ε
649 4201 845 4270 injuria
874 4210 930 4255 et
959 4200 1302 4255 contrisiatio
1331 4206 1445 4263 est,
1480 4198 1657 4252 omnis
1683 4210 1803 4265 pec-

1909 4207 2100 4271 voluit,
2132 4205 2361 4274 optavit,
2389 4203 2555 4258 etiam
2589 4203 2634 4257 si
2662 4219 2767 4256 non
2799 4203 3039 4266 admisit,
3072 4202 3277 4272 polluta
3306 4211 3410 4267 est,
3435 4211 3490 4259 et

212 4299 313 4354 cati
363 4296 642 4370 pollutio:
690 4301 914 4364 ντοιιιεν
964 4292 1110 4362 (ιυοιί
1153 4300 1207 4345 οι
1246 4290 1447 4344 Paulus
1497 4304 1528 4344 3
1571 4287 1811 4358 Ρθοεθιίδ
1910 4313 1940 4351 a
1972 4311 2168 4368 magno
2205 4294 2462 4364 pontiﬁce
2495 4308 2600 4347 non
2633 4292 2890 4362 eligitur;
2925 4292 3080 4346 valde
3102 4292 3248 4346 enim
3276 4307 3493 4361 puram,

212 4388 603 4444 abstinentiam
663 4384 866 4439 docens
890 4423 904 4446 ,
952 4381 1169 4436 dicebat
1202 4395 1215 4432 Ξ
1259 4378 1440 4433 Nolite
1495 4379 1808 4432 contristare
1833 4452 1848 4453 7
1910 4389 2066 4443 valde
2096 4387 2377 4449 mundam,
2409 4393 2465 4438 ει
2491 4383 2760 4438 sinceram
2790 4383 3020 4450 requirit
3046 4383 3306 4450 animanj’
3329 4399 3488 4453 quam

210 4474 471 4550 Spiritum
525 4485 770 4531 sanctum
821 4473 917 4528 Dei
946 4513 961 4538 ,
1005 4473 1060 4526 in
1105 4488 1208 4541 quo
1255 4471 1452 4540 signati
1480 4471 1604 4523 estis
1634 4470 1689 4522 in
1720 4467 1804 4520 die
1831 4452 1883 4512 Β
1908 4479 2011 4534 sibi
2033 4477 2227 4546 jungat,
2259 4489 2272 4528 :
2303 4474 2438 4541 Quia
2465 4475 2555 4544 qui
2582 4490 2637 4527 se
2659 4473 2900 4543 junxerit
2924 4471 3147 4543 Domino
3166 4514 3182 4536 ,
3212 4452 3360 4527 unus,
3388 4475 3497 4545 ερε-

210 4569 609 4640 redemptionis.
665 4566 758 4620 Sic
799 4565 866 4620 de
912 4563 1150 4618 maximo
1195 4560 1479 4616 sacerdote
1519 4570 1575 4614 et
1606 4575 1807 4628 praece-

210 4659 389 4714 dentia
445 4657 748 4726 intelligis,
793 4654 887 4709 sed
937 4662 993 4708 et
1039 4651 1444 4721 subsequentia.
1501 4647 1611 4704 Nec
1662 4650 1807 4704 enim

208 4748 700 4819 ineompatientem
750 4743 1039 4815 quemdam
1095 4751 1151 4798 et
1204 4743 1622 4796 immansuetum
1684 4755 1808 4794 eum

208 4842 298 4914 qui
318 4843 544 4913 primus
566 4847 652 4895 est
673 4838 950 4903 sacerdos,
974 4834 1251 4906 legislator
1272 4835 1404 4898 vult,
1429 4843 1488 4888 ut
1515 4833 1580 4888 ad
1603 4831 1808 4886 nullum

210 4945 493 4991 mortuum
516 4933 765 4998 accedat,
789 4941 882 4985 aut
903 4931 1132 4985 suadere
1159 4925 1316 4983 nobis
1337 4926 1448 4982 vult
1471 4941 1484 4978 :
1508 4925 1631 4996 quia
1659 4933 1807 4980 tanta

210 5026 582 5084 sanctiﬁcatio
624 5038 731 5093 qua
779 5020 1025 5092 pontifex
1072 5019 1222 5076 indui
1274 5018 1474 5074 dicitur
1501 5057 1515 5082 ,
1557 5017 1623 5072 do
1656 5030 1805 5070 mor-

209 5125 431 5171 tuorum
461 5115 674 5170 visione
704 5112 1053 5182 pollueretur.

1909 4571 2043 4622 ritus
2071 4577 2146 4621 est
2177 4565 2228 4634 (Ι
2253 4564 2377 4620 Cor.
2417 4566 2516 4634 vl).
2571 4563 2725 4620 Unde
2781 4563 2947 4617 etiam
2995 4563 3300 4618 ostenditur
3347 4565 3451 4620 hoc
3476 4607 3493 4631 ,

1909 4657 2055 4729 quod
2099 4656 2210 4711 sint
2251 4654 2570 4724 ditl'ercntiae
2623 4661 2993 4722 peccatorum.
3037 4652 3139 4718 Qui
3187 4655 3497 4721 peccaverit

1909 4757 2194 4820 peccatum
2223 4746 2297 4800 ad‘
2319 4753 2571 4807 mortem,
2611 4743 2856 4813 abjectus
2898 4743 2989 4796 sit.
3033 4741 3136 4808 Qui
3169 4750 3350 4797 autem
3383 4759 3492 4797 non

1913 4847 2103 4910 peccat
2129 4838 2197 4893 ad
2225 4845 2479 4897 mortem,
2507 4834 2602 4889 sed
2627 4833 2855 4888 inferius
2885 4831 3108 4901 aliquid,
3137 4830 3375 4900 pollutus
3400 4832 3492 4886 sit.

1911 4933 2123 5001 Sponsa
2155 4941 2336 4984 autem
2378 4925 2580 4982 Christi
2627 4940 2803 4994 neque
2827 4923 3060 4992 abjecta,
3087 4927 3264 4992 neQue
3293 4922 3498 4992 polluta

1911 5031 2092 5094 potest
2135 5035 2278 5085 esse,
2326 5019 2421 5075 sed
2469 5019 2622 5086 virgo
2666 5016 3092 5070 incontaminata
3121 5055 3135 5078 ,
3183 5014 3495 5082 incorrupta

1912 5121 1970 5168 et
1995 5111 2216 5167 munda.
2251 5110 2357 5166 Sed
2387 5119 2434 5164 et
2466 5109 2787 5162 meretricem
2815 5124 2917 5161 non
2953 5108 3192 5176 accipiet.
3241 5105 3374 5172 Quae
3413 5115 3498 5160 est

277 5207 398 5278 Ego
431 5207 737 5260 Dominus:
771 5203 1036 5274 Virginem
1067 5203 1219 5256 ducet
1250 5217 1496 5263 uxorem;
1527 5200 1734 5255 viduam
1758 5206 1806 5252 et
1913 5204 2057 5259 enim
2085 5203 2266 5257 anima
2295 5199 2596 5254 meretrix?
2625 5213 2745 5267 quae
2779 5199 2847 5252 ad
2881 5213 2940 5253 se
2966 5199 3158 5268 recipit
3182 5205 3456 5252 amatores
3480 5235 3494 5258 ,

211 5299 559 5369 repudiatam
583 5308 631 5351 et
658 5296 931 5350 sordidam
969 5303 1124 5366 atque
1149 5294 1473 5348 Meretricem
1502 5308 1605 5345 non
1632 5290 1809 5355 ducet,
1916 5295 1984 5349 de
2013 5293 2210 5363 quibus
2236 5291 2370 5346 dicit
2395 5289 2665 5359 Propheta
2696 5306 2709 5342 :
2741 5286 3080 5343 Meretricata
3104 5305 3158 5342 es
3200 5295 3315 5356 post
3341 5301 3494 5339 ama-

207 5392 297 5444 sed
323 5389 572 5462 puellam
602 5390 669 5443 de
693 5387 886 5459 populo
907 5404 1026 5453 suo,
1051 5404 1115 5441 ne
1138 5387 1466 5440 commisceat
1498 5386 1713 5454 stirpem
1729 5399 1817 5453 ge-
1916 5394 2054 5438 tores
2097 5393 2231 5436 tuos.
2261 5379 2362 5446 Qui
2400 5388 2526 5434 sunt
2553 5378 2643 5434 isti
2677 5387 2950 5433 amatores
2975 5417 2992 5442 ,
3041 5377 3132 5446 qui
3180 5375 3396 5462 intrant,
3428 5375 3496 5428 ad

207 5449 352 5537 neris
403 5480 535 5547 sui,
566 5449 724 5551 vulgo
757 5449 924 5550 gentis
969 5495 1112 5544 suae,
1139 5479 1264 5549 quia
1296 5493 1388 5547 ego
1418 5449 1695 5539 Dominus,
1728 5449 1818 5545 ξιιιὶ
1919 5474 2158 5530 animam
2208 5470 2585 5535 meretricem,
2633 5470 2737 5524 nisi
2790 5467 3079 5523 contrariae
3099 5449 3406 5550 potestates
3443 5472 3499 5518 et

204 5543 799 5642 sanctiﬁcoveumkEa:
817 5543 1521 5640 Hesychia.)Seipsuinesse
1548 5543 1820 5634 legislato-
1919 5564 2212 5628 daemones,
2267 5562 2359 5632 qui
2407 5560 2735 5616 desiderium
2803 5558 3023 5625 capiunt
3079 5543 3498 5622 pulchritudinis

206 5663 766 5733 remetimpletorem
783 5661 943 5732 hujus
955 5660 1248 5718 sanctionis
1263 5659 1493 5716 maxime
1507 5657 1818 5716 ostendens.
1921 5654 2080 5726 ejus?
2105 5654 2339 5709 Pulchra
2370 5665 2604 5720 namque
2651 5665 2682 5704 a
2729 5649 2838 5704 Deo
2865 5653 3049 5702 creata
3073 5652 3160 5701 est
3187 5643 3398 5720 anima,
3443 5656 3498 5703 et
