3926 6176
441 282 548 338 483

433 500 548 538 mus
570 483 829 537 hominem
855 480 925 533 ad
953 479 1232 549 imaginem
1274 488 1320 532 et
1348 476 1745 531 similitudinem
1777 487 2009 531 nostram

432 571 634 646 (Galat.
663 571 748 644 l),
787 570 913 624 vide
941 570 1095 641 cujus
1127 568 1338 624 decoris
1366 609 1380 633 ,
1412 568 1565 637 cujus
1594 567 2011 636 pulchritudinis

432 672 518 718 est
546 661 746 715 anima.
792 660 1084 728 Imaginem
1133 658 1297 712 habet
1335 667 1390 711 et
1436 656 1843 711 similitudinem
1891 655 2007 710 Dei.

434 752 586 806 lianc
636 748 1094 819 pulchritudinem
1162 747 1452 802 contraria:
1523 754 1820 815 potestates
1885 761 2008 800 cum

430 848 730 916 aspiciunt,
782 845 836 898 id
875 853 959 899 est
987 884 1002 909 ,
1049 842 1300 898 diabolus
1326 850 1382 897 et
1409 841 1584 910 angeli
1614 842 1730 911 ejus
1754 881 1768 906 ,
1809 855 2010 896 concu-

429 938 644 1006 piscunt
675 935 908 1005 speciem
951 934 1138 1004 ipsius.
1171 933 1238 987 Et
1265 933 1392 1002 quia
1432 948 1538 987 non
1569 942 1798 1002 possunt
1825 934 2008 1003 sponsi

425 1027 542 1096 ejus
596 1027 756 1094 ﬁeri,
813 1027 1153 1082 meretricari
1213 1030 1439 1100 cupiunt
1486 1045 1607 1084 cum
1660 1045 1745 1084 ea.
1791 1029 1848 1083 Si
1881 1044 2010 1101 ergo

425 1119 752 1188 susceperis,
782 1136 814 1172 ο
841 1117 1018 1183 homo,
1056 1120 1110 1172 in
1137 1121 1301 1175 cubili
1331 1121 1525 1176 animae
1561 1130 1666 1176 tua:
1705 1122 2008 1176 adulterum

424 1213 729 1279 diabolum,
760 1213 1104 1268 meretricata
1143 1223 1228 1268 est
1265 1215 1444 1269 anima
1477 1223 1567 1269 tua
1596 1231 1719 1270 cum
1749 1215 2006 1282 diabolo;

424 1305 469 1359 si
505 1305 776 1375 receperis
807 1304 1030 1374 angelos
1055 1304 1172 1370 ejus
1199 1345 1214 1370 ,
1243 1306 1290 1360 si
1322 1307 1546 1376 spiritus
1583 1307 1827 1362 diversos
1857 1347 1872 1372 ,
1917 1307 2006 1376 qui

423 1412 650 1466 peccare
677 1405 729 1451 te
757 1397 1042 1463 suadeant,
1073 1399 1421 1453 meretricata
1449 1407 1532 1454 est
1565 1414 1688 1454 cum
1721 1400 1800 1453 eis
1825 1400 2007 1453 anima

423 1496 537 1544 tua.
571 1485 630 1540 Si
659 1486 883 1556 spiritus
905 1486 1018 1551 irai,
1049 1502 1144 1541 seu
1173 1487 1409 1553 invidiae,
1435 1487 1478 1542 si
1509 1489 1797 1558 superbiae,
1827 1488 1872 1543 si
1903 1489 1974 1542 im
1998 1519 2006 1522 νη

425 1579 702 1650 pudicitiae
731 1579 1009 1650 ingressus
1038 1578 1203 1634 fuerit
1230 1580 1298 1634 ad
1327 1581 1559 1634 animam
1608 1589 1754 1634 tuam
1786 1622 1800 1646 ,
1829 1591 1885 1635 et
1915 1595 2004 1636 re-

423 1674 635 1744 ceperis
663 1688 809 1738 eum,
833 1672 1181 1728 consenseris
1206 1671 1256 1726 ei
1296 1671 1536 1742 loquenti
1580 1672 1634 1726 in
1681 1672 1845 1728 corde
1871 1658 1964 1726 tuo
1989 1713 2002 1737 ,

1087 275 1146 331 Β.
1192 276 1446 332 ΒΑΒΑΝΙ
1485 275 1703 332 MAURI
1743 277 2057 333 ARClilEP.
2101 278 2409 335 MOGL'NT.
2450 276 2734 336 OPERUM
2773 279 2950 338 PARS
2989 281 3030 335 Ι.

434 395 567 451 satis
595 393 808 448 decora.
841 389 978 445 Audi
1010 388 1280 459 quomodo
1308 388 1423 458 ipse
1451 387 1595 477 Deus
1617 387 1780 443 dicit:
1815 385 2011 442 Facia-
2036 398 2090 456 Α
2151 466 2165 477 ο

3588 283 3692 338 488

2677 410 2905 468 CAPUT
2947 407 3104 468 XVII.

2115 539 2288 594 [Ionio
2317 541 2603 616 tteﬁsemine
2637 544 2816 595 Aaron
2852 543 3050 616 habens
3078 542 3340 596 maculam
3378 559 3483 598 nan
3507 547 3690 616 oleret

2180 628 2340 681 panes
2372 611 2499 665 Deo.
2541 611 2673 664 Item
2702 621 2778 688 ἰιι
2827 613 3072 688 sacerdos
3118 623 3296 688 careat
3339 616 3404 668 ab
3450 611 3689 688 his-qua:

2182 691 2484 734 consecrata
2530 691 2650 735 sunt
2684 680 2917 750 ﬁliorth
2965 681 3153 736 Israel.

2167 830 2358 903 llum.)
2391 831 2720 902 Locutusque
2749 843 2824 886 est
2851 833 3104 888 Dominus
3133 837 3203 889 ad
3232 835 3448 909 Moysen
3473 839 3686 895 dicens:
3713 897 3720 902 ,

2111 923 2345 994 Loquere
2379 923 2448 976 ad
2489 925 2669 977 Aaron
2691 939 2710 977 :
2757 922 2930 978 Homo
2958 926 3022 979 de
3045 928 3239 982 semine
3267 939 3376 991 tuo,
3414 948 3508 1001 per
3536 931 3691 1001 fanti-

2109 1014 2233 1081 lias,
2258 1016 2347 1085 qui
2372 1015 2610 1069 habuerit
2633 1015 2918 1083 maculam,
2945 1035 3047 1072 non
3077 1020 3256 1089 oﬁ'eret
3280 1039 3442 1091 panes
3466 1023 3691 1078 Domino

2109 1122 2206 1160 suo
2238 1147 2253 1171 ,
2308 1122 2400 1159 nec
2451 1105 2660 1160 accedet
2700 1106 2770 1159 ad
2824 1108 3170 1162 ministerium
3203 1109 3319 1180 ejus
3349 1129 3368 1164 :
3414 1109 3474 1166 Si
3521 1126 3691 1167 aecus

2111 1195 2292 1264 fuerit,
2337 1197 2381 1249 si
2413 1195 2659 1260 claudus,
2707 1197 2813 1250 sive
2855 1213 3014 1266 parvo
3039 1237 3053 1260 ,
3083 1197 3164 1252 vel
3184 1201 3373 1269 grandi
3398 1243 3413 1267 ,
3447 1201 3528 1255 uel
3555 1210 3691 1256 torto

2111 1303 2274 1352 naso;
2294 1288 2338 1340 si
2368 1287 2534 1356 fracto
2560 1287 2712 1358 pede.
2749 1287 2827 1342 vel
2856 1305 3040 1354 manu,
3069 1291 3114 1344 si
3152 1291 3367 1360 gibbus,
3405 1294 3451 1347 si
3493 1293 3690 1366 lippus,

2109 1382 2153 1435 si
2182 1381 2478 1452 albuginem
2505 1381 2699 1435 habens
2730 1382 2787 1435 in
2818 1381 2969 1435 oculo
2991 1399 3012 1448 ;
3035 1385 3082 1436 si
3113 1385 3298 1454 jugem
3327 1387 3554 1441 scabiem
3582 1429 3598 1453 ,
3648 1392 3694 1442 si

2109 1471 2458 1540 impetiginem
2501 1471 2555 1524 in
2599 1487 2850 1541 corpore,
2896 1471 2971 1526 uel
3023 1473 3296 1528 herniosus
3335 1488 3354 1526 :
3391 1479 3564 1531 omnis
3603 1481 3695 1549 qui

2107 1565 2348 1619 habuerit
2378 1564 2641 1618 maculam
2685 1565 2748 1619 de
2782 1567 2977 1620 semine
3021 1567 3199 1621 Aaron
3243 1571 3552 1635 sacerdotis,
3587 1589 3694 1626 non

2109 1658 2317 1712 accedet
2360 1658 2548 1729 offerre
2575 1660 2775 1714 hostias
2807 1659 3055 1724 Domino,
3090 1677 3182 1713 nec
3209 1678 3369 1731 panes
3404 1661 3516 1717 Deo
3571 1681 3691 1718 suo.

421 1765 828 1835 delectatusque
877 1764 1045 1820 fueris
1086 1764 1172 1820 bis
1217 1780 1338 1834 quae
1369 1765 1463 1818 tibi
1501 1765 1797 1820 secundum
1846 1779 1999 1818 suam

2119 1747 2364 1804 Vescetur
2390 1759 2562 1804 tamen
2596 1751 2814 1822 panibus
2839 1751 2929 1822 qui
2960 1751 3258 1820 o/feruntur
3280 1754 3334 1808 in
3359 1757 3695 1820 sanctuario,

419 1863 659 1911 mentem
700 1856 982 1926 suggerit,
1024 1855 1404 1910 meretricatus
1442 1872 1501 1910 es
1530 1871 1651 1911 cum
1695 1871 1779 1910 eo.
1831 1854 2005 1913 Mere-

419 1946 613 2000 tricem
646 1961 776 2016 ergo
813 1961 920 2000 non
948 1945 1178 2016 accipiet
1213 1945 1469 2001 sacerdos
1508 1961 1754 2016 magnus,
1804 1956 1853 2000 et
1901 1964 2006 2000 non

425 2023 802 2088 contaminabit
848 2052 1021 2092 semen
1057 2051 1211 2090 suum
1264 2037 1323 2089 in
1365 2036 1556 2107 populo
1594 2053 1710 2090 suo.
1740 2037 1894 2104 Quod
1939 2039 2008 2092 sit

417 2125 562 2180 istud
589 2140 773 2180 semen
806 2127 949 2195 quod
977 2127 1342 2181 contaminari
1373 2143 1480 2182 non
1516 2127 1652 2194 vult,
1681 2127 1734 2182 in
1765 2129 2008 2201 Evange-

415 2217 506 2272 liis
527 2219 789 2288 scriptum
818 2225 924 2283 est,
956 2217 1116 2284 Quia,
1140 2218 1229 2289 qui
1256 2219 1502 2284 seminat,
1529 2219 1738 2272 verbum
1761 2219 2003 2273 seminat.

416 2306 534 2362 Non
559 2308 674 2362 vult
700 2323 832 2378 ergo
856 2309 1219 2363 contaminari
1265 2311 1492 2364 verbum
1540 2309 1636 2364 Dei
1673 2310 1742 2364 ab
1773 2309 1860 2363 his
1911 2311 2006 2380 qui

421 2399 712 2452 seminam.
745 2398 847 2465 Qui
877 2407 1005 2453 sunt
1038 2407 1218 2453 autem
1248 2398 1341 2468 qui
1390 2399 1692 2452 seminant?
1735 2398 1837 2465 Qui
1879 2414 2005 2454 ver-

420 2492 552 2545 bum
583 2491 680 2544 Dei
709 2490 764 2544 iu
788 2491 1030 2545 Ecclesia
1054 2490 1358 2558 proferunt.
1387 2489 1466 2543 Ex
1495 2491 1598 2543 isto
1621 2490 1827 2544 semine
1853 2491 2004 2544 verbi

418 2582 514 2637 Dei
545 2583 690 2651 quod
718 2582 1023 2636 seminatur
1049 2622 1064 2647 ,
1094 2580 1348 2636 Christus
1369 2582 1612 2636 nascitur
1637 2582 1690 2635 in
1722 2582 1883 2635 corde
1909 2597 2006 2635 au-

420 2673 679 2726 ditorum.
711 2671 826 2726 Hoc
859 2673 1005 2726 enim
1057 2679 1113 2726 et
1161 2671 1454 2742 Apostolus
1484 2672 1652 2737 dicit,
1684 2671 1860 2724 Donec
1887 2672 1997 2741 {or-

419 2771 592 2814 metur
639 2760 882 2815 Christus
917 2763 971 2816 in
1002 2762 1147 2816 vobis
1183 2758 1385 2833 (Galat.
1440 2762 1538 2830 tv).
1581 2762 1839 2832 Concepit
1878 2777 2004 2834 ergo

420 2854 602 2908 anima
632 2871 701 2909 ex
732 2854 836 2908 hoc
864 2855 1072 2910 semine
1102 2855 1248 2910 verbi
1277 2865 1332 2909 et
1359 2864 1680 2926 conceptum
1725 2855 1924 2912 format
1950 2858 2003 2912 in

425 2961 484 3000 se
524 2947 749 3000 verbum
779 2986 794 3011 ,
824 2947 994 3002 donec
1024 2947 1203 3016 pariat
1231 2947 1481 3017 spiritum
1516 2947 1729 3002 timoris
1761 2948 1876 3002 Dei.
1911 2949 2004 3004 Sic

415 3034 558 3088 enim
602 3050 702 3104 per
731 3033 1060 3104 Prophetam
1101 3035 1288 3090 dicunt
1334 3036 1530 3091 animae
1568 3046 1925 3092 sanctorum:
1956 3038 2000 3092 Α

2108 1839 2184 1892 ita
2235 1841 2494 1893 duntaxat
2527 1848 2584 1892 ut
2636 1839 2775 1893 intra
2813 1839 2980 1894 celum
3035 1857 3138 1893 non
3191 1842 3550 1912 ingrediatur,
3599 1859 3698 1898 ne:

2109 1929 2321 1982 accedat
2352 1929 2421 1982 ad
2447 1929 2650 1995 altare,
2679 1945 2803 2000 quia
2840 1930 3102 1983 maculam
3131 1931 3306 1997 habet,
3350 1942 3398 1986 et
3435 1935 3698 1988 conta-mi.

2109 2037 2236 2074 nare
2275 2037 2378 2074 non
2421 2020 2565 2074 debet
2591 2020 2952 2074 sanctuarium
2978 2037 3150 2075 meum
3184 2033 3206 2072 .'
3241 2020 3355 2092 Ego
3386 2022 3646 2077 Dominus
3676 2065 3691 2087 ,

2107 2111 2196 2180 qui
2217 2111 2490 2180 sanctiﬁco
2516 2128 2622 2164 eos.
2671 2111 2727 2166 Si
2765 2113 3062 2166 secundum
3098 2112 3333 2167 litteram
3375 2115 3519 2170 hanc
3565 2131 3700 2170 san-

2107 2203 2342 2260 etionem
2369 2203 2616 2273 accipere
2637 2204 2906 2270 volumus,
2931 2207 3199 2274 quomodo
3221 2206 3546 2275 legislatoris
3567 2222 3698 2262 esse

2099 2291 2249 2362 justa
2297 2293 2566 2348 videbitur
2610 2295 2861 2359 intentio,
2915 2309 3090 2363 neque
3117 2295 3261 2350 enim
3284 2297 3561 2351 voluntate
3591 2311 3696 2351 sua

2108 2385 2334 2439 maculae
2357 2386 2667 2441 hominibus
2689 2386 2990 2441 eveniunt?
3011 2386 3288 2452 Quomodo
3316 2401 3448 2458 ergo
3475 2401 3584 2443 non
3612 2389 3702 2445 iu-

2108 2492 2406 2547 congruum
2447 2488 2529 2532 est
2560 2477 2614 2531 in
2648 2479 2732 2532 bis
2771 2494 2891 2548 quas
2920 2487 3112 2548 sponte
3151 2494 3255 2533 non
3287 2479 3425 2534 ﬁunt
3451 2521 3465 2544 ,
3506 2496 3698 2535 sacer-

2107 2567 2288 2624 dotem
2311 2568 2378 2622 ab
2405 2568 2585 2624 ofﬁcio
2616 2570 2837 2640 repelli?
2863 2570 3000 2636 Quid
3029 2571 3252 2625 autem?
3279 2571 3346 2625 Et
3371 2572 3416 2626 si
3443 2573 3567 2642 quis
3589 2571 3699 2628 hoc

2107 2658 2286 2729 ipsum
2334 2659 2468 2731 legis
2503 2675 2836 2731 cognoscens
2865 2670 3212 2732 praeceptum,
3263 2663 3563 2718 sacerdotis
3606 2665 3698 2718 in-

2111 2751 2322 2816 videns,
2352 2752 2654 2806 membrum
2683 2753 2818 2822 ejus,
2847 2769 3068 2807 manum
3104 2753 3188 2808 vel
3225 2755 3414 2824 pedem
3446 2763 3696 2810 autocu-

2105 2842 2218 2896 lum
2248 2883 2264 2906 ,
2318 2849 2412 2895 aut
2451 2841 2653 2912 aliquid
2704 2842 2850 2896 aliud
2889 2843 3139 2897 attrivit‘!
3187 2843 3295 2897 Aut
3340 2843 3386 2898 si
3438 2859 3694 2914 pugnans

2104 2942 2295 2989 contra
2352 2933 2684 3004 alienigenas
2728 2942 2783 2989 et
2828 2949 2927 3005 pro
2977 2935 3184 2990 sanctis
3241 2935 3385 3000 Dei,
3444 2946 3696 2992 armatus

2106 3022 2363 3095 (prasesse
2385 3024 2532 3078 enim
2559 3025 2712 3079 bellis
2733 3025 3044 3080 sacerdotes
3070 3025 3124 3079 in
3148 3024 3442 3081 Deuteron.
3477 3026 3696 3099 Moyses

417 3126 604 3179 timore
623 3134 735 3191 tuo,
763 3125 1004 3190 Domine,
1023 3127 1355 3196 concepimus
1381 3128 1438 3180 in
1462 3136 1612 3182 utero
1640 3137 1690 3181 et
1719 3127 2001 3198 parturiri—

2108 3114 2383 3186 praecepit)
2432 3115 2628 3170 vulnus
2677 3117 2926 3186 accepit,
2963 3131 3031 3170 ex
3075 3133 3182 3187 quo
3213 3158 3228 3184 ,
3261 3117 3513 3186 quaelibet
3541 3120 3594 3174 ei
3627 3137 3693 3176 es

416 3233 530 3268 mus
568 3225 614 3270 et
639 3216 931 3286 peperimus
957 3215 1198 3285 spiritum
1228 3216 1417 3270 salutis
1443 3225 1570 3282 tute,
1597 3217 1814 3287 fecimus
1847 3235 2004 3286 super

415 3316 632 3360 terram.
672 3306 780 3361 Iste
829 3315 917 3362 est
963 3315 1275 3362 sanctarum
1313 3308 1618 3363 animarum
1647 3319 1858 3380 partus,
1899 3312 2002 3367 iste

416 3404 708 3465 conceptus
736 3435 754 3462 ,
810 3397 914 3451 ista
955 3405 1083 3451 sunt
1135 3407 1320 3453 sancta
1353 3399 1621 3472 conjugia,
1652 3417 1772 3472 quae
1803 3419 2002 3462 conve-

413 3487 572 3541 niunt
591 3495 646 3541 et
667 3496 791 3556 apta
817 3497 945 3543 sunt
964 3504 1161 3561 magno
1188 3473 1453 3561 pontifici.

487 3575 596 3648 (Ea:
629 3577 936 3651 Hesychia.)
968 3579 1080 3634 Cur
1098 3590 1281 3635 autem
1311 3582 1694 3653 desponsatam
1733 3587 1836 3642 sibi
1888 3603 1999 3645 non

412 3669 529 3723 vult
577 3670 898 3741 participem
948 3671 1069 3726 ﬁeri
1105 3671 1344 3729 Iudaica:
1391 3679 1838 3746 conversationis,
1885 3681 2002 3753 ipse

415 3761 684 3818 subiufert
714 3781 728 3818 :
759 3763 844 3818 Ne
873 3766 1206 3820 commiscent
1246 3767 1463 3837 stirpem
1500 3771 1706 3839 generis
1735 3774 1818 3825 sui
1848 3773 2000 3843 vulgo

413 3853 578 3922 gentis
608 3869 739 3907 sure.
795 3852 1150 3926 Septuaginta
1194 3867 1376 3911 autem
1406 3896 1421 3922 ,
1469 3867 1517 3911 et
1555 3875 1660 3912 non
1700 3861 2000 3930 profanabit

413 3957 589 3995 semen
622 3942 739 4012 ejus
769 3943 827 3996 in
860 3944 1052 4014 populo
1082 3961 1199 3998 suo.
1248 3945 1392 4016 Ergo
1420 3945 1728 4016 profanatio
1762 3949 1999 4004 ﬁdelium

413 4039 520 4087 est.
563 4031 628 4086 Hi
651 4031 799 4086 enim
826 4041 954 4088 sunt
980 4049 1166 4089 semen
1196 4047 1252 4090 et
1275 4036 1452 4105 plebs,
1493 4039 1666 4093 nostri
1701 4041 2000 4096 sacerdotis

415 4120 660 4181 Judaicis
688 4124 932 4179 moribus
957 4125 1174 4180 sociari.
1202 4127 1270 4181 Et
1292 4136 1581 4196 propterea
1620 4130 1823 4186 Paulus
1850 4133 1999 4188 dice-

412 4215 532 4272 bat:
552 4215 812 4270 Evacuati
839 4217 964 4270 estis
979 4233 1010 4270 a
1036 4213 1270 4283 Christo,
1291 4219 1381 4286 qui
1406 4220 1462 4272 in
1478 4218 1588 4290 lege
1602 4220 1995 4290 justi/icamini,

410 4321 444 4357 a
472 4305 648 4375 gratia
689 4305 977 4360 exeidistis.
1034 4305 1130 4361 His
1164 4308 1347 4362 subdit
1373 4323 1388 4361 :
1421 4307 1531 4378 Ego
1561 4307 1818 4364 Dominus
1848 4351 1865 4376 ,
1907 4312 1997 4382 qui

409 4396 682 4462 sanctiﬁco
707 4413 848 4461 eum,
871 4397 925 4452 id
948 4405 1058 4464 est,
1081 4411 1368 4468 propterea
1390 4414 1527 4469 opus
1549 4417 1656 4456 non
1677 4401 1839 4456 habet
1863 4402 1995 4474 legis

2103 3211 2376 3280 praedictis
2419 3211 2644 3266 maculis
2688 3212 2982 3284 eveniret,_
3017 3223 3246 3284 putasne
3307 3215 3502 3286 dignus
3571 3224 3702 3268 erat

2103 3308 2326 3370 propter
2348 3300 2453 3355 hoc
2473 3300 2541 3355 de
2561 3299 2869 3356 sacerdotio
2896 3303 3205 3358 removeri?
3227 3304 3285 3358 in
3305 3311 3517 3360 tantum
3541 3307 3698 3360 enim

2103 3409 2212 3450 non
2243 3404 2370 3450 sunt
2417 3411 2706 3467 corporum
2759 3398 2986 3454 maculae
3025 3401 3416 3457 abominabiles
3466 3403 3604 3469 Deo,
3641 3413 3701 3459 ut

2103 3481 2364 3539 Dominus
2397 3485 2664 3542 illuminat
2719 3505 2882 3544 ctecos
2930 3489 3101 3562 (Psal.
3131 3492 3312 3564 cx'Lv),
3346 3492 3518 3547 David
3548 3494 3699 3551 dioe-

2106 3582 2218 3640 ret;
2271 3575 2352 3630 sic
2391 3575 2848 3646 pulchritudinem
2894 3597 3000 3635 non
3039 3581 3240 3654 elegit,
3273 3598 3372 3639 nec
3401 3584 3697 3639 robustum

2104 3681 2324 3737 corpus,
2359 3684 2459 3724 nec
2489 3671 2633 3740 quod
2662 3670 2874 3725 videtur
2921 3673 3058 3728 bene
3096 3674 3336 3743 positum
3362 3717 3377 3740 ,
3400 3684 3464 3729 ut
3489 3677 3558 3730 ad
3594 3675 3699 3732 Sa-

2104 3757 2336 3812 muelem
2369 3759 2578 3813 diceret
2598 3761 2663 3814 de
2689 3761 2881 3831 majori
2912 3761 3021 3818 ﬁlio
3049 3761 3202 3819 Jesse
3231 3806 3245 3830 ,
3281 3764 3406 3835 quia
3447 3768 3696 3836 speciem

2103 3845 2216 3901 Deo
2264 3847 2478 3916 placere
2525 3857 2811 3918 putaverat
2855 3869 2868 3905 :
2913 3852 3037 3906 Non
3085 3855 3330 3923 respicias
3373 3855 3444 3908 ad
3487 3856 3695 3911 vultum

2101 3936 2240 4005 ejus,
2275 3954 2437 4008 neque
2461 3939 2531 3991 ad
2553 3938 2883 3995 altitudinem
2903 3952 3120 3997 staturte
3149 3944 3281 4014 ejus,
3319 3948 3572 4014 quoniam
3604 3950 3701 4002 ab-

2093 4025 2202 4094 jeci
2225 4043 2345 4080 eum
2380 4027 2431 4097 (1
2465 4028 2594 4100 Reg.
2640 4031 2785 4102 xvi);
2821 4034 2971 4116 atqpi
3008 4051 3103 4090 rex
3140 4051 3246 4091 non
3283 4039 3541 4093 sacerdos
3566 4049 3695 4094 erat

2101 4115 2194 4184 qui
2222 4119 2543 4187 ungebatur.
2574 4119 2705 4190 Regi
2747 4115 2932 4178 autem
2953 4127 3258 4180 necessaria
3301 4135 3420 4180 erat
3452 4130 3695 4199 species,

2099 4218 2156 4264 et
2183 4209 2496 4279 magnitudo
2538 4213 2816 4281 corporis,
2873 4216 2966 4269 sed
3011 4217 3140 4285 quid
3179 4217 3263 4271 bis
3293 4217 3542 4272 addidit?
3575 4219 3697 4274 Nec

2097 4297 2258 4369 juxta
2299 4300 2550 4353 intuitum
2585 4301 2810 4360 hominis
2827 4303 3011 4373 judico
3039 4320 3054 4357 :
3087 4304 3262 4360 Homo
3285 4307 3431 4361 videt
3473 4323 3538 4362 ea
3567 4323 3700 4378 qua

2099 4397 2304 4458 patent,
2333 4390 2475 4445 Deus
2495 4399 2675 4446 autem
2700 4393 2939 4447 intuetur
2962 4411 3074 4450 cor.
3103 4395 3210 4451 Cor
3235 4397 3377 4451 enim
3405 4407 3701 4455 scrutatur

412 4489 634 4556 liguras,
666 4503 766 4542 nec
787 4487 1109 4561 _sacriﬁcia,
1140 4505 1241 4544 nec
1270 4491 1708 4560 puriﬁcationes,
1739 4492 1997 4561 quoniam
2023 4481 2075 4540 D
2101 4480 2146 4534 Si
2173 4482 2437 4536 maculam
2465 4481 2702 4548 ὺθδθίὶῐέ
2733 4492 2786 4537 ει
2814 4499 2906 4538 εοε
2935 4487 3022 4554 (ἰαί
3056 4487 3386 4543 inmaculati
3417 4498 3546 4546 sum
3572 4492 3701 4546 ani-

408 4589 510 4645 ego
550 4576 812 4632 Dominus
836 4618 850 4642 ,
892 4593 991 4647 pro
1021 4580 1274 4635 omnibus
1317 4581 1421 4636 illis
1451 4589 1506 4636 et
1550 4581 1874 4636 sacriﬁcium
1917 4582 1998 4636 el-

411 4666 566 4721 ﬁcior
587 4676 642 4721 et
665 4669 992 4736 puriﬁcatio.
1020 4670 1085 4723 Et
1106 4672 1463 4740 quodcunque
1491 4671 1698 4726 dixeris
1723 4670 1996 4740 pertinere

413 4756 478 4810 ad
515 4755 660 4810 illam
696 4758 1200 4814 sanctiﬁcationem.
1229 4761 1333 4828 Qui
1365 4769 1546 4816 autem
1570 4761 1786 4830 quando
1819 4761 1996 4818 vidute

409 4855 466 4901 et
487 4847 790 4901 meretricis
832 4857 887 4902 et
925 4850 1220 4920 repudiata:
1274 4852 1606 4906 mentionem
1650 4851 1809 4914 fecit,
1856 4851 1992 4918 bas,

412 4937 609 5007 inquit,
638 4953 745 4992 non
773 4939 1001 5009 accipiet
1030 4959 1043 4994 :
1073 4942 1300 4996 dicimus
1323 4943 1424 4996 hoc
1450 4943 1596 4997 etde
1615 4941 1992 4997 haereticorum

414 5026 809 5082 conventiculis
859 5028 1224 5099 legislaturem
1288 5031 1510 5086 dixisse.
1565 5030 1811 5086 Viduatze
1867 5041 1995 5088 sunt

409 5116 558 5172 enim
607 5117 703 5172 Dei
744 5117 992 5184 scientia,
1030 5129 1249 5190 propter
1271 5121 1415 5189 quod
1455 5128 1512 5174 et
1539 5134 1570 5173 a
1598 5120 1812 5191 piorum
1844 5137 1994 5178 com-

411 5209 670 5265 munione
692 5209 902 5280 expulsi
931 5220 1058 5266 sunt
1077 5251 1092 5276 ,
1123 5213 1218 5266 sed
1243 5221 1298 5268 et
1327 5211 1667 5268 fornicamur
1699 5214 1755 5268 in
1802 5215 1992 5272 incon-

409 5301 560 5373 gruis
581 5309 636 5356 et
657 5301 881 5356 nefariis
901 5301 1260 5372 dogmatibus.
1277 5302 1419 5374 Ergo
1445 5312 1592 5358 recte
1615 5305 1830 5359 viduam
1850 5321 1991 5376 prae-

408 5393 611 5464 posuit,
634 5393 929 5448 secundam
959 5393 1295 5462 repudiatam
1327 5434 1342 5460 ,
1383 5396 1598 5450 tertiam
1643 5399 1986 5453 meretricem

2105 4587 2214 4636 mo,
2249 4573 2348 4628 hos
2383 4573 2584 4628 electos
2606 4573 2830 4643 judicat.
2868 4576 2973 4631 Eos
3001 4587 3181 4632 autem
3211 4579 3302 4649 qui
3331 4580 3613 4635 maculam
3642 4583 3698 4637 in

2105 4664 2285 4718 anima
2325 4665 2525 4719 habent
2557 4665 2824 4735 reprobat.
2854 4664 2912 4720 Si
2957 4666 3102 4721 enim
3134 4667 3331 4721 malum
3358 4677 3443 4723 cst
3477 4669 3698 4725 claudi-

2102 4769 2226 4808 care
2265 4755 2512 4825 pedibus,
2545 4764 2638 4809 aut
2674 4756 2859 4810 oculos
2882 4755 3124 4812 inﬁrmos
3151 4759 3372 4823 habere,
3414 4767 3471 4814 et
3512 4775 3545 4814 a
3578 4762 3700 4818 Deo

2102 4856 2360 4916 separant
2387 4886 2403 4911 ,
2431 4847 2700 4916 quomodo
2727 4847 2895 4913 Isaac,
2931 4849 3198 4916 quomodo
3230 4847 3396 4904 Jacob
3441 4852 3700 4922 caligare

2102 4935 2351 5006 permisit
2391 4945 2446 4989 et
2484 4936 2716 4991 salutem
2743 4937 2972 5006 perdere
2997 4939 3265 4993 visionis?
3292 4939 3510 4994 Etenim
3536 4943 3699 5000 Isaac

2103 5042 2213 5080 non
2251 5026 2505 5095 cognovit
2538 5024 2708 5080 Jacob
2747 5027 2890 5082 Esau
2931 5025 3219 5100 ﬁngentem
3261 5046 3577 5100 personam.
3615 5037 3698 5090 De

2098 5114 2264 5171 Jacob
2307 5124 2488 5171 autem
2537 5116 2736 5172 dictum
2764 5127 2847 5172 est
2873 5135 2888 5174 :
2915 5118 3069 5174 Oculi
3111 5120 3282 5176 Israel
3322 5122 3697 5192 caligaverant

2097 5222 2194 5276 pro
2225 5205 2389 5258 nimia
2413 5215 2710 5271 senectute,
2757 5217 2804 5260 et
2833 5208 2975 5262 clare
3006 5210 3177 5264 ridere
3213 5228 3317 5264 non
3344 5223 3573 5282 poterat.

2171 5298 2279 5370 (Ex
2305 5295 2604 5370 Gregorio.)
2643 5298 2749 5354 Per
2799 5301 3040 5357 maculas
3073 5317 3201 5373 ergo
3225 5319 3518 5374 corporum
3548 5309 3696 5366 vitia

2093 5388 2354 5444 describit
2422 5389 2726 5444 animorum
2757 5430 2773 5457 ,
2824 5391 2967 5446 unde
3015 5393 3467 5450 considerandum
3521 5398 3699 5452 valde

409 5485 669 5541 subdidit.
701 5484 906 5540 Harum
930 5483 1132 5538 nullam
1160 5485 1264 5540 sibi
1287 5485 1548 5542 Dominus
1577 5487 1646 5541 ad
1673 5487 1988 5544 societatem
2090 5489 2174 5538 est
2205 5483 2331 5552 quia
2357 5497 2480 5537 cum
2502 5497 2724 5536 causam
2751 5483 2932 5553 populi
2959 5483 3162 5540 electus
3189 5484 3385 5556 praesul
3423 5489 3691 5558 suscipit,

411 5576 610 5642 ducet,
655 5585 715 5630 ut
761 5591 869 5632 non
918 5573 1159 5647 polluant
1189 5574 1426 5631 ﬁdelium
1460 5592 1642 5634 seinen
1668 5619 1682 5646 ,
1714 5579 1840 5649 quia
1866 5593 1989 5634 cor—
2091 5574 2248 5644 quasi
2284 5573 2354 5627 ad
2400 5588 2603 5644 aegrum
2646 5574 2888 5628 medicus
2927 5576 3153 5630 accedit.
3195 5575 3361 5645 Cujus
3402 5577 3448 5631 sl
3499 5577 3699 5633 adhuc

413 5675 672 5735 rumpunt
695 5683 875 5725 mores
908 5669 1082 5724 bonos
1105 5667 1371 5740 colloquia
1401 5670 1563 5725 mala.
2093 5667 2150 5722 in
2177 5679 2342 5736 opere
2379 5665 2661 5735 passiones
2700 5665 2887 5721 vivunt
2913 5705 2929 5732 ,
2959 5681 3066 5737 qua
3096 5667 3516 5736 praesumptione
3543 5683 3696 5737 per-
