3926 6176
256 287 350 343 685

1115 278 1117 280 ’
1155 279 1654 338 EXPOSITIONES
1692 279 1758 335 IN
1799 279 2194 334 LEVITIUUH.
2237 309 2306 318 --
2344 283 2473 335 LIB.
2519 284 2602 337 Vl.

3396 288 3503 349 486

252 410 462 455 cassum
491 395 698 451 mederi
725 403 998 464 properat,
1023 393 1115 462 qui
1150 395 1203 448 in
1233 395 1426 448 faciem
1465 393 1662 448 vulnus
1704 407 1829 462 por-
1855 401 1901 459 Α
1931 389 2130 444 etenim
2155 391 2376 459 grandis
2422 401 2477 448 et
2522 400 2698 449 tortus
2737 402 2824 449 est
2853 395 3194 455 discretionis
3231 400 3502 458 subtilitas

253 490 365 546 tat?
386 488 476 543 Ille
499 501 633 559 ergo
654 527 671 552 ,
701 485 792 541 ille
819 486 998 540 modis
1039 485 1290 540 omnibus
1319 484 1480 540 debet
1525 485 1595 538 ad
1639 496 1826 537 exem—

253 585 391 655 plum
438 579 657 636 vivendi
699 578 980 649 pertrahi,
1007 578 1098 646 qui
1145 578 1328 631 carnis
1365 577 1576 631 cunctis
1621 575 1829 644 passio-

254 676 404 730 nibus
443 672 708 736 moriens,
740 668 851 737 jam
883 669 1241 739 spiritualiter
1270 668 1402 721 vivit
1440 669 1531 737 qui
1571 681 1826 736 prospera

256 765 433 820 mundi
472 771 594 834 post
629 761 849 832 posuit,
885 759 977 829 qui
1015 757 1157 812 nulla
1198 759 1422 813 adversa
1471 758 1826 828 pertimescit,

255 857 338 926 qui
391 855 502 909 sola
540 853 754 908 interna
790 849 1082 904 desiderat.
1133 847 1299 916 Cujus
1347 848 1643 902 intentione
1693 847 1828 901 bene

255 935 556 1018 congruens
586 985 601 1011 ,
637 958 735 998 nec
763 941 986 996 omnino
1017 954 1118 1009 per
1143 938 1564 1009 imbecillitatem
1591 952 1788 1007 corpus
1809 977 1824 1002 ,

253 1053 348 1094 nec
375 1037 534 1092 valde
563 1050 659 1106 per
685 1031 1066 1088 contumeliam
1101 1038 1380 1100 repugnat,
1413 1029 1504 1098 qui
1541 1028 1608 1082 ad
1650 1028 1826 1082 aliena

254 1129 514 1200 cupienda
568 1142 675 1181 non
724 1125 978 1189 ducitur,
1015 1124 1109 1176 sed
1152 1122 1370 1192 propria
1413 1121 1677 1190 largitur;
1735 1122 1828 1190 qui

254 1237 343 1292 per
368 1218 587 1290 pietatis
630 1217 842 1272 viscera
896 1215 1059 1270 citius
1106 1214 1174 1267 ad
1222 1214 1604 1284 ignoscendum
1654 1213 1828 1268 [lecti-

255 1319 355 1375 tur,
387 1308 486 1363 sed
525 1319 800 1376 nunquam
849 1304 1130 1374 plusquam
1179 1303 1367 1357 deccat
1418 1303 1718 1372 ignoscens,
1761 1303 1829 1357 ab

255 1413 374 1453 arce
402 1395 744 1452 rectitudinis
773 1394 1098 1459 inclinatur;
1133 1392 1224 1462 qui
1257 1392 1397 1446 nulla
1427 1392 1613 1446 illicita
1636 1406 1829 1461 perpe-

256 1498 413 1554 trata,
428 1489 522 1543 sed
543 1494 849 1557 perpetrata
865 1485 934 1539 ab
956 1484 1076 1539 aliis
1098 1492 1157 1538 ut
1179 1484 1393 1554 propria
1424 1482 1701 1551 deplorat;
1734 1483 1826 1550 qui

253 1597 308 1635 ex
319 1580 517 1635 aﬂ'eetu
532 1579 711 1634 cordis
731 1577 919 1632 alienae
943 1575 1238 1631 infirmitati
1264 1575 1592 1645 compatitur
1610 1592 1624 1629 :
1644 1575 1828 1644 sicque

255 1674 297 1727 in
324 1673 488 1727 bonis
523 1669 754 1741 proximi
782 1709 797 1733 ,
826 1668 967 1723 sicut
1002 1668 1055 1722 in
1084 1667 1198 1722 suis
1221 1665 1547 1736 profectibus
1575 1665 1822 1724 laetatur;

1932 480 2287 535 immoderata
2308 521 2322 546 ,
2382 498 2502 552 quae
2529 485 2656 538 dum
2683 483 2967 554 plusquam
2992 487 3145 542 decet
3175 493 3498 556 exoraverit,

1929 570 2162 626 actionis
2193 587 2304 626 sum
2344 575 2725 630 rectitudinem
2775 578 2890 645 ipsa
2950 578 3251 636 confundit.
3305 583 3501 639 Fracto

1931 667 2108 714 autem
2155 663 2289 730 pede
2335 665 2420 719 vel
2471 682 2631 721 manu
2669 676 2791 733 est,
2832 670 2925 739 qui
2971 671 3113 725 viam
3155 672 3249 727 Dei
3280 689 3502 745 pergere

1928 750 2236 806 omnimodo
2268 769 2374 808 non
2400 756 2562 821 valet,
2593 766 2755 826 atque
2791 775 2820 812 a
2845 761 3001 815 bonis
3029 763 3240 818 actibus
3263 764 3500 821 funditus

1929 852 2116 893 exsors
2162 852 2336 907 vacat,
2379 851 2642 913 quatenus
2676 849 2790 904 haec
2829 867 2934 904 non
2966 861 3026 906 ut
3061 853 3286 910 claudus
3322 855 3500 910 saltim

1929 942 2050 982 eum
2081 930 2448 989 inﬁrmitatem
2479 942 2795 1006 teneat,-sed
2823 943 2891 997 ab
2920 942 3006 998 his
3032 945 3344 1002 omnimodo
3371 948 3503 1003 alie-

1928 1032 2030 1072 nus
2071 1020 2286 1075 existat.
2327 1022 2533 1081 Gibbus
2565 1043 2693 1084 vero
2733 1039 2817 1086 est
2853 1047 3014 1101 quem
3048 1043 3276 1090 terrena:
3306 1035 3504 1092 sollici-

1928 1110 2130 1166 tudinis
2169 1115 2376 1182 pondus
2433 1117 2727 1187 deprimit,
2780 1136 2848 1176 ne
2886 1138 3124 1192 unquam
3167 1125 3236 1180 ad
3266 1141 3502 1197 superna

1929 1199 2206 1267 respiciat,
2231 1203 2325 1257 sed
2354 1204 2482 1261 solis
2507 1207 2615 1273 his,
2649 1224 2770 1278 qua:
2798 1211 2852 1265 in
2888 1211 3087 1268 infimis
3115 1214 3396 1270 calcantur
3418 1217 3502 1271 in-

1931 1291 2134 1355 tendat,
2169 1295 2260 1362 qui
2287 1305 2342 1349 et
2372 1299 2416 1352 si
2460 1299 2746 1369 aliquando
2777 1303 2976 1372 aliquid
3015 1320 3083 1359 ex
3127 1309 3268 1362 bono
3312 1309 3500 1378 patriae

1927 1383 2164 1440 caelestis
2191 1389 2444 1456 audierit,
2470 1393 2538 1447 ad
2565 1393 2670 1448 hoc
2695 1395 2949 1450 nimirum
2983 1412 3250 1466 perversae
3275 1413 3500 1455 consue—

1927 1477 2128 1531 tudinis
2155 1480 2294 1534 mole
2320 1493 2686 1552 praegravatus
2717 1489 2896 1544 cordis
2928 1488 3120 1544 faciem
3149 1506 3253 1545 non
3281 1492 3496 1558 attollit,

1927 1567 2052 1635 quia
2095 1571 2437 1639 cogitationis
2469 1583 2670 1631 statum
2715 1579 2924 1650 erigere
2965 1596 3070 1635 non
3112 1581 3293 1648 valet,
3337 1598 3496 1653 quem

1927 1668 2157 1714 terrena:
2183 1676 2314 1717 usus
2346 1664 2727 1724 sollicitudinis
2747 1685 2972 1724 curvum
3002 1679 3168 1727 tenet.
3201 1672 3279 1726 Ex
3307 1673 3498 1728 horum

253 1765 332 1835 qui
384 1764 457 1818 ita
504 1778 569 1818 se
611 1759 931 1815 imitabilem
961 1759 1172 1814 caeteris
1214 1759 1268 1812 in
1299 1759 1528 1823 cunctis,
1569 1771 1690 1828 quae
1713 1759 1824 1827 agit
1852 1749 1897 1808 B
1925 1753 2122 1822 quippe
2165 1756 2344 1825 specie
2379 1755 2669 1814 Psalmista
2706 1757 2838 1816 dieit
2882 1780 2896 1816 :
2947 1761 3264 1819 Incurcatus
3297 1781 3414 1820 sum
3448 1775 3500 1820 et

253 1858 510 1920 insinuat,
549 1862 609 1908 ut
663 1853 893 1908 interius
939 1867 1046 1906 non
1097 1850 1294 1905 habeat
1335 1851 1478 1921 quod
1525 1851 1713 1905 saltem
1758 1851 1825 1905 de

256 1946 533 2000 transactis
562 1942 866 2007 erubescat,
895 1941 986 2011 qui
1029 1941 1109 1995 sic
1143 1940 1324 1995 studet
1349 1940 1531 1994 vivere
1558 1948 1617 1992 ut
1641 1939 1826 2008 proxi-

255 2053 457 2092 morum
484 2049 700 2106 quoque
719 2035 881 2089 corda
906 2029 1111 2086 arentia
1133 2032 1396 2087 doctrinae
1416 2031 1592 2085 valeat
1611 2030 1824 2086 liuentis

255 2127 505 2198 irrigare;
538 2127 632 2197 qui
675 2124 938 2180 orationis
970 2137 1070 2177 usu
1110 2130 1167 2176 et
1193 2121 1568 2191 experimento
1601 2118 1716 2189 jam
1745 2120 1825 2175 di—

253 2219 372 2273 dicit
399 2218 547 2288 quod
573 2216 819 2272 obtinere
843 2231 872 2268 a
896 2213 1124 2268 Domino
1151 2225 1270 2282 quae
1299 2210 1608 2281 poposcerit
1628 2210 1818 2278 possit.

255 2307 380 2365 Hine
408 2317 512 2372 est,
548 2307 692 2378 quod
721 2319 953 2376 superna
980 2317 1136 2368 voce,
1173 2315 1386 2356 morum
1413 2300 1546 2354 vitia
1576 2315 1674 2370 per
1697 2315 1820 2354 cor-

253 2415 369 2469 pora
399 2396 614 2454 infirma
645 2399 929 2467 signantur
950 2436 964 2453 .
1015 2394 1140 2449 dum
1197 2395 1266 2448 ad
1311 2392 1532 2463 Moysen
1563 2391 1822 2446 Dominus

256 2491 395 2545 dicit.

325 2581 545 2651 Loquere
579 2581 646 2633 ad
675 2579 853 2664 Aaron
883 2589 901 2629 :
929 2575 1101 2632 Homo
1131 2577 1194 2630 de
1223 2576 1416 2630 semine
1466 2585 1554 2629 tuo
1597 2591 1690 2646 per
1733 2574 1819 2644 fa-

268 2671 458 2734 milias,
491 2671 578 2741 qui
601 2669 841 2723 habuerit
864 2666 1149 2730 maculam,
1177 2683 1282 2719 non
1311 2667 1492 2736 offeret
1521 2683 1682 2735 panes
1711 2666 1820 2719 Deo

257 2779 389 2826 suo,
435 2777 527 2815 nec
568 2759 774 2814 accedet
831 2758 900 2814 ad
946 2758 1294 2811 ministerium
1329 2757 1463 2826 ejus.
1508 2756 1608 2811 Ubi
1637 2765 1692 2812 et
1737 2772 1822 2812 re-

255 2861 404 2921 pente
430 2850 774 2922 subjungitur
802 2867 814 2902 :
841 2847 898 2902 Si
923 2864 1092 2903 caecus
1116 2847 1294 2916 fuerit,
1319 2848 1365 2899 si
1395 2845 1638 2911 claudus,
1670 2847 1716 2899 si
1745 2844 1820 2900 uel

249 2959 394 3012 parte
408 2953 458 2998 et
482 2941 700 3013 grandi,
726 2938 802 2994 uel
823 2947 957 2992 torto
980 2953 1127 3002 naso,
1151 2937 1194 2990 si
1218 2935 1385 3004 fracto
1400 2934 1548 3005 pede,
1571 2936 1616 2987 si
1634 2951 1818 3013 manu,

252 3036 292 3087 si
311 3035 514 3105 gibbus,
536 3033 581 3086 si
605 3023 776 3101 lippus
802 3070 817 3095 ,
846 3030 890 3083 si
920 3028 1217 3097 albuginem
1244 3026 1438 3080 habens
1465 3026 1522 3079 in
1550 3024 1702 3078 oculo
1729 3064 1744 3089 ,
1772 3025 1818 3078 si

1925 1843 2230 1900 humiliatus
2269 1865 2384 1902 sum
2415 1866 2782 1925 usquequaque
2811 1855 2983 1926 (Psal.
3015 1860 3227 1928 cxvnn).
3259 1859 3498 1925 Quorum

1926 1932 2138 2001 culpam
2181 1951 2394 2006 quoque
2439 1943 2783 2012 semetipsam
2813 1943 3026 2002 Veritas
3053 1951 3349 2017 reprobans
3373 1951 3452 2004 ait
3481 1968 3495 2004 :

1927 2021 2114 2078 Semen
2141 2037 2313 2080 autem
2333 2031 2474 2098 quod
2500 2032 2554 2084 in
2581 2034 2746 2102 spinis
2772 2033 2958 2090 'cecidit
2977 2078 2992 2103 ,
3027 2040 3082 2092 hi
3105 2050 3228 2094 sunt
3273 2043 3361 2112 qui
3397 2058 3497 2096 au-

1923 2112 2152 2180 dierunt,
2180 2125 2229 2169 et
2250 2134 2283 2170 a
2311 2118 2750 2178 sollicitudinibus
2780 2135 2828 2178 et
2853 2125 3050 2182 divitiis
3074 2138 3122 2181 et
3148 2121 3497 2200 uoluptatibus

1923 2205 2042 2259 vita:
2095 2216 2313 2275 euntes,
2370 2211 2700 2281 suﬁ‘ocantur
2752 2223 2801 2269 et
2839 2231 2946 2270 non
2998 2218 3230 2287 referunt
3268 2221 3498 2289 fructum

1925 2293 2140 2364 (Matth.
2172 2297 2316 2370 xm).

1993 2387 2198 2458 Lippus
2222 2405 2354 2446 vero
2375 2401 2457 2448 est
2483 2393 2638 2465 cujus
2663 2394 2881 2466 quidem
2919 2398 3192 2469 ingenium
3222 2401 3289 2454 ad
3314 2402 3500 2472 cogni-

1923 2481 2123 2538 tionem
2169 2487 2412 2542 veritatis
2454 2488 2688 2554 emicat,
2746 2491 2842 2546 sed
2883 2501 3063 2548 tamen
3108 2494 3210 2549 hoc
3257 2494 3500 2549 carnalia

1921 2586 2084 2641 opera
2107 2575 2420 2630 obscurant.
2445 2571 2505 2632 In
2525 2577 2682 2648 lippis
2697 2579 2893 2651 quippe
2915 2581 3086 2637 oculis
3113 2582 3328 2654 pupillae
3353 2599 3500 2640 sana:

1923 2673 2077 2732 sunt,
2127 2668 2222 2722 sed
2266 2669 2494 2724 humore
2542 2670 2809 2728 deﬂuente
2858 2673 3185 2729 inﬁrmantia
3239 2676 3496 2746 palpebra

1922 2767 2270 2826 grossescunt
2293 2799 2308 2825 ,
2346 2775 2576 2829 quorum
2613 2763 2740 2832 quia
2781 2763 3052 2820 infusione
3094 2767 3287 2822 crebro
3309 2769 3499 2823 atteri-

1923 2855 2045 2912 tur,
2094 2849 2258 2902 etiam
2297 2851 2443 2906 acies
2475 2852 2688 2922 pupilla:
2726 2854 2965 2908 vitiatur.
3009 2856 3077 2909 Et
3105 2865 3229 2911 sunt
3255 2858 3497 2912 nonnulli

1920 2951 2151 3006 quorum
2178 2955 2396 2995 sensum
2423 2942 2658 2998 carnalis
2685 2944 2808 2998 vitae
2842 2947 3085 3015 operatio
3134 2949 3371 3014 sauciat,
3400 2951 3494 3018 qui

1919 3029 2102 3085 videre
2152 3041 2301 3087 recta
2338 3033 2610 3090 subtiliter
2647 3049 2745 3104 per
2785 3037 3058 3108 ingenium
3096 3048 3370 3108 poterant,
3403 3043 3498 3098 sed

247 3127 409 3196 iugem
436 3124 670 3180 scabiem
694 3163 709 3188 ,
738 3122 784 3176 si
811 3119 1162 3190 impetiginem
1187 3118 1243 3172 in
1265 3133 1484 3188 corpore
1508 3156 1524 3180 ,
1570 3115 1647 3170 vel
1682 3132 1816 3186 pon-
1845 3115 1890 3178 C
1921 3134 2022 3173 usu
2055 3135 2224 3190 pravo
2259 3137 2359 3192 per
2385 3132 2565 3180 actum
2594 3125 2849 3196 caligant.
2887 3127 3088 3199 Lippus
3129 3129 3313 3199 itaque
3361 3138 3447 3187 est
3477 3173 3492 3197 ,

248 3216 472 3272 derasus.
511 3213 702 3271 Cacus
747 3220 831 3267 est
874 3210 966 3280 qui
1013 3224 1261 3279 supernae
1287 3207 1467 3262 lumen
1491 3206 1820 3276 contempla-

251 3305 396 3362 tionis
419 3307 670 3377 ignorat,
698 3302 790 3373 qui
817 3299 1100 3371 praesentis
1139 3299 1260 3352 vitae
1301 3297 1538 3352 tenebris
1566 3312 1814 3367 pressus,

247 3397 358 3451 dum
382 3403 677 3452 venturam
720 3394 896 3447 lucem
934 3403 1282 3460 nequaquam
1309 3387 1580 3459 diligendo
1604 3387 1820 3458 conspi-

245 3485 348 3552 cit,
383 3500 498 3556 quo
518 3498 766 3556 gressum
789 3480 969 3550 operis
992 3479 1235 3550 porrigat
1261 3479 1455 3533 nescit.
1483 3477 1619 3532 Hinc
1644 3485 1700 3532 et
1719 3491 1819 3546 per

243 3578 647 3647 prophetantem
701 3577 913 3627 Annam
973 3569 1172 3625 dicitur
1219 3586 1234 3624 :
1297 3567 1466 3624 Pedes
1513 3578 1816 3622 sanctorum

243 3681 446 3720 suorum
495 3663 760 3727 servabit,
809 3670 860 3716 et
891 3661 1040 3730 impii
1099 3659 1155 3712 in
1199 3658 1425 3713 tenebris
1474 3659 1815 3712 conticescent

244 3755 289 3824 (1
316 3756 444 3828 Reg.
480 3755 566 3829 ιι).
595 3753 834 3810 Claudus
854 3767 984 3808 vero
1017 3760 1101 3806 est
1123 3791 1137 3816 ,
1167 3749 1385 3819 quidem
1438 3763 1547 3817 quo
1590 3761 1816 3818 pergere

243 3847 419 3901 debeat
441 3845 664 3916 aspicit,
687 3844 780 3899 sed
811 3859 906 3913 per
933 3841 1309 3896 inﬁrmitatem
1321 3840 1520 3894 mentis
1531 3839 1657 3893 vitae
1672 3839 1815 3892 viam

241 3936 467 4004 perfecte
489 3952 599 3992 non
624 3936 768 3990 valet
799 3945 980 3991 tenere
1001 3951 1164 4005 quam
1182 3935 1340 3998 vidit,
1359 3933 1488 4003 quia
1503 3934 1572 3987 ad
1598 3931 1814 3986 virtutis

241 4034 424 4081 statum
463 4024 679 4080 deﬂuxu
709 4024 1042 4079 consuetudo
1082 4039 1189 4078 non
1217 4022 1450 4092 erigitur
1473 4061 1490 4086 ,
1540 4035 1662 4074 cum
1707 4035 1814 4089 quo

237 4117 504 4172 desiderio
530 4117 785 4172 innititur
810 4155 826 4180 ,
875 4113 1002 4170 illuc
1053 4129 1271 4185 gressus
1308 4113 1492 4182 operis
1517 4111 1815 4167 ellicaciter

237 4226 330 4266 non
357 4221 684 4282 sequuntur.
722 4209 862 4263 Hinc
887 4209 1086 4264 etenim
1113 4208 1312 4262 Paulus
1342 4208 1471 4264 dicit
1503 4225 1516 4261 :
1547 4205 1812 4261 Remissas

236 4318 409 4358 altanus
459 4315 510 4356 et
547 4301 803 4356 dissoluta
830 4317 1000 4371 genua
1032 4301 1212 4370 erigite
1238 4341 1253 4364 ,
1298 4310 1346 4353 et
1395 4315 1603 4370 gressus
1643 4308 1810 4352 rectos

235 4393 379 4461 facile
401 4395 631 4466 pedibus
658 4395 834 4448 uestris
851 4434 865 4458 ,
909 4403 968 4447 ut
999 4409 1103 4447 non
1125 4391 1432 4445 claudicans
1458 4400 1616 4456 erret,
1644 4389 1810 4459 magis

1919 3212 2076 3282 cujus
2125 3227 2346 3269 sensum
2397 3225 2593 3270 natura
2637 3218 2873 3284 exacuit,
2926 3219 3022 3273 sed
3071 3222 3501 3278 conversationis

1918 3300 2156 3369 pravitas
2183 3302 2481 3358 confundit.
2513 3303 2611 3359 Cui
2654 3304 2792 3360 bene
2830 3320 2929 3375 per
2961 3306 3222 3379 Angelum
3249 3309 3451 3366 dicitur
3481 3328 3495 3365 :

1919 3391 2151 3464 Collyrio
2175 3394 2369 3465 inunge
2391 3394 2570 3450 oculos
2595 3405 2712 3450 tuos
2740 3405 2797 3451 ut
2824 3397 2997 3452 videas
3025 3398 3212 3471 (Apoc.
3246 3401 3353 3474 nt).
3376 3401 3499 3458 Col-

1921 3482 2060 3553 lyrio
2088 3485 2288 3555 quippe
2329 3485 2516 3541 oculos
2564 3495 2624 3541 ut
2677 3487 2954 3542 videamus
2988 3489 3320 3561 inungimus,
3374 3507 3496 3548 cum

1917 3575 1986 3628 ad
2025 3577 2450 3644 cognoscendam
2512 3578 2622 3631 veri
2677 3578 2895 3633 luminis
2933 3580 3236 3636 claritatem
3267 3623 3281 3647 ,
3339 3583 3498 3640 intel-

1918 3665 2091 3720 lectus
2131 3667 2303 3720 nostri
2341 3667 2512 3720 aciem
2557 3669 2917 3722 medicamine
2961 3653 3116 3724 bona;
3163 3674 3494 3742 operationis

1916 3757 2251 3827 adjuvamus.
2291 3761 2612 3832 Albugiucm
2658 3779 2787 3818 vero
2835 3763 3001 3822 habet
3047 3766 3102 3819 in
3151 3766 3347 3831 oculo,
3401 3771 3493 3834 qui

1915 3849 2163 3904 veritatis
2190 3850 2365 3905 lucem
2405 3852 2590 3906 videre
2631 3867 2739 3907 non
2776 3837 2988 3920 sinitur,
3017 3855 3141 3924 quia
3187 3857 3493 3928 arrogantia

1916 3942 2198 4011 sapientiae
2218 3957 2312 3998 seu
2331 3941 2557 4011 iustitiae
2580 3954 2835 4000 caacatur.
2864 3945 3069 4016 Pupilla
3101 3962 3332 4017 namque
3352 3948 3493 4006 oculi

1915 4031 2072 4102 nigra
2100 4031 2272 4098 videt,
2295 4032 2612 4104 'albuginem
2641 4033 2877 4089 tolerans
2900 4034 2974 4088 nil
2997 4036 3167 4101 videt,
3195 4037 3318 4105 quia
3347 4037 3492 4093 vide-

1915 4121 2044 4176 licet
2087 4137 2278 4178 sensus
2330 4125 2581 4179 humana:
2626 4125 2970 4195 cogitationis
3023 4127 3069 4181 si
3121 4126 3342 4181 stultum
3395 4141 3490 4195 se,

1913 4221 2372 4283 peccatorumque
2412 4215 2695 4284 intelligit,
2745 4216 3112 4287 cognitionem
3143 4216 3347 4270 intimae
3380 4217 3490 4272 cla-

1915 4303 2092 4357 ritatis
2118 4304 2491 4374 apprehendit.

1985 4388 2043 4444 Si
2094 4399 2276 4444 autem
2330 4393 2619 4453 candorem
2671 4391 2774 4445 sibi
2813 4390 3042 4460 justitite
3087 4407 3180 4448 seu
3211 4394 3491 4463 sapientia:

231 4459 792 4556 autem'saneturusa.
817 4480 1117 4553 Lv).Parvo
1137 4489 1318 4534 autem
1340 4494 1472 4533 naso
1493 4487 1597 4543 est,
1622 4479 1715 4548 qui
1741 4479 1808 4532 ad
1836 4459 1887 4518 Ῐ)
1914 4479 2131 4542 tribuit,
2184 4494 2215 4533 a
2255 4479 2373 4535 luce
2415 4495 2474 4535 se
2514 4495 2760 4551 superna:
2814 4459 3140 4553 cognitionis
3200 4459 3438 4552 excludit
3467 4527 3485 4553 ,

234 4577 518 4630 tenendam
563 4587 872 4628 mensuram
901 4572 1244 4631 discretionis
1280 4571 1503 4625 idoneus
1553 4584 1660 4623 non
1704 4579 1808 4634 est,

231 4665 367 4726 Naso
397 4671 604 4739 quippe
648 4669 845 4722 odores
869 4669 1176 4737 fetoresque
1221 4667 1600 4722 discernimus.
1643 4665 1810 4721 Recte

231 4772 352 4830 ergo
375 4774 480 4829 per
511 4774 704 4812 nasum
734 4757 988 4811 discretio
1011 4757 1352 4826 exprimitur,
1381 4771 1479 4825 per
1515 4770 1678 4824 quam
1704 4755 1812 4808 vir-

235 4857 365 4903 uites
385 4849 664 4920 eligimus,
688 4847 881 4901 delicta
915 4848 1287 4915 reprobamus.
1319 4847 1468 4902 Unde
1491 4853 1546 4900 et
1573 4847 1626 4899 in
1653 4845 1808 4900 laude

229 4953 437 5008 sponsae
465 4939 667 4994 dicitur
697 4957 709 4992 :
740 4938 920 4992 Nasus
961 4947 1082 4992 tuus
1123 4939 1255 4992 sicut
1303 4939 1464 4992 turris
1499 4955 1616 5009 quce
1649 4946 1725 4992 est
1754 4938 1810 4991 in

230 5026 424 5083 Libano
462 5027 644 5102 (Cant.
679 5028 809 5100 vn);
841 5029 966 5099 quia
1014 5030 1268 5083 nimirum
1308 5038 1494 5085 sancta
1528 5030 1767 5084 Ecclesia
1792 5071 1808 5096 ,

227 5132 339 5186 quae
367 5135 438 5174 ex
492 5119 674 5174 causis
715 5118 940 5188 singulis
989 5127 1369 5188 temptamenta
1415 5121 1676 5189 prodeant
1715 5135 1811 5190 per

228 5208 609 5264 discretionem
641 5210 944 5279 conspicit,
983 5217 1040 5263 et
1079 5219 1307 5264 ventura
1355 5211 1611 5266 vitiorum
1668 5211 1808 5266 bella

224 5313 288 5350 ex
313 5299 424 5353 alta
457 5299 894 5354 consideratione
935 5300 1305 5369 deprehendit.
1365 5300 1472 5356 Sed
1513 5310 1641 5357 sunt
1678 5317 1809 5356 non-

227 5389 353 5443 nulli
383 5391 483 5459 qui
515 5393 640 5444 dum
668 5391 941 5445 aestimare
968 5407 1024 5446 se
1053 5392 1272 5445 hebetes
1303 5391 1492 5446 nolunt
1522 5431 1536 5457 ,
1581 5408 1723 5462 sape
1753 5409 1810 5448 se

224 5475 278 5532 in
306 5481 640 5548 quibusdam
679 5481 1122 5550 iuquisitionibus
1160 5482 1443 5552 plusquam
1476 5497 1700 5537 necesse
1727 5493 1812 5537 est

222 5579 570 5635 exercentes,
598 5588 664 5626 ex
697 5573 866 5625 nimia
894 5572 1190 5628 subtilitate
1235 5571 1510 5627 falluntur.
1541 5573 1695 5629 Unde
1721 5574 1808 5629 hic

223 5669 446 5728 quque
489 5662 736 5718 subditur
775 5680 788 5716 :
843 5660 934 5716 Vel
977 5663 1166 5733 grandi
1204 5673 1253 5717 et
1289 5673 1426 5718 torto
1455 5679 1603 5718 naso.
1635 5663 1808 5718 Nasus

1909 4576 1966 4624 et
2011 4584 2078 4625 eo
2105 4569 2404 4624 claritatem
2432 4571 2546 4626 veri
2574 4569 2793 4626 luminis
2819 4586 3158 4641 nequaquam
3193 4585 3440 4643 penetrat
3470 4618 3486 4644 ,

1909 4674 2018 4729 quo
2055 4674 2114 4715 se
2149 4660 2290 4730 apud
2318 4675 2376 4714 se
2414 4673 2513 4730 per
2547 4662 2912 4732 arrogantiam
2949 4662 3189 4730 exaltat,
3230 4664 3370 4721 sicut
3420 4666 3489 4723 de

1907 4753 2232 4820 quibusdam
2261 4752 2462 4806 dicitur
2491 4767 2505 4805 :
2533 4751 2776 4806 Dicentes
2801 4753 2938 4806 enim
2979 4769 3034 4806 se
3071 4770 3181 4808 esse
3203 4757 3484 4826 sapientes,

1911 4839 2054 4893 stulti
2083 4840 2212 4909 facti
2231 4850 2349 4894 sunt
2376 4838 2564 4911 (Rom.
2591 4839 2652 4911 ι).
2677 4838 2868 4912 Jugem
2891 4855 3018 4895 vero
3038 4843 3200 4898 habet
3227 4845 3486 4913 scabiem,

1909 4931 1994 4984 cui
2038 4931 2218 4986 carnis
2243 4931 2542 5000 petulantia
2579 4932 2695 4986 sine
2729 4932 3032 4987 cessatione
3079 4935 3386 4990 dominatur
3431 4937 3484 4990 in

1910 5028 2112 5074 monte.
2143 5020 2200 5074 1n
2235 5022 2418 5076 scabie
2458 5023 2658 5076 etenim
2684 5021 2865 5078 fervor
2889 5021 3157 5079 viscerum
3197 5027 3264 5081 ad
3307 5035 3483 5080 cutem

1911 5113 2169 5176 trahitur,
2208 5129 2304 5182 per
2339 5127 2502 5184 quam
2547 5122 2692 5168 recte
2726 5113 2938 5168 luxuria
2975 5117 3303 5188 designatur.
3348 5117 3483 5184 Quia

1909 5203 1956 5258 si
2005 5202 2187 5257 cordis
2221 5205 2500 5273 temptatio
2525 5217 2698 5273 usque
2723 5203 2792 5258 ad
2818 5207 3185 5274 operationem
3230 5207 3440 5276 prosilit
3465 5247 3481 5271 ,

1910 5297 2166 5350 nimirum
2197 5295 2379 5350 fervor
2406 5296 2629 5350 intimus
2648 5311 2820 5366 usque
2839 5295 2907 5351 ad
2929 5297 3071 5352 cutis
3097 5298 3328 5352 scabiem
3352 5311 3480 5364 pro-

1910 5387 2130 5457 rumpit,
2157 5395 2212 5442 et
2257 5386 2406 5442 foras
2432 5386 2545 5456 jam
2587 5403 2785 5458 corpus
2835 5389 3060 5453 sauciat,
3098 5387 3224 5456 quia
3253 5385 3378 5439 dum
3427 5386 3479 5440 in

1909 5480 2236 5549 cogitatione
2255 5479 2505 5548 voluptas
2526 5493 2633 5532 non
2657 5477 2990 5546 reprimitur,
3005 5475 3166 5529 etiam
3191 5475 3243 5527 in
3271 5475 3483 5530 actione

1909 5570 2236 5625 dominatur.
2271 5569 2436 5636 Quasi
2465 5569 2609 5623 enim
2635 5568 2777 5623 cutis
2807 5566 3137 5635 pruriginem
3165 5561 3363 5617 Paulus
3391 5583 3480 5620 cu-

1912 5661 2064 5716 rabat
2113 5661 2425 5732 abstergere
2471 5675 2594 5714 cum
2628 5659 2844 5714 dicebat
2877 5674 2890 5710 :
2925 5654 3214 5725 Temptatio
3253 5671 3338 5711 vos
3379 5673 3481 5712 non
