3926 6176
431 287 538 347 4‘87

1085 275 1150 330 Β.
1187 269 1446 330 MBAN!
1485 262 1706 324 MM)!“
1743 259 2066 322 ARCIHEP.
2105 255 2417 314 MOGUNT.
2459 251 2744 312 OPERUM
2779 248 3040 307 PARS'I.

3581 242 3692 301 £88

429 391 784 469 apprehendat
823 388 925 444 nisi
963 387 1199 440 humana
1241 381 1304 453 (Ι
1332 379 1456 434 Cor.
1498 377 1576 449 κ).
1622 375 1702 430 Ac
1743 375 1791 428 si
1831 380 2016 469 aperte
2042 371 2093 430 Α
2120 367 2252 467 libet
2327 365 2709 469 praedictarum
2757 360 3110 469 'macularum
3167 357 3699 469 habentemLLmti-a

432 464 677 551 diceret,
720 483 1030 538 Humanum
1055 476 1274 548 quidem
1300 480 1385 528 est
1428 471 1483 525 in
1514 467 1677 524 corde
1705 464 2012 534 temptatio-

432 593 556 634 nem
581 571 811 644 perpeti,
829 567 1186 624 daemonicum
1212 579 1340 617 vero
1361 569 1444 616 est
1468 557 1766 614 certamine
1784 561 2013 622 tempta-

435 666 598 722 tionis
619 671 673 717 et
698 663 752 716 in
780 656 1093 730 Operatione
1117 651 1378 723 superari.

507 751 876 823 lmpetiginem
921 760 1137 816 quoque
1189 743 1354 797 habet
1392 740 1445 793 in
1494 751 1722 807 corpore
1765 733 2014 804 quisquis

437 845 667 902 avaritia
696 848 939 896 vastatur
986 838 1041 891 in
1087 842 1305 897 mente;
1354 839 1476 900 quae
1505 829 1551 883 si
1597 829 1650 882 in
1693 826 1877 897 parvis
1905 839 2012 878 non

390 999 397 1009 ε
437 933 818 1005 compescitur,
859 928 1113 983 nimirum
1144 925 1260 979 sine
1290 935 1542 977 mensura
1582 917 1856 972 dilatatur.
1900 915 2012 968 lm-

435 1028 616 1099 peu’go
640 1025 835 1094 quippe
861 1021 979 1074 sine
1003 1017 1190 1072 dolore
1218 1028 1416 1084 corpus
1437 1019 1683 1080 occupat,
1728 1016 1785 1062 et
1810 1007 2016 1099 absque

435 1098 681 1190 occupati
711 1116 866 1170 taedio
888 1125 1226 1175 excresccns,
1257 1106 1621 1162 membrorum
1647 1103 1896 1158 decorem
1919 1098 2017 1152 ftB’

438 1213 568 1278 dat;
603 1209 727 1280 quia
752 1214 808 1260 et
845 1192 1072 1259 avaritia
1101 1201 1242 1270 capti
1272 1199 1543 1261 animum,
1587 1195 1713 1253 dum
1741 1191 1894 1261 quasi
1920 1190 2015 1245 de-

435 1304 620 1366 lectat,
653 1298 949 1358 exulcerat,
995 1294 1123 1348 dum
1171 1288 1519 1360 adipiscenda
1548 1300 1777 1356 quaeque
1814 1283 2017 1351 cogita-

442 1392 574 1448 tioni
598 1388 802 1457 objicit,
831 1387 900 1441 ad
931 1382 1244 1439 inimicitias
1293 1378 1564 1443 accendit,
1599 1384 1657 1432 et
1689 1375 1930 1430 dolorem
1961 1373 2017 1427 in

438 1483 666 1536 vulnere
713 1493 822 1532 non
878 1475 1030 1539 facit,
1063 1473 1189 1541 quia
1231 1472 1482 1525 aestuanti
1527 1467 1710 1521 animo
1763 1479 1830 1539 ex
1859 1463 2016 1532 culpa

439 1569 826 1630 abundantiam
864 1562 1154 1635 promittit.
1199 1558 1307 1614 Sed
1339 1558 1505 1612 decor
1530 1554 1898 1610 membrorum
1921 1565 2019 1620 per

441 1661 813 1732 impetiginem
857 1657 1124 1728 perditur,
1161 1653 1288 1723 quia
1334 1649 1564 1704 aliarum
1607 1658 1821 1716 quoque
1847 1644 2016 1698 virtu-

2113 457 2294 513 veium
2325 466 2507 511 tamen
2543 463 2599 510 et
2625 455 2693 509 ad
2722 453 2915 518 altare,
2963 466 3161 520 corpus
3188 449 3443 504 videlicet
3468 447 3699 515 Christi,

2108 549 2298 613 idest,
2347 547 2661 602 ministrare
2713 546 2793 600 sic
2837 544 3026 598 ethoc
3071 543 3301 597 forsitan
3335 542 3388 595 in
3435 542 3704 598 Ecclesiis

2120 639 2366 694 invenies
2383 635 2671 692 custodiri.
2725 634 2784 689 Si
2811 634 2936 704 quis
2969 634 3116 688 enim
3153 633 3486 702 appmbatus
3533 633 3705 688 fuerit

2115 732 2451 786 sacerdotem
2478 728 2748 786 maculam
2777 727 3030 782 habuisse
3058 725 3348 794 aliquando
3398 725 3619 790 animae,
3649 734 3706 779 et

2113 823 2184 877 ab
2205 838 2267 877 ea
2293 822 2553 886 cessavit,
2605 818 2809 874 sanctis
2854 815 3070 888 quidem
3115 815 3526 870 communicare
3578 830 3694 870 non

2117 911 2474 982 prohibetur;
2532 908 2847 964 ministrare
2891 914 3073 960 autem
3119 905 3268 958 hunc
3317 905 3408 973 qui
3463 904 3589 959 talis
3617 913 3707 959 est

2115 1020 2226 1060 non
2276 1003 2422 1069 licet,
2447 1017 2553 1056 nec
2577 1001 2644 1055 ad
2686 999 2866 1054 velum
2897 997 3178 1062 accedere,
3210 1005 3266 1050 et
3314 995 3384 1050 ad
3414 995 3620 1060 altare,
3657 995 3709 1050 id

2112 1105 2219 1162 est,
2245 1095 2313 1150 ad
2336 1111 2532 1164 corpus
2554 1093 2767 1148 Domini
2794 1101 2856 1145 ut
2875 1091 2996 1161 ejus
3033 1091 3395 1145 ministerium
3447 1098 3706 1158 peragat.

2119 1187 2234 1243 Hoc
2256 1187 2458 1242 etenim
2490 1185 2667 1240 velum
2712 1193 2770 1238 et
2793 1183 2968 1237 altare
3017 1181 3218 1236 Paulus
3250 1181 3504 1236 Hebraeis
3558 1179 3709 1235 scri-

2116 1267 2280 1342 bens,
2301 1277 2484 1332 docuit
2515 1294 2527 1329 :
2561 1273 2828 1328 IIabemus
2854 1272 3046 1342 altare,
3081 1272 3145 1326 de
3171 1289 3271 1342 quo
3299 1271 3573 1325 comedere
3603 1288 3712 1325 non

2117 1369 2305 1422 habent
2333 1375 2638 1437 potestatem
2661 1364 2714 1417 hi
2741 1364 2831 1434 qui
2855 1360 3194 1416 tabernaculo
3226 1361 3471 1423 serviunt,
3507 1360 3711 1414 videli-

2119 1467 2207 1515 cet
2242 1457 2513 1513 Dominiei
2561 1455 2827 1524 corporis.
2872 1454 2987 1509 Hoc
3035 1453 3180 1509 enim
3229 1451 3445 1516 ludatis,
3475 1463 3716 1522 propter

2124 1549 2568 1606 incredulitatem
2617 1555 2672 1602 et
2705 1546 3024 1602 servitutem
3056 1545 3250 1599 littera:
3286 1545 3364 1598 uti
3406 1561 3515 1600 non
3554 1545 3710 1599 licet.

2188 1641 2303 1696 lloc
2329 1641 2507 1710 ipsum
2547 1648 2747 1702 autem,
2777 1647 2834 1692 et
2877 1637 3056 1691 velum
3079 1637 3185 1691 dici
3232 1637 3301 1690 ab
3337 1637 3454 1704 ipso
3499 1636 3666 1701 disce
3697 1657 3709 1688 :

445 1717 556 1809 tum
582 1717 924 1822 ptilchritudo
960 1762 1060 1816 per
1112 1717 1256 1799 lia-nc
1281 1743 1627 1812 depravatur,
1657 1747 1712 1793 et
1739 1736 1896 1806 quasi
1927 1745 2010 1790 ιο-
2040 1717 2088 1776 Β
2121 1732 2388 1788 Habentes
2419 1748 2539 1802 ergo
2569 1730 2945 1799 conﬁdentiam
2975 1729 3030 1781 in
3078 1727 3350 1780 introitum
3395 1737 3713 1779 sanctorum

443 1855 558 1901 tum
583 1858 780 1913 corpus
815 1846 1118 1908 exasperat,
1156 1834 1282 1904 quia
1312 1847 1410 1903 per
1450 1831 1703 1884 universa
1729 1827 1860 1881 vitia
1892 1825 2011 1878 ani-

448 1953 596 1994 mum
627 1935 953 2006 supplantat,
992 1930 1160 1987 Paulo
1204 1934 1516 1986 attestante,
1551 1923 1642 1992 qui
1685 1923 1802 1976 ait:
1838 1920 2016 1974 Radix

443 2029 675 2082 omnium
715 2027 974 2080 malorum
1001 2033 1074 2076 est
1111 2019 1374 2090 cupiditas
1424 2016 1473 2088 (I
1509 2015 1641 2069 Tim.
1674 2015 1770 2086 vt).
1807 2012 2015 2068 Ponde-

443 2133 600 2174 rosus
629 2121 757 2172 vero
779 2123 865 2169 est
891 2113 982 2183 qui
1013 2110 1401 2182 turpitudinem
1431 2121 1536 2162 non
1566 2112 1784 2160 exercet
1810 2103 1866 2158 in
1888 2116 2016 2172 ope-

446 2225 528 2275 re,
569 2209 663 2264 sed
722 2214 903 2260 tamen
958 2205 1026 2258 ab
1058 2204 1162 2259 hac
1214 2200 1545 2271 cogitatione
1601 2197 1857 2251 continua
1896 2191 2016 2248 sine

446 2298 816 2357 moderamine
863 2304 1120 2367 gravatur
1177 2292 1233 2347 in
1275 2300 1476 2354 mente,
1533 2290 1625 2358 qui
1676 2299 2015 2356 nequaquam

444 2391 664 2460 quidem
695 2404 867 2458 usque
894 2389 963 2442 ad
1021 2401 1156 2457 Opus
1183 2383 1454 2440 nefarium
1507 2381 1738 2450 rapitur,
1769 2377 1863 2432 sed
1897 2374 2014 2444 ejus

444 2479 658 2533 animus
707 2477 972 2547 voluptati
1024 2474 1253 2529 luxuria:
1309 2473 1424 2528 sive
1453 2471 1560 2526 ullo
1611 2466 2017 2540 repugnationis

449 2569 732 2627 obstaculo
761 2569 1082 2624 delectatur.
1122 2566 1326 2621 Vitium
1380 2564 1577 2633 quippe
1602 2572 1687 2616 est
1739 2559 2015 2631 ponderis,

448 2676 572 2716 cum
625 2660 822 2715 humor
865 2657 1140 2712 viseerum
1168 2655 1238 2709 ad
1268 2653 1410 2708 vires
1440 2652 1660 2715 labitur,
1694 2665 1813 2719 qua:
1839 2648 2018 2720 profe-

447 2759 537 2807 cto
570 2765 696 2808 cum
742 2747 994 2810 molestia
1043 2745 1323 2800 dedecoris
1373 2743 1760 2797 intumescunt.
1808 2739 2018 2794 Ponde-

447 2857 606 2898 rosus
633 2855 762 2912 ergo
790 2847 876 2894 est
907 2837 1000 2908 qui
1038 2836 1165 2891 totis
1191 2833 1606 2906 cogitationibus
1641 2830 1709 2885 ad
1735 2830 2016 2885 lasciviam

447 2932 706 2997 deﬂuens,
752 2929 964 3003 pondus
999 2925 1349 2998 turpitudinis
1387 2932 1566 2996 gestat
1618 2923 1673 2978 in
1728 2923 1914 2990 corde,
1962 2930 2018 2978 et

446 3022 694 3092 quamvis
738 3035 910 3091 prava
956 3033 1063 3074 non
1097 3025 1354 3072 exerceat
1379 3029 1564 3087 opera,
1626 3015 1695 3070 ab
1718 3013 1804 3070 his
1834 3023 2015 3070 tamen

452 3127 561 3167 non
601 3109 849 3166 evellitur
899 3108 1097 3164 mentis
1150 3107 1367 3172 intuitu,
1424 3121 1524 3160 nec
1573 3104 1642 3159 ad
1681 3120 1839 3160 usum
1892 3102 2020 3158 boni

448 3201 632 3272 operis
659 3200 713 3254 in
756 3207 947 3268 aperto
988 3197 1134 3252 valet
1168 3211 1477 3266 assurgere,
1506 3195 1632 3265 quia
1657 3204 1849 3266 gravat
1875 3195 2023 3250 hunc

451 3291 508 3344 in
541 3289 740 3344 abditis
786 3287 997 3358 pondus
1044 3295 1218 3356 turpe.
1254 3285 1362 3355 (Ea:
1413 3283 1719 3356 Hesychia.)
1766 3284 2022 3354 Quisquis

450 3395 584 3452 ergo
611 3377 850 3448 quolibet
873 3378 1068 3432 horum
1107 3377 1359 3432 vitiorum
1385 3375 1688 3444 subjicitur,
1718 3391 1886 3448 panes
1911 3377 2020 3432 Do-

454 3470 604 3527 mino
624 3467 822 3525 oﬁ‘erre
846 3467 1188 3539 prohibetur,
1216 3482 1287 3523 ne
1312 3467 1560 3539 profecto
1590 3467 1798 3524 diluere
1843 3467 2020 3524 aliena

451 3560 647 3616 delicta
673 3574 781 3615 non
800 3559 980 3616 valeat
1010 3559 1058 3615 is
1079 3573 1239 3629 quem
1270 3559 1445 3614 adhuc
1472 3560 1692 3632 propria
1715 3561 2018 3626 devastant,

451 3649 579 3720 quia
602 3648 1009 3704 immaculatum
1054 3663 1177 3706 esse
1203 3649 1622 3715 conversatione
1641 3657 1697 3705 et
1723 3650 1904 3705 animo
1933 3665 2022 3705 sa-

452 3742 727 3796 cerdotem
760 3749 992 3811 oportet,
1024 3755 1185 3810 quem
1212 3740 1353 3796 sicut
1381 3739 1590 3811 Moyses
1609 3740 1892 3797 duodecim
1915 3756 2024 3796 ma-

454 3831 593 3887 culis
645 3831 900 3886 mundum
937 3845 1059 3885 esse
1112 3831 1408 3902 praecepit:
1446 3839 1526 3885 tot
1560 3831 1706 3887 enim
1754 3845 1848 3887 eas
1876 3831 2026 3887 inve-

454 3922 572 3976 nies
623 3921 920 3977 secundum
979 3918 1332 3990 Septuaginta
1385 3921 1774 3977 dinumeratas.
1827 3919 1921 3976 Sic
1971 3931 2029 3978 et

453 4011 674 4078 Paulus,
703 4011 984 4066 duodecim
1018 4025 1346 4066 conservare
1367 4027 1491 4067 eum
1542 4012 1634 4082 qui
1664 4013 2026 4069 sacerdotium

456 4101 752 4157 sortiturus
773 4110 876 4166 est,
908 4100 1182 4171 praecepit,
1215 4099 1400 4156 dicens
1429 4119 1443 4156 :
1477 4100 1694 4172 Oportet
1729 4104 2025 4174 episcopum

451 4189 954 4262 irreprehensibilem
1021 4207 1152 4255 esse,
1209 4191 1343 4244 sicut
1401 4190 1497 4246 Dei
1537 4191 1946 4261 dispensatorem
1973 4191 2026 4264 (Ι

457 4282 594 4338 Tim.
625 4281 722 4354 v1).
763 4281 894 4349 Quis
920 4289 1100 4336 autent
1145 4281 1660 4350 irreprebensibilis,
1703 4282 1806 4337 nisi
1838 4283 2028 4353 impol-

454 4370 619 4428 lutus.
681 4371 884 4427 Deinde
936 4371 1076 4426 unde
1149 4370 1436 4442 colligatur
1495 4371 2024 4441 irreprehensibilem

453 4475 580 4516 eum
633 4475 754 4516 esse
783 4476 813 4514 a
861 4459 1112 4530 qualibus
1159 4461 1386 4515 maculis
1439 4469 1533 4515 aut
1559 4462 1901 4531 passionibus
1928 4479 2027 4519 ca-

459 4551 652 4616 rendo,
704 4551 758 4606 in
806 4551 1186 4619 subscquendo
1234 4552 1512 4607 ostendit:
1549 4551 1672 4606 Non
1722 4553 2023 4623 superbum,

457 4655 562 4693 non
587 4639 922 4704 iracundum,
956 4656 1060 4696 non
1111 4639 1448 4707 vinolentum,
1499 4658 1601 4696 non
1646 4660 2024 4712 percussorem,

463 4729 567 4784 non
588 4728 753 4798 turpis
783 4727 918 4784 lucri
943 4729 1189 4799 cupidum
1210 4743 1228 4780 :
1259 4730 1349 4784 sed
1371 4729 1700 4801 hospitalem,
1726 4731 2023 4802 benignum,

455 4827 683 4883 castum,
698 4818 938 4888 justum,’
958 4828 1216 4884 sanctum,
1246 4819 1611 4885 continentem,
1637 4819 2027 4891 amplectentem

457 4923 577 4962 eum
607 4907 696 4979 qui
741 4908 1024 4963 secundum
1058 4909 1351 4964 doctrinam
1374 4921 1447 4964 est
1473 4909 1680 4980 ﬁdelem
1714 4927 2024 4970 sermonem.

460 4997 752 5055 Duodecim
783 5013 913 5070 ergo
959 5009 1013 5055 et
1055 5001 1170 5070 ipse
1203 5002 1475 5057 custodire
1528 5003 1863 5058 sacerdotem
1888 5005 2024 5061 vult.

463 5091 531 5146 Et
566 5089 921 5159 quamobrem
947 5091 996 5146 ei
1027 5100 1176 5146 tanta
1203 5091 1615 5161 superimponit,
1641 5093 1692 5146 in
1722 5095 2030 5164 praeceden-

463 5181 608 5237 tibus
628 5180 804 5236 dixit:
840 5178 1055 5251 Oportet
1103 5181 1242 5235 enim
1279 5181 1574 5252 episcopum
1601 5183 2028 5253 irreprehensibi-

461 5271 560 5326 lem
584 5287 716 5336 esse,
732 5272 865 5326 sicut
878 5270 977 5326 Dei
1005 5270 1437 5340 dispensatorem.
1481 5271 1584 5339 Qui
1612 5280 1790 5330 autem
1815 5275 2030 5346 dispen-

460 5370 545 5417 sat
579 5378 699 5432 quae
728 5362 825 5417 Dei
851 5370 1000 5427 sunt,
1030 5376 1165 5430 opus
1190 5361 1351 5416 habet
1375 5375 1471 5416 eos
1497 5377 1725 5432 quorum
1757 5365 2033 5435 dispensa-

463 5463 547 5509 tor
568 5463 654 5510 est
673 5454 960 5508 virtutibus
985 5454 1306 5522 praecedere.
1347 5452 1482 5508 Nam
1503 5457 1768 5525 quomodo
1797 5457 1901 5513 illis
1923 5459 2033 5513 dis-

465 5559 714 5614 pensare,
735 5545 1006 5615 quomodo
1026 5543 1310 5614 disponere
1337 5547 1568 5616 poterit?
1598 5547 1732 5616 Quia
1757 5557 1935 5605 autem
1957 5549 2033 5606 le—

466 5633 688 5706 gislator
722 5636 1009 5695 comedere
1040 5635 1106 5691 de
1132 5637 1338 5693 sanctis
1377 5640 1630 5711 praecepit
1654 5656 1817 5696 unam
1845 5657 2034 5712 quam-

2045 3068 2093 3131 C

2115 1841 2208 1896 per
2233 1822 2485 1885 velamen,
2512 1822 2564 1876 id
2594 1831 2692 1886 est,
2724 1837 2936 1874 carnem
2961 1819 3098 1888 ejus.
3132 1816 3211 1870 Ad
3239 1820 3341 1872 hoc
3366 1817 3566 1886 solum,
3611 1818 3712 1887 qui

2114 1915 2385 1971 maculam
2417 1915 2580 1969 habet
2609 1913 2800 1966 animm
2826 1910 3273 1980 noningrcditur.
3303 1909 3718 1976 Quamobrem?

2118 2008 2256 2072 Quia
2280 2005 2540 2060 maculam
2572 2004 2723 2057 habet
2749 2043 2763 2067 ,
2804 2013 2849 2056 et
2880 2018 2982 2055 non
3015 2001 3162 2056 debet
3189 2001 3548 2055 contaminare
3576 2017 3718 2054 sau-

2115 2104 2379 2156 ctuarium
2421 2115 2610 2153 meum.
2669 2095 3069 2151 Contatttittazio
3096 2077 3240 2151 enim
3276 2105 3596 2150 sanctorum
3635 2105 3720 2152 at-

2116 2208 2220 2262 que
2247 2190 2441 2261 injuria
2464 2201 2570 2255 est,
2601 2189 2735 2244 tales
2771 2189 2839 2242 ad
2871 2187 3230 2242 ministerium
3261 2185 3464 2253 offerri,
3507 2188 3563 2242 in
3597 2188 3723 2258 qui-

2114 2283 2218 2339 bus
2246 2281 2468 2337 oll‘endit
2492 2280 2743 2350 populus,
2793 2289 2848 2334 et
2891 2279 2982 2348 qui
3009 2288 3340 2348 cognoscunt
3369 2293 3564 2332 eorum
3599 2294 3723 2332 ma-

2115 2374 2268 2429 culas
2291 2372 2748 2428 scandalizentur.
2795 2369 3024 2439 Propter
3044 2369 3186 2438 quod
3220 2377 3275 2422 et
3310 2367 3536 2432 Paulus,
3567 2371 3723 2423 testi-

2117 2464 2352 2517 monium
2385 2461 2576 2515 bonum
2600 2461 2790 2514 habere
2827 2460 2891 2514 ab
2923 2461 2998 2514 eis
3045 2460 3134 2531 qui
3169 2459 3298 2528 foris
3327 2467 3446 2532 sunt
3477 2457 3719 2535 (Coloss.

2118 2555 2216 2626 tv),
2245 2555 2587 2610 sacerdotem
2609 2553 2740 2607 vult.
2783 2551 2892 2608 Lex
2915 2560 3096 2608 autem
3123 2552 3466 2607 confirmavit
3495 2567 3563 2606 ca
3594 2567 3723 2621 qua:

2115 2648 2262 2704 dicta
2288 2655 2414 2702 sunt
2437 2663 2506 2703 ex
2528 2662 2592 2701 eo
2622 2648 2761 2716 quod
2793 2645 2968 2701 dixit:
3007 2644 3122 2715 Ego
3150 2645 3425 2710 Dominus,
3454 2644 3549 2714 qui
3584 2663 3722 2699 san-

2117 2737 2288 2807 ctiﬁco
2316 2755 2422 2792 vos.
2453 2737 2596 2808 Ego,
2625 2737 2790 2806 quis?
2834 2736 2924 2806 qui
2961 2737 3216 2807 praecipio
3241 2746 3297 2791 et
3326 2736 3547 2790 mando.
3593 2736 3724 2798 Pet;-

2119 2830 2240 2900 fecti
2264 2828 2895 2899 estote,quemadmodum
2919 2839 2965 2882 et
2989 2826 3153 2883 Pater
3173 2839 3332 2882 vester
3353 2828 3584 2886 celestis
3609 2846 3725 2898 per-

2118 2919 2284 2990 fectus
2309 2928 2404 2974 est.
2433 2919 2488 2974 lu
2514 2936 2621 2989 quo
2646 2921 2790 2973 en'm
2810 2918 3019 2974 macula
3049 2919 3174 2975 licet
3196 2936 3298 2974 una
3322 2918 3724 2990 praedictarum

2119 3020 2225 3078 est,
2257 3014 2346 3068 hic
2371 3030 2475 3067 non
2511 3023 2593 3067 est
2622 3013 2918 3082 perfectus.

2195 3105 2422 3158 Locutus
2445 3114 2520 3158 est
2547 3121 2670 3175 ergo
2705 3104 2910 3175 Moyses
2948 3105 3019 3158 ad
3041 3104 3219 3160 Aaron
3240 3115 3287 3159 et
3312 3122 3379 3158 aa
3405 3105 3724 3178 filios—ejus,

2122 3204 2170 3249 et
2197 3195 2265 3248 ad
2305 3211 2508 3249 omnem
2551 3194 2741 3260 Israel,
2792 3205 2979 3250 cuncta
3008 3213 3125 3266 qua:
3172 3195 3270 3250 sibi
3311 3197 3526 3265 fuerant
3553 3199 3728 3268 impe-

2123 3295 2241 3341 rata
2267 3285 2420 3358 (Cap.
2457 3287 2592 3358 xxi).
2643 3285 2773 3354 Quae
2797 3295 2921 3343 sunt
2949 3287 3066 3343 hate
3085 3303 3209 3358 quae
3235 3287 3444 3344 locutus
3481 3297 3571 3343 est
3594 3290 3620 3344 2
3651 3289 3728 3344 Ea

2121 3375 2373 3430 videlicet
2401 3391 2519 3446 quae
2557 3375 2811 3447 praedicta
2850 3385 3004 3442 sunt,
3052 3392 3172 3448 quae
3202 3376 3344 3432 Deus
3373 3377 3607 3446 quidem
3660 3381 3728 3433 ad

2123 3465 2342 3538 Moysen
2372 3466 2584 3523 locutus
2629 3476 2733 3524 est.
2791 3468 3004 3539 Moyses
3057 3478 3238 3524 autem
3281 3469 3464 3524 Aaron
3499 3479 3560 3526 et
3598 3471 3730 3526 ﬁliis

2123 3556 2241 3626 ejus
2268 3565 2326 3613 et
2351 3559 2572 3628 pepulo,
2619 3559 2761 3614 sicut
2787 3563 3080 3614 ostendunt
3107 3576 3176 3627 ea,
3215 3575 3336 3630 qua:
3375 3576 3527 3616 nunc
3577 3561 3725 3616 lecta

2125 3658 2252 3705 sunt
2283 3649 2523 3714 tradidit,
2547 3665 2653 3705 non
2683 3649 2884 3705 frustra
2908 3651 3025 3706 haec
3051 3650 3168 3721 lege
3187 3650 3582 3722 distinguente.
3615 3651 3728 3708 Scal

2124 3748 2185 3794 ut
2228 3739 2439 3811 Moyses
2481 3739 2796 3812 dignitatem
2849 3743 3256 3798 commendaret
3298 3753 3354 3798 et
3397 3745 3728 3800 ostenderet

2125 3839 2335 3900 aperte,
2388 3831 2518 3902 quia
2557 3831 2679 3887 aliis
2703 3833 2918 3902 quidem
2967 3847 3168 3902 pauca,
3209 3834 3311 3903 ipsi
3351 3849 3486 3890 vero
3534 3839 3729 3892 omnia

2127 3919 2271 3975 Deus
2303 3920 2632 3991 loqueretur,
2666 3930 2889 3992 propter
2917 3920 3033 3990 ejus
3053 3923 3319 3994 justitiam
3343 3932 3401 3978 et
3420 3923 3731 3996 imaginem

2125 4024 2288 4079 quam
2328 4011 2551 4080 gerebat
2580 4007 2826 4066 Christi:
2874 4011 3126 4067 similiter
3164 4022 3220 4068 et
3247 4028 3346 4069 nos
3384 4015 3599 4071 docens
3631 4017 3731 4070 hac

2126 4097 2257 4152 bere
2287 4108 2520 4152 mentem
2552 4099 2617 4153 ad
2652 4115 2985 4170 quaecunque
3015 4100 3250 4170 majores
3283 4111 3338 4158 et
3376 4103 3732 4173 perfectione

2128 4188 2402 4253 dixerint,
2451 4189 2686 4245 scientes
2719 4191 2844 4260 quia
2875 4192 3130 4248 continue
3161 4193 3262 4263 ipsi
3307 4209 3543 4265 superna
3594 4213 3736 4269 ope-

2128 4277 2341 4332 ratione
2374 4277 2646 4333 fruuntur.

2200 4368 2428 4424 Locutus
2457 4364 2660 4443 quoque
2691 4382 2768 4427 est
2809 4373 3068 4428 Dominus
3106 4375 3176 4428 ad
3219 4374 3458 4446 Moysen,
3491 4378 3690 4435 dicens
3713 4396 3735 4434 :

2134 4456 2365 4531 Loquere
2386 4460 2454 4513 ad
2482 4462 2658 4515 Aaron
2683 4471 2731 4516 et
2755 4461 2893 4531 ﬁlios
2914 4464 3053 4534 ejus,
3090 4474 3146 4518 ut
3165 4475 3379 4522 caveant
3404 4466 3470 4520 ab
3489 4467 3579 4522 his
3604 4486 3736 4541 qua

2130 4562 2432 4607 consecrata
2471 4565 2590 4606 sunt
2625 4553 2856 4620 ﬁliorum
2895 4554 3107 4621 Israel,
3138 4566 3186 4610 et
3226 4573 3330 4612 non
3357 4564 3736 4617 contaminent

2133 4657 2322 4696 nomen
2360 4643 2804 4712 sanctificatorum
2846 4645 2996 4710 mihi,
3034 4662 3151 4716 quae
3178 4646 3277 4716 ipsi
3307 4646 3578 4713 o/Terunt;
3633 4667 3735 4720 ego

2133 4731 2409 4788 Dominus.
2461 4733 2558 4788 Dic
2586 4735 2654 4787 ad
2682 4750 2768 4788 eos
2808 4744 2857 4788 et
2890 4734 2959 4788 ad
3003 4744 3234 4804 posteros
3273 4752 3454 4789 eorum
3478 4751 3497 4787 :
3526 4736 3737 4794 Omnis

2133 4825 2287 4878 homo
2313 4827 2402 4896 qui
2437 4827 2706 4880 accesserit
2751 4826 2815 4879 de
2849 4826 3005 4896 stirpe
3043 4835 3211 4879 vestra
3241 4825 3309 4878 ad
3350 4843 3412 4878 ea
3437 4843 3557 4895 qum
3595 4846 3740 4882 con-

2129 4926 2334 4972 secrato
2358 4927 2508 4980 sunt,
2547 4926 2594 4970 et
2617 4933 2733 4987 qua!
2761 4915 3054 4970 obtulerunt
3095 4915 3194 4984 ﬁlii
3237 4915 3408 4969 Israel
3449 4916 3732 4985 Domino,

2132 5007 2184 5058 in
2217 5023 2318 5075 quo
2343 5016 2415 5058 est
2455 5007 2811 5072 immunditia,
2843 5006 3030 5078 peribit
3056 5023 3232 5061 coram
3275 5005 3499 5060 Domino
3520 5023 3540 5061 :
3608 5010 3736 5081 Ego

2131 5110 2246 5148 sum
2291 5093 2546 5148 Dominus
2588 5095 2724 5166 (cap.
2770 5094 2928 5166 uti).
2980 5095 3088 5168 [Ex
3129 5095 3467 5170 Augustino]
3515 5098 3737 5156 Ablata

2130 5194 2217 5240 est
2241 5184 2419 5241 omnis
2445 5183 2709 5241 dubitatio
2736 5187 3007 5242 neminem
3055 5189 3392 5243 sacerdotum
3411 5228 3425 5252 ,
3454 5189 3539 5243 vel
3567 5206 3741 5246 sum-

2133 5292 2366 5342 morum,
2393 5277 2480 5332 vel
2503 5279 2892 5347 secundorum,
2924 5281 3174 5337 debuisse
3201 5281 3460 5337 accedere
3488 5282 3558 5336 ad
3591 5300 3741 5340 san-

2131 5374 2236 5430 cta,
2266 5366 2316 5421 si
2343 5366 2680 5424 immunditia
2709 5371 2824 5440 ejus
2844 5371 2897 5425 in
2930 5371 3046 5441 ipso
3079 5380 3240 5427 esset.
3271 5372 3402 5426 Erat
3424 5387 3560 5444 ergo
3590 5391 3742 5431 con-

2132 5471 2365 5526 sequens
2393 5459 2722 5514 continentia
2753 5462 3069 5525 sacerdotis,
3118 5477 3186 5516 ne
3229 5471 3450 5532 propter
3476 5464 3741 5522 ﬁliorum

2131 5550 2563 5618 procreationem
2615 5551 2884 5620 aliquibus
2941 5552 3131 5608 diebus
3183 5569 3290 5607 non
3341 5554 3744 5623 imponeretur

2129 5636 2552 5696 continuationis
2575 5639 2876 5709 incensum,
2903 5642 3043 5713 quod
3068 5658 3097 5697 a
3125 5643 3251 5697 solis
3277 5645 3507 5698 summis
3533 5660 3754 5710 sacer-
