  <div class='ocr_page' id='page_1' title='image "/cluster/home/n/w/nwhite01/storage/ocr_20150623/108/hvd.32044054759733/250.png"; bbox 0 0 3926 6176; ppageno 0'>
   <div class='ocr_carea' id='block_1_1' title="bbox 262 216 357 273">
    <p class='ocr_par' dir='ltr' id='par_1_1' title="bbox 262 216 357 273">
     <span class='ocr_line' id='line_1_1' title="bbox 262 216 357 273; baseline 0 0"><span class='ocrx_word' id='word_1_1' title='bbox 262 216 357 273; x_wconf 71' lang='grc'><strong>«189</strong></span> 
     </span>
    </p>
   </div>
   <div class='ocr_carea' id='block_1_2' title="bbox 1149 216 2577 278">
    <p class='ocr_par' dir='ltr' id='par_1_2' title="bbox 1149 216 2577 278">
     <span class='ocr_line' id='line_1_2' title="bbox 1149 216 2577 278; baseline 0.004 -8"><span class='ocrx_word' id='word_1_2' title='bbox 1149 216 1644 275; x_wconf 67' lang='lat' dir='ltr'><strong>EXPOSlTwN‘ES</strong></span> <span class='ocrx_word' id='word_1_3' title='bbox 1682 219 1747 274; x_wconf 76' lang='lat' dir='ltr'><strong>IN</strong></span> <span class='ocrx_word' id='word_1_4' title='bbox 1787 219 2179 276; x_wconf 75' lang='lat' dir='ltr'><strong>l.EVlTlCUM.</strong></span> <span class='ocrx_word' id='word_1_5' title='bbox 2221 251 2289 261; x_wconf 89' lang='lat'><strong>-—</strong></span> <span class='ocrx_word' id='word_1_6' title='bbox 2321 222 2447 278; x_wconf 78' lang='lat' dir='ltr'><strong>LIB.</strong></span> <span class='ocrx_word' id='word_1_7' title='bbox 2492 225 2577 278; x_wconf 74' lang='lat' dir='ltr'><strong>Vl.</strong></span> 
     </span>
    </p>
   </div>
   <div class='ocr_carea' id='block_1_3' title="bbox 3374 233 3485 308">
    <p class='ocr_par' dir='ltr' id='par_1_3' title="bbox 3374 233 3485 308">
     <span class='ocr_line' id='line_1_3' title="bbox 3374 233 3485 308; baseline 0 -18"><span class='ocrx_word' id='word_1_8' title='bbox 3374 233 3485 308; x_wconf 55' lang='lat' dir='ltr'><strong>seu</strong></span> 
     </span>
    </p>
   </div>
   <div class='ocr_carea' id='block_1_4' title="bbox 262 309 3483 408">
    <p class='ocr_par' dir='ltr' id='par_1_4' title="bbox 262 309 3483 408">
     <span class='ocr_line' id='line_1_4' title="bbox 262 309 3483 408; baseline 0.015 -49"><span class='ocrx_word' id='word_1_9' title='bbox 262 323 459 380; x_wconf 61' lang='lat' dir='ltr'><strong>acubus</strong></span> <span class='ocrx_word' id='word_1_10' title='bbox 481 320 561 376; x_wconf 78' lang='lat' dir='ltr'><strong>bis</strong></span> <span class='ocrx_word' id='word_1_11' title='bbox 586 320 641 374; x_wconf 85' lang='lat' dir='ltr'><strong>in</strong></span> <span class='ocrx_word' id='word_1_12' title='bbox 666 322 755 378; x_wconf 74' lang='lat' dir='ltr'><strong>die</strong></span> <span class='ocrx_word' id='word_1_13' title='bbox 776 321 982 377; x_wconf 85' lang='lat' dir='ltr'><strong>solebat</strong></span> <span class='ocrx_word' id='word_1_14' title='bbox 1009 323 1235 394; x_wconf 82' lang='lat' dir='ltr'><strong>imponi,</strong></span> <span class='ocrx_word' id='word_1_15' title='bbox 1276 343 1433 382; x_wconf 88' lang='lat' dir='ltr'><strong>mane</strong></span> <span class='ocrx_word' id='word_1_16' title='bbox 1461 338 1516 384; x_wconf 90' lang='lat' dir='ltr'><strong>et</strong></span> <span class='ocrx_word' id='word_1_17' title='bbox 1540 345 1764 399; x_wconf 90' lang='lat' dir='ltr'><strong>vespere</strong></span> <span class='ocrx_word' id='word_1_18' title='bbox 1790 350 1803 383; x_wconf 88' lang='lat'><strong>:</strong></span> <span class='ocrx_word' id='word_1_19' title='bbox 1835 338 1883 394; x_wconf 83' lang='grc' dir='ltr'>Α</span> <span class='ocrx_word' id='word_1_20' title='bbox 1913 329 1986 399; x_wconf 72' lang='grc' dir='ltr'><strong>ι).</strong></span> <span class='ocrx_word' id='word_1_21' title='bbox 2038 330 2095 386; x_wconf 85' lang='lat' dir='ltr'><strong>In</strong></span> <span class='ocrx_word' id='word_1_22' title='bbox 2119 332 2205 388; x_wconf 93' lang='lat' dir='ltr'><strong>his</strong></span> <span class='ocrx_word' id='word_1_23' title='bbox 2226 342 2408 388; x_wconf 88' lang='lat' dir='ltr'><strong>autem</strong></span> <span class='ocrx_word' id='word_1_24' title='bbox 2445 351 2571 390; x_wconf 88' lang='lat' dir='ltr'><strong>vera</strong></span> <span class='ocrx_word' id='word_1_25' title='bbox 2618 337 2811 393; x_wconf 71' lang='lat' dir='ltr'><strong>animm</strong></span> <span class='ocrx_word' id='word_1_26' title='bbox 2837 342 3067 408; x_wconf 90' lang='lat' dir='ltr'><strong>perditio</strong></span> <span class='ocrx_word' id='word_1_27' title='bbox 3093 344 3207 402; x_wconf 86' lang='lat' dir='ltr'><strong>sive</strong></span> <span class='ocrx_word' id='word_1_28' title='bbox 3230 309 3483 407; x_wconf 79' lang='lat' dir='ltr'><strong>extermi-</strong></span> 
     </span>
    </p>
   </div>
   <div class='ocr_carea' id='block_1_5' title="bbox 259 408 1807 486">
    <p class='ocr_par' dir='ltr' id='par_1_5' title="bbox 259 408 1807 486">
     <span class='ocr_line' id='line_1_5' title="bbox 259 408 1807 486; baseline 0.006 -21"><span class='ocrx_word' id='word_1_29' title='bbox 259 408 665 483; x_wconf 84' lang='lat' dir='ltr'><strong>quandoquidem</strong></span> <span class='ocrx_word' id='word_1_30' title='bbox 694 418 818 480; x_wconf 90' lang='lat' dir='ltr'><strong>post</strong></span> <span class='ocrx_word' id='word_1_31' title='bbox 861 410 1060 465; x_wconf 90' lang='lat' dir='ltr'><strong>coitum</strong></span> <span class='ocrx_word' id='word_1_32' title='bbox 1106 413 1445 486; x_wconf 88' lang='lat' dir='ltr'><strong>conjugalem</strong></span> <span class='ocrx_word' id='word_1_33' title='bbox 1493 417 1653 472; x_wconf 87' lang='lat' dir='ltr'><strong>etiam</strong></span> <span class='ocrx_word' id='word_1_34' title='bbox 1696 418 1807 475; x_wconf 84' lang='lat' dir='ltr'><strong>toto</strong></span> 
     </span>
    </p>
   </div>
   <div class='ocr_carea' id='block_1_6' title="bbox 259 500 1808 580">
    <p class='ocr_par' dir='ltr' id='par_1_6' title="bbox 259 500 1808 580">
     <span class='ocr_line' id='line_1_6' title="bbox 259 500 1808 580; baseline 0.007 -27"><span class='ocrx_word' id='word_1_35' title='bbox 259 516 461 572; x_wconf 83' lang='lat' dir='ltr'><strong>corpore</strong></span> <span class='ocrx_word' id='word_1_36' title='bbox 490 500 797 555; x_wconf 87' lang='lat' dir='ltr'><strong>immundus</strong></span> <span class='ocrx_word' id='word_1_37' title='bbox 828 509 947 556; x_wconf 87' lang='lat' dir='ltr'><strong>erat</strong></span> <span class='ocrx_word' id='word_1_38' title='bbox 976 519 1147 573; x_wconf 88' lang='lat' dir='ltr'><strong>usque</strong></span> <span class='ocrx_word' id='word_1_39' title='bbox 1189 505 1258 560; x_wconf 88' lang='lat' dir='ltr'><strong>ad</strong></span> <span class='ocrx_word' id='word_1_40' title='bbox 1290 521 1594 576; x_wconf 79' lang='lat' dir='ltr'><strong>vesperam,</strong></span> <span class='ocrx_word' id='word_1_41' title='bbox 1638 524 1669 562; x_wconf 89' lang='lat' dir='ltr'><strong>a</strong></span> <span class='ocrx_word' id='word_1_42' title='bbox 1699 525 1808 580; x_wconf 89' lang='lat' dir='ltr'><strong>quo</strong></span> 
     </span>
    </p>
   </div>
   <div class='ocr_carea' id='block_1_7' title="bbox 256 591 1807 668">
    <p class='ocr_par' dir='ltr' id='par_1_7' title="bbox 256 591 1807 668">
     <span class='ocr_line' id='line_1_7' title="bbox 256 591 1807 668; baseline 0.005 -21"><span class='ocrx_word' id='word_1_43' title='bbox 256 593 303 648; x_wconf 91' lang='lat' dir='ltr'><strong>id</strong></span> <span class='ocrx_word' id='word_1_44' title='bbox 325 605 534 647; x_wconf 84' lang='lat' dir='ltr'><strong>necesse</strong></span> <span class='ocrx_word' id='word_1_45' title='bbox 559 598 680 644; x_wconf 87' lang='lat' dir='ltr'><strong>erat</strong></span> <span class='ocrx_word' id='word_1_46' title='bbox 701 591 926 661; x_wconf 89' lang='lat' dir='ltr'><strong>imponi.</strong></span> <span class='ocrx_word' id='word_1_47' title='bbox 955 592 1106 659; x_wconf 85' lang='lat' dir='ltr'><strong>Quod</strong></span> <span class='ocrx_word' id='word_1_48' title='bbox 1129 604 1308 650; x_wconf 91' lang='lat' dir='ltr'><strong>autem</strong></span> <span class='ocrx_word' id='word_1_49' title='bbox 1337 597 1431 662; x_wconf 89' lang='lat' dir='ltr'><strong>ait,</strong></span> <span class='ocrx_word' id='word_1_50' title='bbox 1472 615 1591 668; x_wconf 70' lang='lat' dir='ltr'><strong>quin</strong></span> <span class='ocrx_word' id='word_1_51' title='bbox 1613 600 1807 654; x_wconf 79' lang='lat' dir='ltr'><strong>sancti-</strong></span> 
     </span>
    </p>
   </div>
   <div class='ocr_carea' id='block_1_8' title="bbox 254 680 1807 753">
    <p class='ocr_par' dir='ltr' id='par_1_8' title="bbox 254 680 1807 753">
     <span class='ocr_line' id='line_1_8' title="bbox 254 680 1807 753; baseline 0.006 -18"><span class='ocrx_word' id='word_1_52' title='bbox 254 684 396 753; x_wconf 78' lang='lat' dir='ltr'><strong>ﬁcant</strong></span> <span class='ocrx_word' id='word_1_53' title='bbox 422 681 518 750; x_wconf 78' lang='lat' dir='ltr'><strong>ﬁlii</strong></span> <span class='ocrx_word' id='word_1_54' title='bbox 545 680 736 747; x_wconf 84' lang='lat' dir='ltr'><strong>Israel,</strong></span> <span class='ocrx_word' id='word_1_55' title='bbox 766 681 1170 753; x_wconf 83' lang='lat' dir='ltr'><strong>intelligendum</strong></span> <span class='ocrx_word' id='word_1_56' title='bbox 1197 696 1298 752; x_wconf 90' lang='lat' dir='ltr'><strong>est,</strong></span> <span class='ocrx_word' id='word_1_57' title='bbox 1326 688 1597 744; x_wconf 77' lang='lat' dir='ltr'><strong>oﬁ‘erendo</strong></span> <span class='ocrx_word' id='word_1_58' title='bbox 1624 704 1807 745; x_wconf 89' lang='lat' dir='ltr'><strong>sacer-</strong></span> 
     </span>
    </p>
   </div>
   <div class='ocr_carea' id='block_1_9' title="bbox 255 772 1805 845">
    <p class='ocr_par' dir='ltr' id='par_1_9' title="bbox 255 772 1805 845">
     <span class='ocr_line' id='line_1_9' title="bbox 255 772 1805 845; baseline 0.005 -15"><span class='ocrx_word' id='word_1_59' title='bbox 255 776 443 830; x_wconf 84' lang='lat' dir='ltr'><strong>dotibus</strong></span> <span class='ocrx_word' id='word_1_60' title='bbox 468 772 805 829; x_wconf 73' lang='lat' dir='ltr'><strong>oﬁ&#39;erendum</strong></span> <span class='ocrx_word' id='word_1_61' title='bbox 844 790 946 845; x_wconf 88' lang='lat' dir='ltr'><strong>per</strong></span> <span class='ocrx_word' id='word_1_62' title='bbox 987 791 1083 831; x_wconf 88' lang='lat' dir='ltr'><strong>eos</strong></span> <span class='ocrx_word' id='word_1_63' title='bbox 1111 777 1359 835; x_wconf 90' lang='lat' dir='ltr'><strong>Domino.</strong></span> <span class='ocrx_word' id='word_1_64' title='bbox 1406 779 1474 834; x_wconf 87' lang='lat' dir='ltr'><strong>Et</strong></span> <span class='ocrx_word' id='word_1_65' title='bbox 1510 782 1805 838; x_wconf 88' lang='lat' dir='ltr'><strong>notandum</strong></span> 
     </span>
    </p>
   </div>
   <div class='ocr_carea' id='block_1_10' title="bbox 254 866 1807 938">
    <p class='ocr_par' dir='ltr' id='par_1_10' title="bbox 254 866 1807 938">
     <span class='ocr_line' id='line_1_10' title="bbox 254 866 1807 938; baseline 0.004 -16"><span class='ocrx_word' id='word_1_66' title='bbox 254 866 671 922; x_wconf 66' lang='lat' dir='ltr'><strong>sanstiﬁcationis</strong></span> <span class='ocrx_word' id='word_1_67' title='bbox 707 881 900 938; x_wconf 79' lang='lat' dir='ltr'><strong>genus,</strong></span> <span class='ocrx_word' id='word_1_68' title='bbox 935 869 1079 937; x_wconf 90' lang='lat' dir='ltr'><strong>quod</strong></span> <span class='ocrx_word' id='word_1_69' title='bbox 1105 868 1167 923; x_wconf 89' lang='lat' dir='ltr'><strong>ﬁt</strong></span> <span class='ocrx_word' id='word_1_70' title='bbox 1193 880 1318 925; x_wconf 88' lang='lat' dir='ltr'><strong>voto</strong></span> <span class='ocrx_word' id='word_1_71' title='bbox 1339 880 1394 925; x_wconf 88' lang='lat' dir='ltr'><strong>et</strong></span> <span class='ocrx_word' id='word_1_72' title='bbox 1422 871 1705 928; x_wconf 83' lang='lat' dir='ltr'><strong>devotione</strong></span> <span class='ocrx_word' id='word_1_73' title='bbox 1732 872 1807 928; x_wconf 85' lang='lat' dir='ltr'><strong>of-</strong></span> 
     </span>
    </p>
   </div>
   <div class='ocr_carea' id='block_1_11' title="bbox 252 956 1804 1019">
    <p class='ocr_par' dir='ltr' id='par_1_11' title="bbox 252 956 1804 1019">
     <span class='ocr_line' id='line_1_11' title="bbox 252 956 1804 1019; baseline 0.005 -8"><span class='ocrx_word' id='word_1_74' title='bbox 252 957 466 1013; x_wconf 78' lang='lat' dir='ltr'><strong>ferentis.</strong></span> <span class='ocrx_word' id='word_1_75' title='bbox 500 956 608 1013; x_wconf 87' lang='lat' dir='ltr'><strong>Sed</strong></span> <span class='ocrx_word' id='word_1_76' title='bbox 634 969 816 1013; x_wconf 89' lang='lat' dir='ltr'><strong>utrum</strong></span> <span class='ocrx_word' id='word_1_77' title='bbox 843 958 983 1013; x_wconf 87' lang='lat' dir='ltr'><strong>sicut</strong></span> <span class='ocrx_word' id='word_1_78' title='bbox 1007 959 1111 1013; x_wconf 90' lang='lat' dir='ltr'><strong>isto</strong></span> <span class='ocrx_word' id='word_1_79' title='bbox 1131 961 1292 1016; x_wconf 91' lang='lat' dir='ltr'><strong>modo</strong></span> <span class='ocrx_word' id='word_1_80' title='bbox 1314 962 1721 1017; x_wconf 86' lang='lat' dir='ltr'><strong>sanctiﬁcantur</strong></span> <span class='ocrx_word' id='word_1_81' title='bbox 1740 979 1804 1019; x_wconf 88' lang='lat' dir='ltr'><strong>ea</strong></span> 
     </span>
    </p>
   </div>
   <div class='ocr_carea' id='block_1_12' title="bbox 252 1045 1806 1121">
    <p class='ocr_par' dir='ltr' id='par_1_12' title="bbox 252 1045 1806 1121">
     <span class='ocr_line' id='line_1_12' title="bbox 252 1045 1806 1121; baseline 0.004 -19"><span class='ocrx_word' id='word_1_82' title='bbox 252 1063 350 1116; x_wconf 68' lang='lat' dir='ltr'><strong>quae</strong></span> <span class='ocrx_word' id='word_1_83' title='bbox 373 1045 669 1101; x_wconf 81' lang='lat' dir='ltr'><strong>oﬁeruutur</strong></span> <span class='ocrx_word' id='word_1_84' title='bbox 708 1045 777 1100; x_wconf 91' lang='lat' dir='ltr'><strong>ab</strong></span> <span class='ocrx_word' id='word_1_85' title='bbox 822 1047 1130 1102; x_wconf 89' lang='lat' dir='ltr'><strong>hominibus</strong></span> <span class='ocrx_word' id='word_1_86' title='bbox 1154 1089 1170 1115; x_wconf 97' lang='lat'><strong>,</strong></span> <span class='ocrx_word' id='word_1_87' title='bbox 1210 1050 1282 1104; x_wconf 89' lang='lat' dir='ltr'><strong>ita</strong></span> <span class='ocrx_word' id='word_1_88' title='bbox 1323 1059 1379 1106; x_wconf 90' lang='lat' dir='ltr'><strong>et</strong></span> <span class='ocrx_word' id='word_1_89' title='bbox 1412 1052 1514 1121; x_wconf 83' lang='lat' dir='ltr'><strong>ipsi</strong></span> <span class='ocrx_word' id='word_1_90' title='bbox 1559 1053 1806 1109; x_wconf 86' lang='lat' dir='ltr'><strong>homines</strong></span> 
     </span>
    </p>
   </div>
   <div class='ocr_carea' id='block_1_13' title="bbox 250 1137 1801 1207">
    <p class='ocr_par' dir='ltr' id='par_1_13' title="bbox 250 1137 1801 1207">
     <span class='ocr_line' id='line_1_13' title="bbox 250 1137 1801 1207; baseline 0.004 -16"><span class='ocrx_word' id='word_1_91' title='bbox 250 1138 414 1192; x_wconf 84' lang='lat' dir='ltr'><strong>eodem</strong></span> <span class='ocrx_word' id='word_1_92' title='bbox 442 1137 605 1191; x_wconf 91' lang='lat' dir='ltr'><strong>modo</strong></span> <span class='ocrx_word' id='word_1_93' title='bbox 638 1137 846 1206; x_wconf 88' lang='lat' dir='ltr'><strong>seipsos</strong></span> <span class='ocrx_word' id='word_1_94' title='bbox 889 1139 1232 1195; x_wconf 87' lang='lat' dir='ltr'><strong>sanctiﬁcare</strong></span> <span class='ocrx_word' id='word_1_95' title='bbox 1260 1140 1510 1195; x_wconf 87' lang='lat' dir='ltr'><strong>dicantur</strong></span> <span class='ocrx_word' id='word_1_96' title='bbox 1534 1182 1549 1207; x_wconf 95' lang='lat'><strong>,</strong></span> <span class='ocrx_word' id='word_1_97' title='bbox 1595 1157 1716 1196; x_wconf 87' lang='lat' dir='ltr'><strong>cum</strong></span> <span class='ocrx_word' id='word_1_98' title='bbox 1747 1143 1801 1197; x_wconf 91' lang='lat' dir='ltr'><strong>in</strong></span> 
     </span>
    </p>
   </div>
   <div class='ocr_carea' id='block_1_14' title="bbox 249 1228 1801 1303">
    <p class='ocr_par' dir='ltr' id='par_1_14' title="bbox 249 1228 1801 1303">
     <span class='ocr_line' id='line_1_14' title="bbox 249 1228 1801 1303; baseline 0.004 -21"><span class='ocrx_word' id='word_1_99' title='bbox 249 1228 398 1296; x_wconf 81' lang='lat' dir='ltr'><strong>aliqua</strong></span> <span class='ocrx_word' id='word_1_100' title='bbox 412 1243 471 1282; x_wconf 91' lang='lat' dir='ltr'><strong>re</strong></span> <span class='ocrx_word' id='word_1_101' title='bbox 490 1228 695 1296; x_wconf 88' lang='lat' dir='ltr'><strong>seipsos</strong></span> <span class='ocrx_word' id='word_1_102' title='bbox 711 1237 928 1283; x_wconf 84' lang='lat' dir='ltr'><strong>vovent.</strong></span> <span class='ocrx_word' id='word_1_103' title='bbox 948 1228 1054 1300; x_wconf 76' lang='lat' dir='ltr'><strong>(Ea:</strong></span> <span class='ocrx_word' id='word_1_104' title='bbox 1070 1228 1371 1303; x_wconf 82' lang='lat' dir='ltr'><strong>Hesychia).</strong></span> <span class='ocrx_word' id='word_1_105' title='bbox 1394 1231 1801 1288; x_wconf 88' lang='lat' dir='ltr'><strong>Observandum</strong></span> 
     </span>
    </p>
   </div>
   <div class='ocr_carea' id='block_1_15' title="bbox 249 1315 1804 1392">
    <p class='ocr_par' dir='ltr' id='par_1_15' title="bbox 249 1315 1804 1392">
     <span class='ocr_line' id='line_1_15' title="bbox 249 1315 1804 1392; baseline 0.004 -21"><span class='ocrx_word' id='word_1_106' title='bbox 249 1316 401 1371; x_wconf 81' lang='lat' dir='ltr'><strong>estin</strong></span> <span class='ocrx_word' id='word_1_107' title='bbox 455 1315 798 1386; x_wconf 88' lang='lat' dir='ltr'><strong>Scripturis,</strong></span> <span class='ocrx_word' id='word_1_108' title='bbox 848 1333 954 1372; x_wconf 91' lang='lat' dir='ltr'><strong>non</strong></span> <span class='ocrx_word' id='word_1_109' title='bbox 1003 1319 1392 1390; x_wconf 80' lang='lat' dir='ltr'><strong>qualiscunque</strong></span> <span class='ocrx_word' id='word_1_110' title='bbox 1444 1321 1677 1392; x_wconf 80' lang='lat' dir='ltr'><strong>dignitas</strong></span> <span class='ocrx_word' id='word_1_111' title='bbox 1716 1338 1804 1377; x_wconf 85' lang='lat' dir='ltr'><strong>sa-</strong></span> 
     </span>
    </p>
   </div>
   <div class='ocr_carea' id='block_1_16' title="bbox 249 1397 1803 1468">
    <p class='ocr_par' dir='ltr' id='par_1_16' title="bbox 249 1397 1803 1468">
     <span class='ocr_line' id='line_1_16' title="bbox 249 1397 1803 1468; baseline 0.004 -6"><span class='ocrx_word' id='word_1_112' title='bbox 249 1408 460 1463; x_wconf 86' lang='lat' dir='ltr'><strong>cerdotii.</strong></span> <span class='ocrx_word' id='word_1_113' title='bbox 501 1407 638 1462; x_wconf 86' lang='lat' dir='ltr'><strong>Huic</strong></span> <span class='ocrx_word' id='word_1_114' title='bbox 665 1409 811 1463; x_wconf 90' lang='lat' dir='ltr'><strong>enim</strong></span> <span class='ocrx_word' id='word_1_115' title='bbox 842 1419 987 1465; x_wconf 88' lang='lat' dir='ltr'><strong>sorte.</strong></span> <span class='ocrx_word' id='word_1_116' title='bbox 1014 1410 1199 1465; x_wconf 89' lang='lat' dir='ltr'><strong>datum</strong></span> <span class='ocrx_word' id='word_1_117' title='bbox 1232 1420 1316 1466; x_wconf 88' lang='lat' dir='ltr'><strong>est</strong></span> <span class='ocrx_word' id='word_1_118' title='bbox 1342 1397 1401 1466; x_wconf 87' lang='lat' dir='ltr'><strong>ut</strong></span> <span class='ocrx_word' id='word_1_119' title='bbox 1445 1413 1711 1467; x_wconf 78' lang='lat' dir='ltr'><strong>mediator</strong></span> <span class='ocrx_word' id='word_1_120' title='bbox 1731 1414 1803 1468; x_wconf 89' lang='lat' dir='ltr'><strong>sit</strong></span> 
     </span>
    </p>
   </div>
   <div class='ocr_carea' id='block_1_17' title="bbox 249 1497 1802 1571">
    <p class='ocr_par' dir='ltr' id='par_1_17' title="bbox 249 1497 1802 1571">
     <span class='ocr_line' id='line_1_17' title="bbox 249 1497 1802 1571; baseline 0.005 -21"><span class='ocrx_word' id='word_1_121' title='bbox 249 1498 365 1551; x_wconf 86' lang='lat' dir='ltr'><strong>inter</strong></span> <span class='ocrx_word' id='word_1_122' title='bbox 387 1497 556 1552; x_wconf 87' lang='lat' dir='ltr'><strong>Deum</strong></span> <span class='ocrx_word' id='word_1_123' title='bbox 584 1508 636 1552; x_wconf 89' lang='lat' dir='ltr'><strong>et</strong></span> <span class='ocrx_word' id='word_1_124' title='bbox 663 1498 943 1565; x_wconf 82' lang='lat' dir='ltr'><strong>homines,</strong></span> <span class='ocrx_word' id='word_1_125' title='bbox 979 1509 1035 1555; x_wconf 87' lang='lat' dir='ltr'><strong>et</strong></span> <span class='ocrx_word' id='word_1_126' title='bbox 1058 1516 1156 1569; x_wconf 91' lang='lat' dir='ltr'><strong>per</strong></span> <span class='ocrx_word' id='word_1_127' title='bbox 1187 1500 1330 1556; x_wconf 86' lang='lat' dir='ltr'><strong>hanc</strong></span> <span class='ocrx_word' id='word_1_128' title='bbox 1358 1517 1528 1571; x_wconf 85' lang='lat' dir='ltr'><strong>genus</strong></span> <span class='ocrx_word' id='word_1_129' title='bbox 1556 1511 1802 1557; x_wconf 90' lang='lat' dir='ltr'><strong>nostrum</strong></span> 
     </span>
    </p>
   </div>
   <div class='ocr_carea' id='block_1_18' title="bbox 248 1589 1802 1662">
    <p class='ocr_par' dir='ltr' id='par_1_18' title="bbox 248 1589 1802 1662">
     <span class='ocr_line' id='line_1_18' title="bbox 248 1589 1802 1662; baseline 0.005 -20"><span class='ocrx_word' id='word_1_130' title='bbox 248 1589 445 1643; x_wconf 82' lang='lat' dir='ltr'><strong>creatori</strong></span> <span class='ocrx_word' id='word_1_131' title='bbox 482 1589 884 1644; x_wconf 88' lang='lat' dir='ltr'><strong>reconciliatur.</strong></span> <span class='ocrx_word' id='word_1_132' title='bbox 933 1590 991 1644; x_wconf 92' lang='lat' dir='ltr'><strong>In</strong></span> <span class='ocrx_word' id='word_1_133' title='bbox 1036 1591 1217 1662; x_wconf 81' lang='lat' dir='ltr'><strong>lingua</strong></span> <span class='ocrx_word' id='word_1_134' title='bbox 1247 1592 1587 1646; x_wconf 82' lang='lat' dir='ltr'><strong>sacerdotum</strong></span> <span class='ocrx_word' id='word_1_135' title='bbox 1631 1609 1802 1649; x_wconf 80' lang='lat' dir='ltr'><strong>nexus</strong></span> 
     </span>
    </p>
   </div>
   <div class='ocr_carea' id='block_1_19' title="bbox 1912 420 3480 508">
    <p class='ocr_par' dir='ltr' id='par_1_19' title="bbox 1912 420 3480 508">
     <span class='ocr_line' id='line_1_19' title="bbox 1912 420 3480 508; baseline 0.016 -37"><span class='ocrx_word' id='word_1_136' title='bbox 1912 420 2060 508; x_wconf 81' lang='lat' dir='ltr'><strong>natio</strong></span> <span class='ocrx_word' id='word_1_137' title='bbox 2091 429 2194 486; x_wconf 91' lang='lat' dir='ltr'><strong>est,</strong></span> <span class='ocrx_word' id='word_1_138' title='bbox 2245 422 2417 488; x_wconf 86' lang='lat' dir='ltr'><strong>idest,</strong></span> <span class='ocrx_word' id='word_1_139' title='bbox 2448 424 2539 478; x_wconf 90' lang='lat' dir='ltr'><strong>illa</strong></span> <span class='ocrx_word' id='word_1_140' title='bbox 2568 426 2633 480; x_wconf 91' lang='lat' dir='ltr'><strong>de</strong></span> <span class='ocrx_word' id='word_1_141' title='bbox 2657 442 2760 496; x_wconf 88' lang='lat' dir='ltr'><strong>qua</strong></span> <span class='ocrx_word' id='word_1_142' title='bbox 2793 428 3050 484; x_wconf 90' lang='lat' dir='ltr'><strong>Dominus</strong></span> <span class='ocrx_word' id='word_1_143' title='bbox 3086 433 3141 487; x_wconf 91' lang='lat' dir='ltr'><strong>in</strong></span> <span class='ocrx_word' id='word_1_144' title='bbox 3179 435 3480 508; x_wconf 72' lang='lat' dir='ltr'><strong>Evangelii:</strong></span> 
     </span>
    </p>
   </div>
   <div class='ocr_carea' id='block_1_20' title="bbox 1909 506 3482 599">
    <p class='ocr_par' dir='ltr' id='par_1_20' title="bbox 1909 506 3482 599">
     <span class='ocr_line' id='line_1_20' title="bbox 1909 506 3482 599; baseline 0.017 -41"><span class='ocrx_word' id='word_1_145' title='bbox 1909 506 2120 561; x_wconf 79' lang='lat' dir='ltr'><strong>(licebat</strong></span> <span class='ocrx_word' id='word_1_146' title='bbox 2144 523 2158 560; x_wconf 92' lang='lat'><strong>:</strong></span> <span class='ocrx_word' id='word_1_147' title='bbox 2197 508 2393 564; x_wconf 88' lang='lat' dir='ltr'><strong>Timete</strong></span> <span class='ocrx_word' id='word_1_148' title='bbox 2417 529 2555 579; x_wconf 89' lang='lat' dir='ltr'><strong>eum,</strong></span> <span class='ocrx_word' id='word_1_149' title='bbox 2585 515 2674 583; x_wconf 89' lang='lat' dir='ltr'><strong>qui</strong></span> <span class='ocrx_word' id='word_1_150' title='bbox 2698 527 2861 584; x_wconf 91' lang='lat' dir='ltr'><strong>potest</strong></span> <span class='ocrx_word' id='word_1_151' title='bbox 2898 529 2946 572; x_wconf 88' lang='lat' dir='ltr'><strong>et</strong></span> <span class='ocrx_word' id='word_1_152' title='bbox 2972 521 3201 576; x_wconf 79' lang='lat' dir='ltr'><strong>animant</strong></span> <span class='ocrx_word' id='word_1_153' title='bbox 3224 536 3271 579; x_wconf 91' lang='lat' dir='ltr'><strong>et</strong></span> <span class='ocrx_word' id='word_1_154' title='bbox 3293 506 3482 599; x_wconf 78' lang='lat' dir='ltr'><strong>corpus</strong></span> 
     </span>
    </p>
   </div>
   <div class='ocr_carea' id='block_1_21' title="bbox 1905 598 3476 675">
    <p class='ocr_par' dir='ltr' id='par_1_21' title="bbox 1905 598 3476 675">
     <span class='ocr_line' id='line_1_21' title="bbox 1905 598 3476 675; baseline 0.016 -27"><span class='ocrx_word' id='word_1_155' title='bbox 1905 598 2119 667; x_wconf 84' lang='lat' dir='ltr'><strong>perdere</strong></span> <span class='ocrx_word' id='word_1_156' title='bbox 2162 599 2217 652; x_wconf 89' lang='lat' dir='ltr'><strong>in</strong></span> <span class='ocrx_word' id='word_1_157' title='bbox 2262 601 2567 669; x_wconf 81' lang='lat' dir='ltr'><strong>gehennam.</strong></span> <span class='ocrx_word' id='word_1_158' title='bbox 2611 604 2753 673; x_wconf 81' lang='lat' dir='ltr'><strong>Ergo</strong></span> <span class='ocrx_word' id='word_1_159' title='bbox 2801 623 2908 662; x_wconf 89' lang='lat' dir='ltr'><strong>non</strong></span> <span class='ocrx_word' id='word_1_160' title='bbox 2957 607 3155 665; x_wconf 79' lang='lat' dir='ltr'><strong>frustra</strong></span> <span class='ocrx_word' id='word_1_161' title='bbox 3202 615 3476 675; x_wconf 82' lang='lat' dir='ltr'><strong>subdidit:</strong></span> 
     </span>
    </p>
   </div>
   <div class='ocr_carea' id='block_1_22' title="bbox 1906 687 3481 775">
    <p class='ocr_par' dir='ltr' id='par_1_22' title="bbox 1906 687 3481 775">
     <span class='ocr_line' id='line_1_22' title="bbox 1906 687 3481 775; baseline 0.015 -35"><span class='ocrx_word' id='word_1_162' title='bbox 1906 687 2020 758; x_wconf 82' lang='lat' dir='ltr'><strong>Ego</strong></span> <span class='ocrx_word' id='word_1_163' title='bbox 2064 688 2367 743; x_wconf 87' lang='lat' dir='ltr'><strong>Dominus:</strong></span> <span class='ocrx_word' id='word_1_164' title='bbox 2403 692 2497 746; x_wconf 89' lang='lat' dir='ltr'><strong>sed</strong></span> <span class='ocrx_word' id='word_1_165' title='bbox 2527 694 2837 763; x_wconf 85' lang='lat' dir='ltr'><strong>ostendens,</strong></span> <span class='ocrx_word' id='word_1_166' title='bbox 2879 699 3004 767; x_wconf 90' lang='lat' dir='ltr'><strong>quia</strong></span> <span class='ocrx_word' id='word_1_167' title='bbox 3049 701 3142 770; x_wconf 85' lang='lat' dir='ltr'><strong>qui</strong></span> <span class='ocrx_word' id='word_1_168' title='bbox 3192 703 3307 758; x_wconf 67' lang='lat' dir='ltr'><strong>haec</strong></span> <span class='ocrx_word' id='word_1_169' title='bbox 3330 705 3481 775; x_wconf 71' lang='lat' dir='ltr'><strong>dicit,</strong></span> 
     </span>
    </p>
   </div>
   <div class='ocr_carea' id='block_1_23' title="bbox 1905 777 3157 857">
    <p class='ocr_par' dir='ltr' id='par_1_23' title="bbox 1905 777 3157 857">
     <span class='ocr_line' id='line_1_23' title="bbox 1905 777 3157 857; baseline 0.01 -26"><span class='ocrx_word' id='word_1_170' title='bbox 1905 777 2022 848; x_wconf 87' lang='lat' dir='ltr'><strong>ipse</strong></span> <span class='ocrx_word' id='word_1_171' title='bbox 2049 788 2132 833; x_wconf 90' lang='lat' dir='ltr'><strong>est</strong></span> <span class='ocrx_word' id='word_1_172' title='bbox 2160 780 2251 848; x_wconf 82' lang='lat' dir='ltr'><strong>qui</strong></span> <span class='ocrx_word' id='word_1_173' title='bbox 2278 781 2426 835; x_wconf 82' lang='lat' dir='ltr'><strong>solus</strong></span> <span class='ocrx_word' id='word_1_174' title='bbox 2457 783 2693 837; x_wconf 87' lang='lat' dir='ltr'><strong>animam</strong></span> <span class='ocrx_word' id='word_1_175' title='bbox 2713 786 2940 855; x_wconf 86' lang='lat' dir='ltr'><strong>perdere</strong></span> <span class='ocrx_word' id='word_1_176' title='bbox 2960 796 3157 857; x_wconf 84' lang='lat' dir='ltr'><strong>potest.</strong></span> 
     </span>
    </p>
   </div>
   <div class='ocr_carea' id='block_1_24' title="bbox 2470 923 2914 980">
    <p class='ocr_par' dir='ltr' id='par_1_24' title="bbox 2470 923 2914 980">
     <span class='ocr_line' id='line_1_24' title="bbox 2470 923 2914 980; baseline 0.005 -2"><span class='ocrx_word' id='word_1_177' title='bbox 2470 923 2699 979; x_wconf 82' lang='lat' dir='ltr'><strong>CAPUT</strong></span> <span class='ocrx_word' id='word_1_178' title='bbox 2735 924 2914 980; x_wconf 80' lang='lat' dir='ltr'><strong>XVIII.</strong></span> 
     </span>
    </p>
   </div>
   <div class='ocr_carea' id='block_1_25' title="bbox 1904 1030 3486 1113">
    <p class='ocr_par' dir='ltr' id='par_1_25' title="bbox 1904 1030 3486 1113">
     <span class='ocr_line' id='line_1_25' title="bbox 1904 1030 3486 1113; baseline 0.009 -29"><span class='ocrx_word' id='word_1_179' title='bbox 1904 1030 2161 1101; x_wconf 83' lang='lat' dir='ltr'><strong>chrosus</strong></span> <span class='ocrx_word' id='word_1_180' title='bbox 2196 1043 2287 1087; x_wconf 88' lang='lat' dir='ltr'><strong>aut</strong></span> <span class='ocrx_word' id='word_1_181' title='bbox 2314 1036 2515 1104; x_wconf 84' lang='lat' dir='ltr'><strong>patiens</strong></span> <span class='ocrx_word' id='word_1_182' title='bbox 2554 1038 2758 1113; x_wconf 71' lang='lat' dir='ltr'><strong>ﬂuxum</strong></span> <span class='ocrx_word' id='word_1_183' title='bbox 2787 1039 2997 1113; x_wconf 72' lang='lat' dir='ltr'><strong>seminis</strong></span> <span class='ocrx_word' id='word_1_184' title='bbox 3022 1041 3087 1113; x_wconf 81' lang='lat' dir='ltr'><strong>de</strong></span> <span class='ocrx_word' id='word_1_185' title='bbox 3113 1041 3272 1113; x_wconf 84' lang='lat' dir='ltr'><strong>stirpe</strong></span> <span class='ocrx_word' id='word_1_186' title='bbox 3304 1043 3486 1100; x_wconf 84' lang='lat' dir='ltr'><strong>Aaron</strong></span> 
     </span>
    </p>
   </div>
   <div class='ocr_carea' id='block_1_26' title="bbox 2294 1107 3120 1178">
    <p class='ocr_par' dir='ltr' id='par_1_26' title="bbox 2294 1107 3120 1178">
     <span class='ocr_line' id='line_1_26' title="bbox 2294 1107 3120 1178; baseline 0.008 -21"><span class='ocrx_word' id='word_1_187' title='bbox 2294 1120 2398 1157; x_wconf 89' lang='lat' dir='ltr'><strong>non</strong></span> <span class='ocrx_word' id='word_1_188' title='bbox 2424 1116 2653 1160; x_wconf 86' lang='lat' dir='ltr'><strong>vescetur</strong></span> <span class='ocrx_word' id='word_1_189' title='bbox 2681 1107 2744 1160; x_wconf 87' lang='lat' dir='ltr'><strong>de</strong></span> <span class='ocrx_word' id='word_1_190' title='bbox 2765 1109 3120 1178; x_wconf 81' lang='lat' dir='ltr'><strong>sanctiﬁcatis.</strong></span> 
     </span>
    </p>
   </div>
   <div class='ocr_carea' id='block_1_27' title="bbox 1979 1212 3483 1293">
    <p class='ocr_par' dir='ltr' id='par_1_27' title="bbox 1979 1212 3483 1293">
     <span class='ocr_line' id='line_1_27' title="bbox 1979 1212 3483 1293; baseline 0.007 -26"><span class='ocrx_word' id='word_1_191' title='bbox 1979 1212 2127 1283; x_wconf 62' lang='lat' dir='ltr'><strong>(Car.</strong></span> <span class='ocrx_word' id='word_1_192' title='bbox 2163 1215 2320 1285; x_wconf 74' lang='lat' dir='ltr'><strong>XXII.)</strong></span> <span class='ocrx_word' id='word_1_193' title='bbox 2362 1214 2533 1270; x_wconf 77' lang='lat' dir='ltr'><strong>Homo</strong></span> <span class='ocrx_word' id='word_1_194' title='bbox 2559 1217 2623 1272; x_wconf 88' lang='lat' dir='ltr'><strong>de</strong></span> <span class='ocrx_word' id='word_1_195' title='bbox 2662 1220 2855 1272; x_wconf 79' lang='lat' dir='ltr'><strong>semine</strong></span> <span class='ocrx_word' id='word_1_196' title='bbox 2876 1219 3085 1286; x_wconf 82' lang='lat' dir='ltr'><strong>Aaron,</strong></span> <span class='ocrx_word' id='word_1_197' title='bbox 3117 1223 3206 1293; x_wconf 88' lang='lat' dir='ltr'><strong>qui</strong></span> <span class='ocrx_word' id='word_1_198' title='bbox 3228 1222 3386 1291; x_wconf 85' lang='lat' dir='ltr'><strong>fuerit</strong></span> <span class='ocrx_word' id='word_1_199' title='bbox 3409 1224 3483 1279; x_wconf 86' lang='lat' dir='ltr'><strong>le-</strong></span> 
     </span>
    </p>
   </div>
   <div class='ocr_carea' id='block_1_28' title="bbox 1902 1304 3482 1374">
    <p class='ocr_par' dir='ltr' id='par_1_28' title="bbox 1902 1304 3482 1374">
     <span class='ocr_line' id='line_1_28' title="bbox 1902 1304 3482 1374; baseline 0.008 -20"><span class='ocrx_word' id='word_1_200' title='bbox 1902 1318 2110 1371; x_wconf 87' lang='lat' dir='ltr'><strong>prosus,</strong></span> <span class='ocrx_word' id='word_1_201' title='bbox 2157 1313 2247 1356; x_wconf 87' lang='lat' dir='ltr'><strong>aut</strong></span> <span class='ocrx_word' id='word_1_202' title='bbox 2275 1304 2476 1374; x_wconf 86' lang='lat' dir='ltr'><strong>patiens</strong></span> <span class='ocrx_word' id='word_1_203' title='bbox 2500 1306 2705 1374; x_wconf 75' lang='lat' dir='ltr'><strong>ﬂuxum</strong></span> <span class='ocrx_word' id='word_1_204' title='bbox 2728 1304 2969 1369; x_wconf 88' lang='lat' dir='ltr'><strong>seminis,</strong></span> <span class='ocrx_word' id='word_1_205' title='bbox 3004 1325 3107 1361; x_wconf 90' lang='lat' dir='ltr'><strong>non</strong></span> <span class='ocrx_word' id='word_1_206' title='bbox 3142 1320 3374 1365; x_wconf 80' lang='lat' dir='ltr'><strong>vescetur</strong></span> <span class='ocrx_word' id='word_1_207' title='bbox 3416 1312 3482 1367; x_wconf 86' lang='lat' dir='ltr'><strong>de</strong></span> 
     </span>
    </p>
   </div>
   <div class='ocr_carea' id='block_1_29' title="bbox 1902 1392 3480 1465">
    <p class='ocr_par' dir='ltr' id='par_1_29' title="bbox 1902 1392 3480 1465">
     <span class='ocr_line' id='line_1_29' title="bbox 1902 1392 3480 1465; baseline 0.007 -21"><span class='ocrx_word' id='word_1_208' title='bbox 1902 1392 1983 1445; x_wconf 88' lang='lat' dir='ltr'><strong>his</strong></span> <span class='ocrx_word' id='word_1_209' title='bbox 2004 1409 2121 1463; x_wconf 79' lang='lat' dir='ltr'><strong>qua:</strong></span> <span class='ocrx_word' id='word_1_210' title='bbox 2146 1395 2443 1463; x_wconf 81' lang='lat' dir='ltr'><strong>santiﬁcata</strong></span> <span class='ocrx_word' id='word_1_211' title='bbox 2464 1405 2582 1449; x_wconf 88' lang='lat' dir='ltr'><strong>sunt</strong></span> <span class='ocrx_word' id='word_1_212' title='bbox 2613 1394 2758 1461; x_wconf 85' lang='lat' dir='ltr'><strong>mihi,</strong></span> <span class='ocrx_word' id='word_1_213' title='bbox 2780 1397 2943 1451; x_wconf 89' lang='lat' dir='ltr'><strong>donec</strong></span> <span class='ocrx_word' id='word_1_214' title='bbox 2964 1408 3195 1453; x_wconf 79' lang='lat' dir='ltr'><strong>sanetur.</strong></span> <span class='ocrx_word' id='word_1_215' title='bbox 3234 1398 3338 1465; x_wconf 77' lang='lat' dir='ltr'><strong>Qui</strong></span> <span class='ocrx_word' id='word_1_216' title='bbox 3361 1402 3480 1455; x_wconf 87' lang='lat' dir='ltr'><strong>teti-</strong></span> 
     </span>
    </p>
   </div>
   <div class='ocr_carea' id='block_1_30' title="bbox 1902 1479 3483 1561">
    <p class='ocr_par' dir='ltr' id='par_1_30' title="bbox 1902 1479 3483 1561">
     <span class='ocr_line' id='line_1_30' title="bbox 1902 1479 3483 1561; baseline 0.005 -24"><span class='ocrx_word' id='word_1_217' title='bbox 1902 1486 2033 1554; x_wconf 90' lang='lat' dir='ltr'><strong>gerit</strong></span> <span class='ocrx_word' id='word_1_218' title='bbox 2062 1479 2386 1539; x_wconf 82' lang='lat' dir='ltr'><strong>immundum</strong></span> <span class='ocrx_word' id='word_1_219' title='bbox 2431 1502 2587 1555; x_wconf 84' lang='lat' dir='ltr'><strong>super</strong></span> <span class='ocrx_word' id='word_1_220' title='bbox 2627 1497 2857 1551; x_wconf 87' lang='lat' dir='ltr'><strong>mortuo,</strong></span> <span class='ocrx_word' id='word_1_221' title='bbox 2900 1497 2945 1542; x_wconf 92' lang='lat' dir='ltr'><strong>et</strong></span> <span class='ocrx_word' id='word_1_222' title='bbox 2978 1505 3043 1542; x_wconf 78' lang='lat' dir='ltr'><strong>ex</strong></span> <span class='ocrx_word' id='word_1_223' title='bbox 3078 1505 3181 1561; x_wconf 82' lang='lat' dir='ltr'><strong>qun</strong></span> <span class='ocrx_word' id='word_1_224' title='bbox 3218 1490 3483 1561; x_wconf 83' lang='lat' dir='ltr'><strong>egreditur</strong></span> 
     </span>
    </p>
   </div>
   <div class='ocr_carea' id='block_1_31' title="bbox 1903 1571 3483 1652">
    <p class='ocr_par' dir='ltr' id='par_1_31' title="bbox 1903 1571 3483 1652">
     <span class='ocr_line' id='line_1_31' title="bbox 1903 1571 3483 1652; baseline 0.005 -25"><span class='ocrx_word' id='word_1_225' title='bbox 1903 1589 2074 1628; x_wconf 84' lang='lat' dir='ltr'><strong>semen</strong></span> <span class='ocrx_word' id='word_1_226' title='bbox 2102 1575 2254 1645; x_wconf 87' lang='lat' dir='ltr'><strong>quasi</strong></span> <span class='ocrx_word' id='word_1_227' title='bbox 2285 1571 2473 1642; x_wconf 82' lang='lat' dir='ltr'><strong>coitus,</strong></span> <span class='ocrx_word' id='word_1_228' title='bbox 2509 1585 2558 1628; x_wconf 88' lang='lat' dir='ltr'><strong>et</strong></span> <span class='ocrx_word' id='word_1_229' title='bbox 2578 1572 2667 1647; x_wconf 86' lang='lat' dir='ltr'><strong>qui</strong></span> <span class='ocrx_word' id='word_1_230' title='bbox 2694 1575 2860 1646; x_wconf 84' lang='lat' dir='ltr'><strong>tangit</strong></span> <span class='ocrx_word' id='word_1_231' title='bbox 2896 1577 3095 1648; x_wconf 83' lang='lat' dir='ltr'><strong>reptile,</strong></span> <span class='ocrx_word' id='word_1_232' title='bbox 3147 1588 3195 1633; x_wconf 88' lang='lat' dir='ltr'><strong>et</strong></span> <span class='ocrx_word' id='word_1_233' title='bbox 3219 1579 3483 1652; x_wconf 79' lang='lat' dir='ltr'><strong>quodlibet</strong></span> 
     </span>
    </p>
   </div>
   <div class='ocr_carea' id='block_1_32' title="bbox 248 1665 1795 1750">
    <p class='ocr_par' dir='ltr' id='par_1_32' title="bbox 248 1678 1795 1750">
     <span class='ocr_line' id='line_1_32' title="bbox 248 1678 1795 1750; baseline 0.003 -17"><span class='ocrx_word' id='word_1_234' title='bbox 248 1686 292 1733; x_wconf 87' lang='lat' dir='ltr'><strong>ct</strong></span> <span class='ocrx_word' id='word_1_235' title='bbox 313 1678 570 1733; x_wconf 79' lang='lat' dir='ltr'><strong>absolutio</strong></span> <span class='ocrx_word' id='word_1_236' title='bbox 604 1690 911 1734; x_wconf 87' lang='lat' dir='ltr'><strong>nostrorum</strong></span> <span class='ocrx_word' id='word_1_237' title='bbox 944 1689 1292 1750; x_wconf 86' lang='lat' dir='ltr'><strong>peccatorum</strong></span> <span class='ocrx_word' id='word_1_238' title='bbox 1317 1681 1583 1736; x_wconf 87' lang='lat' dir='ltr'><strong>consistit.</strong></span> <span class='ocrx_word' id='word_1_239' title='bbox 1614 1681 1795 1738; x_wconf 88' lang='lat' dir='ltr'><strong>Osten-</strong></span> 
     </span>
    </p>
   </div>
   <div class='ocr_carea' id='block_1_33' title="bbox 1898 1665 3484 1750">
    <p class='ocr_par' dir='ltr' id='par_1_33' title="bbox 1904 1665 3484 1737">
     <span class='ocr_line' id='line_1_33' title="bbox 1904 1665 3484 1737; baseline 0.005 -18"><span class='ocrx_word' id='word_1_240' title='bbox 1904 1665 2228 1720; x_wconf 87' lang='lat' dir='ltr'><strong>immundum</strong></span> <span class='ocrx_word' id='word_1_241' title='bbox 2259 1666 2411 1737; x_wconf 81' lang='lat' dir='ltr'><strong>cujus</strong></span> <span class='ocrx_word' id='word_1_242' title='bbox 2449 1677 2617 1721; x_wconf 88' lang='lat' dir='ltr'><strong>tactus</strong></span> <span class='ocrx_word' id='word_1_243' title='bbox 2651 1676 2726 1721; x_wconf 89' lang='lat' dir='ltr'><strong>est</strong></span> <span class='ocrx_word' id='word_1_244' title='bbox 2752 1669 3017 1734; x_wconf 86' lang='lat' dir='ltr'><strong>sordidus,</strong></span> <span class='ocrx_word' id='word_1_245' title='bbox 3049 1671 3349 1725; x_wconf 75' lang='lat' dir='ltr'><strong>immundus</strong></span> <span class='ocrx_word' id='word_1_246' title='bbox 3383 1674 3484 1727; x_wconf 84' lang='lat' dir='ltr'><strong>erit</strong></span> 
     </span>
    </p>
   </div>
   <div class='ocr_carea' id='block_1_34' title="bbox 249 1769 1795 1842">
    <p class='ocr_par' dir='ltr' id='par_1_34' title="bbox 249 1769 1795 1842">
     <span class='ocr_line' id='line_1_34' title="bbox 249 1769 1795 1842; baseline 0.003 -19"><span class='ocrx_word' id='word_1_247' title='bbox 249 1769 312 1823; x_wconf 86' lang='lat' dir='ltr'><strong>dit</strong></span> <span class='ocrx_word' id='word_1_248' title='bbox 340 1778 513 1823; x_wconf 88' lang='lat' dir='ltr'><strong>autem</strong></span> <span class='ocrx_word' id='word_1_249' title='bbox 560 1769 855 1826; x_wconf 78' lang='lat' dir='ltr'><strong>Malacbias</strong></span> <span class='ocrx_word' id='word_1_250' title='bbox 881 1779 1097 1840; x_wconf 67' lang='lat' dir='ltr'><strong>quanta:</strong></span> <span class='ocrx_word' id='word_1_251' title='bbox 1121 1770 1397 1842; x_wconf 81' lang='lat' dir='ltr'><strong>dignitatis</strong></span> <span class='ocrx_word' id='word_1_252' title='bbox 1424 1772 1496 1827; x_wconf 88' lang='lat' dir='ltr'><strong>sit</strong></span> <span class='ocrx_word' id='word_1_253' title='bbox 1519 1772 1795 1837; x_wconf 88' lang='lat' dir='ltr'><strong>sacerdos,</strong></span> 
     </span>
    </p>
   </div>
   <div class='ocr_carea' id='block_1_35' title="bbox 250 1859 1796 1930">
    <p class='ocr_par' dir='ltr' id='par_1_35' title="bbox 250 1859 1796 1930">
     <span class='ocr_line' id='line_1_35' title="bbox 250 1859 1796 1930; baseline 0.001 -16"><span class='ocrx_word' id='word_1_254' title='bbox 250 1868 292 1914; x_wconf 83' lang='lat' dir='ltr'><strong>et</strong></span> <span class='ocrx_word' id='word_1_255' title='bbox 319 1875 425 1929; x_wconf 62' lang='lat' dir='ltr'><strong>qua:</strong></span> <span class='ocrx_word' id='word_1_256' title='bbox 461 1860 534 1915; x_wconf 79' lang='lat' dir='ltr'><strong>ab</strong></span> <span class='ocrx_word' id='word_1_257' title='bbox 561 1876 627 1916; x_wconf 91' lang='lat' dir='ltr'><strong>eo</strong></span> <span class='ocrx_word' id='word_1_258' title='bbox 650 1868 935 1930; x_wconf 86' lang='lat' dir='ltr'><strong>Oporteaut</strong></span> <span class='ocrx_word' id='word_1_259' title='bbox 964 1861 1263 1930; x_wconf 75' lang='lat' dir='ltr'><strong>exspectari</strong></span> <span class='ocrx_word' id='word_1_260' title='bbox 1289 1882 1304 1915; x_wconf 87' lang='lat'><strong>;</strong></span> <span class='ocrx_word' id='word_1_261' title='bbox 1347 1859 1486 1927; x_wconf 84' lang='lat' dir='ltr'><strong>Quia</strong></span> <span class='ocrx_word' id='word_1_262' title='bbox 1515 1861 1677 1928; x_wconf 80' lang='lat' dir='ltr'><strong>labia,</strong></span> <span class='ocrx_word' id='word_1_263' title='bbox 1710 1862 1796 1916; x_wconf 90' lang='lat' dir='ltr'><strong>in-</strong></span> 
     </span>
    </p>
   </div>
   <div class='ocr_carea' id='block_1_36' title="bbox 249 1951 1800 2025">
    <p class='ocr_par' dir='ltr' id='par_1_36' title="bbox 249 1951 1800 2025">
     <span class='ocr_line' id='line_1_36' title="bbox 249 1951 1800 2025; baseline 0.001 -21"><span class='ocrx_word' id='word_1_264' title='bbox 249 1953 362 2021; x_wconf 83' lang='lat' dir='ltr'><strong>quit,</strong></span> <span class='ocrx_word' id='word_1_265' title='bbox 385 1951 671 2006; x_wconf 78' lang='lat' dir='ltr'><strong>sacerdotis</strong></span> <span class='ocrx_word' id='word_1_266' title='bbox 690 1952 987 2006; x_wconf 87' lang='lat' dir='ltr'><strong>custodiunt</strong></span> <span class='ocrx_word' id='word_1_267' title='bbox 1012 1953 1305 2018; x_wconf 81' lang='lat' dir='ltr'><strong>scientiam,</strong></span> <span class='ocrx_word' id='word_1_268' title='bbox 1341 1962 1389 2007; x_wconf 89' lang='lat' dir='ltr'><strong>et</strong></span> <span class='ocrx_word' id='word_1_269' title='bbox 1429 1952 1589 2023; x_wconf 88' lang='lat' dir='ltr'><strong>legent</strong></span> <span class='ocrx_word' id='word_1_270' title='bbox 1618 1954 1800 2025; x_wconf 73' lang='lat' dir='ltr'><strong>exqui-</strong></span> 
     </span>
    </p>
   </div>
   <div class='ocr_carea' id='block_1_37' title="bbox 250 2041 1796 2112">
    <p class='ocr_par' dir='ltr' id='par_1_37' title="bbox 250 2041 1796 2112">
     <span class='ocr_line' id='line_1_37' title="bbox 250 2041 1796 2112; baseline 0.005 -22"><span class='ocrx_word' id='word_1_271' title='bbox 250 2049 347 2092; x_wconf 78' lang='lat' dir='ltr'><strong>runt</strong></span> <span class='ocrx_word' id='word_1_272' title='bbox 370 2056 429 2095; x_wconf 78' lang='lat' dir='ltr'><strong>ea:</strong></span> <span class='ocrx_word' id='word_1_273' title='bbox 455 2056 547 2094; x_wconf 89' lang='lat' dir='ltr'><strong>ore</strong></span> <span class='ocrx_word' id='word_1_274' title='bbox 572 2043 709 2112; x_wconf 86' lang='lat' dir='ltr'><strong>ejus,</strong></span> <span class='ocrx_word' id='word_1_275' title='bbox 737 2042 860 2112; x_wconf 83' lang='lat' dir='ltr'><strong>quia</strong></span> <span class='ocrx_word' id='word_1_276' title='bbox 882 2041 1096 2112; x_wconf 88' lang='lat' dir='ltr'><strong>angelus</strong></span> <span class='ocrx_word' id='word_1_277' title='bbox 1119 2042 1334 2096; x_wconf 87' lang='lat' dir='ltr'><strong>Domini</strong></span> <span class='ocrx_word' id='word_1_278' title='bbox 1372 2044 1694 2097; x_wconf 75' lang='lat' dir='ltr'><strong>exercituum</strong></span> <span class='ocrx_word' id='word_1_279' title='bbox 1721 2054 1796 2098; x_wconf 87' lang='lat' dir='ltr'><strong>est</strong></span> 
     </span>
    </p>
   </div>
   <div class='ocr_carea' id='block_1_38' title="bbox 249 2118 1794 2202">
    <p class='ocr_par' dir='ltr' id='par_1_38' title="bbox 249 2118 1794 2202">
     <span class='ocr_line' id='line_1_38' title="bbox 249 2118 1794 2202; baseline 0.006 -22"><span class='ocrx_word' id='word_1_280' title='bbox 249 2127 474 2197; x_wconf 69' lang='lat' dir='ltr'><strong>(Halach.</strong></span> <span class='ocrx_word' id='word_1_281' title='bbox 519 2128 606 2200; x_wconf 89' lang='grc' dir='ltr'><strong>ιι).</strong></span> <span class='ocrx_word' id='word_1_282' title='bbox 654 2129 944 2199; x_wconf 86' lang='lat' dir='ltr'><strong>Propterea</strong></span> <span class='ocrx_word' id='word_1_283' title='bbox 987 2118 1125 2186; x_wconf 90' lang='lat' dir='ltr'><strong>eum</strong></span> <span class='ocrx_word' id='word_1_284' title='bbox 1159 2132 1244 2186; x_wconf 90' lang='lat' dir='ltr'><strong>his</strong></span> <span class='ocrx_word' id='word_1_285' title='bbox 1272 2148 1392 2202; x_wconf 68' lang='lat' dir='ltr'><strong>quin</strong></span> <span class='ocrx_word' id='word_1_286' title='bbox 1433 2142 1560 2187; x_wconf 84' lang='lat' dir='ltr'><strong>ante</strong></span> <span class='ocrx_word' id='word_1_287' title='bbox 1587 2135 1794 2190; x_wconf 89' lang='lat' dir='ltr'><strong>sancita</strong></span> 
     </span>
    </p>
   </div>
   <div class='ocr_carea' id='block_1_39' title="bbox 249 2217 1796 2290">
    <p class='ocr_par' dir='ltr' id='par_1_39' title="bbox 249 2217 1796 2290">
     <span class='ocr_line' id='line_1_39' title="bbox 249 2217 1796 2290; baseline 0.005 -21"><span class='ocrx_word' id='word_1_288' title='bbox 249 2226 355 2271; x_wconf 86' lang='lat' dir='ltr'><strong>sunt</strong></span> <span class='ocrx_word' id='word_1_289' title='bbox 389 2217 453 2272; x_wconf 89' lang='lat' dir='ltr'><strong>de</strong></span> <span class='ocrx_word' id='word_1_290' title='bbox 482 2218 853 2275; x_wconf 84' lang='lat' dir='ltr'><strong>sacerdotibus</strong></span> <span class='ocrx_word' id='word_1_291' title='bbox 891 2220 1053 2274; x_wconf 88' lang='lat' dir='ltr'><strong>etiam</strong></span> <span class='ocrx_word' id='word_1_292' title='bbox 1096 2221 1210 2276; x_wconf 66' lang='lat' dir='ltr'><strong>haec</strong></span> <span class='ocrx_word' id='word_1_293' title='bbox 1236 2222 1528 2290; x_wconf 74' lang='lat' dir='ltr'><strong>prmcepit:</strong></span> <span class='ocrx_word' id='word_1_294' title='bbox 1568 2220 1796 2277; x_wconf 83' lang='lat' dir='ltr'><strong>Caveant</strong></span> 
     </span>
    </p>
   </div>
   <div class='ocr_carea' id='block_1_40' title="bbox 249 2307 1796 2381">
    <p class='ocr_par' dir='ltr' id='par_1_40' title="bbox 249 2307 1796 2381">
     <span class='ocr_line' id='line_1_40' title="bbox 249 2307 1796 2381; baseline 0.005 -21"><span class='ocrx_word' id='word_1_295' title='bbox 249 2307 302 2360; x_wconf 82' lang='lat' dir='ltr'><strong>ab</strong></span> <span class='ocrx_word' id='word_1_296' title='bbox 336 2310 408 2363; x_wconf 88' lang='lat' dir='ltr'><strong>his</strong></span> <span class='ocrx_word' id='word_1_297' title='bbox 432 2326 550 2380; x_wconf 72' lang='lat' dir='ltr'><strong>quin</strong></span> <span class='ocrx_word' id='word_1_298' title='bbox 591 2321 894 2366; x_wconf 87' lang='lat' dir='ltr'><strong>consecrata</strong></span> <span class='ocrx_word' id='word_1_299' title='bbox 941 2322 1063 2366; x_wconf 85' lang='lat' dir='ltr'><strong>sunt</strong></span> <span class='ocrx_word' id='word_1_300' title='bbox 1107 2312 1339 2381; x_wconf 78' lang='lat' dir='ltr'><strong>ﬁliorum</strong></span> <span class='ocrx_word' id='word_1_301' title='bbox 1375 2311 1566 2376; x_wconf 83' lang='lat' dir='ltr'><strong>Israel,</strong></span> <span class='ocrx_word' id='word_1_302' title='bbox 1615 2323 1662 2367; x_wconf 89' lang='lat' dir='ltr'><strong>et</strong></span> <span class='ocrx_word' id='word_1_303' title='bbox 1692 2329 1796 2367; x_wconf 89' lang='lat' dir='ltr'><strong>non</strong></span> 
     </span>
    </p>
   </div>
   <div class='ocr_carea' id='block_1_41' title="bbox 250 2402 1795 2474">
    <p class='ocr_par' dir='ltr' id='par_1_41' title="bbox 250 2402 1795 2474">
     <span class='ocr_line' id='line_1_41' title="bbox 250 2402 1795 2474; baseline 0.003 -22"><span class='ocrx_word' id='word_1_304' title='bbox 250 2402 569 2457; x_wconf 77' lang='lat' dir='ltr'><strong>contaminent</strong></span> <span class='ocrx_word' id='word_1_305' title='bbox 614 2419 803 2458; x_wconf 85' lang='lat' dir='ltr'><strong>nomen</strong></span> <span class='ocrx_word' id='word_1_306' title='bbox 843 2403 1288 2473; x_wconf 78' lang='lat' dir='ltr'><strong>sanctiﬁcatorum</strong></span> <span class='ocrx_word' id='word_1_307' title='bbox 1333 2403 1503 2469; x_wconf 87' lang='lat' dir='ltr'><strong>mihi,</strong></span> <span class='ocrx_word' id='word_1_308' title='bbox 1539 2419 1657 2474; x_wconf 77' lang='lat' dir='ltr'><strong>qua:</strong></span> <span class='ocrx_word' id='word_1_309' title='bbox 1695 2404 1795 2472; x_wconf 83' lang='lat' dir='ltr'><strong>ipsi</strong></span> 
     </span>
    </p>
   </div>
   <div class='ocr_carea' id='block_1_42' title="bbox 250 2492 1790 2560">
    <p class='ocr_par' dir='ltr' id='par_1_42' title="bbox 250 2492 1790 2560">
     <span class='ocr_line' id='line_1_42' title="bbox 250 2492 1790 2560; baseline 0.002 -16"><span class='ocrx_word' id='word_1_310' title='bbox 250 2492 469 2559; x_wconf 71' lang='lat' dir='ltr'><strong>oﬂ&#39;erunt.</strong></span> <span class='ocrx_word' id='word_1_311' title='bbox 518 2492 573 2549; x_wconf 88' lang='lat' dir='ltr'><strong>Si</strong></span> <span class='ocrx_word' id='word_1_312' title='bbox 601 2503 785 2549; x_wconf 88' lang='lat' dir='ltr'><strong>autem</strong></span> <span class='ocrx_word' id='word_1_313' title='bbox 813 2495 900 2550; x_wconf 89' lang='lat' dir='ltr'><strong>isti</strong></span> <span class='ocrx_word' id='word_1_314' title='bbox 927 2494 1358 2550; x_wconf 88' lang='lat' dir='ltr'><strong>abominabiliter</strong></span> <span class='ocrx_word' id='word_1_315' title='bbox 1388 2503 1442 2549; x_wconf 92' lang='lat' dir='ltr'><strong>et</strong></span> <span class='ocrx_word' id='word_1_316' title='bbox 1468 2494 1790 2560; x_wconf 88' lang='lat' dir='ltr'><strong>inordinate,</strong></span> 
     </span>
    </p>
   </div>
   <div class='ocr_carea' id='block_1_43' title="bbox 256 2581 1793 2655">
    <p class='ocr_par' dir='ltr' id='par_1_43' title="bbox 256 2581 1793 2655">
     <span class='ocr_line' id='line_1_43' title="bbox 256 2581 1793 2655; baseline 0.002 -21"><span class='ocrx_word' id='word_1_317' title='bbox 256 2589 307 2634; x_wconf 89' lang='lat' dir='ltr'><strong>et</strong></span> <span class='ocrx_word' id='word_1_318' title='bbox 347 2590 489 2636; x_wconf 74' lang='lat' dir='ltr'><strong>extra</strong></span> <span class='ocrx_word' id='word_1_319' title='bbox 518 2598 726 2639; x_wconf 90' lang='lat' dir='ltr'><strong>omnem</strong></span> <span class='ocrx_word' id='word_1_320' title='bbox 773 2583 1175 2655; x_wconf 82' lang='lat' dir='ltr'><strong>religiositatem</strong></span> <span class='ocrx_word' id='word_1_321' title='bbox 1203 2582 1385 2654; x_wconf 88' lang='lat' dir='ltr'><strong>populi</strong></span> <span class='ocrx_word' id='word_1_322' title='bbox 1411 2581 1793 2648; x_wconf 86' lang='lat' dir='ltr'><strong>oblationibus,</strong></span> 
     </span>
    </p>
   </div>
   <div class='ocr_carea' id='block_1_44' title="bbox 255 2670 1791 2745">
    <p class='ocr_par' dir='ltr' id='par_1_44' title="bbox 255 2670 1791 2745">
     <span class='ocr_line' id='line_1_44' title="bbox 255 2670 1791 2745; baseline 0.003 -23"><span class='ocrx_word' id='word_1_323' title='bbox 255 2677 306 2723; x_wconf 91' lang='lat' dir='ltr'><strong>et</strong></span> <span class='ocrx_word' id='word_1_324' title='bbox 330 2670 407 2728; x_wconf 88' lang='lat' dir='ltr'><strong>bis</strong></span> <span class='ocrx_word' id='word_1_325' title='bbox 426 2688 538 2742; x_wconf 71' lang='lat' dir='ltr'><strong>qua:</strong></span> <span class='ocrx_word' id='word_1_326' title='bbox 560 2688 877 2745; x_wconf 86' lang='lat' dir='ltr'><strong>quocunque</strong></span> <span class='ocrx_word' id='word_1_327' title='bbox 906 2674 1067 2729; x_wconf 89' lang='lat' dir='ltr'><strong>modo</strong></span> <span class='ocrx_word' id='word_1_328' title='bbox 1111 2672 1446 2729; x_wconf 86' lang='lat' dir='ltr'><strong>sanctiﬁcata</strong></span> <span class='ocrx_word' id='word_1_329' title='bbox 1470 2671 1791 2738; x_wconf 65' lang='lat' dir='ltr'><strong>atteruntur,</strong></span> 
     </span>
    </p>
   </div>
   <div class='ocr_carea' id='block_1_45' title="bbox 251 2763 1793 2830">
    <p class='ocr_par' dir='ltr' id='par_1_45' title="bbox 251 2763 1793 2830">
     <span class='ocr_line' id='line_1_45' title="bbox 251 2763 1793 2830; baseline 0.001 -15"><span class='ocrx_word' id='word_1_330' title='bbox 251 2763 589 2819; x_wconf 80' lang='lat' dir='ltr'><strong>contaminant</strong></span> <span class='ocrx_word' id='word_1_331' title='bbox 612 2779 813 2820; x_wconf 87' lang='lat' dir='ltr'><strong>nomen</strong></span> <span class='ocrx_word' id='word_1_332' title='bbox 838 2765 1291 2828; x_wconf 84' lang='lat' dir='ltr'><strong>sanctiﬁcatorum</strong></span> <span class='ocrx_word' id='word_1_333' title='bbox 1315 2781 1331 2830; x_wconf 90' lang='lat'><strong>;</strong></span> <span class='ocrx_word' id='word_1_334' title='bbox 1357 2765 1470 2819; x_wconf 85' lang='lat' dir='ltr'><strong>sive</strong></span> <span class='ocrx_word' id='word_1_335' title='bbox 1497 2763 1793 2818; x_wconf 89' lang='lat' dir='ltr'><strong>secundum</strong></span> 
     </span>
    </p>
   </div>
   <div class='ocr_carea' id='block_1_46' title="bbox 253 2849 1792 2925">
    <p class='ocr_par' dir='ltr' id='par_1_46' title="bbox 253 2849 1792 2925">
     <span class='ocr_line' id='line_1_46' title="bbox 253 2849 1792 2925; baseline 0.001 -20"><span class='ocrx_word' id='word_1_336' title='bbox 253 2849 573 2925; x_wconf 78' lang='lat' dir='ltr'><strong>Septuaginta</strong></span> <span class='ocrx_word' id='word_1_337' title='bbox 619 2871 809 2909; x_wconf 83' lang='lat' dir='ltr'><strong>nomen</strong></span> <span class='ocrx_word' id='word_1_338' title='bbox 852 2864 1090 2909; x_wconf 87' lang='lat' dir='ltr'><strong>sanctum</strong></span> <span class='ocrx_word' id='word_1_339' title='bbox 1135 2853 1254 2907; x_wconf 91' lang='lat' dir='ltr'><strong>Dei.</strong></span> <span class='ocrx_word' id='word_1_340' title='bbox 1290 2852 1531 2907; x_wconf 88' lang='lat' dir='ltr'><strong>Primum</strong></span> <span class='ocrx_word' id='word_1_341' title='bbox 1575 2852 1792 2922; x_wconf 88' lang='lat' dir='ltr'><strong>quidem</strong></span> 
     </span>
    </p>
   </div>
   <div class='ocr_carea' id='block_1_47' title="bbox 249 2939 1787 3014">
    <p class='ocr_par' dir='ltr' id='par_1_47' title="bbox 249 2939 1787 3014">
     <span class='ocr_line' id='line_1_47' title="bbox 249 2939 1787 3014; baseline 0.001 -21"><span class='ocrx_word' id='word_1_342' title='bbox 249 2939 420 3010; x_wconf 89' lang='lat' dir='ltr'><strong>ipsum,</strong></span> <span class='ocrx_word' id='word_1_343' title='bbox 449 2944 621 3014; x_wconf 88' lang='lat' dir='ltr'><strong>utqui</strong></span> <span class='ocrx_word' id='word_1_344' title='bbox 652 2958 748 2999; x_wconf 88' lang='lat' dir='ltr'><strong>eos</strong></span> <span class='ocrx_word' id='word_1_345' title='bbox 782 2943 915 2999; x_wconf 81' lang='lat' dir='ltr'><strong>tales</strong></span> <span class='ocrx_word' id='word_1_346' title='bbox 938 2943 1160 3013; x_wconf 82' lang='lat' dir='ltr'><strong>elegerit</strong></span> <span class='ocrx_word' id='word_1_347' title='bbox 1194 2942 1567 3013; x_wconf 86' lang='lat' dir='ltr'><strong>blasphemare</strong></span> <span class='ocrx_word' id='word_1_348' title='bbox 1604 2939 1787 2997; x_wconf 77' lang='lat' dir='ltr'><strong>faciet.</strong></span> 
     </span>
    </p>
   </div>
   <div class='ocr_carea' id='block_1_48' title="bbox 1900 1754 3484 1831">
    <p class='ocr_par' dir='ltr' id='par_1_48' title="bbox 1900 1754 3484 1831">
     <span class='ocr_line' id='line_1_48' title="bbox 1900 1754 3484 1831; baseline 0.005 -25"><span class='ocrx_word' id='word_1_349' title='bbox 1900 1770 2061 1824; x_wconf 80' lang='lat' dir='ltr'><strong>usque</strong></span> <span class='ocrx_word' id='word_1_350' title='bbox 2086 1754 2155 1807; x_wconf 90' lang='lat' dir='ltr'><strong>ad</strong></span> <span class='ocrx_word' id='word_1_351' title='bbox 2178 1771 2465 1826; x_wconf 81' lang='lat' dir='ltr'><strong>vesperum,</strong></span> <span class='ocrx_word' id='word_1_352' title='bbox 2491 1765 2541 1810; x_wconf 87' lang='lat' dir='ltr'><strong>et</strong></span> <span class='ocrx_word' id='word_1_353' title='bbox 2577 1772 2680 1810; x_wconf 91' lang='lat' dir='ltr'><strong>non</strong></span> <span class='ocrx_word' id='word_1_354' title='bbox 2700 1767 2934 1811; x_wconf 85' lang='lat' dir='ltr'><strong>vescetur</strong></span> <span class='ocrx_word' id='word_1_355' title='bbox 2956 1759 3120 1813; x_wconf 87' lang='lat' dir='ltr'><strong>dehis</strong></span> <span class='ocrx_word' id='word_1_356' title='bbox 3139 1775 3257 1831; x_wconf 88' lang='lat' dir='ltr'><strong>qua:</strong></span> <span class='ocrx_word' id='word_1_357' title='bbox 3287 1762 3484 1815; x_wconf 81' lang='lat' dir='ltr'><strong>sancti-</strong></span> 
     </span>
    </p>
   </div>
   <div class='ocr_carea' id='block_1_49' title="bbox 1899 1845 3477 1922">
    <p class='ocr_par' dir='ltr' id='par_1_49' title="bbox 1899 1845 3477 1922">
     <span class='ocr_line' id='line_1_49' title="bbox 1899 1845 3477 1922; baseline 0.005 -25"><span class='ocrx_word' id='word_1_358' title='bbox 1899 1845 2058 1913; x_wconf 74' lang='lat' dir='ltr'><strong>ﬁcata</strong></span> <span class='ocrx_word' id='word_1_359' title='bbox 2083 1856 2202 1899; x_wconf 85' lang='lat' dir='ltr'><strong>sunt</strong></span> <span class='ocrx_word' id='word_1_360' title='bbox 2225 1862 2245 1910; x_wconf 89' lang='lat'><em>;</em></span> <span class='ocrx_word' id='word_1_361' title='bbox 2284 1846 2375 1901; x_wconf 87' lang='lat' dir='ltr'><strong>sed</strong></span> <span class='ocrx_word' id='word_1_362' title='bbox 2397 1864 2517 1901; x_wconf 89' lang='lat' dir='ltr'><strong>cum</strong></span> <span class='ocrx_word' id='word_1_363' title='bbox 2541 1846 2724 1902; x_wconf 82' lang='lat' dir='ltr'><strong>laverit</strong></span> <span class='ocrx_word' id='word_1_364' title='bbox 2746 1865 2953 1902; x_wconf 86' lang='lat' dir='ltr'><strong>carnem</strong></span> <span class='ocrx_word' id='word_1_365' title='bbox 2980 1866 3131 1903; x_wconf 87' lang='lat' dir='ltr'><strong>suam</strong></span> <span class='ocrx_word' id='word_1_366' title='bbox 3153 1867 3290 1922; x_wconf 89' lang='lat' dir='ltr'><strong>aqua</strong></span> <span class='ocrx_word' id='word_1_367' title='bbox 3315 1860 3364 1905; x_wconf 88' lang='lat' dir='ltr'><strong>et</strong></span> <span class='ocrx_word' id='word_1_368' title='bbox 3389 1867 3477 1905; x_wconf 85' lang='lat' dir='ltr'><strong>oc-</strong></span> 
     </span>
    </p>
   </div>
   <div class='ocr_carea' id='block_1_50' title="bbox 1898 1934 3479 2012">
    <p class='ocr_par' dir='ltr' id='par_1_50' title="bbox 1898 1934 3479 2012">
     <span class='ocr_line' id='line_1_50' title="bbox 1898 1934 3479 2012; baseline 0.006 -25"><span class='ocrx_word' id='word_1_369' title='bbox 1898 1934 2134 1989; x_wconf 87' lang='lat' dir='ltr'><strong>cubuerit</strong></span> <span class='ocrx_word' id='word_1_370' title='bbox 2162 1935 2241 1989; x_wconf 89' lang='lat' dir='ltr'><strong>sol</strong></span> <span class='ocrx_word' id='word_1_371' title='bbox 2258 1978 2273 2003; x_wconf 94' lang='lat'><strong>,</strong></span> <span class='ocrx_word' id='word_1_372' title='bbox 2314 1947 2437 1991; x_wconf 87' lang='lat' dir='ltr'><strong>tunc</strong></span> <span class='ocrx_word' id='word_1_373' title='bbox 2460 1939 2744 1993; x_wconf 89' lang='lat' dir='ltr'><strong>mundatus</strong></span> <span class='ocrx_word' id='word_1_374' title='bbox 2768 1949 3003 1994; x_wconf 87' lang='lat' dir='ltr'><strong>vescetur</strong></span> <span class='ocrx_word' id='word_1_375' title='bbox 3024 1938 3088 1995; x_wconf 85' lang='lat' dir='ltr'><strong>de</strong></span> <span class='ocrx_word' id='word_1_376' title='bbox 3114 1943 3479 2012; x_wconf 79' lang='lat' dir='ltr'><strong>sanctiﬁcatis,</strong></span> 
     </span>
    </p>
   </div>
   <div class='ocr_carea' id='block_1_51' title="bbox 1894 2025 3479 2100">
    <p class='ocr_par' dir='ltr' id='par_1_51' title="bbox 1894 2025 3479 2100">
     <span class='ocr_line' id='line_1_51' title="bbox 1894 2025 3479 2100; baseline 0.004 -20"><span class='ocrx_word' id='word_1_377' title='bbox 1894 2026 2018 2098; x_wconf 90' lang='lat' dir='ltr'><strong>quia</strong></span> <span class='ocrx_word' id='word_1_378' title='bbox 2066 2025 2209 2080; x_wconf 86' lang='lat' dir='ltr'><strong>cibus</strong></span> <span class='ocrx_word' id='word_1_379' title='bbox 2229 2025 2372 2081; x_wconf 88' lang='lat' dir='ltr'><strong>illius</strong></span> <span class='ocrx_word' id='word_1_380' title='bbox 2415 2037 2509 2081; x_wconf 90' lang='lat' dir='ltr'><strong>est.</strong></span> <span class='ocrx_word' id='word_1_381' title='bbox 2548 2027 2885 2083; x_wconf 84' lang='lat' dir='ltr'><strong>Morticinum</strong></span> <span class='ocrx_word' id='word_1_382' title='bbox 2911 2040 2959 2084; x_wconf 90' lang='lat' dir='ltr'><strong>et</strong></span> <span class='ocrx_word' id='word_1_383' title='bbox 2994 2039 3202 2100; x_wconf 85' lang='lat' dir='ltr'><strong>captum</strong></span> <span class='ocrx_word' id='word_1_384' title='bbox 3236 2050 3268 2085; x_wconf 91' lang='lat' dir='ltr'><strong>a</strong></span> <span class='ocrx_word' id='word_1_385' title='bbox 3295 2032 3479 2099; x_wconf 83' lang='lat' dir='ltr'><strong>bestia,</strong></span> 
     </span>
    </p>
   </div>
   <div class='ocr_carea' id='block_1_52' title="bbox 1896 2116 3477 2191">
    <p class='ocr_par' dir='ltr' id='par_1_52' title="bbox 1896 2116 3477 2191">
     <span class='ocr_line' id='line_1_52' title="bbox 1896 2116 3477 2191; baseline 0.005 -23"><span class='ocrx_word' id='word_1_386' title='bbox 1896 2132 2001 2169; x_wconf 88' lang='lat' dir='ltr'><strong>non</strong></span> <span class='ocrx_word' id='word_1_387' title='bbox 2035 2116 2301 2170; x_wconf 87' lang='lat' dir='ltr'><strong>comedent</strong></span> <span class='ocrx_word' id='word_1_388' title='bbox 2337 2134 2428 2171; x_wconf 91' lang='lat' dir='ltr'><strong>nec</strong></span> <span class='ocrx_word' id='word_1_389' title='bbox 2467 2117 2765 2189; x_wconf 84' lang='lat' dir='ltr'><strong>polluentur</strong></span> <span class='ocrx_word' id='word_1_390' title='bbox 2806 2120 2862 2173; x_wconf 89' lang='lat' dir='ltr'><strong>in</strong></span> <span class='ocrx_word' id='word_1_391' title='bbox 2903 2118 3018 2177; x_wconf 88' lang='lat' dir='ltr'><strong>eis:</strong></span> <span class='ocrx_word' id='word_1_392' title='bbox 3061 2137 3154 2191; x_wconf 89' lang='lat' dir='ltr'><strong>ego</strong></span> <span class='ocrx_word' id='word_1_393' title='bbox 3200 2120 3477 2176; x_wconf 87' lang='lat' dir='ltr'><strong>Dominus.</strong></span> 
     </span>
    </p>
   </div>
   <div class='ocr_carea' id='block_1_53' title="bbox 1897 2205 3477 2282">
    <p class='ocr_par' dir='ltr' id='par_1_53' title="bbox 1897 2205 3477 2282">
     <span class='ocr_line' id='line_1_53' title="bbox 1897 2205 3477 2282; baseline 0.005 -23"><span class='ocrx_word' id='word_1_394' title='bbox 1897 2205 2006 2278; x_wconf 76' lang='lat' dir='ltr'><strong>(Ex</strong></span> <span class='ocrx_word' id='word_1_395' title='bbox 2028 2205 2333 2278; x_wconf 85' lang='lat' dir='ltr'><strong>Hesychia.)</strong></span> <span class='ocrx_word' id='word_1_396' title='bbox 2356 2207 2652 2263; x_wconf 89' lang='lat' dir='ltr'><strong>Comedere</strong></span> <span class='ocrx_word' id='word_1_397' title='bbox 2682 2217 2869 2264; x_wconf 89' lang='lat' dir='ltr'><strong>sancta</strong></span> <span class='ocrx_word' id='word_1_398' title='bbox 2897 2209 3128 2280; x_wconf 91' lang='lat' dir='ltr'><strong>pollutos</strong></span> <span class='ocrx_word' id='word_1_399' title='bbox 3154 2226 3326 2282; x_wconf 85' lang='lat' dir='ltr'><strong>usque</strong></span> <span class='ocrx_word' id='word_1_400' title='bbox 3351 2212 3477 2266; x_wconf 84' lang='lat' dir='ltr'><strong>dum</strong></span> 
     </span>
    </p>
   </div>
   <div class='ocr_carea' id='block_1_54' title="bbox 1895 2296 3482 2369">
    <p class='ocr_par' dir='ltr' id='par_1_54' title="bbox 1895 2296 3482 2369">
     <span class='ocr_line' id='line_1_54' title="bbox 1895 2296 3482 2369; baseline 0.002 -19"><span class='ocrx_word' id='word_1_401' title='bbox 1895 2298 2222 2350; x_wconf 89' lang='lat' dir='ltr'><strong>mundentur</strong></span> <span class='ocrx_word' id='word_1_402' title='bbox 2251 2312 2356 2351; x_wconf 92' lang='lat' dir='ltr'><strong>non</strong></span> <span class='ocrx_word' id='word_1_403' title='bbox 2387 2296 2520 2361; x_wconf 89' lang='lat' dir='ltr'><strong>vult,</strong></span> <span class='ocrx_word' id='word_1_404' title='bbox 2571 2296 2663 2353; x_wconf 91' lang='lat' dir='ltr'><strong>sed</strong></span> <span class='ocrx_word' id='word_1_405' title='bbox 2694 2313 2796 2369; x_wconf 84' lang='lat' dir='ltr'><strong>nec</strong></span> <span class='ocrx_word' id='word_1_406' title='bbox 2822 2298 3044 2354; x_wconf 90' lang='lat' dir='ltr'><strong>omnino</strong></span> <span class='ocrx_word' id='word_1_407' title='bbox 3065 2313 3159 2354; x_wconf 89' lang='lat' dir='ltr'><strong>eos</strong></span> <span class='ocrx_word' id='word_1_408' title='bbox 3188 2310 3285 2369; x_wconf 87' lang='lat' dir='ltr'><strong>per</strong></span> <span class='ocrx_word' id='word_1_409' title='bbox 3309 2300 3482 2361; x_wconf 87' lang='lat' dir='ltr'><strong>absti-</strong></span> 
     </span>
    </p>
   </div>
   <div class='ocr_carea' id='block_1_55' title="bbox 1894 2385 3479 2458">
    <p class='ocr_par' dir='ltr' id='par_1_55' title="bbox 1894 2385 3479 2458">
     <span class='ocr_line' id='line_1_55' title="bbox 1894 2385 3479 2458; baseline 0.002 -18"><span class='ocrx_word' id='word_1_410' title='bbox 1894 2386 2133 2440; x_wconf 88' lang='lat' dir='ltr'><strong>nentiam</strong></span> <span class='ocrx_word' id='word_1_411' title='bbox 2161 2385 2450 2455; x_wconf 84' lang='lat' dir='ltr'><strong>prohibere</strong></span> <span class='ocrx_word' id='word_1_412' title='bbox 2469 2427 2483 2453; x_wconf 91' lang='lat'><strong>,</strong></span> <span class='ocrx_word' id='word_1_413' title='bbox 2524 2396 2807 2457; x_wconf 86' lang='lat' dir='ltr'><strong>propterea</strong></span> <span class='ocrx_word' id='word_1_414' title='bbox 2834 2402 2957 2441; x_wconf 91' lang='lat' dir='ltr'><strong>eum</strong></span> <span class='ocrx_word' id='word_1_415' title='bbox 2987 2387 3077 2457; x_wconf 89' lang='lat' dir='ltr'><strong>qui</strong></span> <span class='ocrx_word' id='word_1_416' title='bbox 3110 2402 3218 2443; x_wconf 90' lang='lat' dir='ltr'><strong>uno</strong></span> <span class='ocrx_word' id='word_1_417' title='bbox 3238 2385 3479 2458; x_wconf 86' lang='lat' dir='ltr'><strong>quolibet</strong></span> 
     </span>
    </p>
   </div>
   <div class='ocr_carea' id='block_1_56' title="bbox 1894 2474 3477 2544">
    <p class='ocr_par' dir='ltr' id='par_1_56' title="bbox 1894 2474 3477 2544">
     <span class='ocr_line' id='line_1_56' title="bbox 1894 2474 3477 2544; baseline 0.004 -16"><span class='ocrx_word' id='word_1_418' title='bbox 1894 2474 2088 2528; x_wconf 89' lang='lat' dir='ltr'><strong>borum</strong></span> <span class='ocrx_word' id='word_1_419' title='bbox 2117 2475 2353 2544; x_wconf 87' lang='lat' dir='ltr'><strong>pollutus</strong></span> <span class='ocrx_word' id='word_1_420' title='bbox 2380 2485 2461 2531; x_wconf 90' lang='lat' dir='ltr'><strong>est</strong></span> <span class='ocrx_word' id='word_1_421' title='bbox 2495 2476 2585 2531; x_wconf 91' lang='lat' dir='ltr'><strong>hic</strong></span> <span class='ocrx_word' id='word_1_422' title='bbox 2611 2476 2952 2532; x_wconf 88' lang='lat' dir='ltr'><strong>enumeravit</strong></span> <span class='ocrx_word' id='word_1_423' title='bbox 2992 2478 3325 2531; x_wconf 89' lang='lat' dir='ltr'><strong>immundum</strong></span> <span class='ocrx_word' id='word_1_424' title='bbox 3356 2493 3477 2534; x_wconf 87' lang='lat' dir='ltr'><strong>esse</strong></span> 
     </span>
    </p>
   </div>
   <div class='ocr_carea' id='block_1_57' title="bbox 1894 2566 3478 2640">
    <p class='ocr_par' dir='ltr' id='par_1_57' title="bbox 1894 2566 3478 2640">
     <span class='ocr_line' id='line_1_57' title="bbox 1894 2566 3478 2640; baseline 0.001 -19"><span class='ocrx_word' id='word_1_425' title='bbox 1894 2582 2065 2637; x_wconf 87' lang='lat' dir='ltr'><strong>usque</strong></span> <span class='ocrx_word' id='word_1_426' title='bbox 2085 2568 2153 2623; x_wconf 88' lang='lat' dir='ltr'><strong>ad</strong></span> <span class='ocrx_word' id='word_1_427' title='bbox 2186 2584 2473 2639; x_wconf 85' lang='lat' dir='ltr'><strong>vesperum</strong></span> <span class='ocrx_word' id='word_1_428' title='bbox 2496 2569 2681 2624; x_wconf 90' lang='lat' dir='ltr'><strong>dicens</strong></span> <span class='ocrx_word' id='word_1_429' title='bbox 2705 2587 2718 2622; x_wconf 89' lang='lat'><strong>:</strong></span> <span class='ocrx_word' id='word_1_430' title='bbox 2761 2566 2885 2622; x_wconf 84' lang='lat' dir='ltr'><strong>Non</strong></span> <span class='ocrx_word' id='word_1_431' title='bbox 2906 2577 3135 2623; x_wconf 79' lang='lat' dir='ltr'><strong>vescetur</strong></span> <span class='ocrx_word' id='word_1_432' title='bbox 3169 2570 3234 2622; x_wconf 87' lang='lat' dir='ltr'><strong>de</strong></span> <span class='ocrx_word' id='word_1_433' title='bbox 3256 2567 3338 2623; x_wconf 84' lang='lat' dir='ltr'><strong>his</strong></span> <span class='ocrx_word' id='word_1_434' title='bbox 3360 2586 3478 2640; x_wconf 71' lang='lat' dir='ltr'><strong>qua:</strong></span> 
     </span>
    </p>
   </div>
   <div class='ocr_carea' id='block_1_58' title="bbox 1892 2658 3479 2729">
    <p class='ocr_par' dir='ltr' id='par_1_58' title="bbox 1892 2658 3479 2729">
     <span class='ocr_line' id='line_1_58' title="bbox 1892 2658 3479 2729; baseline 0.001 -17"><span class='ocrx_word' id='word_1_435' title='bbox 1892 2659 2224 2729; x_wconf 77' lang='lat' dir='ltr'><strong>sanctiﬁcata</strong></span> <span class='ocrx_word' id='word_1_436' title='bbox 2280 2668 2444 2727; x_wconf 87' lang='lat' dir='ltr'><strong>sunt,</strong></span> <span class='ocrx_word' id='word_1_437' title='bbox 2504 2660 2594 2714; x_wconf 90' lang='lat' dir='ltr'><strong>sed</strong></span> <span class='ocrx_word' id='word_1_438' title='bbox 2649 2676 2769 2713; x_wconf 89' lang='lat' dir='ltr'><strong>cum</strong></span> <span class='ocrx_word' id='word_1_439' title='bbox 2830 2658 3013 2713; x_wconf 87' lang='lat' dir='ltr'><strong>laverit</strong></span> <span class='ocrx_word' id='word_1_440' title='bbox 3062 2672 3272 2713; x_wconf 85' lang='lat' dir='ltr'><strong>carnem</strong></span> <span class='ocrx_word' id='word_1_441' title='bbox 3324 2674 3479 2714; x_wconf 87' lang='lat' dir='ltr'><strong>suam</strong></span> 
     </span>
    </p>
   </div>
   <div class='ocr_carea' id='block_1_59' title="bbox 1894 2746 3478 2818">
    <p class='ocr_par' dir='ltr' id='par_1_59' title="bbox 1894 2746 3478 2818">
     <span class='ocr_line' id='line_1_59' title="bbox 1894 2746 3478 2818; baseline 0.001 -18"><span class='ocrx_word' id='word_1_442' title='bbox 1894 2763 2062 2818; x_wconf 87' lang='lat' dir='ltr'><strong>aqua,</strong></span> <span class='ocrx_word' id='word_1_443' title='bbox 2109 2756 2159 2801; x_wconf 80' lang='lat' dir='ltr'><strong>et</strong></span> <span class='ocrx_word' id='word_1_444' title='bbox 2213 2748 2511 2802; x_wconf 88' lang='lat' dir='ltr'><strong>occubuerit</strong></span> <span class='ocrx_word' id='word_1_445' title='bbox 2547 2747 2644 2802; x_wconf 86' lang='lat' dir='ltr'><strong>sol.</strong></span> <span class='ocrx_word' id='word_1_446' title='bbox 2677 2746 2970 2817; x_wconf 84' lang='lat' dir='ltr'><strong>Vesperum</strong></span> <span class='ocrx_word' id='word_1_447' title='bbox 3019 2756 3074 2802; x_wconf 91' lang='lat' dir='ltr'><strong>et</strong></span> <span class='ocrx_word' id='word_1_448' title='bbox 3112 2759 3364 2802; x_wconf 84' lang='lat' dir='ltr'><strong>occasnm</strong></span> <span class='ocrx_word' id='word_1_449' title='bbox 3393 2762 3478 2802; x_wconf 89' lang='lat' dir='ltr'><strong>so-</strong></span> 
     </span>
    </p>
   </div>
   <div class='ocr_carea' id='block_1_60' title="bbox 1889 2834 3475 2908">
    <p class='ocr_par' dir='ltr' id='par_1_60' title="bbox 1889 2834 3475 2908">
     <span class='ocr_line' id='line_1_60' title="bbox 1889 2834 3475 2908; baseline 0 -18"><span class='ocrx_word' id='word_1_450' title='bbox 1889 2834 1960 2890; x_wconf 81' lang='lat' dir='ltr'><strong>lis</strong></span> <span class='ocrx_word' id='word_1_451' title='bbox 2006 2835 2416 2908; x_wconf 58' lang='lat' dir='ltr'><strong>paenitentiam;</strong></span> <span class='ocrx_word' id='word_1_452' title='bbox 2471 2852 2664 2906; x_wconf 86' lang='lat' dir='ltr'><strong>aquam</strong></span> <span class='ocrx_word' id='word_1_453' title='bbox 2711 2852 2843 2891; x_wconf 89' lang='lat' dir='ltr'><strong>vero</strong></span> <span class='ocrx_word' id='word_1_454' title='bbox 2893 2847 2998 2906; x_wconf 89' lang='lat' dir='ltr'><strong>qua</strong></span> <span class='ocrx_word' id='word_1_455' title='bbox 3052 2836 3107 2891; x_wconf 90' lang='lat' dir='ltr'><strong>in</strong></span> <span class='ocrx_word' id='word_1_456' title='bbox 3143 2851 3261 2892; x_wconf 90' lang='lat' dir='ltr'><strong>eam</strong></span> <span class='ocrx_word' id='word_1_457' title='bbox 3304 2837 3475 2902; x_wconf 85' lang='lat' dir='ltr'><strong>lavat,</strong></span> 
     </span>
    </p>
   </div>
   <div class='ocr_carea' id='block_1_61' title="bbox 1890 2925 3479 2997">
    <p class='ocr_par' dir='ltr' id='par_1_61' title="bbox 1890 2925 3479 2997">
     <span class='ocr_line' id='line_1_61' title="bbox 1890 2925 3479 2997; baseline 0 -18"><span class='ocrx_word' id='word_1_458' title='bbox 1890 2926 2189 2997; x_wconf 88' lang='lat' dir='ltr'><strong>lacrymam</strong></span> <span class='ocrx_word' id='word_1_459' title='bbox 2221 2925 2430 2992; x_wconf 88' lang='lat' dir='ltr'><strong>dicens,</strong></span> <span class='ocrx_word' id='word_1_460' title='bbox 2479 2926 2545 2980; x_wconf 90' lang='lat' dir='ltr'><strong>de</strong></span> <span class='ocrx_word' id='word_1_461' title='bbox 2572 2941 2679 2996; x_wconf 90' lang='lat' dir='ltr'><strong>qua</strong></span> <span class='ocrx_word' id='word_1_462' title='bbox 2723 2925 2889 2979; x_wconf 87' lang='lat' dir='ltr'><strong>David</strong></span> <span class='ocrx_word' id='word_1_463' title='bbox 2937 2926 3110 2981; x_wconf 80' lang='lat' dir='ltr'><strong>dixit:</strong></span> <span class='ocrx_word' id='word_1_464' title='bbox 3142 2925 3350 2981; x_wconf 83' lang='lat' dir='ltr'><strong>Lavabo</strong></span> <span class='ocrx_word' id='word_1_465' title='bbox 3382 2943 3479 2997; x_wconf 87' lang='lat' dir='ltr'><strong>per</strong></span> 
     </span>
    </p>
   </div>
   <div class='ocr_carea' id='block_1_62' title="bbox 249 3016 3474 3104">
    <p class='ocr_par' dir='ltr' id='par_1_62' title="bbox 249 3016 3474 3104">
     <span class='ocr_line' id='line_1_62' title="bbox 249 3016 3474 3104; baseline 0 -32"><span class='ocrx_word' id='word_1_466' title='bbox 249 3030 425 3087; x_wconf 68' lang='lat' dir='ltr'><strong>Deinde</strong></span> <span class='ocrx_word' id='word_1_467' title='bbox 467 3042 523 3088; x_wconf 69' lang='grc' dir='ltr'><strong>οι</strong></span> <span class='ocrx_word' id='word_1_468' title='bbox 560 3032 818 3104; x_wconf 73' lang='lat' dir='ltr'><strong>populum</strong></span> <span class='ocrx_word' id='word_1_469' title='bbox 847 3031 1116 3089; x_wconf 68' lang='lat' dir='ltr'><strong>offendere</strong></span> <span class='ocrx_word' id='word_1_470' title='bbox 1146 3031 1201 3087; x_wconf 76' lang='lat' dir='ltr'><strong>in</strong></span> <span class='ocrx_word' id='word_1_471' title='bbox 1226 3031 1431 3087; x_wconf 53' lang='lat' dir='ltr'><strong>sanctis</strong></span> <span class='ocrx_word' id='word_1_472' title='bbox 1456 3041 1684 3102; x_wconf 65' lang='grc' dir='ltr'><strong>εοευηι,</strong></span> <span class='ocrx_word' id='word_1_473' title='bbox 1737 3036 1793 3086; x_wconf 71' lang='grc' dir='ltr'>ει</span> <span class='ocrx_word' id='word_1_474' title='bbox 1819 3040 1864 3102; x_wconf 76' lang='lat' dir='ltr'><strong><em>C</em></strong></span> <span class='ocrx_word' id='word_1_475' title='bbox 1894 3018 2130 3089; x_wconf 89' lang='lat' dir='ltr'><strong>singulas</strong></span> <span class='ocrx_word' id='word_1_476' title='bbox 2154 3027 2326 3104; x_wconf 86' lang='lat' dir='ltr'><strong>noctes</strong></span> <span class='ocrx_word' id='word_1_477' title='bbox 2370 3017 2559 3072; x_wconf 64' lang='lat' dir='ltr'><strong>lectum</strong></span> <span class='ocrx_word' id='word_1_478' title='bbox 2600 3033 2797 3082; x_wconf 89' lang='lat' dir='ltr'><strong>meum,</strong></span> <span class='ocrx_word' id='word_1_479' title='bbox 2827 3016 3073 3087; x_wconf 87' lang='lat' dir='ltr'><strong>lacrymis</strong></span> <span class='ocrx_word' id='word_1_480' title='bbox 3096 3018 3223 3071; x_wconf 83' lang='lat' dir='ltr'><strong>meis</strong></span> <span class='ocrx_word' id='word_1_481' title='bbox 3251 3027 3474 3072; x_wconf 85' lang='lat' dir='ltr'><strong>stratum</strong></span> 
     </span>
    </p>
   </div>
   <div class='ocr_carea' id='block_1_63' title="bbox 247 3120 1793 3192">
    <p class='ocr_par' dir='ltr' id='par_1_63' title="bbox 247 3120 1793 3192">
     <span class='ocr_line' id='line_1_63' title="bbox 247 3120 1793 3192; baseline 0.001 -20"><span class='ocrx_word' id='word_1_482' title='bbox 247 3129 411 3189; x_wconf 86' lang='lat' dir='ltr'><strong>putare</strong></span> <span class='ocrx_word' id='word_1_483' title='bbox 430 3122 579 3191; x_wconf 83' lang='lat' dir='ltr'><strong>quod</strong></span> <span class='ocrx_word' id='word_1_484' title='bbox 602 3120 931 3192; x_wconf 80' lang='lat' dir='ltr'><strong>superﬂuum</strong></span> <span class='ocrx_word' id='word_1_485' title='bbox 953 3121 1027 3177; x_wconf 89' lang='lat' dir='ltr'><strong>sit</strong></span> <span class='ocrx_word' id='word_1_486' title='bbox 1050 3121 1148 3177; x_wconf 91' lang='lat' dir='ltr'><strong>Dei</strong></span> <span class='ocrx_word' id='word_1_487' title='bbox 1178 3120 1536 3176; x_wconf 89' lang='lat' dir='ltr'><strong>ministerium</strong></span> <span class='ocrx_word' id='word_1_488' title='bbox 1562 3129 1616 3174; x_wconf 89' lang='lat' dir='ltr'><strong>et</strong></span> <span class='ocrx_word' id='word_1_489' title='bbox 1634 3120 1793 3191; x_wconf 86' lang='lat' dir='ltr'><strong>justi-</strong></span> 
     </span>
    </p>
   </div>
   <div class='ocr_carea' id='block_1_64' title="bbox 249 3210 1790 3279">
    <p class='ocr_par' dir='ltr' id='par_1_64' title="bbox 249 3210 1790 3279">
     <span class='ocr_line' id='line_1_64' title="bbox 249 3210 1790 3279; baseline 0.004 -18"><span class='ocrx_word' id='word_1_490' title='bbox 249 3210 307 3263; x_wconf 81' lang='lat' dir='ltr'><strong>tia</strong></span> <span class='ocrx_word' id='word_1_491' title='bbox 342 3221 391 3264; x_wconf 91' lang='lat' dir='ltr'><strong>et</strong></span> <span class='ocrx_word' id='word_1_492' title='bbox 413 3210 699 3279; x_wconf 85' lang='lat' dir='ltr'><strong>judicium.</strong></span> <span class='ocrx_word' id='word_1_493' title='bbox 744 3211 1012 3278; x_wconf 86' lang='lat' dir='ltr'><strong>Quantum</strong></span> <span class='ocrx_word' id='word_1_494' title='bbox 1050 3227 1177 3267; x_wconf 89' lang='lat' dir='ltr'><strong>vero</strong></span> <span class='ocrx_word' id='word_1_495' title='bbox 1219 3211 1380 3277; x_wconf 91' lang='lat' dir='ltr'><strong>Deus,</strong></span> <span class='ocrx_word' id='word_1_496' title='bbox 1425 3211 1471 3266; x_wconf 89' lang='lat' dir='ltr'><strong>si</strong></span> <span class='ocrx_word' id='word_1_497' title='bbox 1514 3213 1790 3277; x_wconf 87' lang='lat' dir='ltr'><strong>sacerdos,</strong></span> 
     </span>
    </p>
   </div>
   <div class='ocr_carea' id='block_1_65' title="bbox 245 3302 1793 3374">
    <p class='ocr_par' dir='ltr' id='par_1_65' title="bbox 245 3302 1793 3374">
     <span class='ocr_line' id='line_1_65' title="bbox 245 3302 1793 3374; baseline 0.003 -20"><span class='ocrx_word' id='word_1_498' title='bbox 245 3302 340 3356; x_wconf 82' lang='lat' dir='ltr'><strong>sive</strong></span> <span class='ocrx_word' id='word_1_499' title='bbox 373 3303 467 3359; x_wconf 91' lang='lat' dir='ltr'><strong>ﬁlii</strong></span> <span class='ocrx_word' id='word_1_500' title='bbox 513 3302 650 3372; x_wconf 81' lang='lat' dir='ltr'><strong>ejus,</strong></span> <span class='ocrx_word' id='word_1_501' title='bbox 687 3304 741 3359; x_wconf 91' lang='lat' dir='ltr'><strong>id</strong></span> <span class='ocrx_word' id='word_1_502' title='bbox 781 3312 885 3370; x_wconf 89' lang='lat' dir='ltr'><strong>est,</strong></span> <span class='ocrx_word' id='word_1_503' title='bbox 921 3304 1167 3374; x_wconf 88' lang='lat' dir='ltr'><strong>discipuli</strong></span> <span class='ocrx_word' id='word_1_504' title='bbox 1193 3305 1535 3374; x_wconf 86' lang='lat' dir='ltr'><strong>peccaverint</strong></span> <span class='ocrx_word' id='word_1_505' title='bbox 1571 3305 1625 3359; x_wconf 93' lang='lat' dir='ltr'><strong>in</strong></span> <span class='ocrx_word' id='word_1_506' title='bbox 1666 3320 1793 3358; x_wconf 88' lang='lat' dir='ltr'><strong>san-</strong></span> 
     </span>
    </p>
   </div>
   <div class='ocr_carea' id='block_1_66' title="bbox 245 3393 1793 3464">
    <p class='ocr_par' dir='ltr' id='par_1_66' title="bbox 245 3393 1793 3464">
     <span class='ocr_line' id='line_1_66' title="bbox 245 3393 1793 3464; baseline 0.004 -21"><span class='ocrx_word' id='word_1_507' title='bbox 245 3399 334 3456; x_wconf 81' lang='lat' dir='ltr'><strong>cta,</strong></span> <span class='ocrx_word' id='word_1_508' title='bbox 366 3393 655 3460; x_wconf 85' lang='lat' dir='ltr'><strong>irascatur,</strong></span> <span class='ocrx_word' id='word_1_509' title='bbox 700 3394 992 3449; x_wconf 83' lang='lat' dir='ltr'><strong>ostendunt</strong></span> <span class='ocrx_word' id='word_1_510' title='bbox 1039 3409 1103 3449; x_wconf 87' lang='lat' dir='ltr'><strong>ea</strong></span> <span class='ocrx_word' id='word_1_511' title='bbox 1131 3410 1251 3464; x_wconf 72' lang='lat' dir='ltr'><strong>qua:</strong></span> <span class='ocrx_word' id='word_1_512' title='bbox 1279 3393 1394 3449; x_wconf 85' lang='lat' dir='ltr'><strong>lleli</strong></span> <span class='ocrx_word' id='word_1_513' title='bbox 1425 3402 1481 3448; x_wconf 89' lang='lat' dir='ltr'><strong>et</strong></span> <span class='ocrx_word' id='word_1_514' title='bbox 1522 3393 1646 3448; x_wconf 92' lang='lat' dir='ltr'><strong>ﬁliis</strong></span> <span class='ocrx_word' id='word_1_515' title='bbox 1677 3393 1793 3463; x_wconf 90' lang='lat' dir='ltr'><strong>ejus</strong></span> 
     </span>
    </p>
   </div>
   <div class='ocr_carea' id='block_1_67' title="bbox 244 3483 1792 3556">
    <p class='ocr_par' dir='ltr' id='par_1_67' title="bbox 244 3483 1792 3556">
     <span class='ocr_line' id='line_1_67' title="bbox 244 3483 1792 3556; baseline 0.001 -21"><span class='ocrx_word' id='word_1_516' title='bbox 244 3485 579 3554; x_wconf 81' lang='lat' dir='ltr'><strong>contigerunt;</strong></span> <span class='ocrx_word' id='word_1_517' title='bbox 606 3493 893 3556; x_wconf 81' lang='lat' dir='ltr'><strong>propterea</strong></span> <span class='ocrx_word' id='word_1_518' title='bbox 930 3484 1168 3540; x_wconf 88' lang='lat' dir='ltr'><strong>subdidit</strong></span> <span class='ocrx_word' id='word_1_519' title='bbox 1192 3503 1205 3538; x_wconf 90' lang='lat'><strong>:</strong></span> <span class='ocrx_word' id='word_1_520' title='bbox 1228 3484 1342 3555; x_wconf 88' lang='lat' dir='ltr'><strong>Ego</strong></span> <span class='ocrx_word' id='word_1_521' title='bbox 1378 3483 1671 3538; x_wconf 83' lang='lat' dir='ltr'><strong>Dominus:</strong></span> <span class='ocrx_word' id='word_1_522' title='bbox 1698 3483 1792 3536; x_wconf 88' lang='lat' dir='ltr'><strong>Di-</strong></span> 
     </span>
    </p>
   </div>
   <div class='ocr_carea' id='block_1_68' title="bbox 242 3572 1792 3645">
    <p class='ocr_par' dir='ltr' id='par_1_68' title="bbox 242 3572 1792 3645">
     <span class='ocr_line' id='line_1_68' title="bbox 242 3572 1792 3645; baseline 0.002 -22"><span class='ocrx_word' id='word_1_523' title='bbox 242 3587 311 3624; x_wconf 79' lang='lat' dir='ltr'><strong>res</strong></span> <span class='ocrx_word' id='word_1_524' title='bbox 332 3574 396 3626; x_wconf 86' lang='lat' dir='ltr'><strong>ad</strong></span> <span class='ocrx_word' id='word_1_525' title='bbox 422 3588 543 3628; x_wconf 87' lang='lat' dir='ltr'><strong>eos:</strong></span> <span class='ocrx_word' id='word_1_526' title='bbox 567 3574 681 3645; x_wconf 78' lang='lat' dir='ltr'><strong>Ego</strong></span> <span class='ocrx_word' id='word_1_527' title='bbox 694 3573 968 3638; x_wconf 82' lang='lat' dir='ltr'><strong>Dominus,</strong></span> <span class='ocrx_word' id='word_1_528' title='bbox 996 3574 1087 3643; x_wconf 91' lang='lat' dir='ltr'><strong>qui</strong></span> <span class='ocrx_word' id='word_1_529' title='bbox 1113 3575 1319 3629; x_wconf 87' lang='lat' dir='ltr'><strong>irascor</strong></span> <span class='ocrx_word' id='word_1_530' title='bbox 1346 3572 1593 3627; x_wconf 89' lang='lat' dir='ltr'><strong>videlicet</strong></span> <span class='ocrx_word' id='word_1_531' title='bbox 1612 3572 1792 3627; x_wconf 83' lang='lat' dir='ltr'><strong>etvin—</strong></span> 
     </span>
    </p>
   </div>
   <div class='ocr_carea' id='block_1_69' title="bbox 244 3658 1790 3731">
    <p class='ocr_par' dir='ltr' id='par_1_69' title="bbox 244 3658 1790 3731">
     <span class='ocr_line' id='line_1_69' title="bbox 244 3658 1790 3731; baseline 0.001 -17"><span class='ocrx_word' id='word_1_532' title='bbox 244 3658 364 3715; x_wconf 75' lang='lat' dir='ltr'><strong>dim.</strong></span> <span class='ocrx_word' id='word_1_533' title='bbox 393 3662 535 3730; x_wconf 86' lang='lat' dir='ltr'><strong>Quid</strong></span> <span class='ocrx_word' id='word_1_534' title='bbox 562 3670 747 3718; x_wconf 87' lang='lat' dir='ltr'><strong>autem</strong></span> <span class='ocrx_word' id='word_1_535' title='bbox 768 3663 948 3717; x_wconf 80' lang='lat' dir='ltr'><strong>dixit?</strong></span> <span class='ocrx_word' id='word_1_536' title='bbox 970 3662 1124 3716; x_wconf 88' lang='lat' dir='ltr'><strong>Dices</strong></span> <span class='ocrx_word' id='word_1_537' title='bbox 1148 3662 1217 3716; x_wconf 86' lang='lat' dir='ltr'><strong>ad</strong></span> <span class='ocrx_word' id='word_1_538' title='bbox 1245 3679 1332 3716; x_wconf 87' lang='lat' dir='ltr'><strong>eos</strong></span> <span class='ocrx_word' id='word_1_539' title='bbox 1350 3702 1365 3728; x_wconf 94' lang='lat'><strong>,</strong></span> <span class='ocrx_word' id='word_1_540' title='bbox 1395 3671 1442 3715; x_wconf 88' lang='lat' dir='ltr'><strong>et</strong></span> <span class='ocrx_word' id='word_1_541' title='bbox 1471 3662 1539 3715; x_wconf 91' lang='lat' dir='ltr'><strong>ad</strong></span> <span class='ocrx_word' id='word_1_542' title='bbox 1559 3672 1790 3731; x_wconf 82' lang='lat' dir='ltr'><strong>posteros</strong></span> 
     </span>
    </p>
   </div>
   <div class='ocr_carea' id='block_1_70' title="bbox 241 3751 1791 3823">
    <p class='ocr_par' dir='ltr' id='par_1_70' title="bbox 241 3751 1791 3823">
     <span class='ocr_line' id='line_1_70' title="bbox 241 3751 1791 3823; baseline 0.002 -21"><span class='ocrx_word' id='word_1_543' title='bbox 241 3764 394 3805; x_wconf 83' lang='lat' dir='ltr'><strong>eorum</strong></span> <span class='ocrx_word' id='word_1_544' title='bbox 418 3766 439 3804; x_wconf 88' lang='lat'><strong>:</strong></span> <span class='ocrx_word' id='word_1_545' title='bbox 486 3752 669 3807; x_wconf 84' lang='lat' dir='ltr'><strong>Omnis</strong></span> <span class='ocrx_word' id='word_1_546' title='bbox 709 3754 799 3823; x_wconf 88' lang='lat' dir='ltr'><strong>qui</strong></span> <span class='ocrx_word' id='word_1_547' title='bbox 826 3753 1095 3807; x_wconf 85' lang='lat' dir='ltr'><strong>accesserit</strong></span> <span class='ocrx_word' id='word_1_548' title='bbox 1128 3752 1193 3806; x_wconf 88' lang='lat' dir='ltr'><strong>de</strong></span> <span class='ocrx_word' id='word_1_549' title='bbox 1237 3752 1395 3821; x_wconf 87' lang='lat' dir='ltr'><strong>stirpe</strong></span> <span class='ocrx_word' id='word_1_550' title='bbox 1421 3762 1588 3806; x_wconf 75' lang='lat' dir='ltr'><strong>uestra</strong></span> <span class='ocrx_word' id='word_1_551' title='bbox 1616 3751 1685 3804; x_wconf 88' lang='lat' dir='ltr'><strong>ad</strong></span> <span class='ocrx_word' id='word_1_552' title='bbox 1728 3768 1791 3805; x_wconf 88' lang='lat' dir='ltr'><strong>ea</strong></span> 
     </span>
    </p>
   </div>
   <div class='ocr_carea' id='block_1_71' title="bbox 243 3840 1792 3914">
    <p class='ocr_par' dir='ltr' id='par_1_71' title="bbox 243 3840 1792 3914">
     <span class='ocr_line' id='line_1_71' title="bbox 243 3840 1792 3914; baseline 0.001 -21"><span class='ocrx_word' id='word_1_553' title='bbox 243 3856 339 3908; x_wconf 67' lang='lat' dir='ltr'><strong>qua</strong></span> <span class='ocrx_word' id='word_1_554' title='bbox 362 3853 658 3897; x_wconf 79' lang='lat' dir='ltr'><strong>consecrata</strong></span> <span class='ocrx_word' id='word_1_555' title='bbox 696 3851 839 3907; x_wconf 87' lang='lat' dir='ltr'><strong>sunt,</strong></span> <span class='ocrx_word' id='word_1_556' title='bbox 882 3859 999 3914; x_wconf 76' lang='lat' dir='ltr'><strong>qua:</strong></span> <span class='ocrx_word' id='word_1_557' title='bbox 1024 3841 1319 3896; x_wconf 86' lang='lat' dir='ltr'><strong>obtulerunt</strong></span> <span class='ocrx_word' id='word_1_558' title='bbox 1360 3842 1459 3910; x_wconf 77' lang='lat' dir='ltr'><strong>filii</strong></span> <span class='ocrx_word' id='word_1_559' title='bbox 1488 3840 1658 3895; x_wconf 85' lang='lat' dir='ltr'><strong>Israel</strong></span> <span class='ocrx_word' id='word_1_560' title='bbox 1683 3841 1792 3895; x_wconf 91' lang='lat' dir='ltr'><strong>Do-</strong></span> 
     </span>
    </p>
   </div>
   <div class='ocr_carea' id='block_1_72' title="bbox 241 3928 1785 4003">
    <p class='ocr_par' dir='ltr' id='par_1_72' title="bbox 241 3928 1785 4003">
     <span class='ocr_line' id='line_1_72' title="bbox 241 3928 1785 4003; baseline 0.001 -21"><span class='ocrx_word' id='word_1_561' title='bbox 241 3929 381 3995; x_wconf 73' lang='lat' dir='ltr'><strong>mino,</strong></span> <span class='ocrx_word' id='word_1_562' title='bbox 408 3934 466 3984; x_wconf 89' lang='lat' dir='ltr'><strong>in</strong></span> <span class='ocrx_word' id='word_1_563' title='bbox 491 3948 595 4003; x_wconf 82' lang='lat' dir='ltr'><strong>quo</strong></span> <span class='ocrx_word' id='word_1_564' title='bbox 613 3942 689 3987; x_wconf 84' lang='lat' dir='ltr'><strong>est</strong></span> <span class='ocrx_word' id='word_1_565' title='bbox 732 3933 1086 3998; x_wconf 75' lang='lat' dir='ltr'><strong>inmunditia,</strong></span> <span class='ocrx_word' id='word_1_566' title='bbox 1127 3928 1317 4002; x_wconf 77' lang='lat' dir='ltr'><strong>peribit</strong></span> <span class='ocrx_word' id='word_1_567' title='bbox 1339 3948 1516 3985; x_wconf 88' lang='lat' dir='ltr'><strong>coram</strong></span> <span class='ocrx_word' id='word_1_568' title='bbox 1542 3932 1785 3985; x_wconf 88' lang='lat' dir='ltr'><strong>Domino.</strong></span> 
     </span>
    </p>
   </div>
   <div class='ocr_carea' id='block_1_73' title="bbox 242 4013 1789 4093">
    <p class='ocr_par' dir='ltr' id='par_1_73' title="bbox 242 4013 1789 4093">
     <span class='ocr_line' id='line_1_73' title="bbox 242 4013 1789 4093; baseline 0.005 -25"><span class='ocrx_word' id='word_1_569' title='bbox 242 4013 339 4085; x_wconf 79' lang='lat' dir='ltr'><strong>Ego</strong></span> <span class='ocrx_word' id='word_1_570' title='bbox 364 4037 478 4074; x_wconf 86' lang='lat' dir='ltr'><strong>sum</strong></span> <span class='ocrx_word' id='word_1_571' title='bbox 520 4022 794 4077; x_wconf 87' lang='lat' dir='ltr'><strong>Dominus.</strong></span> <span class='ocrx_word' id='word_1_572' title='bbox 845 4022 1084 4078; x_wconf 85' lang='lat' dir='ltr'><strong>Primum</strong></span> <span class='ocrx_word' id='word_1_573' title='bbox 1110 4022 1326 4093; x_wconf 89' lang='lat' dir='ltr'><strong>quidem</strong></span> <span class='ocrx_word' id='word_1_574' title='bbox 1354 4022 1577 4077; x_wconf 88' lang='lat' dir='ltr'><strong>seminis</strong></span> <span class='ocrx_word' id='word_1_575' title='bbox 1605 4037 1789 4076; x_wconf 85' lang='lat' dir='ltr'><strong>sacer-</strong></span> 
     </span>
    </p>
   </div>
   <div class='ocr_carea' id='block_1_74' title="bbox 240 4109 1788 4183">
    <p class='ocr_par' dir='ltr' id='par_1_74' title="bbox 240 4109 1788 4183">
     <span class='ocr_line' id='line_1_74' title="bbox 240 4109 1788 4183; baseline 0.003 -23"><span class='ocrx_word' id='word_1_576' title='bbox 240 4109 416 4165; x_wconf 68' lang='lat' dir='ltr'><strong>dotalis</strong></span> <span class='ocrx_word' id='word_1_577' title='bbox 445 4114 759 4167; x_wconf 86' lang='lat' dir='ltr'><strong>memoriam</strong></span> <span class='ocrx_word' id='word_1_578' title='bbox 789 4112 1013 4177; x_wconf 78' lang='lat' dir='ltr'><strong>iaciens,</strong></span> <span class='ocrx_word' id='word_1_579' title='bbox 1069 4122 1255 4182; x_wconf 82' lang='lat' dir='ltr'><strong>aperte</strong></span> <span class='ocrx_word' id='word_1_580' title='bbox 1290 4113 1417 4166; x_wconf 90' lang='lat' dir='ltr'><strong>illud</strong></span> <span class='ocrx_word' id='word_1_581' title='bbox 1444 4111 1788 4183; x_wconf 85' lang='lat' dir='ltr'><strong>signiﬁcavit,</strong></span> 
     </span>
    </p>
   </div>
   <div class='ocr_carea' id='block_1_75' title="bbox 241 4197 1790 4264">
    <p class='ocr_par' dir='ltr' id='par_1_75' title="bbox 241 4197 1790 4264">
     <span class='ocr_line' id='line_1_75' title="bbox 241 4197 1790 4264; baseline 0.002 -16"><span class='ocrx_word' id='word_1_582' title='bbox 241 4197 349 4263; x_wconf 87' lang='lat' dir='ltr'><strong>quia</strong></span> <span class='ocrx_word' id='word_1_583' title='bbox 375 4215 480 4253; x_wconf 90' lang='lat' dir='ltr'><strong>non</strong></span> <span class='ocrx_word' id='word_1_584' title='bbox 506 4199 678 4254; x_wconf 88' lang='lat' dir='ltr'><strong>solum</strong></span> <span class='ocrx_word' id='word_1_585' title='bbox 709 4201 1063 4264; x_wconf 85' lang='lat' dir='ltr'><strong>sacerdotem,</strong></span> <span class='ocrx_word' id='word_1_586' title='bbox 1113 4201 1205 4255; x_wconf 87' lang='lat' dir='ltr'><strong>sed</strong></span> <span class='ocrx_word' id='word_1_587' title='bbox 1234 4216 1446 4255; x_wconf 88' lang='lat' dir='ltr'><strong>omnem</strong></span> <span class='ocrx_word' id='word_1_588' title='bbox 1479 4209 1790 4255; x_wconf 87' lang='lat' dir='ltr'><strong>sanctorum</strong></span> 
     </span>
    </p>
   </div>
   <div class='ocr_carea' id='block_1_76' title="bbox 240 4290 1792 4351">
    <p class='ocr_par' dir='ltr' id='par_1_76' title="bbox 240 4290 1792 4351">
     <span class='ocr_line' id='line_1_76' title="bbox 240 4290 1792 4351; baseline 0.001 -9"><span class='ocrx_word' id='word_1_589' title='bbox 240 4290 529 4348; x_wconf 86' lang='lat' dir='ltr'><strong>ministrum</strong></span> <span class='ocrx_word' id='word_1_590' title='bbox 557 4294 768 4349; x_wconf 88' lang='lat' dir='ltr'><strong>etiamsi</strong></span> <span class='ocrx_word' id='word_1_591' title='bbox 800 4304 999 4349; x_wconf 88' lang='lat' dir='ltr'><strong>sortem</strong></span> <span class='ocrx_word' id='word_1_592' title='bbox 1037 4294 1088 4347; x_wconf 92' lang='lat' dir='ltr'><strong>in</strong></span> <span class='ocrx_word' id='word_1_593' title='bbox 1118 4293 1196 4348; x_wconf 89' lang='lat' dir='ltr'><strong>eis</strong></span> <span class='ocrx_word' id='word_1_594' title='bbox 1223 4293 1465 4347; x_wconf 89' lang='lat' dir='ltr'><strong>ultimam</strong></span> <span class='ocrx_word' id='word_1_595' title='bbox 1495 4293 1706 4351; x_wconf 86' lang='lat' dir='ltr'><strong>habeat,</strong></span> <span class='ocrx_word' id='word_1_596' title='bbox 1738 4297 1792 4344; x_wconf 90' lang='lat' dir='ltr'><strong>et</strong></span> 
     </span>
    </p>
   </div>
   <div class='ocr_carea' id='block_1_77' title="bbox 1894 3103 3477 3177">
    <p class='ocr_par' dir='ltr' id='par_1_77' title="bbox 1894 3103 3477 3177">
     <span class='ocr_line' id='line_1_77' title="bbox 1894 3103 3477 3177; baseline 0.001 -17"><span class='ocrx_word' id='word_1_597' title='bbox 1894 3123 2066 3161; x_wconf 87' lang='lat' dir='ltr'><strong>meum</strong></span> <span class='ocrx_word' id='word_1_598' title='bbox 2099 3103 2286 3177; x_wconf 75' lang='lat' dir='ltr'><strong>rigabo&#39;</strong></span> <span class='ocrx_word' id='word_1_599' title='bbox 2311 3105 2482 3176; x_wconf 84' lang='lat' dir='ltr'><strong>(Psal.</strong></span> <span class='ocrx_word' id='word_1_600' title='bbox 2510 3104 2607 3177; x_wconf 80' lang='lat' dir='ltr'><strong>vi).</strong></span> <span class='ocrx_word' id='word_1_601' title='bbox 2661 3106 2807 3159; x_wconf 87' lang='lat' dir='ltr'><strong>Idem</strong></span> <span class='ocrx_word' id='word_1_602' title='bbox 2847 3113 3025 3159; x_wconf 90' lang='lat' dir='ltr'><strong>autem</strong></span> <span class='ocrx_word' id='word_1_603' title='bbox 3072 3119 3351 3175; x_wconf 84' lang='lat' dir='ltr'><strong>vesperam</strong></span> <span class='ocrx_word' id='word_1_604' title='bbox 3396 3106 3477 3161; x_wconf 88' lang='lat' dir='ltr'><strong>sic</strong></span> 
     </span>
    </p>
   </div>
   <div class='ocr_carea' id='block_1_78' title="bbox 1894 3193 3478 3265">
    <p class='ocr_par' dir='ltr' id='par_1_78' title="bbox 1894 3193 3478 3265">
     <span class='ocr_line' id='line_1_78' title="bbox 1894 3193 3478 3265; baseline 0 -16"><span class='ocrx_word' id='word_1_605' title='bbox 1894 3194 2051 3250; x_wconf 89' lang='lat' dir='ltr'><strong>nobis</strong></span> <span class='ocrx_word' id='word_1_606' title='bbox 2085 3195 2417 3265; x_wconf 79' lang='lat' dir='ltr'><strong>pmnitentiae</strong></span> <span class='ocrx_word' id='word_1_607' title='bbox 2457 3202 2512 3248; x_wconf 92' lang='lat' dir='ltr'><strong>et</strong></span> <span class='ocrx_word' id='word_1_608' title='bbox 2539 3193 2791 3264; x_wconf 80' lang='lat' dir='ltr'><strong>gaudium</strong></span> <span class='ocrx_word' id='word_1_609' title='bbox 2840 3208 2907 3248; x_wconf 78' lang='lat' dir='ltr'><strong>ex</strong></span> <span class='ocrx_word' id='word_1_610' title='bbox 2933 3207 2996 3247; x_wconf 88' lang='lat' dir='ltr'><strong>ea</strong></span> <span class='ocrx_word' id='word_1_611' title='bbox 3030 3193 3368 3265; x_wconf 83' lang='lat' dir='ltr'><strong>signiﬁcavit,</strong></span> <span class='ocrx_word' id='word_1_612' title='bbox 3396 3195 3478 3249; x_wconf 81' lang='lat' dir='ltr'><strong>di-</strong></span> 
     </span>
    </p>
   </div>
   <div class='ocr_carea' id='block_1_79' title="bbox 1893 3284 3479 3357">
    <p class='ocr_par' dir='ltr' id='par_1_79' title="bbox 1893 3284 3479 3357">
     <span class='ocr_line' id='line_1_79' title="bbox 1893 3284 3479 3357; baseline -0.001 -16"><span class='ocrx_word' id='word_1_613' title='bbox 1893 3301 2058 3344; x_wconf 76' lang='lat' dir='ltr'><strong>cens:</strong></span> <span class='ocrx_word' id='word_1_614' title='bbox 2096 3285 2178 3339; x_wconf 83' lang='lat' dir='ltr'><strong>Ad</strong></span> <span class='ocrx_word' id='word_1_615' title='bbox 2203 3302 2468 3357; x_wconf 81' lang='lat' dir='ltr'><strong>uesperum</strong></span> <span class='ocrx_word' id='word_1_616' title='bbox 2499 3284 2858 3339; x_wconf 84' lang='lat' dir='ltr'><strong>demorabitur</strong></span> <span class='ocrx_word' id='word_1_617' title='bbox 2888 3284 3077 3355; x_wconf 82' lang='lat' dir='ltr'><strong>ﬂetus,</strong></span> <span class='ocrx_word' id='word_1_618' title='bbox 3120 3295 3169 3339; x_wconf 90' lang='lat' dir='ltr'><strong>et</strong></span> <span class='ocrx_word' id='word_1_619' title='bbox 3202 3285 3271 3339; x_wconf 89' lang='lat' dir='ltr'><strong>ad</strong></span> <span class='ocrx_word' id='word_1_620' title='bbox 3304 3296 3479 3340; x_wconf 86' lang='lat' dir='ltr'><strong>matu-</strong></span> 
     </span>
    </p>
   </div>
   <div class='ocr_carea' id='block_1_80' title="bbox 1892 3372 3477 3445">
    <p class='ocr_par' dir='ltr' id='par_1_80' title="bbox 1892 3372 3477 3445">
     <span class='ocr_line' id='line_1_80' title="bbox 1892 3372 3477 3445; baseline 0.001 -18"><span class='ocrx_word' id='word_1_621' title='bbox 1892 3374 2059 3427; x_wconf 86' lang='lat' dir='ltr'><strong>tinum</strong></span> <span class='ocrx_word' id='word_1_622' title='bbox 2093 3373 2278 3428; x_wconf 78' lang='lat' dir='ltr'><strong>lwtitia</strong></span> <span class='ocrx_word' id='word_1_623' title='bbox 2328 3373 2500 3444; x_wconf 89' lang='lat' dir='ltr'><strong>(Psal.</strong></span> <span class='ocrx_word' id='word_1_624' title='bbox 2552 3372 2725 3445; x_wconf 71' lang='grc' dir='ltr'>χχιχ).</span> <span class='ocrx_word' id='word_1_625' title='bbox 2779 3372 3005 3440; x_wconf 85' lang='lat' dir='ltr'><strong>Quando</strong></span> <span class='ocrx_word' id='word_1_626' title='bbox 3056 3388 3185 3445; x_wconf 77' lang='lat' dir='ltr'><strong>ergo</strong></span> <span class='ocrx_word' id='word_1_627' title='bbox 3220 3373 3477 3445; x_wconf 83' lang='lat' dir='ltr'><strong>lacrymis</strong></span> 
     </span>
    </p>
   </div>
   <div class='ocr_carea' id='block_1_81' title="bbox 1892 3461 3475 3538">
    <p class='ocr_par' dir='ltr' id='par_1_81' title="bbox 1892 3461 3475 3538">
     <span class='ocr_line' id='line_1_81' title="bbox 1892 3461 3475 3538; baseline 0.001 -22"><span class='ocrx_word' id='word_1_628' title='bbox 1892 3462 2014 3534; x_wconf 90' lang='lat' dir='ltr'><strong>quis</strong></span> <span class='ocrx_word' id='word_1_629' title='bbox 2038 3463 2371 3538; x_wconf 66' lang='lat' dir='ltr'><strong>paenitentia:</strong></span> <span class='ocrx_word' id='word_1_630' title='bbox 2406 3462 2621 3518; x_wconf 90' lang='lat' dir='ltr'><strong>ablutus</strong></span> <span class='ocrx_word' id='word_1_631' title='bbox 2667 3461 2851 3527; x_wconf 81' lang='lat' dir='ltr'><strong>fuerit,</strong></span> <span class='ocrx_word' id='word_1_632' title='bbox 2903 3469 3033 3517; x_wconf 89' lang='lat' dir='ltr'><strong>tunc</strong></span> <span class='ocrx_word' id='word_1_633' title='bbox 3062 3470 3253 3517; x_wconf 88' lang='lat' dir='ltr'><strong>saneta</strong></span> <span class='ocrx_word' id='word_1_634' title='bbox 3290 3477 3475 3517; x_wconf 80' lang='lat' dir='ltr'><strong>come-</strong></span> 
     </span>
    </p>
   </div>
   <div class='ocr_carea' id='block_1_82' title="bbox 1892 3550 3477 3622">
    <p class='ocr_par' dir='ltr' id='par_1_82' title="bbox 1892 3550 3477 3622">
     <span class='ocr_line' id='line_1_82' title="bbox 1892 3550 3477 3622; baseline -0.002 -14"><span class='ocrx_word' id='word_1_635' title='bbox 1892 3555 2003 3617; x_wconf 86' lang='lat' dir='ltr'><strong>det,</strong></span> <span class='ocrx_word' id='word_1_636' title='bbox 2048 3554 2175 3622; x_wconf 90' lang='lat' dir='ltr'><strong>quia</strong></span> <span class='ocrx_word' id='word_1_637' title='bbox 2216 3553 2372 3622; x_wconf 89' lang='lat' dir='ltr'><strong>panis</strong></span> <span class='ocrx_word' id='word_1_638' title='bbox 2409 3551 2526 3620; x_wconf 84' lang='lat' dir='ltr'><strong>ejus</strong></span> <span class='ocrx_word' id='word_1_639' title='bbox 2566 3563 2648 3607; x_wconf 90' lang='lat' dir='ltr'><strong>est</strong></span> <span class='ocrx_word' id='word_1_640' title='bbox 2682 3552 2790 3617; x_wconf 91' lang='lat' dir='ltr'><strong>ille,</strong></span> <span class='ocrx_word' id='word_1_641' title='bbox 2847 3552 2914 3606; x_wconf 90' lang='lat' dir='ltr'><strong>de</strong></span> <span class='ocrx_word' id='word_1_642' title='bbox 2961 3566 3068 3620; x_wconf 90' lang='lat' dir='ltr'><strong>quo</strong></span> <span class='ocrx_word' id='word_1_643' title='bbox 3118 3550 3376 3605; x_wconf 89' lang='lat' dir='ltr'><strong>Dominus</strong></span> <span class='ocrx_word' id='word_1_644' title='bbox 3419 3551 3477 3605; x_wconf 89' lang='lat' dir='ltr'><strong>in</strong></span> 
     </span>
    </p>
   </div>
   <div class='ocr_carea' id='block_1_83' title="bbox 1891 3640 3477 3713">
    <p class='ocr_par' dir='ltr' id='par_1_83' title="bbox 1891 3640 3477 3713">
     <span class='ocr_line' id='line_1_83' title="bbox 1891 3640 3477 3713; baseline -0.004 -15"><span class='ocrx_word' id='word_1_645' title='bbox 1891 3643 2196 3713; x_wconf 83' lang='lat' dir='ltr'><strong>Evangeliis</strong></span> <span class='ocrx_word' id='word_1_646' title='bbox 2235 3643 2485 3697; x_wconf 90' lang='lat' dir='ltr'><strong>dicebat:</strong></span> <span class='ocrx_word' id='word_1_647' title='bbox 2537 3642 2603 3694; x_wconf 87' lang='lat' dir='ltr'><strong>Et</strong></span> <span class='ocrx_word' id='word_1_648' title='bbox 2635 3643 2786 3711; x_wconf 87' lang='lat' dir='ltr'><strong>panis</strong></span> <span class='ocrx_word' id='word_1_649' title='bbox 2831 3656 2983 3710; x_wconf 88' lang='lat' dir='ltr'><strong>quem</strong></span> <span class='ocrx_word' id='word_1_650' title='bbox 3034 3655 3127 3709; x_wconf 90' lang='lat' dir='ltr'><strong>ego</strong></span> <span class='ocrx_word' id='word_1_651' title='bbox 3170 3640 3305 3692; x_wconf 85' lang='lat' dir='ltr'><strong>dabo</strong></span> <span class='ocrx_word' id='word_1_652' title='bbox 3349 3655 3477 3692; x_wconf 83' lang='lat' dir='ltr'><strong>caro</strong></span> 
     </span>
    </p>
   </div>
   <div class='ocr_carea' id='block_1_84' title="bbox 1892 3726 3473 3804">
    <p class='ocr_par' dir='ltr' id='par_1_84' title="bbox 1892 3726 3473 3804">
     <span class='ocr_line' id='line_1_84' title="bbox 1892 3726 3473 3804; baseline -0.004 -18"><span class='ocrx_word' id='word_1_653' title='bbox 1892 3749 2007 3786; x_wconf 88' lang='lat' dir='ltr'><strong>mea</strong></span> <span class='ocrx_word' id='word_1_654' title='bbox 2033 3743 2107 3786; x_wconf 86' lang='lat' dir='ltr'><strong>est</strong></span> <span class='ocrx_word' id='word_1_655' title='bbox 2139 3731 2322 3804; x_wconf 84' lang='lat' dir='ltr'><strong>(Joan.</strong></span> <span class='ocrx_word' id='word_1_656' title='bbox 2364 3730 2461 3802; x_wconf 83' lang='lat' dir='ltr'><strong>vt).</strong></span> <span class='ocrx_word' id='word_1_657' title='bbox 2511 3730 2664 3796; x_wconf 89' lang='lat' dir='ltr'><strong>Quod</strong></span> <span class='ocrx_word' id='word_1_658' title='bbox 2708 3739 2763 3783; x_wconf 88' lang='lat' dir='ltr'><strong>et</strong></span> <span class='ocrx_word' id='word_1_659' title='bbox 2788 3743 2930 3781; x_wconf 90' lang='lat' dir='ltr'><strong>nunc</strong></span> <span class='ocrx_word' id='word_1_660' title='bbox 2971 3727 3127 3797; x_wconf 88' lang='lat' dir='ltr'><strong>panis</strong></span> <span class='ocrx_word' id='word_1_661' title='bbox 3156 3726 3473 3781; x_wconf 87' lang='lat' dir='ltr'><strong>memoriam</strong></span> 
     </span>
    </p>
   </div>
   <div class='ocr_carea' id='block_1_85' title="bbox 1894 3815 3474 3891">
    <p class='ocr_par' dir='ltr' id='par_1_85' title="bbox 1894 3815 3474 3891">
     <span class='ocr_line' id='line_1_85' title="bbox 1894 3815 3474 3891; baseline -0.004 -15"><span class='ocrx_word' id='word_1_662' title='bbox 1894 3821 2119 3888; x_wconf 86' lang='lat' dir='ltr'><strong>faciens,</strong></span> <span class='ocrx_word' id='word_1_663' title='bbox 2149 3830 2205 3876; x_wconf 90' lang='lat' dir='ltr'><strong>et</strong></span> <span class='ocrx_word' id='word_1_664' title='bbox 2223 3837 2358 3890; x_wconf 90' lang='lat' dir='ltr'><strong>quos</strong></span> <span class='ocrx_word' id='word_1_665' title='bbox 2381 3827 2629 3891; x_wconf 89' lang='lat' dir='ltr'><strong>oporteat</strong></span> <span class='ocrx_word' id='word_1_666' title='bbox 2659 3819 2725 3873; x_wconf 91' lang='lat' dir='ltr'><strong>de</strong></span> <span class='ocrx_word' id='word_1_667' title='bbox 2747 3832 2811 3874; x_wconf 89' lang='lat' dir='ltr'><strong>eo</strong></span> <span class='ocrx_word' id='word_1_668' title='bbox 2829 3817 3113 3872; x_wconf 89' lang='lat' dir='ltr'><strong>comedere</strong></span> <span class='ocrx_word' id='word_1_669' title='bbox 3138 3815 3474 3883; x_wconf 81' lang='lat' dir='ltr'><strong>distinguens</strong></span> 
     </span>
    </p>
   </div>
   <div class='ocr_carea' id='block_1_86' title="bbox 1894 3905 3475 3978">
    <p class='ocr_par' dir='ltr' id='par_1_86' title="bbox 1894 3905 3475 3978">
     <span class='ocr_line' id='line_1_86' title="bbox 1894 3905 3475 3978; baseline -0.007 -11"><span class='ocrx_word' id='word_1_670' title='bbox 1894 3912 2135 3967; x_wconf 84' lang='lat' dir='ltr'><strong>addidit:</strong></span> <span class='ocrx_word' id='word_1_671' title='bbox 2180 3909 2518 3964; x_wconf 80' lang='lat' dir='ltr'><strong>Morticinum</strong></span> <span class='ocrx_word' id='word_1_672' title='bbox 2548 3917 2594 3963; x_wconf 89' lang='lat' dir='ltr'><strong>et</strong></span> <span class='ocrx_word' id='word_1_673' title='bbox 2636 3918 2845 3978; x_wconf 86' lang='lat' dir='ltr'><strong>captum</strong></span> <span class='ocrx_word' id='word_1_674' title='bbox 2879 3924 2910 3960; x_wconf 91' lang='lat' dir='ltr'><strong>a</strong></span> <span class='ocrx_word' id='word_1_675' title='bbox 2949 3905 3111 3959; x_wconf 87' lang='lat' dir='ltr'><strong>bestia</strong></span> <span class='ocrx_word' id='word_1_676' title='bbox 3155 3920 3258 3958; x_wconf 90' lang='lat' dir='ltr'><strong>non</strong></span> <span class='ocrx_word' id='word_1_677' title='bbox 3301 3919 3475 3957; x_wconf 89' lang='lat' dir='ltr'><strong>come-</strong></span> 
     </span>
    </p>
   </div>
   <div class='ocr_carea' id='block_1_87' title="bbox 1893 3998 3474 4079">
    <p class='ocr_par' dir='ltr' id='par_1_87' title="bbox 1893 3998 3474 4079">
     <span class='ocr_line' id='line_1_87' title="bbox 1893 3998 3474 4079; baseline -0.01 -14"><span class='ocrx_word' id='word_1_678' title='bbox 1893 4012 2036 4075; x_wconf 83' lang='lat' dir='ltr'><strong>dent,</strong></span> <span class='ocrx_word' id='word_1_679' title='bbox 2085 4025 2175 4063; x_wconf 87' lang='lat' dir='ltr'><strong>nec</strong></span> <span class='ocrx_word' id='word_1_680' title='bbox 2217 4006 2519 4079; x_wconf 87' lang='lat' dir='ltr'><strong>polluentur</strong></span> <span class='ocrx_word' id='word_1_681' title='bbox 2555 4006 2610 4058; x_wconf 88' lang='lat' dir='ltr'><strong>in</strong></span> <span class='ocrx_word' id='word_1_682' title='bbox 2655 4005 2769 4067; x_wconf 88' lang='lat' dir='ltr'><strong>eis;</strong></span> <span class='ocrx_word' id='word_1_683' title='bbox 2807 4018 2900 4073; x_wconf 83' lang='lat' dir='ltr'><strong>ego</strong></span> <span class='ocrx_word' id='word_1_684' title='bbox 2931 4017 3048 4054; x_wconf 90' lang='lat' dir='ltr'><strong>sum</strong></span> <span class='ocrx_word' id='word_1_685' title='bbox 3083 3998 3380 4053; x_wconf 90' lang='lat' dir='ltr'><strong>Dominus:</strong></span> <span class='ocrx_word' id='word_1_686' title='bbox 3413 4004 3474 4049; x_wconf 89' lang='lat' dir='ltr'><strong>ut</strong></span> 
     </span>
    </p>
   </div>
   <div class='ocr_carea' id='block_1_88' title="bbox 1894 4087 3475 4169">
    <p class='ocr_par' dir='ltr' id='par_1_88' title="bbox 1894 4087 3475 4169">
     <span class='ocr_line' id='line_1_88' title="bbox 1894 4087 3475 4169; baseline -0.011 -13"><span class='ocrx_word' id='word_1_687' title='bbox 1894 4102 1997 4156; x_wconf 90' lang='lat' dir='ltr'><strong>hoc</strong></span> <span class='ocrx_word' id='word_1_688' title='bbox 2021 4100 2175 4169; x_wconf 27' lang='lat' dir='ltr'><strong>quod,</strong></span> <span class='ocrx_word' id='word_1_689' title='bbox 2197 4099 2399 4153; x_wconf 88' lang='lat' dir='ltr'><strong>dictum</strong></span> <span class='ocrx_word' id='word_1_690' title='bbox 2440 4104 2542 4159; x_wconf 89' lang='lat' dir='ltr'><strong>est,</strong></span> <span class='ocrx_word' id='word_1_691' title='bbox 2589 4113 2682 4166; x_wconf 90' lang='lat' dir='ltr'><strong>ego</strong></span> <span class='ocrx_word' id='word_1_692' title='bbox 2708 4094 2986 4156; x_wconf 86' lang='lat' dir='ltr'><strong>Dominus,</strong></span> <span class='ocrx_word' id='word_1_693' title='bbox 3025 4089 3249 4144; x_wconf 88' lang='lat' dir='ltr'><strong>audiens</strong></span> <span class='ocrx_word' id='word_1_694' title='bbox 3279 4087 3475 4143; x_wconf 80' lang='lat' dir='ltr'><strong>intelli-</strong></span> 
     </span>
    </p>
   </div>
   <div class='ocr_carea' id='block_1_89' title="bbox 1894 4178 3474 4262">
    <p class='ocr_par' dir='ltr' id='par_1_89' title="bbox 1894 4178 3474 4262">
     <span class='ocr_line' id='line_1_89' title="bbox 1894 4178 3474 4262; baseline -0.01 -15"><span class='ocrx_word' id='word_1_695' title='bbox 1894 4209 1989 4262; x_wconf 80' lang='lat' dir='ltr'><strong>gas</strong></span> <span class='ocrx_word' id='word_1_696' title='bbox 2014 4193 2153 4246; x_wconf 88' lang='lat' dir='ltr'><strong>hunc</strong></span> <span class='ocrx_word' id='word_1_697' title='bbox 2181 4178 2451 4248; x_wconf 84' lang='lat' dir='ltr'><strong>dicentem</strong></span> <span class='ocrx_word' id='word_1_698' title='bbox 2476 4203 2490 4241; x_wconf 90' lang='lat'><strong>:</strong></span> <span class='ocrx_word' id='word_1_699' title='bbox 2532 4186 2643 4255; x_wconf 85' lang='lat' dir='ltr'><strong>Ego</strong></span> <span class='ocrx_word' id='word_1_700' title='bbox 2664 4203 2779 4239; x_wconf 90' lang='lat' dir='ltr'><strong>sum</strong></span> <span class='ocrx_word' id='word_1_701' title='bbox 2806 4185 2979 4255; x_wconf 87' lang='lat' dir='ltr'><strong>panis,</strong></span> <span class='ocrx_word' id='word_1_702' title='bbox 3017 4183 3106 4251; x_wconf 88' lang='lat' dir='ltr'><strong>qui</strong></span> <span class='ocrx_word' id='word_1_703' title='bbox 3140 4182 3204 4233; x_wconf 88' lang='lat' dir='ltr'><strong>de</strong></span> <span class='ocrx_word' id='word_1_704' title='bbox 3225 4180 3351 4234; x_wconf 72' lang='lat' dir='ltr'><strong>caelo</strong></span> <span class='ocrx_word' id='word_1_705' title='bbox 3383 4181 3474 4232; x_wconf 84' lang='lat' dir='ltr'><strong>de-</strong></span> 
     </span>
    </p>
   </div>
   <div class='ocr_carea' id='block_1_90' title="bbox 1894 4266 3474 4337">
    <p class='ocr_par' dir='ltr' id='par_1_90' title="bbox 1894 4266 3474 4337">
     <span class='ocr_line' id='line_1_90' title="bbox 1894 4266 3474 4337; baseline -0.011 -1"><span class='ocrx_word' id='word_1_706' title='bbox 1894 4266 2089 4336; x_wconf 81' lang='lat' dir='ltr'><strong>scendi.</strong></span> <span class='ocrx_word' id='word_1_707' title='bbox 2136 4280 2239 4334; x_wconf 87' lang='lat' dir='ltr'><strong>Per</strong></span> <span class='ocrx_word' id='word_1_708' title='bbox 2274 4278 2678 4332; x_wconf 87' lang='lat' dir='ltr'><strong>morticinorum</strong></span> <span class='ocrx_word' id='word_1_709' title='bbox 2714 4282 2894 4327; x_wconf 92' lang='lat' dir='ltr'><strong>autem</strong></span> <span class='ocrx_word' id='word_1_710' title='bbox 2933 4281 2987 4325; x_wconf 91' lang='lat' dir='ltr'><strong>et</strong></span> <span class='ocrx_word' id='word_1_711' title='bbox 3021 4286 3051 4323; x_wconf 91' lang='lat' dir='ltr'><strong>a</strong></span> <span class='ocrx_word' id='word_1_712' title='bbox 3088 4269 3261 4324; x_wconf 86' lang='lat' dir='ltr'><strong>hostia</strong></span> <span class='ocrx_word' id='word_1_713' title='bbox 3288 4275 3474 4337; x_wconf 86' lang='lat' dir='ltr'><strong>capto-</strong></span> 
     </span>
    </p>
   </div>
   <div class='ocr_carea' id='block_1_91' title="bbox 240 4358 3474 4454">
    <p class='ocr_par' dir='ltr' id='par_1_91' title="bbox 240 4358 3474 4454">
     <span class='ocr_line' id='line_1_91' title="bbox 240 4358 3474 4454; baseline -0.007 -16"><span class='ocrx_word' id='word_1_714' title='bbox 240 4383 1119 4454; x_wconf 59' lang='lat' dir='ltr'><strong>noﬁssimammrmsentemjubeat</strong></span> <span class='ocrx_word' id='word_1_715' title='bbox 1142 4384 1473 4438; x_wconf 88' lang='lat' dir='ltr'><strong>sanctionem</strong></span> <span class='ocrx_word' id='word_1_716' title='bbox 1494 4382 1786 4437; x_wconf 88' lang='lat' dir='ltr'><strong>custodire.</strong></span> <span class='ocrx_word' id='word_1_717' title='bbox 1818 4382 1868 4441; x_wconf 86' lang='grc' dir='ltr'><strong>ι)</strong></span> <span class='ocrx_word' id='word_1_718' title='bbox 1896 4388 2013 4426; x_wconf 84' lang='lat' dir='ltr'><strong>rum</strong></span> <span class='ocrx_word' id='word_1_719' title='bbox 2047 4370 2461 4443; x_wconf 78' lang='lat' dir='ltr'><strong>prohibitionem</strong></span> <span class='ocrx_word' id='word_1_720' title='bbox 2486 4383 2592 4421; x_wconf 90' lang='lat' dir='ltr'><strong>non</strong></span> <span class='ocrx_word' id='word_1_721' title='bbox 2619 4374 2866 4435; x_wconf 90' lang='lat' dir='ltr'><strong>oportere</strong></span> <span class='ocrx_word' id='word_1_722' title='bbox 2887 4375 3087 4417; x_wconf 64' lang='lat' dir='ltr'><strong>mensa:</strong></span> <span class='ocrx_word' id='word_1_723' title='bbox 3117 4358 3328 4454; x_wconf 76' lang='lat' dir='ltr'><strong>Domini</strong></span> <span class='ocrx_word' id='word_1_724' title='bbox 3350 4373 3474 4454; x_wconf 54' lang='lat' dir='ltr'><strong>par:</strong></span> 
     </span>
    </p>
   </div>
   <div class='ocr_carea' id='block_1_92' title="bbox 237 4468 1794 4545">
    <p class='ocr_par' dir='ltr' id='par_1_92' title="bbox 237 4468 1794 4545">
     <span class='ocr_line' id='line_1_92' title="bbox 237 4468 1794 4545; baseline 0 -22"><span class='ocrx_word' id='word_1_725' title='bbox 237 4468 421 4528; x_wconf 79' lang='lat' dir='ltr'><strong>Diceris</strong></span> <span class='ocrx_word' id='word_1_726' title='bbox 443 4483 622 4528; x_wconf 88' lang='lat' dir='ltr'><strong>autem</strong></span> <span class='ocrx_word' id='word_1_727' title='bbox 645 4475 711 4530; x_wconf 89' lang='lat' dir='ltr'><strong>de</strong></span> <span class='ocrx_word' id='word_1_728' title='bbox 743 4475 910 4545; x_wconf 87' lang='lat' dir='ltr'><strong>stirpe</strong></span> <span class='ocrx_word' id='word_1_729' title='bbox 938 4483 1145 4537; x_wconf 88' lang='lat' dir='ltr'><strong>vestra,</strong></span> <span class='ocrx_word' id='word_1_730' title='bbox 1197 4473 1432 4528; x_wconf 89' lang='lat' dir='ltr'><strong>ostendit</strong></span> <span class='ocrx_word' id='word_1_731' title='bbox 1471 4472 1612 4540; x_wconf 89' lang='lat' dir='ltr'><strong>quod</strong></span> <span class='ocrx_word' id='word_1_732' title='bbox 1653 4485 1794 4525; x_wconf 87' lang='lat' dir='ltr'><strong>sem-</strong></span> 
     </span>
    </p>
   </div>
   <div class='ocr_carea' id='block_1_93' title="bbox 236 4560 1792 4633">
    <p class='ocr_par' dir='ltr' id='par_1_93' title="bbox 236 4560 1792 4633">
     <span class='ocr_line' id='line_1_93' title="bbox 236 4560 1792 4633; baseline -0.001 -19"><span class='ocrx_word' id='word_1_733' title='bbox 236 4573 324 4626; x_wconf 81' lang='lat' dir='ltr'><strong>per</strong></span> <span class='ocrx_word' id='word_1_734' title='bbox 345 4562 614 4618; x_wconf 88' lang='lat' dir='ltr'><strong>custodire</strong></span> <span class='ocrx_word' id='word_1_735' title='bbox 664 4563 763 4618; x_wconf 86' lang='lat' dir='ltr'><strong>hoc</strong></span> <span class='ocrx_word' id='word_1_736' title='bbox 788 4571 1036 4633; x_wconf 82' lang='lat' dir='ltr'><strong>Oporteat</strong></span> <span class='ocrx_word' id='word_1_737' title='bbox 1078 4571 1401 4632; x_wconf 69' lang='lat' dir='ltr'><strong>praeceptum</strong></span> <span class='ocrx_word' id='word_1_738' title='bbox 1423 4600 1438 4625; x_wconf 89' lang='lat'><strong>,</strong></span> <span class='ocrx_word' id='word_1_739' title='bbox 1485 4568 1545 4614; x_wconf 93' lang='lat' dir='ltr'><strong>ut</strong></span> <span class='ocrx_word' id='word_1_740' title='bbox 1571 4561 1662 4628; x_wconf 88' lang='lat' dir='ltr'><strong>qui</strong></span> <span class='ocrx_word' id='word_1_741' title='bbox 1693 4560 1792 4613; x_wconf 86' lang='lat' dir='ltr'><strong>im-</strong></span> 
     </span>
    </p>
   </div>
   <div class='ocr_carea' id='block_1_94' title="bbox 237 4650 1796 4726">
    <p class='ocr_par' dir='ltr' id='par_1_94' title="bbox 237 4650 1796 4726">
     <span class='ocr_line' id='line_1_94' title="bbox 237 4650 1796 4726; baseline 0.001 -23"><span class='ocrx_word' id='word_1_742' title='bbox 237 4653 541 4708; x_wconf 85' lang='lat' dir='ltr'><strong>munditiam</strong></span> <span class='ocrx_word' id='word_1_743' title='bbox 571 4654 627 4708; x_wconf 86' lang='lat' dir='ltr'><strong>in</strong></span> <span class='ocrx_word' id='word_1_744' title='bbox 655 4655 945 4726; x_wconf 89' lang='lat' dir='ltr'><strong>semetipso</strong></span> <span class='ocrx_word' id='word_1_745' title='bbox 969 4655 1131 4710; x_wconf 88' lang='lat' dir='ltr'><strong>habet</strong></span> <span class='ocrx_word' id='word_1_746' title='bbox 1157 4655 1370 4708; x_wconf 73' lang='lat' dir='ltr'><strong>animm.</strong></span> <span class='ocrx_word' id='word_1_747' title='bbox 1404 4652 1495 4707; x_wconf 89' lang='lat' dir='ltr'><strong>Sic</strong></span> <span class='ocrx_word' id='word_1_748' title='bbox 1522 4653 1668 4706; x_wconf 88' lang='lat' dir='ltr'><strong>enim</strong></span> <span class='ocrx_word' id='word_1_749' title='bbox 1698 4650 1796 4706; x_wconf 85' lang='lat' dir='ltr'><strong>Se-</strong></span> 
     </span>
    </p>
   </div>
   <div class='ocr_carea' id='block_1_95' title="bbox 236 4742 1796 4812">
    <p class='ocr_par' dir='ltr' id='par_1_95' title="bbox 236 4742 1796 4812">
     <span class='ocr_line' id='line_1_95' title="bbox 236 4742 1796 4812; baseline 0.001 -19"><span class='ocrx_word' id='word_1_750' title='bbox 236 4742 502 4812; x_wconf 79' lang='lat' dir='ltr'><strong>ptuaginta</strong></span> <span class='ocrx_word' id='word_1_751' title='bbox 545 4743 751 4798; x_wconf 86' lang='lat' dir='ltr'><strong>edunt:</strong></span> <span class='ocrx_word' id='word_1_752' title='bbox 789 4743 913 4797; x_wconf 87' lang='lat' dir='ltr'><strong>Non</strong></span> <span class='ocrx_word' id='word_1_753' title='bbox 952 4743 1121 4798; x_wconf 85' lang='lat' dir='ltr'><strong>solum</strong></span> <span class='ocrx_word' id='word_1_754' title='bbox 1168 4743 1453 4798; x_wconf 87' lang='lat' dir='ltr'><strong>ministerio</strong></span> <span class='ocrx_word' id='word_1_755' title='bbox 1492 4752 1539 4795; x_wconf 88' lang='lat' dir='ltr'><strong>et</strong></span> <span class='ocrx_word' id='word_1_756' title='bbox 1580 4751 1796 4812; x_wconf 79' lang='lat' dir='ltr'><strong>mystico</strong></span> 
     </span>
    </p>
   </div>
   <div class='ocr_carea' id='block_1_96' title="bbox 238 4830 1790 4903">
    <p class='ocr_par' dir='ltr' id='par_1_96' title="bbox 238 4830 1790 4903">
     <span class='ocr_line' id='line_1_96' title="bbox 238 4830 1790 4903; baseline 0.002 -24"><span class='ocrx_word' id='word_1_757' title='bbox 238 4830 391 4898; x_wconf 68' lang='lat' dir='ltr'><strong>uﬁicio</strong></span> <span class='ocrx_word' id='word_1_758' title='bbox 418 4848 470 4885; x_wconf 87' lang='lat' dir='ltr'><strong>se</strong></span> <span class='ocrx_word' id='word_1_759' title='bbox 492 4833 766 4899; x_wconf 82' lang='lat' dir='ltr'><strong>abstineat,</strong></span> <span class='ocrx_word' id='word_1_760' title='bbox 795 4834 885 4887; x_wconf 90' lang='lat' dir='ltr'><strong>sed</strong></span> <span class='ocrx_word' id='word_1_761' title='bbox 909 4850 998 4887; x_wconf 88' lang='lat' dir='ltr'><strong>nec</strong></span> <span class='ocrx_word' id='word_1_762' title='bbox 1021 4841 1199 4903; x_wconf 84' lang='lat' dir='ltr'><strong>tangat</strong></span> <span class='ocrx_word' id='word_1_763' title='bbox 1230 4849 1290 4886; x_wconf 86' lang='lat' dir='ltr'><strong>ea</strong></span> <span class='ocrx_word' id='word_1_764' title='bbox 1319 4848 1433 4902; x_wconf 82' lang='lat' dir='ltr'><strong>qute</strong></span> <span class='ocrx_word' id='word_1_765' title='bbox 1452 4830 1625 4883; x_wconf 88' lang='lat' dir='ltr'><strong>oblata</strong></span> <span class='ocrx_word' id='word_1_766' title='bbox 1647 4838 1790 4895; x_wconf 79' lang='lat' dir='ltr'><strong>sunt,</strong></span> 
     </span>
    </p>
   </div>
   <div class='ocr_carea' id='block_1_97' title="bbox 238 4922 1794 4990">
    <p class='ocr_par' dir='ltr' id='par_1_97' title="bbox 238 4922 1794 4990">
     <span class='ocr_line' id='line_1_97' title="bbox 238 4922 1794 4990; baseline 0 -17"><span class='ocrx_word' id='word_1_767' title='bbox 238 4936 391 4990; x_wconf 76' lang='lat' dir='ltr'><strong>neque</strong></span> <span class='ocrx_word' id='word_1_768' title='bbox 410 4927 471 4977; x_wconf 85' lang='lat' dir='ltr'><strong>de</strong></span> <span class='ocrx_word' id='word_1_769' title='bbox 491 4927 562 4978; x_wconf 86' lang='lat' dir='ltr'><strong>eis</strong></span> <span class='ocrx_word' id='word_1_770' title='bbox 581 4935 774 4979; x_wconf 82' lang='lat' dir='ltr'><strong>sumat.</strong></span> <span class='ocrx_word' id='word_1_771' title='bbox 809 4925 1034 4978; x_wconf 85' lang='lat' dir='ltr'><strong>.llundus</strong></span> <span class='ocrx_word' id='word_1_772' title='bbox 1058 4926 1194 4977; x_wconf 86' lang='lat' dir='ltr'><strong>enim</strong></span> <span class='ocrx_word' id='word_1_773' title='bbox 1224 4923 1291 4975; x_wconf 86' lang='lat' dir='ltr'><strong>ad</strong></span> <span class='ocrx_word' id='word_1_774' title='bbox 1314 4922 1508 4975; x_wconf 85' lang='lat' dir='ltr'><strong>munda</strong></span> <span class='ocrx_word' id='word_1_775' title='bbox 1536 4922 1680 4974; x_wconf 80' lang='lat' dir='ltr'><strong>debet</strong></span> <span class='ocrx_word' id='word_1_776' title='bbox 1707 4938 1794 4974; x_wconf 86' lang='lat' dir='ltr'><strong>ac-</strong></span> 
     </span>
    </p>
   </div>
   <div class='ocr_carea' id='block_1_98' title="bbox 239 5012 1793 5084">
    <p class='ocr_par' dir='ltr' id='par_1_98' title="bbox 239 5012 1793 5084">
     <span class='ocr_line' id='line_1_98' title="bbox 239 5012 1793 5084; baseline 0.001 -23"><span class='ocrx_word' id='word_1_777' title='bbox 239 5012 427 5066; x_wconf 81' lang='lat' dir='ltr'><strong>cedere.</strong></span> <span class='ocrx_word' id='word_1_778' title='bbox 466 5015 523 5069; x_wconf 87' lang='lat' dir='ltr'><strong>Si</strong></span> <span class='ocrx_word' id='word_1_779' title='bbox 555 5016 671 5084; x_wconf 84' lang='lat' dir='ltr'><strong>quis</strong></span> <span class='ocrx_word' id='word_1_780' title='bbox 704 5026 885 5073; x_wconf 77' lang='lat' dir='ltr'><strong>autem,</strong></span> <span class='ocrx_word' id='word_1_781' title='bbox 914 5031 1015 5067; x_wconf 87' lang='lat' dir='ltr'><strong>non</strong></span> <span class='ocrx_word' id='word_1_782' title='bbox 1054 5014 1128 5068; x_wconf 81' lang='lat' dir='ltr'><strong>sic</strong></span> <span class='ocrx_word' id='word_1_783' title='bbox 1150 5014 1365 5078; x_wconf 80' lang='lat' dir='ltr'><strong>accedit,</strong></span> <span class='ocrx_word' id='word_1_784' title='bbox 1409 5012 1590 5082; x_wconf 82' lang='lat' dir='ltr'><strong>peribit</strong></span> <span class='ocrx_word' id='word_1_785' title='bbox 1616 5027 1793 5064; x_wconf 83' lang='lat' dir='ltr'><strong>coram</strong></span> 
     </span>
    </p>
   </div>
   <div class='ocr_carea' id='block_1_99' title="bbox 242 5099 1793 5175">
    <p class='ocr_par' dir='ltr' id='par_1_99' title="bbox 242 5099 1793 5175">
     <span class='ocr_line' id='line_1_99' title="bbox 242 5099 1793 5175; baseline 0.003 -23"><span class='ocrx_word' id='word_1_786' title='bbox 242 5099 485 5170; x_wconf 88' lang='lat' dir='ltr'><strong>Domino,</strong></span> <span class='ocrx_word' id='word_1_787' title='bbox 527 5121 845 5175; x_wconf 87' lang='lat' dir='ltr'><strong>semperque</strong></span> <span class='ocrx_word' id='word_1_788' title='bbox 891 5106 1037 5159; x_wconf 87' lang='lat' dir='ltr'><strong>hunc</strong></span> <span class='ocrx_word' id='word_1_789' title='bbox 1089 5105 1229 5159; x_wconf 83' lang='lat' dir='ltr'><strong>Deus</strong></span> <span class='ocrx_word' id='word_1_790' title='bbox 1269 5112 1582 5167; x_wconf 85' lang='lat' dir='ltr'><strong>aversatur,</strong></span> <span class='ocrx_word' id='word_1_791' title='bbox 1630 5110 1685 5156; x_wconf 88' lang='lat' dir='ltr'><strong>et</strong></span> <span class='ocrx_word' id='word_1_792' title='bbox 1725 5102 1793 5156; x_wconf 88' lang='lat' dir='ltr'><strong>ab</strong></span> 
     </span>
    </p>
   </div>
   <div class='ocr_carea' id='block_1_100' title="bbox 237 5191 1798 5265">
    <p class='ocr_par' dir='ltr' id='par_1_100' title="bbox 237 5191 1798 5265">
     <span class='ocr_line' id='line_1_100' title="bbox 237 5191 1798 5265; baseline 0.001 -24"><span class='ocrx_word' id='word_1_793' title='bbox 237 5193 379 5245; x_wconf 89' lang='lat' dir='ltr'><strong>omni</strong></span> <span class='ocrx_word' id='word_1_794' title='bbox 417 5195 621 5264; x_wconf 84' lang='lat' dir='ltr'><strong>repellit</strong></span> <span class='ocrx_word' id='word_1_795' title='bbox 672 5196 1104 5265; x_wconf 74' lang='lat' dir='ltr'><strong>participatione,</strong></span> <span class='ocrx_word' id='word_1_796' title='bbox 1157 5203 1210 5248; x_wconf 91' lang='lat' dir='ltr'><strong>et</strong></span> <span class='ocrx_word' id='word_1_797' title='bbox 1236 5192 1609 5249; x_wconf 86' lang='lat' dir='ltr'><strong>communione</strong></span> <span class='ocrx_word' id='word_1_798' title='bbox 1641 5191 1798 5260; x_wconf 86' lang='lat' dir='ltr'><strong>spiri-</strong></span> 
     </span>
    </p>
   </div>
   <div class='ocr_carea' id='block_1_101' title="bbox 239 5280 1793 5352">
    <p class='ocr_par' dir='ltr' id='par_1_101' title="bbox 239 5280 1793 5352">
     <span class='ocr_line' id='line_1_101' title="bbox 239 5280 1793 5352; baseline 0.001 -23"><span class='ocrx_word' id='word_1_799' title='bbox 239 5280 364 5332; x_wconf 84' lang='lat' dir='ltr'><strong>tus?</strong></span> <span class='ocrx_word' id='word_1_800' title='bbox 394 5281 499 5337; x_wconf 86' lang='lat' dir='ltr'><strong>lloe</strong></span> <span class='ocrx_word' id='word_1_801' title='bbox 539 5292 717 5336; x_wconf 88' lang='lat' dir='ltr'><strong>autem</strong></span> <span class='ocrx_word' id='word_1_802' title='bbox 758 5284 1024 5337; x_wconf 81' lang='lat' dir='ltr'><strong>aversatio</strong></span> <span class='ocrx_word' id='word_1_803' title='bbox 1067 5283 1282 5352; x_wconf 86' lang='lat' dir='ltr'><strong>proprie</strong></span> <span class='ocrx_word' id='word_1_804' title='bbox 1326 5282 1412 5335; x_wconf 91' lang='lat' dir='ltr'><strong>hic</strong></span> <span class='ocrx_word' id='word_1_805' title='bbox 1441 5280 1793 5350; x_wconf 82' lang='lat' dir='ltr'><strong>intelligitur;</strong></span> 
     </span>
    </p>
   </div>
   <div class='ocr_carea' id='block_1_102' title="bbox 239 5368 1799 5442">
    <p class='ocr_par' dir='ltr' id='par_1_102' title="bbox 239 5368 1799 5442">
     <span class='ocr_line' id='line_1_102' title="bbox 239 5368 1799 5442; baseline -0.001 -19"><span class='ocrx_word' id='word_1_806' title='bbox 239 5369 378 5438; x_wconf 84' lang='lat' dir='ltr'><strong>quod</strong></span> <span class='ocrx_word' id='word_1_807' title='bbox 418 5372 764 5442; x_wconf 72' lang='lat' dir='ltr'><strong>Septuaginta</strong></span> <span class='ocrx_word' id='word_1_808' title='bbox 793 5374 977 5425; x_wconf 86' lang='lat' dir='ltr'><strong>dicunt</strong></span> <span class='ocrx_word' id='word_1_809' title='bbox 996 5373 1163 5440; x_wconf 86' lang='lat' dir='ltr'><strong>perire</strong></span> <span class='ocrx_word' id='word_1_810' title='bbox 1200 5388 1375 5424; x_wconf 85' lang='lat' dir='ltr'><strong>coram</strong></span> <span class='ocrx_word' id='word_1_811' title='bbox 1413 5370 1655 5424; x_wconf 89' lang='lat' dir='ltr'><strong>Domino.</strong></span> <span class='ocrx_word' id='word_1_812' title='bbox 1697 5368 1799 5422; x_wconf 85' lang='lat' dir='ltr'><strong>Te-</strong></span> 
     </span>
    </p>
   </div>
   <div class='ocr_carea' id='block_1_103' title="bbox 204 5461 1796 5535">
    <p class='ocr_par' dir='ltr' id='par_1_103' title="bbox 204 5461 1796 5535">
     <span class='ocr_line' id='line_1_103' title="bbox 204 5461 1796 5535; baseline 0.001 -26"><span class='ocrx_word' id='word_1_813' title='bbox 204 5530 211 5535; x_wconf 6' lang='lat' dir='ltr'><strong>l</strong></span> <span class='ocrx_word' id='word_1_814' title='bbox 240 5467 321 5512; x_wconf 81' lang='lat' dir='ltr'><strong>ste</strong></span> <span class='ocrx_word' id='word_1_815' title='bbox 347 5461 523 5528; x_wconf 82' lang='lat' dir='ltr'><strong>David,</strong></span> <span class='ocrx_word' id='word_1_816' title='bbox 552 5466 645 5534; x_wconf 85' lang='lat' dir='ltr'><strong>qui</strong></span> <span class='ocrx_word' id='word_1_817' title='bbox 671 5466 747 5518; x_wconf 86' lang='lat' dir='ltr'><strong>ait</strong></span> <span class='ocrx_word' id='word_1_818' title='bbox 774 5484 786 5517; x_wconf 90' lang='lat'><strong>:</strong></span> <span class='ocrx_word' id='word_1_819' title='bbox 825 5462 948 5518; x_wconf 71' lang='lat' dir='ltr'><strong>Non</strong></span> <span class='ocrx_word' id='word_1_820' title='bbox 981 5474 1183 5517; x_wconf 79' lang='lat' dir='ltr'><strong>avertas</strong></span> <span class='ocrx_word' id='word_1_821' title='bbox 1217 5463 1402 5531; x_wconf 79' lang='lat' dir='ltr'><strong>[aciem</strong></span> <span class='ocrx_word' id='word_1_822' title='bbox 1428 5470 1571 5513; x_wconf 88' lang='lat' dir='ltr'><strong>tuam</strong></span> <span class='ocrx_word' id='word_1_823' title='bbox 1610 5476 1641 5511; x_wconf 89' lang='lat' dir='ltr'><strong>a</strong></span> <span class='ocrx_word' id='word_1_824' title='bbox 1674 5474 1754 5512; x_wconf 88' lang='lat' dir='ltr'><strong>me</strong></span> <span class='ocrx_word' id='word_1_825' title='bbox 1777 5471 1796 5508; x_wconf 89' lang='lat'><strong>:</strong></span> 
     </span>
    </p>
   </div>
   <div class='ocr_carea' id='block_1_104' title="bbox 240 5550 1794 5625">
    <p class='ocr_par' dir='ltr' id='par_1_104' title="bbox 240 5550 1794 5625">
     <span class='ocr_line' id='line_1_104' title="bbox 240 5550 1794 5625; baseline -0.002 -19"><span class='ocrx_word' id='word_1_826' title='bbox 240 5561 286 5602; x_wconf 77' lang='grc' dir='ltr'><strong>ιι</strong></span> <span class='ocrx_word' id='word_1_827' title='bbox 323 5553 569 5620; x_wconf 86' lang='lat' dir='ltr'><strong>Spiritum</strong></span> <span class='ocrx_word' id='word_1_828' title='bbox 608 5567 848 5610; x_wconf 86' lang='lat' dir='ltr'><strong>sanctum</strong></span> <span class='ocrx_word' id='word_1_829' title='bbox 890 5566 1065 5622; x_wconf 86' lang='lat' dir='ltr'><strong>tuum,</strong></span> <span class='ocrx_word' id='word_1_830' title='bbox 1116 5573 1179 5611; x_wconf 86' lang='lat' dir='ltr'><strong>ne</strong></span> <span class='ocrx_word' id='word_1_831' title='bbox 1205 5555 1416 5625; x_wconf 72' lang='lat' dir='ltr'><strong>auferas</strong></span> <span class='ocrx_word' id='word_1_832' title='bbox 1455 5570 1485 5608; x_wconf 92' lang='lat' dir='ltr'><strong>a</strong></span> <span class='ocrx_word' id='word_1_833' title='bbox 1516 5568 1596 5608; x_wconf 82' lang='lat' dir='ltr'><strong>me</strong></span> <span class='ocrx_word' id='word_1_834' title='bbox 1622 5550 1794 5624; x_wconf 88' lang='lat' dir='ltr'><strong>(Psal.</strong></span> 
     </span>
    </p>
   </div>
   <div class='ocr_carea' id='block_1_105' title="bbox 471 5669 1006 5733">
    <p class='ocr_par' dir='ltr' id='par_1_105' title="bbox 471 5669 1006 5733">
     <span class='ocr_line' id='line_1_105' title="bbox 471 5669 1006 5733; baseline 0.004 -2"><span class='ocrx_word' id='word_1_835' title='bbox 471 5671 746 5731; x_wconf 66' lang='lat' dir='ltr'><strong>Psrnon.</strong></span> <span class='ocrx_word' id='word_1_836' title='bbox 790 5669 1006 5733; x_wconf 83' lang='lat' dir='ltr'><strong>CVIII.</strong></span> 
     </span>
    </p>
   </div>
   <div class='ocr_carea' id='block_1_106' title="bbox 1896 4447 3475 4531">
    <p class='ocr_par' dir='ltr' id='par_1_106' title="bbox 1896 4447 3475 4531">
     <span class='ocr_line' id='line_1_106' title="bbox 1896 4447 3475 4531; baseline -0.01 -14"><span class='ocrx_word' id='word_1_837' title='bbox 1896 4461 2106 4531; x_wconf 88' lang='lat' dir='ltr'><strong>ticipari</strong></span> <span class='ocrx_word' id='word_1_838' title='bbox 2154 4467 2211 4513; x_wconf 90' lang='lat' dir='ltr'><strong>et</strong></span> <span class='ocrx_word' id='word_1_839' title='bbox 2262 4473 2461 4513; x_wconf 72' lang='lat' dir='ltr'><strong>menszc</strong></span> <span class='ocrx_word' id='word_1_840' title='bbox 2516 4456 2903 4510; x_wconf 65' lang='lat' dir='ltr'><strong>daemoniorum</strong></span> <span class='ocrx_word' id='word_1_841' title='bbox 2951 4449 3226 4520; x_wconf 74' lang='lat' dir='ltr'><strong>prmcepit.</strong></span> <span class='ocrx_word' id='word_1_842' title='bbox 3281 4447 3338 4501; x_wconf 86' lang='lat' dir='ltr'><strong>In</strong></span> <span class='ocrx_word' id='word_1_843' title='bbox 3388 4447 3475 4502; x_wconf 86' lang='lat' dir='ltr'><strong>bis</strong></span> 
     </span>
    </p>
   </div>
   <div class='ocr_carea' id='block_1_107' title="bbox 1894 4531 3474 4612">
    <p class='ocr_par' dir='ltr' id='par_1_107' title="bbox 1894 4531 3474 4612">
     <span class='ocr_line' id='line_1_107' title="bbox 1894 4531 3474 4612; baseline -0.009 -4"><span class='ocrx_word' id='word_1_844' title='bbox 1894 4554 2037 4609; x_wconf 91' lang='lat' dir='ltr'><strong>enim</strong></span> <span class='ocrx_word' id='word_1_845' title='bbox 2064 4560 2189 4607; x_wconf 90' lang='lat' dir='ltr'><strong>sunt</strong></span> <span class='ocrx_word' id='word_1_846' title='bbox 2220 4565 2349 4605; x_wconf 84' lang='lat' dir='ltr'><strong>vere</strong></span> <span class='ocrx_word' id='word_1_847' title='bbox 2391 4549 2675 4603; x_wconf 89' lang='lat' dir='ltr'><strong>morticina</strong></span> <span class='ocrx_word' id='word_1_848' title='bbox 2721 4556 2773 4601; x_wconf 92' lang='lat' dir='ltr'><strong>et</strong></span> <span class='ocrx_word' id='word_1_849' title='bbox 2805 4562 2835 4599; x_wconf 90' lang='lat' dir='ltr'><strong>a</strong></span> <span class='ocrx_word' id='word_1_850' title='bbox 2878 4543 3068 4599; x_wconf 90' lang='lat' dir='ltr'><strong>bestiis</strong></span> <span class='ocrx_word' id='word_1_851' title='bbox 3091 4549 3267 4612; x_wconf 88' lang='lat' dir='ltr'><strong>capta.</strong></span> <span class='ocrx_word' id='word_1_852' title='bbox 3297 4531 3474 4607; x_wconf 43' lang='lat' dir='ltr'><strong>&#39;Quod</strong></span> 
     </span>
    </p>
   </div>
   <div class='ocr_carea' id='block_1_108' title="bbox 1896 4629 3478 4711">
    <p class='ocr_par' dir='ltr' id='par_1_108' title="bbox 1896 4629 3478 4711">
     <span class='ocr_line' id='line_1_108' title="bbox 1896 4629 3478 4711; baseline -0.011 -11"><span class='ocrx_word' id='word_1_853' title='bbox 1896 4654 2076 4700; x_wconf 90' lang='lat' dir='ltr'><strong>autem</strong></span> <span class='ocrx_word' id='word_1_854' title='bbox 2107 4644 2418 4711; x_wconf 76' lang='lat' dir='ltr'><strong>frequenter</strong></span> <span class='ocrx_word' id='word_1_855' title='bbox 2448 4639 2512 4694; x_wconf 89' lang='lat' dir='ltr'><strong>de</strong></span> <span class='ocrx_word' id='word_1_856' title='bbox 2545 4639 2649 4693; x_wconf 86' lang='lat' dir='ltr'><strong>hae</strong></span> <span class='ocrx_word' id='word_1_857' title='bbox 2680 4636 2958 4692; x_wconf 86' lang='lat' dir='ltr'><strong>sanctione</strong></span> <span class='ocrx_word' id='word_1_858' title='bbox 2988 4633 3253 4697; x_wconf 83' lang='lat' dir='ltr'><strong>diximus,</strong></span> <span class='ocrx_word' id='word_1_859' title='bbox 3286 4629 3391 4685; x_wconf 90' lang='lat' dir='ltr'><strong>dici</strong></span> <span class='ocrx_word' id='word_1_860' title='bbox 3420 4637 3478 4685; x_wconf 90' lang='lat' dir='ltr'><strong>et</strong></span> 
     </span>
    </p>
   </div>
   <div class='ocr_carea' id='block_1_109' title="bbox 1895 4721 3475 4796">
    <p class='ocr_par' dir='ltr' id='par_1_109' title="bbox 1895 4721 3475 4796">
     <span class='ocr_line' id='line_1_109' title="bbox 1895 4721 3475 4796; baseline -0.009 -7"><span class='ocrx_word' id='word_1_861' title='bbox 1895 4749 2038 4789; x_wconf 90' lang='lat' dir='ltr'><strong>nunc</strong></span> <span class='ocrx_word' id='word_1_862' title='bbox 2073 4730 2438 4786; x_wconf 87' lang='lat' dir='ltr'><strong>necessarium</strong></span> <span class='ocrx_word' id='word_1_863' title='bbox 2459 4736 2542 4783; x_wconf 92' lang='lat' dir='ltr'><strong>est</strong></span> <span class='ocrx_word' id='word_1_864' title='bbox 2567 4744 2580 4793; x_wconf 90' lang='lat'><strong>;</strong></span> <span class='ocrx_word' id='word_1_865' title='bbox 2608 4726 2828 4796; x_wconf 90' lang='lat' dir='ltr'><strong>prodest</strong></span> <span class='ocrx_word' id='word_1_866' title='bbox 2851 4723 2994 4777; x_wconf 90' lang='lat' dir='ltr'><strong>enim</strong></span> <span class='ocrx_word' id='word_1_867' title='bbox 3026 4721 3390 4786; x_wconf 88' lang='lat' dir='ltr'><strong>audientibus,</strong></span> <span class='ocrx_word' id='word_1_868' title='bbox 3420 4722 3475 4776; x_wconf 90' lang='lat' dir='ltr'><strong>id</strong></span> 
     </span>
    </p>
   </div>
   <div class='ocr_carea' id='block_1_110' title="bbox 1896 4812 3473 4892">
    <p class='ocr_par' dir='ltr' id='par_1_110' title="bbox 1896 4812 3473 4892">
     <span class='ocr_line' id='line_1_110' title="bbox 1896 4812 3473 4892; baseline -0.01 -13"><span class='ocrx_word' id='word_1_869' title='bbox 1896 4834 1998 4887; x_wconf 85' lang='lat' dir='ltr'><strong>est,</strong></span> <span class='ocrx_word' id='word_1_870' title='bbox 2032 4824 2158 4892; x_wconf 88' lang='lat' dir='ltr'><strong>quia</strong></span> <span class='ocrx_word' id='word_1_871' title='bbox 2186 4822 2428 4889; x_wconf 86' lang='lat' dir='ltr'><strong>leprosos</strong></span> <span class='ocrx_word' id='word_1_872' title='bbox 2451 4828 2505 4872; x_wconf 89' lang='lat' dir='ltr'><strong>et</strong></span> <span class='ocrx_word' id='word_1_873' title='bbox 2541 4817 2763 4872; x_wconf 87' lang='lat' dir='ltr'><strong>seminis</strong></span> <span class='ocrx_word' id='word_1_874' title='bbox 2790 4812 2990 4867; x_wconf 79' lang='lat' dir='ltr'><strong>ﬂuxum</strong></span> <span class='ocrx_word' id='word_1_875' title='bbox 3018 4812 3281 4881; x_wconf 89' lang='lat' dir='ltr'><strong>patientes</strong></span> <span class='ocrx_word' id='word_1_876' title='bbox 3300 4851 3314 4875; x_wconf 89' lang='lat'><strong>,</strong></span> <span class='ocrx_word' id='word_1_877' title='bbox 3365 4825 3473 4865; x_wconf 91' lang='lat' dir='ltr'><strong>non</strong></span> 
     </span>
    </p>
   </div>
   <div class='ocr_carea' id='block_1_111' title="bbox 1898 4901 3473 4980">
    <p class='ocr_par' dir='ltr' id='par_1_111' title="bbox 1898 4901 3473 4980">
     <span class='ocr_line' id='line_1_111' title="bbox 1898 4901 3473 4980; baseline -0.011 -9"><span class='ocrx_word' id='word_1_878' title='bbox 1898 4914 2179 4971; x_wconf 77' lang='lat' dir='ltr'><strong>sensibiles</strong></span> <span class='ocrx_word' id='word_1_879' title='bbox 2226 4911 2500 4980; x_wconf 70' lang='lat' dir='ltr'><strong>legislator</strong></span> <span class='ocrx_word' id='word_1_880' title='bbox 2538 4907 2909 4969; x_wconf 73' lang='lat' dir='ltr'><strong>abominetur,</strong></span> <span class='ocrx_word' id='word_1_881' title='bbox 2941 4918 3115 4973; x_wconf 91' lang='lat' dir='ltr'><strong>neque</strong></span> <span class='ocrx_word' id='word_1_882' title='bbox 3147 4901 3473 4964; x_wconf 85' lang='lat' dir='ltr'><strong>voluntarie,</strong></span> 
     </span>
    </p>
   </div>
   <div class='ocr_carea' id='block_1_112' title="bbox 1897 4992 3474 5071">
    <p class='ocr_par' dir='ltr' id='par_1_112' title="bbox 1897 4992 3474 5071">
     <span class='ocr_line' id='line_1_112' title="bbox 1897 4992 3474 5071; baseline -0.011 -10"><span class='ocrx_word' id='word_1_883' title='bbox 1897 5007 1991 5062; x_wconf 84' lang='lat' dir='ltr'><strong>sed</strong></span> <span class='ocrx_word' id='word_1_884' title='bbox 2018 5005 2171 5059; x_wconf 89' lang='lat' dir='ltr'><strong>inviti</strong></span> <span class='ocrx_word' id='word_1_885' title='bbox 2198 5005 2337 5058; x_wconf 87' lang='lat' dir='ltr'><strong>hanc</strong></span> <span class='ocrx_word' id='word_1_886' title='bbox 2363 5002 2666 5071; x_wconf 89' lang='lat' dir='ltr'><strong>passionem</strong></span> <span class='ocrx_word' id='word_1_887' title='bbox 2697 4998 2981 5060; x_wconf 88' lang='lat' dir='ltr'><strong>sustinent,</strong></span> <span class='ocrx_word' id='word_1_888' title='bbox 3012 4995 3105 5050; x_wconf 91' lang='lat' dir='ltr'><strong>sed</strong></span> <span class='ocrx_word' id='word_1_889' title='bbox 3126 5008 3219 5048; x_wconf 90' lang='lat' dir='ltr'><strong>eos</strong></span> <span class='ocrx_word' id='word_1_890' title='bbox 3243 4993 3334 5062; x_wconf 91' lang='lat' dir='ltr'><strong>qui</strong></span> <span class='ocrx_word' id='word_1_891' title='bbox 3362 4992 3474 5044; x_wconf 89' lang='lat' dir='ltr'><strong>ani-</strong></span> 
     </span>
    </p>
   </div>
   <div class='ocr_carea' id='block_1_113' title="bbox 1898 5082 3470 5166">
    <p class='ocr_par' dir='ltr' id='par_1_113' title="bbox 1898 5082 3470 5166">
     <span class='ocr_line' id='line_1_113' title="bbox 1898 5082 3470 5166; baseline -0.011 -14"><span class='ocrx_word' id='word_1_892' title='bbox 1898 5113 2043 5152; x_wconf 86' lang='lat' dir='ltr'><strong>mam</strong></span> <span class='ocrx_word' id='word_1_893' title='bbox 2082 5098 2347 5166; x_wconf 86' lang='lat' dir='ltr'><strong>leprosam</strong></span> <span class='ocrx_word' id='word_1_894' title='bbox 2373 5135 2387 5159; x_wconf 95' lang='lat'><strong>,</strong></span> <span class='ocrx_word' id='word_1_895' title='bbox 2426 5101 2519 5147; x_wconf 89' lang='lat' dir='ltr'><strong>aut</strong></span> <span class='ocrx_word' id='word_1_896' title='bbox 2542 5090 2741 5144; x_wconf 76' lang='lat' dir='ltr'><strong>ﬂuxum</strong></span> <span class='ocrx_word' id='word_1_897' title='bbox 2773 5088 2995 5145; x_wconf 87' lang='lat' dir='ltr'><strong>seminis</strong></span> <span class='ocrx_word' id='word_1_898' title='bbox 3037 5087 3329 5157; x_wconf 88' lang='lat' dir='ltr'><strong>patientem</strong></span> <span class='ocrx_word' id='word_1_899' title='bbox 3368 5082 3470 5136; x_wconf 88' lang='lat' dir='ltr'><strong>ha—</strong></span> 
     </span>
    </p>
   </div>
   <div class='ocr_carea' id='block_1_114' title="bbox 1898 5173 3472 5259">
    <p class='ocr_par' dir='ltr' id='par_1_114' title="bbox 1898 5173 3472 5259">
     <span class='ocr_line' id='line_1_114' title="bbox 1898 5173 3472 5259; baseline -0.016 -10"><span class='ocrx_word' id='word_1_900' title='bbox 1898 5195 2057 5256; x_wconf 87' lang='lat' dir='ltr'><strong>bent,</strong></span> <span class='ocrx_word' id='word_1_901' title='bbox 2103 5199 2387 5259; x_wconf 87' lang='lat' dir='ltr'><strong>propterea</strong></span> <span class='ocrx_word' id='word_1_902' title='bbox 2418 5187 2623 5249; x_wconf 90' lang='lat' dir='ltr'><strong>dicens,</strong></span> <span class='ocrx_word' id='word_1_903' title='bbox 2654 5184 2888 5254; x_wconf 82' lang='lat' dir='ltr'><strong>leprosus</strong></span> <span class='ocrx_word' id='word_1_904' title='bbox 2931 5190 2977 5235; x_wconf 86' lang='lat' dir='ltr'><strong>et</strong></span> <span class='ocrx_word' id='word_1_905' title='bbox 3015 5181 3217 5249; x_wconf 73' lang='lat' dir='ltr'><strong>[luxum</strong></span> <span class='ocrx_word' id='word_1_906' title='bbox 3261 5173 3472 5229; x_wconf 87' lang='lat' dir='ltr'><strong>seminis</strong></span> 
     </span>
    </p>
   </div>
   <div class='ocr_carea' id='block_1_115' title="bbox 1897 5271 3473 5355">
    <p class='ocr_par' dir='ltr' id='par_1_115' title="bbox 1897 5271 3473 5355">
     <span class='ocr_line' id='line_1_115' title="bbox 1897 5271 3473 5355; baseline -0.015 -17"><span class='ocrx_word' id='word_1_907' title='bbox 1897 5284 2119 5355; x_wconf 85' lang='lat' dir='ltr'><strong>patiens,</strong></span> <span class='ocrx_word' id='word_1_908' title='bbox 2146 5297 2248 5335; x_wconf 87' lang='lat' dir='ltr'><strong>non</strong></span> <span class='ocrx_word' id='word_1_909' title='bbox 2273 5289 2502 5334; x_wconf 83' lang='lat' dir='ltr'><strong>vescetur</strong></span> <span class='ocrx_word' id='word_1_910' title='bbox 2522 5277 2682 5331; x_wconf 78' lang='lat' dir='ltr'><strong>donec</strong></span> <span class='ocrx_word' id='word_1_911' title='bbox 2710 5284 2944 5338; x_wconf 89' lang='lat' dir='ltr'><strong>sanetur,</strong></span> <span class='ocrx_word' id='word_1_912' title='bbox 2972 5271 3239 5342; x_wconf 85' lang='lat' dir='ltr'><strong>quomodo</strong></span> <span class='ocrx_word' id='word_1_913' title='bbox 3257 5271 3473 5355; x_wconf 82' lang='lat' dir='ltr'><strong>oporte-</strong></span> 
     </span>
    </p>
   </div>
   <div class='ocr_carea' id='block_1_116' title="bbox 1900 5352 3468 5440">
    <p class='ocr_par' dir='ltr' id='par_1_116' title="bbox 1900 5352 3468 5440">
     <span class='ocr_line' id='line_1_116' title="bbox 1900 5352 3468 5440; baseline -0.016 -12"><span class='ocrx_word' id='word_1_914' title='bbox 1900 5352 1985 5429; x_wconf 84' lang='lat' dir='ltr'><strong>ret</strong></span> <span class='ocrx_word' id='word_1_915' title='bbox 2014 5376 2115 5429; x_wconf 84' lang='lat' dir='ltr'><strong>hoc</strong></span> <span class='ocrx_word' id='word_1_916' title='bbox 2144 5372 2365 5440; x_wconf 86' lang='lat' dir='ltr'><strong>intelligi</strong></span> <span class='ocrx_word' id='word_1_917' title='bbox 2413 5371 2776 5438; x_wconf 88' lang='lat' dir='ltr'><strong>interpretans</strong></span> <span class='ocrx_word' id='word_1_918' title='bbox 2820 5366 3060 5420; x_wconf 86' lang='lat' dir='ltr'><strong>addidit:</strong></span> <span class='ocrx_word' id='word_1_919' title='bbox 3114 5359 3215 5424; x_wconf 82' lang='lat' dir='ltr'><strong>Qui</strong></span> <span class='ocrx_word' id='word_1_920' title='bbox 3249 5352 3468 5422; x_wconf 83' lang='lat' dir='ltr'><strong>tetigerit</strong></span> 
     </span>
    </p>
   </div>
   <div class='ocr_carea' id='block_1_117' title="bbox 1899 5442 3472 5529">
    <p class='ocr_par' dir='ltr' id='par_1_117' title="bbox 1899 5442 3472 5529">
     <span class='ocr_line' id='line_1_117' title="bbox 1899 5442 3472 5529; baseline -0.013 -13"><span class='ocrx_word' id='word_1_921' title='bbox 1899 5461 2225 5516; x_wconf 86' lang='lat' dir='ltr'><strong>immundum</strong></span> <span class='ocrx_word' id='word_1_922' title='bbox 2260 5477 2415 5529; x_wconf 86' lang='lat' dir='ltr'><strong>super</strong></span> <span class='ocrx_word' id='word_1_923' title='bbox 2446 5467 2725 5522; x_wconf 88' lang='lat' dir='ltr'><strong>mortuum,</strong></span> <span class='ocrx_word' id='word_1_924' title='bbox 2759 5456 2872 5510; x_wconf 88' lang='lat' dir='ltr'><strong>sive</strong></span> <span class='ocrx_word' id='word_1_925' title='bbox 2918 5450 3208 5508; x_wconf 87' lang='lat' dir='ltr'><strong>secundum</strong></span> <span class='ocrx_word' id='word_1_926' title='bbox 3243 5442 3472 5510; x_wconf 78' lang='lat' dir='ltr'><strong>Septua-</strong></span> 
     </span>
    </p>
   </div>
   <div class='ocr_carea' id='block_1_118' title="bbox 1902 5533 3470 5623">
    <p class='ocr_par' dir='ltr' id='par_1_118' title="bbox 1902 5533 3470 5623">
     <span class='ocr_line' id='line_1_118' title="bbox 1902 5533 3470 5623; baseline -0.012 -18"><span class='ocrx_word' id='word_1_927' title='bbox 1902 5553 2067 5623; x_wconf 83' lang='lat' dir='ltr'><strong>ginta,</strong></span> <span class='ocrx_word' id='word_1_928' title='bbox 2103 5568 2303 5607; x_wconf 85' lang='lat' dir='ltr'><strong>onmem</strong></span> <span class='ocrx_word' id='word_1_929' title='bbox 2327 5549 2709 5605; x_wconf 86' lang='lat' dir='ltr'><strong>immunditiam</strong></span> <span class='ocrx_word' id='word_1_930' title='bbox 2738 5547 2947 5602; x_wconf 78' lang='lat' dir='ltr'><strong>animre.</strong></span> <span class='ocrx_word' id='word_1_931' title='bbox 3000 5533 3336 5595; x_wconf 87' lang='lat' dir='ltr'><strong>lmmunditia</strong></span> <span class='ocrx_word' id='word_1_932' title='bbox 3375 5546 3470 5587; x_wconf 87' lang='lat' dir='ltr'><strong>au-</strong></span> 
     </span>
    </p>
   </div>
   <div class='ocr_carea' id='block_1_119' title="bbox 2955 5653 3030 5713">
    <p class='ocr_par' dir='ltr' id='par_1_119' title="bbox 2955 5653 3030 5713">
     <span class='ocr_line' id='line_1_119' title="bbox 2955 5653 3030 5713; baseline -0.027 0"><span class='ocrx_word' id='word_1_933' title='bbox 2955 5653 3030 5713; x_wconf 86' lang='grc'><strong>16</strong></span> 
     </span>
    </p>
   </div>
  </div>
