3918 6180
430 263 521 318 ttn
1069 250 1128 303 B.
1171 244 1421 302 uanam
1460 234 1678 299 unum
1716 242 2029 297 AllClilEP.
2071 239 2376 295 nucum.
2416 232 2699 292 omnem
2734 224 2913 289 PARS
2946 219 2987 288 II
3552 228 3654 286 tas

415 376 519 429 tem
547 371 737 423 animae
760 371 983 436 peccata
1034 370 1158 415 sunt
1179 400 1193 425 ,
1234 372 1463 427 quarum
1494 354 1739 423 quaedam
1767 352 1991 419 leprosm
2019 351 2064 410 Α
2094 346 2254 402 alieni
2286 351 2430 400 recte.
2460 342 2813 412 appellantur.
2845 332 2920 393 De
2951 334 3145 408 quibus
3165 332 3334 390 David
3356 334 3615 405 pSallebat
3646 349 3661 384 :

412 471 557 525 sunt,
596 458 842 528 quaedam
868 452 1064 507 ﬁuxu‘nI
1089 448 1309 503 seminis
1334 446 1629 516 patientes,
1664 444 1800 497 sicut
1826 455 1856 493 a
1882 453 1981 494 n0-
2088 437 2245 507 Eripe
2286 451 2366 489 me
2393 444 2440 487 et
2487 428 2648 485 libera
2672 434 2754 484 'me
2793 429 2857 481 de
2884 438 3043 480 manu
3091 424 3322 494 [ifiorut'n
3369 423 3662 477 alienorum

412 555 498 611 bis
524 515 579 606 in
614 515 713 604 ⁵ιιίε
741 562 860 616 qua:
902 544 966 598 de
1002 540 1228 610 leprosis
1276 515 1419 591 dicta
1467 544 1611 595 sunt,
1666 541 1721 586 et
1763 530 1986 585 seminis
2086 527 2258 594 (Psal.
2292 523 2500 594 CXLIII).
2552 520 2856 590 lnquilinus
2883 516 3063 571 autem
3091 515 3390 569 sacerdotis
3431 522 3536 580 est,
3570 516 3663 584 qui

414 642 616 698 ﬂuxum
649 604 975 708 patientibus
1016 604 1366 698 approbatum
1414 632 1515 679 est.
1566 623 1634 676 Et
1677 635 1865 675 rursus
1906 619 1988 672 e‘i-
2085 632 2190 671 non
2219 626 2353 685 pure
2380 614 2433 668 in
2464 611 2579 680 citis
2622 609 2800 664 aulam
2836 607 3154 677 ingreditur,
3209 606 3384 673 neque
3411 604 3668 660 reveren-

413 750 542 791 cens
570 750 584 786 :
614 684 682 785 Et;
707 744 770 783 ex
799 730 899 798 quo
928 722 1190 793 egreditur
1212 734 1383 772 semen
1428 715 1578 787 quasi
1606 714 1794 778 coitus,
1824 722 1869 765 et
1896 712 1985 782 qui
2086 684 2452 775 tiamidignam
2479 703 2527 757 ei
2554 701 2759 770 praebet
2786 704 2878 753 aut
2906 694 3259 767 diligentiam.
3302 684 3669 763 Quemadmo-

416 829 582 900 tangit
610 787 821 896 reptile;
844 818 889 875 et
912 787 1170 889 quodlibet
1187 807 1885 876 inimundum,cujustaclus
1911 811 1986 856 est
2084 799 2210 853 dum
2238 797 2378 850 enim
2417 791 2710 861 inquilinus
2737 788 3073 844 solummodo
3102 788 3201 857 pro
3244 794 3340 841 sua
3369 787 3483 857 agit
3514 787 3667 841 utili.

410 874 691 981 soriiidusr,
741 925 802 968 ut
836 874 935 966 tibi
962 908 1123 963 etiam
1153 900 1311 970 hujus
1357 874 1729 954 manifestaret
1780 892 1987 947 intelle-
2086 896 2214 951 tate,
2245 895 2300 941 et
2323 898 2419 954 per
2443 881 2683 952 singulos
2703 881 2817 935 dies
2838 886 3116 949 exspectat
3138 874 3393 948 migrare,
3434 894 3545 933 non
3573 892 3672 932 au-

410 1019 585 1075 ctum,
622 962 751 1062 illud
791 1010 969 1057 autem
998 962 1299 1069 intelligere
1340 990 1458 1056 tibi,
1490 987 1720 1043 maxime
1747 982 1984 1039 mandati
2086 986 2192 1033 tem
2220 975 2453 1045 pertinet
2475 972 2526 1027 ei
2550 1011 2566 1037 ,
2602 971 2647 1025 si
2670 968 2794 1038 jura
2824 969 3016 1024 domus
3045 968 3260 1038 quidam
3288 967 3550 1037 diripiant
3577 962 3676 1022 aut

414 1059 585 1172 hujus,
616 1096 747 1168 legis
771 1091 904 1148 utile
932 1100 1015 1146 est
1042 1059 1202 1159 atque
1222 1088 1448 1157 iuvans,
1502 1080 1646 1151 quod
1689 1093 1798 1132 non
1843 1078 1987 1132 solos
2085 1069 2442 1125 Subtrahant:
2497 1064 2577 1120 sic
2604 1070 2732 1118 Sunt
2772 1061 2830 1116 hi
2865 1061 2959 1132 qui
2986 1061 3044 1115 in
3070 1059 3252 1114 divina
3283 1060 3405 1113 aula
3442 1064 3677 1129 propter

2556 1151 2729 1172 4”.“
2761 1149 2983 1172 ιι.--ε.-,
3018 1155 3105 1172 -...
3139 1154 3368 1172 --...-...-
3409 1150 3645 1172 ---ηιμ

415 1149 738 1253 saberdotgs,
773 1186 866 1240 sed
910 1197 1098 1237 omnes
1124 1178 1493 1232 ministrantes
1517 1149 1626 1225 non
1660 1180 1987 1237 praesumere
2086 1173 2214 1215 suas
2242 1155 2521 1217 utilitates,
2550 1151 2734 1223 gloria:
2759 1149 2986 1206 forsitan
3017 1155 3111 1202 aut
3136 1154 3371 1217 quaestus
3409 1150 3681 1216 pecunia-

413 1282 532 1337 sine
569 1238 1054 1333 metu'sanctorum
1083 1265 1480 1339 perceptionem
1503 1258 1649 1324 vult,
1683 1255 1987 1323 intuerique
2085 1266 2226 1314 rum,
2258 1256 2350 1303 aut
2383 1245 2606 1300 alterius
2632 1239 2941 1313 huiusmodi
2983 1238 3296 1294 ministrant
3320 1246 3508 1301 causa,
3560 1242 3678 1292 non

414 1373 665 1430 traditam
692 1384 723 1423 a
752 1367 867 1436 lege
897 1328 1318 1419 distinctionem,
1359 1367 1479 1421 quae
1519 1347 1845 1419 peenitentes
1870 1343 1989 1413 qui-
2088 1349 2266 1396 autem
2294 1334 2628 1409 diligentiam
2654 1332 2933 1396 exhibent,
2963 1344 3033 1384 ne
3053 1328 3174 1398 quis
3198 1339 3383 1381 eorum
3424 1342 3683 1383 corrum-

415 1465 535 1516 dem
562 1417 912 1529 praecepitoad
935 1456 1121 1505 sancta
1148 1444 1425 1521 accedere,
1456 1447 1580 1492 ante
1606 1444 1788 1489 autem
1818 1432 1962 1529 poeni

2135 1444 2179 1486 η
2217 1430 2460 1485 ordinem
2488 1467 2503 1492 ,
2545 1439 2618 1481 ne
2652 1423 2774 1495 quis
2801 1420 2942 1476 male
2968 1419 3165 1475 divinis
3209 1417 3349 1471 aulis
3374 1426 3433 1471 et
3469 1417 3682 1487 iniquis

415 1508 639 1609 tentitim
668 1508 938 1617 prohibet.
972 1539 1073 1606 Qui
1102 1516 1279 1591 autem
1307 1550 1372 1588 ex
1403 1529 1608 1586 semine
1636 1533 1763 1582 sunt
1805 1514 1984 1577 Aaron
2088 1532 2289 1581 utatur.
2330 1521 2447 1575 Hoc
2475 1520 2648 1588 ipsum
2694 1524 2750 1571 et
2795 1511 3253 1568 mercenariorum
3293 1508 3526 1563 dicimus
3549 1548 3566 1572 ,
3612 1509 3684 1564 (πε

414 1600 742 1705 sacerdotes,
767 1632 1019 1707 quoniam
1035 1630 1309 1686 Christum
1333 1640 1454 1681 esse
1476 1622 1718 1677 nostrum
1743 1613 1988 1671 sacerdo-
2089 1629 2197 1686 quo
2222 1611 2482 1667 Dominus
2511 1625 2525 1662 :
2569 1603 2927 1660 Mercenarius
2951 1610 2997 1656 et
3021 1600 3113 1670 qui
3139 1615 3244 1652 non
3262 1606 3337 1651 est
3354 1606 3563 1667 pastor,
3587 1612 3684 1649 cu-

404 1744 523 1790 tem
549 1692 802 1793 didicisti:
831 1712 886 1781 et
910 1721 1074 1792 hujus
1096 1719 1319 1792 ﬁguram
1340 1716 1520 1770 Aaron
1544 1718 1754 1781 gerere,
1775 1704 1989 1760 illosin-
2016 1705 2064 1766 B
2083 1710 2174 1780 jus
2208 1722 2311 1763 non
2343 1715 2464 1762 sunt
2493 1719 2608 1760 oves
2650 1700 2895 1773 propriae,
2945 1696 3080 1753 videt
3128 1694 3309 1765 lupum
3356 1692 3681 1755 venientem,

420 1821 623 1891 telliges
637 1813 753 1873 Siﬁe
773 1784 951 1885 aliqua
970 1784 1261 1869 dubieiate,
1280 1804 1371 1875 qui
1384 1797 1723 1872 baptismatis
1747 1793 1989 1865 adoptio-
2090 1811 2139 1856 et
2161 1799 2372 1854 dimittit
2395 1813 2532 1861 ουεε,
2563 1804 2609 1849 et
2637 1793 2797 1863 fugit,
2837 1798 2886 1844 et
2911 1788 3065 1859 lupus
3094 1786 3230 1857 rapit
3260 1800 3376 1839 υυεε
3403 1792 3449 1836 et
3473 1784 3686 1851 ἀίδρετ-

416 1875 561 1967 ιιοιιί³
585 1910 809 1968 habent,
855 1913 912 1959 et
960 1916 1144 1958 semen
1191 1893 1509 1968 cognatique
1555 1888 1691 1959 ejus,
1748 1892 1803 1942 et
1830 1896 1990 1939 omne
2088 1892 2182 1963 git.
2232 1888 2588 1944 Merccnarius
2632 1886 2805 1937 autem
2836 1880 2994 1950 fugit,
3021 1879 3145 1948 quia
3190 1875 3549 1931 mercenarius
3580 1882 3685 1940 est,

418 1963 562 2070 quod
588 1963 808 2055 dixeris
823 1996 891 2049 ad
932 1963 1364 2062 coniunctionem
1393 1981 1508 2052 ejus
1534 1987 1678 2037 recte
1718 1977 1992 2048 appellan-
2089 1988 2260 2035 etnon
2279 1976 2497 2047 pertinet
2524 1973 2591 2027 ad
2612 1982 2730 2026 eum
2762 1972 2826 2024 de
2864 1968 3040 2022 ovibus
3065 1965 3249 2036 (John.
3283 1964 3361 2034 x).
3392 1963 3504 2018 Hos
3527 1972 3691 2019 recte

419 2054 527 2146 iitr.
582 2086 734 2146 Unde
757 2095 811 2142 et
834 2084 996 2155 genus
1018 2054 1233 2136 electum
1273 2087 1319 2132 et
1353 2074 1522 2147 regale
1544 2071 1913 2135 sacerdotium,
1941 2076 1991 2122 et
2090 2084 2121 2123 a
2157 2072 2468 2122 sanctorum
2490 2061 2743 2132 prohibet
2760 2057 3146 2128 perceptione;
3181 2064 3355 2124 neque
3373 2054 3520 2108 enim
3553 2061 3694 2108 sunt

415 2175 537 2251 gens
585 2178 767 2233 sancta
799 2144 1022 2245 propter
1049 2144 1423 2241 cognationem
1469 2164 1584 2232 ejus
1631 2160 1989 2233 appellantur.
2092 2157 2239 2228 digni
2262 2152 2579 2226 participari
2606 2152 2720 2215 eis,
2751 2163 2869 2219 qua:
2898 2148 2983 2202 vel
3010 2146 3295 2209 desiditiSe,
3343 2144 3429 2198 vel
3450 2150 3695 2214 propter

417 2236 493 2323 λιι
520 2266 655 2338 quos
681 2236 1025 2337 ergo-e'tquée
1047 2236 1309 2329 sequntur
1330 2255 1496 2311 dicit:
1531 2250 1831 2307 Custodient
1860 2260 1995 2318 prw-
2093 2247 2308 2318 aliquod
2356 2242 2698 2301 commodum
2744 2249 2928 2310 agunt.
2990 2237 3159 2303 Quem
3207 2243 3381 2289 autem
3427 2236 3692 2288 sacerdos

415 2354 562 2432 cepta
591 2356 727 2426 mea,
773 2367 829 2412 ut
875 2372 977 2410 non
1008 2350 1310 2423 subjac’en’nt
1336 2348 1566 2418 peccato,
1615 2353 1663 2398 et
1698 2340 1994 2396 moriantur
2090 2338 2307 2402 emerit,
2342 2345 2390 2391 et
2434 2336 2526 2407 qui
2556 2329 2867 2388 vernaculus
2910 2329 3097 2382 domus
3138 2327 3254 2396 eju's
3284 2325 3464 2395 fuerit,
3508 2326 3573 2377 hi
3605 2338 3696 2377 co-

1982 2427 1994 2432 -
2128 2428 2137 2432 -
2203 2429 2210 2432 _
2458 2427 2468 2432 -
2568 2421 2660 2432 Λ..
2702 2420 2760 2432 Διι
2838 2419 2850 2431 ο
2940 2428 2983 2432 μη
3096 2415 3283 2432 I.,.49_L
3328 2410 3591 2432 L_!.I_‘L__-
3638 2420 3685 2432 -A

418 2410 796 2505 ittrsnttctttario
822 2442 938 2500 cum
963 2410 1240 2514 potiuerint
1269 2410 1436 2499 illud;
1466 2452 1557 2505 ego
1591 2432 1867 2493 Dominus,
1904 2427 1994 2497 qui
2093 2428 2298 2482 medent
2328 2442 2392 2480 ea:
2422 2427 2515 2480 eis.
2561 2421 2665 2489 Qui
2694 2419 3045 2489 alienigenas,
3095 2415 3289 2484 impios
3328 2410 3597 2467 'videlicct
3630 2420 3689 2465 et

419 2539 689 2609 sancti/ica
728 2532 874 2590 illos.
925 2500 1066 2603 E'rgo
1089 2528 1357 2602 praecepta
1391 2500 1629 2588 Domini,
1669 2523 1722 2576 id
1751 2527 1835 2573 est
1879 2517 1992 2581 lex,
2094 2515 2334 2572 inﬁdeles
2359 2530 2387 2569 a
2410 2509 2828 2585 participatione
2852 2500 3471 2574 divinorumprohibuit,
3494 2513 3698 2558 osten-

424 2590 724 2685 custodiam
769 2590 1070 2681 districtalm
1092 2590 1171 2675 let
1204 2590 1564 2674 obedientiam
1591 2608 1997 2681 intransgressi-
2094 2605 2174 2661 dit
2211 2605 2336 2676 quia
2364 2604 2419 2658 in
2451 2604 2534 2658 bis
2566 2602 2612 2657 si
2644 2606 2922 2655 mutentur
2956 2590 3024 2652 ab
3058 2606 3243 2649 errore
3269 2634 3285 2660 ,
3335 2601 3389 2647 et
3424 2593 3498 2648 ad
3524 2592 3699 2647 Chri-

419 2722 580 2777 bilem
611 2716 987 2787 necessariam,
1018 2711 1292 2775 habentia,
1340 2707 1479 2762 sicut
1502 2698 1902 2775 perﬁcientibus
1930 2709 1997 2751 ea
2095 2705 2237 2752 stum
2272 2694 2565 2759 accedant,
2614 2688 2881 2761 permittit
2927 2697 3049 2757 qua
3078 2693 3266 2741 sancta
3312 2691 3463 2739 sunt.
3508 2682 3702 2739 Nemo

409 2824 473 2869 et
501 2808 947 2869 sanctiﬁcationis
974 2776 1032 2860 et
1075 2798 1478 2874 justiﬁeationis
1522 2806 1575 2848 et
1619 2790 1807 2848 salutis
1834 2801 1996 2845 causa
2095 2791 2237 2844 enim
2263 2787 2560 2858 alienigena
2588 2788 2684 2853 per
2706 2782 2955 2836 naturam
2985 2786 3092 2844 Est,
3127 2778 3222 2833 sed
3260 2776 3539 2831 voluntate
3570 2777 3701 2846 qui-

420 2892 745 2965 έίιῖοίωιίυνν
792 2898 871 2952 Sic
897 2871 1103 2967 ρθοεειίί
1136 2900 1190 2946 cl
1224 2888 1413 2943 mortis
1443 2878 1993 2954 transgredientibus,
2097 2880 2218 2938 dam
2257 2881 2360 2936 sibi
2396 2879 2703 2935 asciverunt
2734 2874 3113 2930 alienationem
3160 2878 3191 2926 a
3214 2873 3354 2927 Deo.
3401 2871 3700 2942 Quotquot

412 2992 561 3063 quod
591 2991 644 3045 in
670 2961 816 3045 omni
845 2961 1061 3056 quidem
1099 2991 1182 3038 cst
1226 2981 1347 3051 lege
1390 2986 1443 3032 et
1468 2977 1520 3030 in
1545 2973 1692 3030 onmi
1716 2969 1990 3033 mandato,
2027 3048 2064 3063 ﬂ
2096 2987 2227 3043 ergo
2271 2987 2335 3027 cx
2380 2970 2470 3025 his
2518 2964 2874 3035 iutelligibilis
2914 2964 3169 3019 sacerdos
3188 2961 3441 3031 possidet
3482 2963 3702 3031 empti-

422 3048 593 3137 tnttlto
618 3080 788 3150 magis
814 3086 990 3132 tamen
1016 3074 1071 3129 in
1110 3048 1418 3128 sanctorum
1450 3064 1809 3138 perceptione.
1839 3058 1996 3126 Quis-
2022 3048 2067 3110 C
2101 3062 2224 3127 tios,
2255 3060 2311 3114 id
2343 3069 2445 3123 est,
2477 3063 2743 3127 quotquot
2783 3054 2915 3109 emit
2934 3060 3037 3122 per
3076 3048 3442 3122 e’vangelicat'n
3481 3050 3703 3104 doctri-

423 3164 549 3238 quis
578 3168 721 3222 enim
769 3166 833 3220 ad
862 3180 924 3218 ea
969 3170 1121 3216 extra
1152 3174 1311 3229 quam
1339 3162 1553 3224 oportet
1577 3150 1884 3214 accesserit,
1909 3147 1997 3216 ju-
2100 3157 2225 3207 nam
2257 3158 2309 3205 et
2332 3150 2567 3221 gratiam
2605 3167 2617 3201 :
2651 3146 2767 3202 hinc
2798 3154 2881 3201 est
2908 3144 3054 3200 enim
3081 3142 3292 3197 Domini
3324 3142 3701 3211 conduisitiu,

423 3258 622 3312 dieium
653 3254 753 3308 sibi
783 3248 946 3306 sumit
974 3250 1028 3306 et
1067 3248 1313 3303 mortem.
1356 3242 1492 3299 Nam
1521 3250 1575 3297 et
1596 3240 1794 3296 Paulus
1827 3236 1894 3293 de
1923 3247 1999 3293 ta—
2100 3248 2155 3297 et
2182 3255 2367 3294 verum
2398 3246 2678 3308 argentum
2714 3244 2816 3302 est,
2856 3234 3138 3305 Argentum
3180 3233 3297 3303 igne
3322 3231 3704 3286 επηῇῄίηαιπίη

371 3363 377 3383 '
424 3349 563 3403 libus
586 3340 893 3399 Corinthiis
942 3340 1247 3396 scribebat:
1299 3336 1402 3401 Qui
1445 3335 1582 3388 enim
1626 3328 1905 3385 manduc‘at
1950 3337 1999 3382 et
2101 3339 2253 3383 teme
2284 3330 2583 3397 purgatum.
2636 3323 2885 3379 Redemit
2928 3323 3108 3378 autem
3157 3328 3251 3377 e03
3270 3321 3370 3391 qui
3409 3318 3621 3375 volunt
3652 3320 3707 3376 ei

426 3424 548 3490 bibit
581 3428 811 3503 indigne,
851 3429 1113 3501 judicium
1145 3424 1243 3480 sibi
1284 3424 1567 3479 manducet
1602 3430 1649 3475 et
1690 3419 1849 3483 bibit,
1896 3422 2000 3471 non
2103 3418 2327 3473 servire.
2357 3412 2460 3470 Alii
2484 3421 2664 3468 autem
2692 3413 2822 3467 nulli
2852 3430 2865 3467 :
2905 3413 3044 3467 sicut
3074 3412 3266 3467 Petrus
3295 3410 3469 3465 dixit:
3498 3407 3707 3466 'Pretio

424 3526 725 3597 dijudicans
748 3538 933 3592 corpus
966 3510 1170 3572 Domini
1195 3533 1214 3582 ;
1262 3524 1532 3587 propterea
1568 3512 1705 3564 inter
1740 3525 1826 3563 vos
1850 3504 2002 3560 multi
2102 3510 2258 3581 empti
2298 3508 2440 3571 estis,
2475 3504 2632 3560 noiite
2660 3504 2788 3575 ﬁeri
2827 3504 2960 3559 servi
2990 3502 3257 3557 hominum
3287 3519 3305 3567 ;
3346 3501 3441 3555 ‘s'ed
3481 3511 3533 3554 ει
3576 3516 3710 3557 τεν-

424 3584 621 3686 ἱθῆἳιέηιί
649 3606 696 3668 et
748 3584 1046 3672 imbecilles,
1076 3617 1121 3662 et
1168 3584 1432 3660 dormiunt
1462 3601 1613 3656 multi
1653 3599 1706 3672 (I
1744 3597 1867 3654 Cor.
1897 3595 2000 3669 XI),
2106 3598 2279 3654 naculi
2307 3598 2444 3668 ejus,
2483 3597 2536 3651 id
2562 3604 2666 3661 est,
2698 3596 2790 3665 qui
2817 3595 2871 3649 in
2896 3594 3010 3648 ‘ﬁde
3035 3592 3151 3660 ejus
3184 3588 3376 3647 nutriti
3396 3594 3463 3646 ‘ét
3483 3584 3711 3647 intelli-

427 3680 615 3770 idv'est,
650 3692 970 3757 moriuntur.
1015 3693 1321 3754 Secundum
1347 3694 1451 3749 hoc
1488 3692 1654 3761 igitur
1678 3689 1901 3744 verbum
1920 3687 2004 3740 ’le-
2106 3688 2253 3759 gibili
2307 3688 2469 3743 domo
2521 3685 2770 3751 Christi,
2823 3684 3076 3738 videlicet
3120 3680 3376 3738 Ecclesia?
3409 3721 3424 3745 ,
3462 3682 3711 3737 educati

424 3797 649 3867 gislator
695 3792 961 3849 sancivit:
995 3784 1296 3844 Custodient
1341 3793 1599 3856 prwcepta
1647 3799 1780 3847 mea,
1818 3789 2002 3833 utnon
2106 3789 2249 3845 sunt,
2278 3796 2375 3849 per
2408 3784 2696 3850 parentum
2725 3775 2907 3832 ﬁdem.
2961 3775 3027 3829 iii
3049 3774 3115 3830 de
3142 3773 3371 3844 panibus
3399 3766 3529 3841 ejus
3584 3776 3712 3844 ως-

426 3886 730 3956 subjaceant
756 3892 964 3954 peccato
1003 3870 1052 3935 et
1096 3874 1387 3932 moriantur
1412 3892 1503 3945 per
1527 3892 1609 3928 ea.
1652 3874 1722 3927 Et
1766 3887 1884 3941 qua:
1921 3872 2006 3925 e's't
2106 3874 2257 3929 sticis
2292 3880 2346 3927 et
2382 3870 2782 3925 viviﬁcantibus
2811 3868 3113 3924 comedent.
3158 3864 3457 3937 Sequitur:
3493 3863 3563 3920 Si
3580 3867 3712 3935 γυῖα

427 3954 589 4026 causa
621 3986 739 4059 quae
770 3969 938 4024 infert
964 3967 1227 4059 mortem?
1252 3965 1383 4059 Cum
1402 3962 1643 4032 polluerit
1674 3961 1827 4014 illud.
1856 3960 2003 4028 lnju—
2106 3962 2390 4017 sacerdotis
2417 3958 2624 4014 cuilibet
2652 3976 2717 4014 ea:
2743 3957 2935 4030 papula
2964 3966 3126 4029 nupta
3152 3958 3332 4028 fuerit,
3360 3955 3425 4010 tie
3466 3954 3557 4010 his
3582 3972 3711 4028 qua:

427 4064 509 4118 ria
535 4056 676 4116 enim
709 4058 1003 4115 sanctuarii
1033 4066 1087 4111 et
1117 4054 1340 4126 pollutio
1367 4059 1477 4117 est,
1512 4051 1786 4106 sordidum
1816 4063 2005 4119 quem-
2106 4052 2434 4118 sanctiﬁcata
2463 4057 2584 4103 sunt
2615 4059 2660 4102 et
2691 4049 2754 4103 de
2782 4048 3026 4119 primitiis
3046 4065 3148 4101 nan
3174 4052 3451 4112 'vcscetnr;
3481 4046 3576 4101 sin
3608 4065 3683 4101 au
3708 4079 3713 4083 -

428 4157 570 4226 piam
618 4152 686 4207 ad
715 4150 914 4205 munda
958 4147 1235 4201 accedere.
1287 4143 1399 4212 Ego
1446 4158 1561 4195 sum
1599 4139 1872 4203 Dominus,
1917 4140 2010 4209 qui
2110 4152 2209 4198 tem
2237 4142 2390 4197 vidua
2429 4139 2504 4194 rei
2552 4140 2827 4210 repudiata
2857 4139 3049 4209 absque
3086 4137 3262 4192 liberis
3298 4134 3714 4207 reversafuer'it

428 4225 698 4313 sancti/ica
749 4238 886 4306 illos,
946 4237 997 4292 id
1047 4244 1170 4300 est,
1218 4234 1309 4304 qui
1359 4239 1671 4302 peccatores
1723 4226 1975 4282 mundalo

2166 4234 2411 4286 [domum
2439 4228 2603 4302 patris
2638 4231 2742 4294 sui,
2773 4230 2906 4283 sicut
2934 4227 3107 4299 puella
3124 4235 3495 4292 consueverat,
3521 4225 3713 4282 dicit"

429 4342 707 4401 duntaxat,
741 4337 793 4389 in
818 4326 1126 4388 sanctorum
1153 4324 1585 4381 communionem
1605 4319 1826 4389 recipio,
1853 4318 2006 4373 aver-
2033 4388 2081 4401 ἢ
2111 4318 2222 4377 cibo
2249 4319 2413 4392 patris
2456 4320 2557 4373 sui.
2611 4316 2794 4372 Omnis
2840 4314 3134 4387 alienigena
3181 4314 3488 4368 comedendi
3528 4332 3607 4369 α
3633 4318 3717 4371 eis

430 4445 519 4482 sor
542 4426 725 4481 autem
747 4418 961 4494 quando
975 4418 1161 4489 polluti
1183 4426 1238 4472 et
1257 4414 1425 4485 iniqui
1453 4417 1791 4483 permanent.
1822 4405 2005 4462 Omnis
2033 4388 2085 4450 D
2113 4430 2217 4469 ηοη
2250 4388 2407 4467 habet
2434 4418 2760 4485 potestatem,
2794 4408 2949 4478 Quod
2980 4417 3160 4463 autem
3191 4415 3375 4462 nostra
3405 4407 3717 4463 translatio

431 4517 720 4586 alienigena
744 4530 846 4567 non
866 4509 1094 4565 comedet
1119 4506 1181 4560 de
1204 4503 1577 4571 sanctiﬁcatis;
1606 4499 1891 4571 inquilinus
1915 4515 2005 4552 sa-
2112 4505 2297 4571 habet,
2342 4500 2398 4558 Si
2442 4502 2557 4573 ﬁlia
2604 4501 2889 4557 mendam
2940 4498 3148 4553 ωειίθει
3192 4514 3256 4553 α
3302 4497 3499 4568 populo
3532 4497 3719 4570 mir“,

431 4604 685 4669 ccrdotis,
722 4612 769 4657 et
804 4596 1153 4657 mercenarius
1176 4594 1284 4648 non
1331 4600 1596 4646 vescantur
1619 4590 1713 4642 eis.
1746 4584 1978 4641 Necessa

2175 4596 2270 4650 erit
2305 4595 2502 4648 homini
2537 4593 2841 4663 alienigena:
2864 4632 2878 4656 ,
2914 4607 3023 4647 non
3067 4588 3228 4646 nobis
3262 4586 3461 4644 sufﬁcit
3507 4589 3569 4645 in
3602 4590 3720 4647 ﬁde

434 4693 574 4746 rium
589 4688 699 4747 hec
725 4688 1036 4745 mandatum
1073 4692 1183 4747 est,
1214 4696 1282 4736 ne
1313 4678 1449 4733 forte
1476 4676 1724 4745 adiacere
1757 4674 2007 4729 omnibus
2114 4685 2308 4740 nutriri
2337 4684 2558 4748 Christi,
2588 4683 2681 4737 sed
2710 4690 2765 4737 et
2784 4696 3142 4752 permanere,
3171 4688 3224 4735 et
3251 4678 3502 4734 crescere
3531 4680 3597 4734 in
3623 4697 3720 4747 ea,

435 4780 682 4837 ﬁdelibus
702 4790 758 4836 et
782 4778 960 4849 impiis
984 4788 1226 4831 mensam
1256 4768 1551 4840 spiritalem
1577 4774 1863 4836 putemus;
1906 4779 2009 4820 nec
2115 4783 2169 4830 et
2196 4773 2327 4828 nulli
2355 4773 2797 4843 alienigenarum,
2825 4772 2878 4826 id
2902 4779 3004 4835 εει,
3033 4769 3254 4824 alterius
3276 4784 3306 4822 a
3333 4768 3448 4822 Deo
3474 4766 3723 4839 dogma.

434 4872 562 4943 quia
588 4871 711 4924 νίιίὲ
740 4869 895 4940 Ρέιυίδ
918 4864 1242 4937 Αῐῐιῖεῑθΐῖυω
1267 4859 1604 4915 Ποωίηίουω
1631 4856 1846 4922 (Ποίων,
1884 4872 2012 4927 pro-
2116 4863 2204 4927 tis,
2235 4872 2326 4918 aut
2349 4863 2571 4918 alterius
2596 4862 2729 4932 legis
2758 4860 2843 4915 vel
2887 4859 3120 4914 actionis
3161 4856 3502 4912 commisceri
3532 4873 3550 4921 ;
3610 4874 3726 4914 nec

438 4970 624 5033 pterea
671 4956 920 5037 oportere
962 4955 1239 5026 percipere
1273 4950 1420 5005 illum
1456 4950 1618 5003 etiam
1655 4962 1751 5002 c0‘5
1791 4947 1883 5016 (ιιιὶ
1917 4947 2010 5002 ⁵ιά-
2112 4955 2237 5024 quia
2258 4954 2323 5009 de
2347 4954 2591 5024 patribus
2619 4967 2805 5006 sumus
2826 4950 3091 5015 ﬁdelibus,
3134 4948 3255 5004 ideo
3272 4947 3384 5018 jam
3409 4947 3469 5001 in
3491 4951 3725 5005 sanctis

440 5054 548 5109 huc
574 5068 604 5105 a
632 5046 735 5105 ﬁde
760 5048 920 5103 alieni
953 5053 1077 5119 sunt
1121 5042 1466 5098 arbitremur.
1516 5038 1843 5110 Alienigenae
1880 5052 2011 5110 ergo
2111 5059 2521 5115 pmsumamus,
2565 5043 2671 5098 nisi
2696 5053 2750 5098 ει
2782 5043 2880 5113 ipsi
2931 5041 3118 5097 ﬁdeles
3143 5040 3504 5110 pel-sistamus
3530 5080 3544 5092 ,
3586 5056 3726 5111 νη),

438 5151 565 5202 sunt
588 5140 777 5198 omnes
803 5140 893 5208 qui
922 5137 1016 5192 Dei
1045 5136 1216 5207 legem
1243 5147 1350 5188 non
1376 5131 1695 5200 suscipiunt,
1723 5144 1824 5184 nec
1852 5144 1985 5183 evan

2174 5152 2298 5192 erea
2330 5134 2450 5190 'ﬁlia
2494 5134 2843 5204 intelligibilis
2892 5132 3211 5197 sacerdotis,
3262 5130 3314 5185 id
3357 5136 3462 5195 est,
3511 5131 3721 5183 anima

438 5224 623 5323 gelida:
665 5230 956 5323 participes
1002 5228 1305 5323 elﬁciuntur
1338 5226 1555 5298 gratiae.
1610 5221 1753 5279 Nihil
1781 5222 1923 5277 enim
1954 5223 2009 5277 in
2114 5228 2291 5285 omnis
2319 5234 2635 5298 regenerata
2664 5225 2731 5281 ab
2770 5241 2835 5282 eo
2858 5240 2957 5294 per
2982 5224 3271 5293 baptisma.
3321 5220 3382 5276 Si
3414 5235 3554 5275 vero
3580 5222 3727 5276 διξε-

428 5316 745 5401 proximum
787 5320 1034 5377 amnilali
1077 5320 1203 5385 Βεί,
1252 5332 1427 5387 neque
1450 5324 1737 5387 cognatum
1774 5313 2011 5369 ﬁdentia}
2113 5320 2321 5389 nigena:
2349 5316 2636 5387 conjuncta
2666 5315 2847 5381 fuerit,
2891 5329 3011 5385 qua:
3055 5315 3122 5368 ad
3153 5311 3509 5382 alienigenas,
3543 5311 3727 5366 verbi

424 5421 576 5490 ejus,
609 5416 675 5473 de
704 5414 768 5471 eo
795 5412 1092 5482 intelligere
1131 5418 1393 5482 possunt:
1426 5408 1568 5463 unde
1597 5416 1651 5462 et
1676 5406 2007 5478 alienigenae,
2115 5410 2306 5483 gratia,
2345 5405 2578 5473 Judzeos,
2623 5420 2890 5477 paganos,
2940 5414 3032 5459 aut
3084 5403 3368 5458 haereticos
3413 5401 3727 5469 penita-nt

432 5513 581 5566 sicut
608 5506 698 5579 qui
740 5508 773 5560 ε
800 5504 1133 5561 ἀωιῐιοηὶὺυε.
1176 5501 1504 5556 seducuntur
1538 5508 1593 5553 et
1637 5498 2011 5569 c0gnationem
2115 5513 2299 5572 agens,
2347 5505 2402 5551 et
2449 5496 2768 5551 societatem
2798 5510 2984 5550 eorum
3019 5492 3381 5562 amplectens,
3410 5489 3728 5559 primitias

432 5598 631 5655 ucoru'm
683 5595 1095 5669 amplectuntur.
1149 5592 1214 5647 lli
1256 5592 1401 5647 euitn
1447 5605 1477 5644 a
1538 5590 1694 5646 nobis
1734 5596 1789 5644 et
1827 5604 1857 5643 a
1900 5589 2011 5644 Deo
2115 5587 2594 5655 sanctiﬁcatorum,
2626 5585 2679 5641 id
2709 5593 2808 5651 est,
2856 5598 3081 5655 corpore
3117 5580 3344 5652 mystico
3375 5592 3481 5633 non
3510 5584 3729 5635 vesce-
