3926 6176
1086 244 1146 298 Β.
1188 238 1442 297 ΒᾹΒΑΝΙ
1479 235 1696 293 MAURI
1732 230 2002 288 ARClllEl

2106 225 2397 285 llOGUNT.
2437 221 2719 280 OPERUM
2756 220 2934 277 PARS
2968 219 3013 274 Ῑ.

3536 214 3645 272 496

394 370 758 427 versationem
793 372 940 416 tuam
969 366 1214 428 oportet,
1244 364 1302 410 et
1328 350 1693 423 impollutam,
1720 345 1975 417 quemad—
2004 349 2052 407 Α
2080 343 2452 397 holocaustum
2492 338 2712 403 dicitur,
2754 336 3053 407 pollutione
3096 342 3280 428 careat
3319 334 3483 428 etiam
3526 333 3648 389 haec

396 462 627 520 modum
655 454 983 516 sacerdotes,
1025 450 1267 512 studeas,
1298 445 1422 514 quia
1453 450 1507 498 et
1553 440 1823 504 Christus,
1854 452 1974 507 qua:

390 560 463 607 -ιιι
494 553 718 620 agerent
753 539 983 612 apostoli
1014 535 1300 608 przeccpit,
1344 534 1461 587 lucc
1497 529 1678 620 omnia
1722 542 1817 582 eos
1839 535 1974 620 _tra-

406 615 890 693 dere—discentibus
915 625 1171 698 praecepit
1197 622 1465 693 gentibus.
1495 619 1586 673 Ait
1616 617 1757 671 enim
1785 633 1799 669 :
1830 615 1978 669 Eun-

2077 431 2297 487 oblatio.
2337 429 2444 483 Sed
2469 443 2590 498 quae
2611 428 2685 483 sit
2704 427 2822 481 haec
2842 424 3091 496 pollutio,
3126 422 3216 478 lex
3252 421 3453 487 tacuit,
3488 422 3652 478 nobis

2079 522 2214 577 dans
2247 520 2547 590 intelligere
2583 532 2769 593 veram
2799 516 3152 587 pollutionem
3193 522 3252 569 et
3290 528 3527 580 cavere;
3567 523 3655 569 est

2079 622 2256 667 autem
2283 613 2427 676 haec,
2454 625 2519 665 ex
2547 608 2735 679 rapina
2771 616 2831 663 et
2867 606 3128 677 injustitia
3153 646 3169 672 ,
3211 603 3385 658 aliave
3420 602 3655 659 avaritia

518 691 707 781 docete
751 691 934 775 omnes
968 691 1159 789 gentes,
1205 691 1527 784 baptizantes
1553 725 1640 763 eos
1674 709 1730 761 in
1773 705 1979 760 nomine
2079 701 2307 766 offerre,
2347 697 2711 755 abominabile
2747 704 2831 751 est
2865 695 3010 751 enim
3042 693 3183 764 apud
3218 691 3421 759 Deum,
3460 698 3518 747 et
3541 707 3656 746 non

412 817 592 873 Patris
629 824 675 868 et
707 811 839 865 Filii
875 818 921 863 et
964 806 1194 877 Spiritus
1232 802 1443 865 sancti,
1486 800 1726 853 docentes
1766 811 1852 849 eos
1883 810 1978 847 cu-

408 907 604 963 stodire
648 915 965 975 quiscunque
1011 895 1258 971 mandavi
1303 892 1442 948 vobis
1490 889 1719 963 (Matth.
1750 882 1976 955 xxvm).

409 998 539 1053 Sive
565 1008 722 1063 ergo,
753 990 846 1060 qui
872 987 1168 1045 secundum
1194 982 1587 1040 confessionem
1607 1020 1622 1046 ,
1650 980 1765 1034 sive
1792 992 1984 1034 secun-

412 1089 537 1142 dum
575 1097 789 1139 omnem
824 1077 1190 1135 conditionem
1222 1070 1378 1128 suam
1401 1112 1417 1138 ,
1456 1070 1834 1126 holocaustum
1871 1065 1982 1118 Deo

410 1172 689 1245 promisit,
721 1170 889 1224 vitam
917 1164 1169 1221 videlicet
1192 1160 1490 1231 perfectam
1507 1158 1659 1245 ,hoc
1685 1165 1769 1210 est
1797 1166 1983 1245 verum

416 1238 787 1317 holocaustum
808 1294 824 1320 ,
859 1269 891 1308 a
935 1250 1233 1323 pollutione
1275 1246 1474 1302 munda
1517 1242 1677 1299 debet
1717 1255 1838 1296 esse
1870 1238 1986 1307 ejus

414 1351 635 1413 oblatio,
660 1360 835 1415 neque
857 1342 1001 1398 enim
1028 1339 1185 1394 aliter
1212 1334 1554 1404 suscipietur.
1578 1330 1781 1388 Offeret
1805 1337 1984 1383 autem

413 1457 506 1511 per
540 1414 917 1507 confessionem
941 1469 957 1496 ,
994 1429 1137 1486 sicut
1173 1422 1525 1496 Septuaginta
1559 1420 1761 1481 dicunt,
1802 1415 1895 1486 qui
1932 1414 1987 1468 in

405 1543 741 1603 quacunque
775 1523 1102 1580 necessitate
1137 1519 1496 1581 constitutus,
1528 1522 1584 1568 et
1615 1527 1683 1568 ex
1728 1525 1793 1565 ea
1836 1522 1988 1564 com-

419 1630 652 1693 punctus
695 1613 1161 1673 conversationem
1204 1606 1493 1679 quamdam
1530 1604 1643 1659 Deo
1676 1616 1774 1672 per
1803 1608 1989 1655 votum

416 1711 719 1781 pollicetur.
814 1701 879 1759 θ

489 1796 797 1853 Secundum
843 1790 1279 1862 supradictorum
1330 1790 1512 1839 autem
1558 1780 1854 1837 editionem
1895 1775 1995 1831 ele-

417 1891 642 1943 ctionem
676 1883 981 1941 invenimus
1016 1880 1250 1943 dictam,
1287 1875 1380 1931 ubi
1418 1888 1517 1929 nos
1539 1880 1720 1943 sponte
1740 1869 1988 1925 dicimus.

416 1981 724 2048 Utramque
758 1975 904 2031 enim
944 1974 1088 2028 hanc
1109 1969 1440 2026 oblationem
1456 2005 1473 2032 ,
1501 1965 1617 2021 sive
1639 1979 1757 2018 eam
1783 1976 1904 2031 quae
1924 1975 1995 2048 ex

423 2046 746 2125 necessitate
766 2104 783 2131 ,
813 2064 926 2119 sive
950 2075 1071 2116 eam
1099 2073 1221 2128 qua:
1243 2063 1433 2128 sponte
1457 2054 1517 2110 fit
1533 2093 1549 2120 ,
1576 2051 1828 2124 proponit
1851 2046 1996 2105 Psal-

410 2159 584 2213 mista
617 2155 840 2211 dicens:
877 2149 1112 2205 Reddam
1146 2148 1240 2201 tibi
1267 2155 1385 2201 vota
1409 2160 1557 2211 mea,
1591 2156 1710 2214 qua:
1743 2140 1997 2194 distinxe-

372 2280 378 2292 ι
424 2258 545 2305 runt
584 2247 729 2302 labia
767 2260 905 2300 mea.
942 2241 1012 2296 Et
1033 2255 1152 2312 qua:
1176 2238 1412 2292 locutum
1440 2244 1514 2291 est
1550 2250 1607 2288 os
1630 2248 1804 2288 meum
1825 2232 1882 2285 in
1907 2230 1998 2284 tri-

425 2339 690 2395 bulatione
719 2351 855 2391 mea.
884 2333 953 2387 Et
980 2344 1169 2387 rursus
1193 2348 1208 2383 :
1245 2326 1557 2383 Voluntaria
1584 2326 1690 2380 oris
1719 2324 1820 2377 mei
1852 2322 2000 2377 bene-

425 2429 621 2505 placita
642 2426 749 2497 fac,
775 2424 996 2478 Domine
1019 2419 1191 2493 (Psal.
1214 2435 1317 2475 xcv
1333 2418 1373 2491 ).
1396 2418 1601 2473 Horum
1625 2416 1858 2487 primum
1879 2415 2000 2485 qui-

426 2520 548 2574 dem
577 2516 893 2588 praedictum
928 2520 1113 2568 votum
1146 2511 1263 2567 sive
1301 2509 1722 2573 confessionem,
1758 2507 1875 2562 sine
1906 2507 2001 2562 ali-

418 2624 536 2679 qua
583 2606 859 2663 dubietate
899 2601 1280 2670 intelligimus,
1316 2599 1635 2655 electionem
1670 2606 1852 2654 autem
1885 2597 2001 2654 sive

417 2712 785 2777 spontaneam
816 2698 1178 2763 oblationem,
1216 2695 1321 2750 hoc
1354 2694 1498 2765 quod
1528 2693 1766 2749 secundo
1787 2693 1907 2748 loco
1929 2691 2004 2747 di-

414 2805 575 2852 «ctum
605 2802 709 2850 est.
738 2789 967 2862 Oportet
1003 2795 1183 2843 autem
1217 2786 1333 2842 sive
1357 2792 1610 2856 operator
1634 2784 1873 2839 mandati
1898 2783 2001 2850 sit,

410 2888 522 2958 .qui
561 2884 723 2943 oll'ert
760 2881 1134 2938 holocaustum
1176 2876 1302 2949 (hic
1338 2883 1425 2931 est
1459 2875 1605 2931 enim
1638 2890 1709 2930 ex
1744 2874 2007 2929 amentis

418 2974 684 3045 oder-ens)
702 3015 718 3040 ,
744 2974 858 3030 sive
882 2969 1108 3041 simplex
1135 2967 1284 3039 (quia
1318 2966 1412 3021 hic
1431 2973 1608 3023 estex
1627 2964 1867 3037 ovibus),
1893 2964 2007 3019 sive

2083 800 2363 861 acceptum
2399 790 2470 844 ei.
2499 787 2756 859 Sequitur
2779 800 2946 856 ergo:

2152 882 2212 939 Si
2240 898 2432 937 ca’cum
2460 881 2648 951 fuerit,
2677 880 2722 934 si
2753 879 2975 950 fractum
2995 919 3009 944 ,
3032 879 3079 932 si
3104 876 3399 931 cicatricem
3421 877 3623 930 habens
3643 917 3662 941 ,

2082 977 2129 1030 si
2154 973 2376 1046 papulas
2405 982 2498 1027 aut
2525 970 2751 1026 scabiem
2779 969 2856 1025 vel
2883 969 3231 1040 impetiginem
3250 1009 3263 1034 ,
3294 984 3396 1022 non
3425 968 3665 1037 offeretis

2085 1083 2146 1120 ea
2175 1064 2425 1128 Domino,
2468 1079 2629 1135 neque
2656 1061 2930 1116 adolebitis
2960 1077 3025 1114 ex
3052 1060 3125 1114 eis
3159 1077 3317 1131 super
3342 1059 3513 1113 altare
3550 1059 3667 1112 Do-

2085 1159 2234 1213 mini.
2272 1157 2462 1212 Bovem
2498 1166 2546 1211 et
2606 1174 2782 1220 ovem,
2842 1172 2970 1210 aure
3006 1165 3054 1210 et
3116 1156 3290 1209 cauda
3335 1157 3668 1226 amputatis,

2086 1250 2382 1305 voluntarie
2420 1250 2611 1319 offerre
2643 1257 2852 1319 potest;
2889 1257 3061 1302 votum
3096 1256 3271 1301 autem
3306 1263 3371 1301 ex
3412 1249 3495 1300 his
3528 1246 3670 1301 solvi

2090 1355 2193 1392 non
2226 1346 2413 1409 potest.
2454 1336 2619 1391 Omne
2651 1335 2849 1389 animal
2878 1335 3017 1406 quod
3042 1334 3117 1389 vel
3145 1335 3412 1399 contritis,
3441 1334 3522 1388 vel
3546 1345 3675 1388 ton-

2088 1433 2193 1498 sis,
2235 1431 2311 1487 vel
2338 1432 2493 1486 sectis
2528 1430 2821 1501 ablatisque
2854 1429 3107 1485 testiculis
3140 1439 3250 1494 est,
3290 1446 3396 1484 non
3429 1431 3673 1499 o/feretis

2090 1522 2337 1588 Domino,
2377 1531 2424 1576 et
2458 1523 2514 1576 in
2549 1529 2690 1575 terra
2729 1531 2895 1575 vestra
2931 1522 3028 1574 hoc
3063 1522 3273 1574 omnino
3301 1538 3405 1574 non
3432 1519 3671 1589 facietis.

2094 1614 2171 1669 De
2204 1631 2363 1669 manu
2393 1613 2701 1684 alienigena:
2726 1630 2830 1667 non
2861 1613 3085 1682 oﬂ‘eretis
3116 1628 3274 1676 panes
3300 1610 3527 1665 Domino
3553 1611 3675 1666 Deo

2014 1693 2059 1751 Β
2088 1713 2287 1769 vestro,
2317 1713 2365 1758 et
2393 1703 2646 1776 quidquid
2677 1702 2826 1757 aliud
2853 1703 2981 1756 dare
3011 1701 3265 1757 voluerint
3284 1743 3299 1768 ,
3325 1703 3452 1773 quia
3482 1720 3676 1756 σοι-ηε

2092 1803 2182 1866 pta
2210 1804 2258 1849 et
2287 1792 2551 1848 maculata
2577 1802 2699 1848 sunt
2729 1793 2934 1857 omnia,
2966 1807 3069 1846 non
3097 1793 3387 1862 suseipietis
3425 1808 3511 1848 ea.
3540 1790 3679 1865 (Es

2095 1883 2336 1956 eodem.)
2367 1883 2527 1939 Aliud
2554 1884 2645 1939 hic
2671 1883 2886 1938 videtur
2919 1880 3198 1952 legislator
3234 1882 3460 1937 innuere
3499 1882 3676 1938 multa

2094 1975 2530 2032 consideratione
2557 1975 2797 2046 dignum.
2831 1973 2907 2028 De
2935 1973 3020 2028 his
3044 1973 3189 2027 enim
3220 1987 3339 2042 qua:
3367 1971 3679 2027 olferuntur

2093 2068 2289 2124 altario
2321 2083 2466 2123 nunc
2496 2067 2547 2123 ei
2579 2080 2758 2122 sermo
2792 2076 2896 2120 est.
2936 2064 3074 2119 Sunt
3112 2072 3294 2120 autem
3336 2064 3430 2135 qui
3473 2064 3680 2136 mysti-
3710 2089 3717 2095 -

2095 2172 2218 2214 cum
2249 2165 2304 2211 et
2334 2165 2642 2212 sanctorum
2674 2154 2907 2210 olIieium
2943 2154 3263 2209 sortiuntur.
3295 2153 3401 2211 Per
3430 2156 3685 2210 sanctio—

2097 2262 2220 2303 nem
2270 2261 2401 2317 ergo
2452 2245 2778 2300 anteriorem
2827 2244 3083 2299 mundam
3128 2258 3250 2301 esse
3292 2260 3325 2300 a
3372 2245 3685 2317 pollutione

2095 2336 2280 2408 pepuli
2314 2336 2643 2392 oblationem
2676 2335 3030 2407 praecipiens,
3066 2337 3211 2406 quod
3254 2337 3574 2393 necessario
3624 2337 3685 2393 in

2099 2423 2520 2494 uniuscujusque
2552 2424 2966 2486 conversatione
3003 2423 3329 2480 intellectum
3363 2437 3481 2490 est,
3530 2442 3687 2482 nunc

2100 2517 2408 2571 dinumerat
2437 2529 2573 2584 quos
2613 2528 2719 2568 non
2743 2521 2989 2583 oporteat
3013 2513 3210 2569 altario
3236 2512 3449 2570 oll‘erre.
3475 2514 3546 2570 Et
3570 2517 3690 2588 pri-

2102 2621 2251 2662 mum
2285 2605 2415 2660 dicit
2449 2619 2517 2659 ex
2549 2604 2663 2669 eis,
2709 2620 2924 2659 aecum.
2973 2604 3074 2671 Qui
3119 2588 3262 2660 enim
3312 2604 3690 2675 ignorantiam

2102 2698 2267 2754 habet
2297 2696 2425 2762 Dei,
2456 2695 2728 2766 quomodo
2761 2692 3094 2750 ministrabit
3123 2694 3279 2750 Deo?
3304 2693 3415 2749 Nec
3443 2694 3565 2765 ipse
3595 2694 3689 2750 di-

2105 2788 2366 2858 gnitatem
2406 2786 2584 2842 sciens
2617 2784 2736 2854 ejus
2769 2785 2837 2840 ad
2880 2785 3243 2841 ministerium
3289 2794 3542 2852 vocatur,
3583 2802 3695 2844 nec

2107 2875 2228 2931 aliis
2256 2875 2443 2931 valens
2475 2888 2785 2946 exponere:
2826 2874 2967 2931 unde
3000 2884 3056 2931 et
3091 2875 3366 2946 negligens
3400 2877 3551 2933 circa
3590 2892 3693 2933 eos

2108 2966 2246 3032 erit,
2299 2965 2547 3021 nesciens
2588 2965 2894 3021 divinorum
2945 2965 3141 3037 quibus
3189 2966 3463 3023 ministrat
3510 2969 3694 3024 virtu-

428 3081 498 3121 ex
538 3062 825 3135 pecoribus
859 3060 982 3132 (hic
1010 3065 1095 3114 est
1121 3056 1267 3112 enim
1304 3055 1372 3111 de
1411 3052 1622 3125 capris)
1643 3092 1659 3119 ,
1702 3052 2003 3108 masculum
2030 3055 2074 3116 C
2108 3055 2257 3109 tem?
2301 3052 2500 3121 Quales
2543 3060 2701 3109 erant
2732 3053 2952 3123 quidam
2986 3051 3324 3123 Iudaeorum,
3364 3056 3433 3112 de
3481 3057 3693 3129 quibus

432 3170 554 3210 esse
576 3152 720 3223 quod
745 3150 939 3205 offeret
957 3187 973 3214 ,
996 3148 1052 3202 id
1071 3154 1155 3202 est
1172 3186 1188 3212 ,
1209 3160 1333 3200 cum
1357 3151 1537 3200 mente
1558 3143 1704 3199 virili
1723 3152 1779 3198 et
1799 3143 1929 3198 forti
1951 3151 2009 3198 et

432 3241 643 3305 stabili,
671 3247 727 3295 et
752 3254 875 3294 cum
901 3236 1104 3291 valenti
1134 3234 1236 3289 fide
1260 3241 1425 3303 atque
1446 3232 1765 3289 inconcussa
1789 3232 1970 3288 oﬂ‘erri
1988 3273 2004 3299 ,

436 3341 498 3388 ut
518 3330 753 3387 offerens
789 3327 913 3382 talis
934 3326 1005 3381 sit
1028 3323 1206 3394 qualis
1228 3322 1319 3377 ille
1339 3336 1499 3391 quem
1524 3320 1776 3381 Salomon
1805 3321 1860 3376 in
1883 3320 2011 3376 Pro-

430 3419 635 3476 verbiis
676 3416 888 3472 dicebat
928 3428 944 3468 :
997 3412 1175 3466 Virum
1219 3409 1428 3480 ﬁdelem
1468 3409 1619 3464 labor
1662 3419 1741 3465 est
1782 3409 2009 3465 invenire

434 3508 634 3582 (Prov.
661 3505 790 3577 xx).
830 3505 977 3560 ldem
1002 3511 1115 3567 est,
1141 3510 1198 3556 et
1233 3500 1280 3556 si
1307 3498 1633 3555 sacrificium
1659 3498 2010 3570 pacificorum

436 3600 633 3658 offeret
672 3598 796 3668 quis
816 3637 832 3662 ,
869 3595 925 3651 id
958 3602 1077 3660 est,
1102 3608 1211 3649 non
1235 3592 1382 3647 illam
1406 3606 1527 3662 quae
1559 3591 1799 3663 perfecta
1835 3598 1920 3647 est
1953 3590 2011 3646 in

434 3688 775 3763 philosOphia
806 3686 996 3751 vitam,
1040 3683 1205 3740 veluti
1239 3697 1305 3738 ea
1337 3697 1459 3753 qua:
1494 3689 1580 3737 est
1616 3682 1670 3737 in
1708 3696 1815 3737 non
1842 3682 2012 3751 possi-

437 3780 616 3837 dendo
635 3820 650 3846 ,
680 3777 767 3833 vel
802 3776 858 3832 in
894 3773 1236 3844 virginitate,
1263 3771 1330 3827 de
1354 3771 1552 3842 quibus
1577 3770 1838 3825 Dominus
1874 3770 2013 3826 dice-

435 3869 566 3923 bat:
600 3864 725 3921 Non
747 3880 925 3919 omnes
965 3862 1181 3933 capiunt
1212 3859 1424 3915 verbum
1453 3859 1552 3914 hoc
1585 3858 1811 3931 (Matth.
1840 3857 1967 3929 xxx)
1996 3875 2009 3912 :

443 3958 541 4013 sed
569 3955 899 4011 mediocrem
926 3966 1047 4021 quae
1068 3950 1226 4006 nobis
1256 3956 1515 4021 procurat
1538 3950 1850 4006 omnimodo
1877 3949 2015 4006 salu-

439 4054 550 4101 tem
572 4083 589 4111 ,
618 4050 674 4099 et
710 4041 758 4097 si
793 4055 901 4096 non
935 4038 1248 4109 assequitur
1279 4052 1345 4093 ea
1379 4052 1500 4107 quas
1525 4038 1595 4093 ad
1630 4039 2013 4110 prophetarum

436 4148 496 4193 et
528 4133 897 4207 apostolorum
933 4144 1246 4187 mensuram
1283 4130 1510 4186 tendunt
1545 4148 1560 4184 :
1600 4129 1770 4186 Stella
1802 4131 1943 4185 enim
1979 4147 2013 4184 a

432 4228 588 4286 stella
611 4225 868 4296 differtis
887 4222 1145 4287 claritate,
1161 4222 1455 4278 secundum
1478 4223 1622 4292 quod
1645 4221 1842 4278 Paulus
1863 4222 2013 4279 dice-

2106 3146 2252 3201 Deus
2280 3145 2420 3215 apud
2449 3145 2643 3200 Isaiam
2675 3145 2888 3201 dicebat
2917 3163 2930 3200 :
2968 3144 3179 3213 Videte,
3218 3147 3469 3219 quoniam
3504 3166 3695 3206 omnes

2107 3237 2433 3301 nescierunt,
2470 3236 2697 3291 universi
2732 3252 2885 3291 canes
2920 3238 3053 3291 muti
3090 3254 3195 3292 non
3229 3238 3455 3294 valentes
3485 3239 3695 3298 latrare

2107 3328 2262 3402 (Isa.
2294 3345 2381 3383 LvI
2405 3328 2444 3401 ).
2474 3328 2814 3399 Confractum
2844 3328 2921 3384 vel
2949 3331 3230 3385 contritum
3249 3371 3264 3398 ,
3294 3333 3539 3388 secundo
3570 3333 3696 3390 loco

2107 3419 2303 3489 posuit.
2335 3416 2498 3487 Cujus
2526 3418 2671 3472 enim
2699 3433 2890 3473 manus
2921 3426 3013 3473 aut
3040 3421 3233 3489 pedes,
3262 3421 3510 3478 actiones
3538 3423 3697 3481 vide-

2108 3507 2236 3564 licet
2262 3517 2319 3564 et
2346 3508 2413 3563 ad
2446 3509 2617 3564 Deum
2648 3508 3151 3567 itinerarconfracta
3186 3512 3494 3568 contritave
3529 3523 3690 3576 sunt.

2108 3612 2211 3654 nec
2257 3598 2347 3654 hic
2397 3598 2613 3668 quidem
2658 3598 2817 3654 altari
2857 3599 3167 3654 ministrare
3210 3599 3404 3670 dignus
3443 3609 3566 3668 est,
3603 3603 3694 3657 cui

2114 3689 2370 3746 convenit
2402 3688 2530 3744 illud
2550 3729 2565 3756 ,
2595 3690 2738 3760 quod
2773 3688 3061 3745 Psalmista
3089 3690 3167 3745 ait
3194 3707 3208 3744 :
3239 3688 3502 3745 Contritio
3531 3702 3584 3747 et
3611 3694 3696 3747 in-

2113 3783 2339 3854 felicitas
2366 3783 2421 3837 in
2447 3782 2542 3837 viis
2569 3798 2748 3835 eorum
2777 3780 2970 3855 (Psal.
2998 3780 3158 3856 xm).
3193 3780 3302 3838 Sed
3329 3792 3431 3839 nec
3460 3784 3556 3854 qui
3582 3783 3692 3839 lin-

2111 3889 2271 3946 guam
2297 3874 2557 3940 incisam,
2583 3873 2876 3929 secundum
2902 3871 3473 3945 Septuaginta,habet,
3507 3875 3560 3930 id
3585 3888 3693 3940 est,

2111 3964 2157 4019 si
2186 3964 2308 4034 quis
2334 3977 2430 4034 per
2458 3962 2732 4019 sordidam
2765 3965 2928 4019 vitam
2962 3964 3216 4022 fiduciam
3247 3967 3477 4023 docendi
3511 3970 3699 4038 perdi-

2113 4056 2211 4112 dit.
2265 4054 2364 4110 Cui
2410 4055 2488 4109 ait
2534 4050 2745 4111 David:
2780 4054 3055 4113 Peccatori
3104 4067 3280 4112 autem
3322 4059 3458 4113 dixit
3504 4058 3696 4114 Deus:

2116 4145 2294 4212 Quare
2321 4154 2378 4199 tu
2408 4162 2627 4200 enarras
2648 4146 2890 4216 justitias
2919 4162 3062 4202 meas
3094 4145 3279 4220 (Psal.
3310 4163 3477 4203 XLVIII
3580 4146 3699 4202 Pa—

2114 4236 2267 4309 pulas
2297 4238 2501 4294 habens
2528 4238 2612 4294 vel
2638 4239 2866 4294 scabiem
2893 4239 3168 4295 detractor
3197 4239 3536 4310 intelligitur,
3569 4241 3700 4311 quia

435 4323 529 4378 hat
554 4320 618 4393 (1
640 4319 762 4375 Cor.
793 4317 894 4388 sv)
916 4357 933 4381 ,
978 4316 1073 4371 sed
1110 4324 1168 4371 et
1210 4315 1298 4370 hic
1337 4314 1639 4401 masculum
1674 4330 1896 4370 necesse
1934 4324 2002 4369 esl

2106 4322 2384 4398 pessimus
2416 4329 2532 4398 ejus
2560 4330 2814 4395 morbus,
2842 4339 2898 4386 et
2927 4331 3288 4399 asperrimum
3317 4340 3404 4387 est
3429 4330 3549 4401 ejus
3582 4332 3703 4385 vui-

436 4389 631 4466 offerat
668 4404 1096 4462 immaculatum
1136 4401 1343 4493 5398‘
1368 4401 1462 4456 ίὶιίί
1484 4396 1683 4467 Erae],
1714 4412 1769 4457 θῑ
1788 4404 2013 4493 ναάνβηω
2039 4389 2092 4449 Ῑ)
2117 4389 2238 4474 nus.
2274 4389 2602 4474 Nullo-enim
2632 4389 3007 4475 medicamine-
3021 4416 3181 4475 facile
3221 4428 3400 4492 potest
3432 4389 3700 4493 mitigari.

355 4512 357 4514 ‘
438 4496 726 4561 videlicet,
752 4502 809 4549 et
832 4492 925 4561 qui
949 4507 1094 4546 nunc
1115 4491 1183 4546 ad
1206 4490 1367 4546 fidem
1390 4499 1685 4556 venerunt,
1714 4492 2015 4561 adiectique

448 4596 579 4643 sunt
610 4585 767 4641 nobis
790 4600 857 4639 ex
884 4596 1074 4637 errore
1098 4581 1352 4636 exteriori
1370 4622 1383 4646 ,
1412 4582 1660 4637 similiter
1686 4582 2010 4636 custodiant.

434 4680 517 4734 Es
548 4690 656 4746 quo
679 4674 824 4730 enim
849 4672 1044 4741 aliquis
1066 4672 1231 4726 vitam
1255 4672 1566 4740 promiserit
1585 4672 1693 4725 Deo
1718 4670 2014 4739 perfectam

431 4776 501 4822 ,α
526 4773 997 4829 consummatam,
1039 4778 1146 4817 non
1177 4762 1289 4832 jam
1315 4762 1678 4832 praetendere,
1705 4762 1847 4829 quod
1887 4770 2016 4815 tem-

437 4873 550 4931 pus
577 4855 806 4911 multum
834 4855 890 4908 in
916 4868 1103 4909 errore
1130 4853 1291 4909 fuerit
1322 4855 1549 4923 poterit,
1578 4855 1705 4924 quia
1744 4869 1843 4910 nec
1878 4864 2017 4911 tem-

434 4945 776 5018 porevirtus
800 4951 923 5013 eget
945 4951 1007 4997 ut
1032 4944 1294 5009 discatur,
1323 4959 1446 4998 mox
1471 4944 1615 4998 enim
1653 4954 1712 4998 ut
1742 4960 1860 4999 eam
1898 4945 2023 5001 affe-

438 5034 815 5099 rctaverimus,
860 5041 916 5089 et
956 5033 1408 5104 quemadmodum
1455 5042 1675 5088 utamur
1717 5035 2016 5103 discimus;

442 5134 822 5186 verumtamen
858 5133 915 5181 et
949 5139 1107 5182 ovem
1129 5123 1438 5179 seusihilem
1463 5125 1508 5179 si
1535 5123 1732 5180 oll‘eras
1757 5127 1867 5182 Deo
1884 5168 1898 5193 ,
1927 5137 2020 5182 aut

434 5225 635 5280 bovem
653 5260 667 5285 ,
690 5231 1023 5289 autcapram
1041 5258 1056 5283 ,
1081 5226 1172 5272 aut
1196 5218 1398 5288 aliquid
1424 5218 1727 5288 hujusmodi
1748 5264 1761 5289 ,
1786 5233 1841 5277 ut
1868 5224 2017 5279 verbi

442 5316 620 5382 gratia
641 5354 655 5378 ,
682 5311 1057 5368 sacerdotibus
1084 5311 1344 5381 primitiae
1379 5313 1591 5381 dentur,
1622 5324 1713 5370 aut
1742 5326 1801 5371 ut
1826 5334 2019 5389 paupe-

434 5423 535 5463 res
557 5422 714 5461 exeo
738 5410 1051 5475 pasamtur,
1078 5413 1171 5458 aut
1194 5407 1394 5461 sanctis
1421 5407 1636 5478 aliquod
1659 5411 2018 5468 ministerium

449 5497 574 5563 ﬁat,
602 5506 696 5551 aut
718 5497 887 5552 divini
914 5495 1095 5567 templi
1132 5502 1491 5567 constructio,
1522 5502 1604 5558 vel
1634 5504 1847 5575 aliquod
1874 5506 2021 5562 aliud

449 5602 584 5670 opus
616 5588 759 5658 quod
798 5588 864 5644 ad
900 5588 1074 5660 ipsum
1116 5589 1350 5660 pertinet
1388 5593 1596 5650 Deum:
1639 5604 1696 5651 et
1734 5605 2022 5667 propterea

2122 4510 2481 4582 Impetiginem
2510 4512 2748 4574 habens,
2785 4512 3085 4569 fornicator
3117 4523 3237 4580 est;
3275 4514 3514 4570 maculat
3549 4515 3703 4570 enim

2119 4617 2276 4656 suum
2322 4618 2550 4674 corpus,
2594 4612 2820 4674 propter
2859 4604 3001 4673 quod
3044 4604 3244 4659 Paulus
3288 4604 3542 4659 dicebat:
3595 4603 3705 4671 Qui

2118 4701 2292 4745 autem
2332 4694 2647 4763 fornicatur,
2684 4694 2737 4746 in
2769 4710 2955 4763 corpus
2984 4710 3138 4748 suum
3167 4703 3343 4764 peccat
3367 4693 3417 4763 (1
3441 4692 3566 4746 Cor.
3598 4676 3703 4763 vi).

2194 4782 2408 4839 Nullum
2442 4801 2570 4855 ergo
2606 4787 2800 4839 horum
2835 4786 3081 4857 deputari
3117 4785 3183 4841 ad
3216 4785 3581 4841 ministerium
3619 4787 3707 4839 al-

2126 4874 2287 4940 taris,
2326 4876 2548 4945 spiritus
2585 4875 2914 4946 legislatoris
2952 4877 3114 4943 vult;
3144 4885 3199 4932 et
3243 4886 3529 4947 propterea
3577 4878 3657 4932 ait
3690 4896 3707 4932 :

2088 5020 2093 5023 .
2126 4966 2250 5021 Non
2286 4967 2514 5037 o/feretis
2549 4983 2609 5021 ea
2646 4967 2895 5035 Domino,
2931 4986 3021 5024 nec
3049 4969 3323 5024 adolebitz's
3351 4985 3417 5023 ea:
3442 4970 3519 5023 eis
3546 4986 3711 5040 super

2124 5058 2292 5113 altare
2343 5059 2571 5114 Domini.
2624 5059 2752 5116 Sive
2786 5062 3081 5117 secundum
3128 5061 3525 5132 Septuaginta:
3578 5060 3711 5116 Non

2123 5150 2340 5219 offerent
2370 5150 2480 5204 hate
2510 5149 2757 5216 Domino,
2789 5161 2836 5206 et
2868 5168 2971 5206 non
2999 5151 3213 5206 dabitur
3238 5151 3304 5205 de
3330 5153 3405 5207 eis
3433 5167 3597 5221 super
3626 5151 3715 5204 al-

2126 5246 2238 5291 tare
2280 5236 2528 5293 Domino.
2578 5238 2918 5295 Sacrificium
2964 5248 3143 5295 autem
3193 5240 3547 5311 pacificorum
3596 5256 3712 5297 non

2127 5328 2310 5394 addit,
2346 5331 2801 5399 quemadmodqu
2835 5333 3115 5404 superius,
3153 5342 3213 5387 ut
3259 5333 3577 5389 omnimodo
3624 5334 3715 5389 in-

2130 5420 2345 5492 telligas
2394 5422 2460 5477 de
2510 5423 2594 5478 bis
2642 5425 2734 5494 qui
2777 5425 3054 5497 mysteriis
3103 5426 3419 5481 ministrant
3459 5426 3594 5481 diei.
3644 5426 3718 5482 Hi

2128 5512 2295 5567 etiam
2334 5512 2707 5570 holocaustum
2745 5532 2867 5573 esse
2897 5532 3032 5587 opus
3067 5517 3301 5585 habent,
3332 5519 3499 5574 vitam
3530 5519 3725 5591 perfe-

2130 5612 2276 5659 ctam
2304 5612 2357 5660 et
2383 5615 2813 5664 consummatam
2841 5620 3084 5681 agentes.
3118 5610 3257 5677 Quid
3287 5619 3472 5666 autem
3503 5597 3593 5667 his
3625 5612 3729 5668 ad-
