3918 6180
281 336 381 395 ‘91

1176 326 1677 387 EXPOSITIONES
1714 329 1782 385 IN
1820 326 2213 389 LEVITICUM.
2250 362 2320 371 —
2354 329 2483 387 LIB.
2525 330 2611 387 Vl.

3421 332 3536 394 I98

276 450 415 509 didit
443 465 457 503 :
489 445 681 502 Bovem
741 453 790 499 et
843 459 1018 509 ovem,
1047 458 1176 498 aure
1212 451 1260 496 et
1309 441 1479 495 cauda
1530 441 1846 510 amputatis,
1878 440 1927 501 Α
1951 448 2077 496 est:
2112 439 2312 512 Scripsi
2351 442 2490 496 vobis
2517 441 2573 495 in
2599 439 2820 512 epistola
2860 457 2878 495 :
2912 441 3034 497 Non
3061 443 3386 499 commisceri
3410 446 3529 515 for-

275 539 571 599 voluntarie
608 536 797 608 offerre
828 543 1024 607 potest,
1066 542 1251 618 votum.
1274 540 1445 586 autent
1485 547 1550 585 ea:
1595 530 1675 585 his
1724 529 1855 584 solvi

277 649 383 688 non
411 639 599 703 potest.
629 627 795 684 Omne
822 625 1054 692 animal,
1084 625 1223 698 quod
1247 622 1323 679 vel
1354 623 1610 689 contritis,
1641 624 1717 676 vel
1745 630 1857 675 ton-

276 723 388 787 sis,
423 720 503 776 vel
536 719 688 774 sectis
716 716 1005 787 ablatisque
1040 713 1292 769 testiculis
1336 721 1449 779 est,
1483 728 1587 766 non
1629 711 1857 781 oﬂ'eretis

276 811 526 866 Domino.
574 807 867 878 Disciplina
910 821 1037 877 ergo
1077 805 1277 869 multa,
1342 813 1397 859 et
1455 817 1576 873 quae
1634 801 1859 857 decebat

277 900 651 972 legislatorem
689 898 758 952 ad
794 896 957 967 hujus
988 897 1391 953 distinctionem
1428 893 1695 949 sermonis
1727 908 1858 948 usus

278 1005 398 1060 est,
452 1009 615 1064 quam
665 999 722 1047 et
770 992 826 1047 in
880 992 1249 1063 superioribus
1302 989 1562 1045 custodiri
1618 996 1854 1059 oportet.

278 1083 482 1137 Aurem
518 1090 699 1135 autem
737 1088 1069 1151 amputatam
1105 1079 1294 1145 habet,
1345 1079 1437 1148 qui
1483 1077 1859 1133 inobedientize

280 1171 473 1226 morbo
507 1170 761 1241 languet,
797 1170 888 1240 qui
922 1169 1348 1224 detractionibus
1382 1168 1611 1239 gaudet,
1641 1168 1732 1237 qui
1767 1169 1860 1223 de-

280 1262 517 1317 lectatur
566 1261 813 1331 turpibus
864 1261 1134 1316 auditibus
1164 1301 1179 1325 ,
1235 1262 1326 1331 qui
1374 1262 1544 1316 bonos
1583 1275 1861 1316 sermones

280 1362 586 1407 aversatur.
624 1352 859 1408 Caudam
905 1361 1236 1423 amputatam
1280 1354 1469 1417 habet,
1516 1354 1607 1423 qui
1648 1353 1715 1409 de
1764 1368 1862 1408 no-

280 1444 520 1499 vissimis
560 1459 666 1498 non
701 1445 936 1515 cogitat,
976 1446 1101 1515 quia
1137 1445 1307 1500 cauda
1340 1453 1424 1500 est
1457 1454 1699 1501 extrema
1736 1460 1862 1514 pars

281 1532 548 1603 corporis.
613 1531 752 1586 Sunt
803 1547 931 1603 ergo
984 1532 1201 1603 proprie
1249 1533 1475 1587 caudam
1527 1540 1861 1602 amputatam

282 1624 576 1688 habentes,
613 1622 705 1692 qui
742 1638 806 1677 ea
844 1637 966 1692 quae
1003 1631 1129 1678 sunt
1162 1623 1456 1677 novissima
1480 1664 1494 1688 ,
1537 1623 1746 1693 abjecta
1798 1636 1867 1677 ac

282 1714 408 1768 vilia
446 1722 503 1768 et
534 1714 757 1768 minima
792 1714 1072 1785 pendunt;
1124 1715 1215 1784 qui
1252 1714 1383 1769 nihil
1420 1715 1637 1769 sibimet
1682 1714 1735 1769 in
1780 1714 1865 1768 fu-

1963 530 2178 585 nicariis
2213 546 2237 584 :
2278 548 2382 585 non
2423 532 2600 601 utique
2643 531 2944 601 fornicariis
2984 534 3168 587 mundi
3203 535 3392 604 hujus,
3437 548 3531 592 aut

1958 620 2166 686 avaris,
2212 631 2305 675 aut
2352 622 2663 692 rapacibus,
2704 632 2794 677 aut
2836 623 2995 679 idolis
3027 625 3398 693 servientibus,
3437 628 3533 682 de-

1958 708 2187 765 bueratis
2235 712 2372 765 enim
2420 727 2485 766 es:
2531 712 2628 767 hoc
2666 713 2864 768 mundo
2911 715 3099 768 exisse.
3157 713 3316 769 Nunc
3357 726 3532 771 autem

1957 801 2144 872 scripsi
2177 803 2318 857 vobis
2362 804 2417 857 in
2451 803 2710 873 epistola:
2755 805 2877 859 Non
2914 807 3258 861 commisceri.
3292 806 3371 885 ‘Si
3417 810 3534 880 quis

1960 889 2129 959 frater
2162 892 2467 946 nominatur
2498 903 2592 948 aut
2630 894 2919 963 fornicator
2950 905 3024 950 est
3051 937 3066 963 ,
3108 906 3200 950 aut
3233 897 3389 951 idolis
3422 915 3532 952 ser-

1961 983 2134 1047 viens,
2174 991 2266 1035 aut
2301 1000 2525 1046 avarus,
2564 995 2655 1039 aut
2691 986 2972 1053 detractor,
3013 996 3105 1040 aut
3137 989 3404 1053 ebriosus,
3443 999 3535 1041 aut

1962 1088 2159 1142 rapax,
2192 1091 2313 1128 cum
2342 1076 2647 1145 ltujusmodi
2677 1094 2768 1132 nec
2795 1079 2966 1132 cibum
2996 1096 3200 1134 sumere
3223 1080 3276 1151 (1
3305 1081 3425 1134 Cor.
3453 1080 3531 1152 v).

1961 1159 2184 1217 Fratres
2217 1164 2503 1218 nominans
2537 1164 2646 1220 illic
2683 1180 2778 1221 eos
2813 1168 2906 1235 qui
2956 1167 3154 1224 altario
3188 1169 3533 1233 ministrant,

1961 1249 2086 1318 quia
2120 1251 2356 1307 maxime
2389 1267 2486 1308 eos
2510 1253 2603 1322 qui
2634 1254 2895 1310 doctrinm
2925 1256 3106 1311 sortiti
3137 1265 3265 1311 sunt
3292 1256 3527 1327 dignita-
3554 1261 3557 1264 ‘

1963 1350 2072 1396 tem
2093 1382 2107 1408 ,
2141 1351 2196 1397 et
2223 1343 2423 1412 quibus
2451 1358 2685 1414 praeesse
2713 1345 2926 1415 populis
2954 1347 3220 1402 creditum
3252 1355 3352 1401 est.

2034 1431 2102 1487 Hi
2144 1434 2291 1488 enim
2320 1435 2516 1504 siquid
2558 1435 2664 1490 tale
2707 1436 3024 1503 habuerint,
3070 1437 3247 1493 modis
3286 1439 3536 1495 omnibus
3582 1482 3599 1497 ι

1962 1530 2179 1593 oportet
2215 1523 2531 1579 societatem
2569 1539 2758 1581 eorum
2788 1528 3064 1593 aversari,
3095 1529 3224 1597 quia
3253 1543 3416 1599 super
3444 1545 3539 1599 po-

1963 1617 2146 1687 pulum
2185 1618 2461 1673 abundare
2502 1618 2793 1674 virtutibus
2829 1619 2886 1674 hi
2927 1620 3017 1689 qui
3046 1629 3287 1690 praesunt
3314 1636 3540 1676 necesse

1969 1706 2198 1772 habent,
2226 1718 2282 1762 et
2307 1708 2407 1778 ipsi
2436 1709 2669 1764 maxime
2693 1723 2814 1765 esse
2841 1711 2958 1765 sine
2983 1711 3213 1765 macula.
3244 1709 3377 1765 Nam
3405 1728 3539 1782 quo-

283 1805 421 1860 turis
466 1803 678 1859 saeculis
712 1804 1111 1870 thesaurizant,
1148 1805 1238 1874 qui
1277 1804 1475 1859 futuris
1519 1820 1625 1859 non
1675 1804 1858 1874 provi—
1889 1787 1938 1846 Β
1967 1796 2125 1851 mOdO
2163 1796 2299 1851 διίθε
2338 1798 2633 1853 emundare
2672 1814 2703 1853 3
2740 1799 3124 1869 POllulionibus
3164 1802 3433 1870 Possm“?
3463 1802 3538 1856 De

292 1899 443 1964 lent,
494 1898 586 1968 qui
638 1898 866 1953 dicunt:
924 1897 1309 1952 Manducemus
1342 1907 1390 1951 et
1426 1897 1695 1964 bibamus,
1745 1913 1865 1951 cras

282 1989 420 2042 enim
465 1988 754 2057 moriemur
785 1986 938 2059 (Isa.
967 1986 1139 2059 xm).
1172 1987 1436 2043 Contritis
1474 1987 1739 2042 testiculis
1780 1995 1866 2042 est

282 2078 378 2147 qui
421 2076 682 2147 paulatim
732 2085 1011 2132 crescente
1060 2076 1271 2130 malitia
1316 2077 1551 2131 conterit
1600 2091 1752 2131 suam
1808 2076 1861 2129 in

286 2169 580 2224 virtutibus
629 2169 869 2239 prolem,
925 2177 981 2223 et
1032 2169 1185 2239 signa
1235 2183 1334 2239 per
1382 2183 1503 2238 qum
1555 2167 1642 2222 vir
1692 2166 1867 2236 possit

284 2260 538 2331 agnosci,
568 2260 660 2329 qui
703 2267 757 2313 et
797 2267 947 2315 recte
987 2260 1331 2329 reprobatur,
1375 2258 1500 2327 quia
1543 2257 1865 2326 sibimetipsi

285 2350 341 2405 in
388 2349 588 2404 talibus
628 2350 834 2404 nocuit.
864 2349 1059 2404 Tousis
1104 2349 1369 2404 testiculis
1408 2356 1520 2415 est,
1563 2348 1655 2419 qui
1702 2347 1865 2403 illatis

285 2440 392 2497 sibi
450 2440 845 2495 tentationibus
902 2439 1450 2510 tribulationibusque
1505 2439 1699 2504 cessit,
1748 2438 1865 2493 ani-

285 2546 499 2601 mmque
531 2545 643 2585 suae
676 2528 1048 2584 fortitudinem
1086 2529 1323 2599 perdidit
1356 2527 1482 2601 [AL
1504 2571 1521 2597 ,
1557 2527 1861 2600 prodidit].

285 2622 403 2678 Non
437 2623 583 2678 enim
619 2630 834 2692 oportet
869 2622 973 2677 hoc
1008 2622 1215 2693 perpeti
1235 2663 1250 2688 ,
1282 2636 1381 2678 nec
1416 2622 1638 2676 omnino
1670 2620 1865 2676 cedere

287 2712 590 2768 imminenti
627 2711 768 2766 hosti
809 2720 971 2781 atque
1014 2711 1291 2783 allligenti.
1332 2710 1511 2767 Sectis
1560 2711 1867 2782 ablatisque

286 2802 549 2859 testiculis
578 2810 696 2868 est,
726 2802 817 2872 qui
847 2818 952 2856 una
1001 2803 1213 2857 actione
1248 2818 1415 2873 prava
1463 2803 1732 2873 nimisque
1768 2803 1867 2856 im-

281 2899 407 2965 pia,
443 2903 501 2951 et
532 2902 711 2949 stante
747 2894 891 2948 sicut
924 2893 1158 2948 cultrum
1188 2901 1244 2949 et
1268 2892 1569 2959 auferente,
1607 2894 1868 2963 quemad-

285 2984 507 3039 modum
536 2982 698 3037 nimis
723 2981 887 3038 effera
915 2991 971 3037 et
996 2983 1256 3053 direptrix
1283 2998 1495 3048 manus,
1518 2983 1864 3053 semetipsum

287 3073 606 3138 abscidens,
655 3079 711 3128 et
761 3071 1013 3128 auferens
1060 3087 1092 3127 a
1141 3071 1523 3143 conjunctione
1570 3073 1702 3139 Dei,
1746 3087 1867 3143 quae

1965 1885 2161 1955 quibus
2187 1886 2353 1941 etiam
2384 1888 2499 1942 haec
2526 1887 2802 1958 legislator
2829 1892 3107 1960 prmcepit.

2032 1977 2103 2031 Et
2128 1979 2184 2033 in
2210 1987 2350 2033 terra
2378 1988 2550 2034 vestra
2590 1980 2689 2035 hoc
2731 1983 2941 2037 omnino
2975 2001 3079 2037 non
3121 1983 3361 2054 faciatis,
3393 1995 3441 2040 et
3469 1986 3535 2040 de

1962 2085 2124 2124 manu
2169 2068 2476 2141 alienigene
2521 2088 2626 2127 non
2671 2073 2906 2143 offeratis
2954 2092 3115 2145 panes
3150 2075 3377 2130 Domino
3424 2077 3535 2131 Deo

1963 2172 2155 2231 vestro,
2177 2173 2227 2218 et
2250 2164 2505 2236 quidquid
2531 2164 2679 2219 aliud
2706 2166 2835 2221 dare
2857 2166 3111 2230 voluerint
3137 2169 3262 2238 quia
3288 2178 3535 2239 corrupta

1963 2263 2013 2309 et
2040 2254 2307 2309 maculata
2331 2265 2453 2310 sunt
2479 2258 2656 2311 omnia
2682 2273 2787 2311 non
2825 2257 3126 2328 suscipiatis
3169 2275 3251 2312 ea.
3293 2257 3404 2314 Nec
3439 2274 3538 2315 nos

1965 2360 2094 2417 ergo
2136 2345 2191 2400 in
2222 2353 2370 2402 terra
2407 2354 2594 2402 nostra
2623 2348 2944 2417 quibusdam
2977 2347 3167 2403 talium
3201 2348 3537 2404 macularum

1966 2440 2202 2496 studium
2241 2440 2451 2496 demus.
2490 2440 2589 2495 Est
2623 2448 2802 2495 autem
2841 2448 2988 2496 terra
3028 2448 3211 2496 nostra
3238 2440 3379 2495 bona
3413 2455 3542 2497 eon-

1966 2531 2204 2586 versatio
2222 2572 2236 2597 ,
2268 2545 2390 2601 qua:
2428 2538 2695 2602 praecepta
2721 2539 2806 2586 est
2831 2546 2932 2601 per
2960 2530 3171 2587 divinas
3206 2529 3541 2601 Scripturas,

1966 2636 2131 2691 quam
2158 2637 2189 2675 a
2216 2622 2327 2676 Deo
2350 2620 2527 2676 colere
2549 2622 2909 2692 percepimus.
2938 2620 3045 2678 Sed
3071 2636 3174 2678 nec
3198 2620 3531 2693 alienigenae,

1967 2710 2220 2765 videlicet
2240 2712 2332 2781 qui
2362 2710 2554 2767 doctus
2587 2719 2672 2767 est
2701 2720 2757 2767 et
2795 2710 3033 2780 adjectus
3065 2719 3151 2767 est
3175 2711 3379 2768 detbris
3406 2714 3536 2769 talia

1968 2799 2107 2853 dona
2120 2799 2383 2855 otl'erente
2405 2801 2568 2855 medii
2592 2802 2782 2867 simus,
2809 2802 2934 2870 quia
2960 2803 3236 2871 corruptio
3254 2803 3312 2857 in
3330 2802 3411 2858 eis
3434 2812 3541 2868 est,

1968 2904 2067 2944 nos
2095 2899 2275 2944 autem
2303 2890 2413 2944 Deo
2448 2891 2761 2961 incorrupto
2802 2892 3098 2957 servimus;
3132 2893 3399 2947 maculam
3443 2894 3542 2948 ha-

1966 2983 2115 3050 bent,
2146 2999 2247 3039 nos
2268 2992 2447 3039 autem
2472 2985 2524 3038 in
2555 2984 2793 3041 Ecclesia
2813 2986 3206 3051 ministramus,
3223 2986 3313 3041 cui
3336 2984 3541 3041 dictum

1968 3081 2055 3129 εει
2080 3073 2149 3127 ab
2176 3071 2386 3143 Sponso
2412 3091 2425 3126 :
2460 3072 2589 3128 Tota
2611 3074 2830 3144 pulchra
2848 3092 2924 3141 es,
2950 3077 3192 3146 proxima
3206 3092 3344 3141 mea,
3362 3084 3411 3131 et
3437 3092 3548 3130 ma-

284 3178 370 3224 cst
403 3169 457 3223 in
497 3167 820 3233 virtutibus,
858 3167 1155 3222 secundum
1195 3165 1340 3236 quod
1380 3165 1617 3221 diximus
1636 3206 1652 3231 ,
1679 3165 1862 3236 priva-
1893 3154 1939 3219 C
1969 3167 2088 3222 cula
2117 3183 2222 3222 non
2248 3176 2322 3222 est
2349 3168 2407 3221 in
2428 3177 2477 3222 te
2505 3167 2681 3239 (Cant.
2709 3146 2803 3241 iv).
2849 3169 2916 3223 Et
2945 3169 3013 3223 de
3032 3185 3139 3241 qua
3169 3170 3368 3225 Paulus
3393 3170 3541 3226 dice-

288 3269 376 3317 tus
412 3260 565 3330 prole
584 3301 599 3324 ,
630 3268 685 3315 et
721 3260 766 3314 si
796 3258 920 3331 quis
948 3258 1121 3313 virilis
1148 3257 1476 3328 cognitionis
1505 3256 1865 3327 quorumdam

286 3354 405 3424 ipse
450 3366 510 3408 se
549 3351 795 3422 subjecit.
843 3350 999 3406 Alter
1045 3356 1130 3404 est
1176 3348 1447 3419 siquidem
1482 3348 1574 3419 qui
1602 3347 1865 3417 paulatim

285 3442 618 3505 conteritur,
665 3448 722 3495 et
764 3440 901 3495 alter
938 3440 1030 3509 qui
1081 3439 1261 3495 subito
1306 3437 1655 3508 semetipsum
1706 3445 1870 3508 atque

286 3550 399 3589 una
430 3533 572 3588 mala
603 3532 816 3588 actione
841 3531 994 3602 prole
1033 3530 1296 3586 virtutum
1339 3530 1560 3601 privat;
1608 3529 1870 3598 quemad-

285 3622 509 3676 modum
558 3620 744 3676 Simon
786 3619 1032 3690 pecuniis
1080 3634 1262 3675 emere
1303 3619 1503 3674 donum
1546 3618 1641 3673 Dei
1680 3618 1873 3673 existi-

287 3727 477 3776 mans,
520 3719 576 3765 et
610 3709 833 3766 effectus
866 3725 898 3764 a
935 3718 1084 3765 sorte
1124 3708 1242 3779 ejus
1283 3709 1512 3765 alienus.
1561 3709 1670 3764 Sed
1704 3724 1868 3763 unam

286 3802 480 3857 harum
525 3800 857 3857 macularum
896 3800 1164 3871 quispiam
1194 3799 1278 3854 vel
1306 3815 1451 3854 nunc
1478 3800 1754 3854 dictarum
1788 3799 1872 3854 vel

285 3908 412 3963 qua:
432 3892 645 3962 pridem
671 3892 1135 3948 dinumeravimus
1159 3891 1389 3956 habens,
1417 3892 1561 3947 haud
1587 3890 1871 3945 mandato-

285 3999 410 4037 rum
438 3990 526 4038 est
544 3991 795 4053 operator
821 3999 835 4037 :
864 3991 920 4037 et
949 3991 1235 4053 propterea
1263 3982 1464 4037 vitulus
1483 4023 1499 4049 ,
1531 3989 1593 4036 ut
1641 3981 1870 4051 simplex

285 4083 343 4129 et
379 4073 500 4129 ovis
529 4088 597 4129 ex
624 4075 725 4128 hoc
755 4073 1073 4143 appellatur,
1116 4072 1409 4128 secundum
1454 4072 1598 4142 quod
1643 4071 1873 4142 Septua-

284 4163 439 4235 ginta
467 4162 664 4227 edunt,
686 4176 787 4231 pro
812 4175 878 4215 eo
902 4161 1045 4230 quod
1069 4168 1255 4216 nostra
1285 4159 1569 4216 translatio
1592 4160 1758 4214 habet
1782 4175 1874 4213 vo-

282 4252 522 4307 luntarie
545 4251 730 4320 offerre
751 4259 940 4321 potest.
966 4248 1191 4305 Occides
1214 4264 1279 4304 ca
1306 4249 1621 4319 tibimetipsi
1643 4289 1657 4315 ,
1678 4256 1738 4302 ut
1765 4263 1872 4302 non

284 4340 606 4398 omnimodo
634 4339 752 4395 illos
777 4354 1112 4406 averscmur,
1146 4353 1247 4394 nec
1276 4338 1334 4393 in
1366 4346 1521 4408 parte
1549 4338 1756 4393 inimici
1784 4339 1877 4393 de-

282 4440 578 4502 putemus,
623 4429 718 4484 sed
758 4430 1048 4484 doceamus
1077 4444 1173 4485 eos
1201 4437 1257 4484 et
1286 4429 1679 4485 exhortemur:
1713 4429 1874 4484 Nun-

1967 3257 2094 3312 bat:
2117 3255 2186 3311 Ut
2207 3257 2467 3312 exhiberet
2478 3258 2578 3312 sibi
2598 3256 2879 3328 gloriosam
2908 3257 3196 3331 Ecclesium
3219 3276 3322 3315 non
3346 3260 3545 3315 haben-

1969 3359 2071 3403 tem
2115 3349 2377 3405 maculam
2427 3361 2518 3405 aut
2569 3367 2791 3422 rugam,
2842 3360 2934 3407 aut
2987 3352 3188 3424 aliquid
3237 3352 3542 3424 huiusmodi

1972 3435 2185 3508 (Ephes.
2228 3437 2304 3507 v).
2345 3439 2573 3509 Propter
2614 3441 2756 3510 quod
2788 3441 2923 3495 nihil
2961 3441 3229 3497 maculam
3262 3441 3469 3498 habens
3508 3457 3555 3497 an

1970 3527 2126 3582 nobis
2154 3527 2398 3583 offertur.

2576 3617 2803 3674 CAPUT
2840 3617 2960 3672 XX.

1972 3725 2097 3791 Bos,
2129 3727 2239 3781 ovis
2272 3736 2318 3780 et
2350 3743 2508 3797 capra
2538 3736 2729 3797 septem
2761 3745 2793 3780 a
2820 3736 2977 3796 partu
3015 3728 3198 3783 diebus
3228 3745 3346 3783 cum
3382 3738 3548 3785 matre

2040 3797 2178 3860 sint;
2204 3796 2384 3870 offerri
2412 3796 2626 3870 possunt
2649 3796 2735 3870 die
2770 3798 3200 3870 octatjo,_ltostite
3227 3816 3322 3869 pro
3352 3801 3553 3870 gratia-

2045 3883 2159 3920 rum
2188 3867 2393 3920 actione
2417 3867 2596 3920 eodem
2624 3866 2709 3919 die
2738 3868 2940 3921 comedi
2967 3865 3168 3933 debent,
3190 3865 3295 3924 etc.

2044 3975 2218 4049 (ιειυ.)
2239 3975 2568 4049 Locutusque
2593 3988 2668 4032 est
2692 3977 2949 4034 Dominus
2974 3981 3044 4034 ad
3072 3980 3311 4051 Moysen,
3329 3981 3505 4035 dicens
3533 3997 3551 4034 :

1973 4065 2097 4131 Bos,
2126 4066 2232 4120 ovis
2258 4077 2304 4121 et
2331 4084 2489 4137 capra
2525 4085 2641 4121 cum
2677 4069 2849 4138 genita
2879 4070 3104 4141 fuerint,
3150 4081 3342 4141 septem
3371 4070 3553 4123 diebus

1973 4166 2123 4210 erunt
2135 4158 2231 4210 sub
2252 4156 2405 4210 ubere
2419 4159 2602 4211 matris
2613 4175 2747 4222 sum;
2762 4159 2846 4211 die
2862 4168 3036 4212 autem
3057 4168 3236 4213 octavo
3250 4168 3297 4210 et
3311 4157 3552 4226 deinceps

1974 4247 2153 4315 offerri
2167 4248 2354 4316 poterit
2374 4246 2619 4301 Domino.
2638 4247 2759 4302 Sive
2770 4247 2859 4301 ille
2871 4248 2980 4313 bos,
2996 4249 3102 4302 sive
3114 4247 3207 4301 illa
3226 4248 3335 4331 ovis
3348 4262 3452 4300 non
3464 4247 3561 4299 im-

1975 4336 2327 4403 molabuntur,
2366 4354 2471 4392 una
2491 4337 2599 4402 die,
2630 4355 2747 4391 cum
2777 4338 2983 4408 fastibus
3017 4339 3146 4392 suis.
3172 4337 3344 4393 Mater
3378 4337 3559 4392 omnis

1976 4426 2224 4483 animalis
2245 4427 2431 4499 utique
2455 4436 2649 4482 natura
2677 4435 2780 4493 est,
2812 4429 2912 4484 sub
2936 4429 3038 4484 hac
3062 4442 3225 4484 omne
3252 4442 3421 4499 genus
3453 4426 3557 4483 ho-

280 4492 417 4592 Imm
445 4520 538 4592 qui
564 4492 706 4572 cadit
746 4536 851 4573 non
881 4519 1092 4589 adjiciet
1120 4528 1175 4573 ut
1207 4520 1489 4589 resurgat?
1520 4517 1711 4591 (Psal.
1740 4520 1870 4592 xc.)
1906 4492 1952 4551 θ
1978 4518 2184 4574 minum
2228 4492 2578 4587 peccatorum
2613 4527 2670 4575 et
2694 4517 2965 4588 justorum
3004 4527 3211 4589 septem
3237 4492 3427 4575 diebus
3451 4525 3556 4582 est,

281 4619 380 4665 aut
411 4609 507 4679 qui
539 4623 763 4664 aversus
791 4617 905 4674 est,
938 4625 1045 4663 non
1085 4610 1427 4664 revertetur?
1455 4609 1642 4664 Occidi
1688 4618 1869 4665 autem

283 4704 549 4757 dicuntur
577 4700 893 4757 mortiﬁcari
918 4709 1142 4772 peccato
1162 4743 1178 4768 ,
1208 4716 1306 4770 per
1347 4701 1771 4757 admonitionem
1812 4711 1874 4756 ut

276 4792 514 4863 justitim
555 4791 756 4846 vivant.
804 4790 897 4846 lite
937 4799 1118 4845 autem
1161 4790 1463 4847 occisiones
1506 4791 1662 4845 nobis
1709 4792 1867 4845 tiunt.

284 4883 459 4939 Nobis
489 4883 635 4936 enim
663 4882 769 4938 illis
798 4882 925 4938 licet
953 4881 1327 4947 commisceri,
1357 4881 1452 4936 sed
1483 4898 1581 4951 pro
1611 4890 1739 4936 voto
1769 4897 1874 4936 non

284 4974 587 5031 aderamus
634 4989 699 5032 ea
748 4973 860 5031 Deo
888 5015 904 5041 ,
957 4976 1012 5031 id
1056 4981 1178 5039 est,
1229 4975 1296 5037 ad
1347 4973 1713 5029 ministerium
1760 4971 1878 5040 ejus

285 5069 586 5141 mysticum
642 5083 751 5123 non
801 5082 896 5123 eos
952 5068 1288 5123 ordinemus.
1364 5066 1509 5137 Ergo
1578 5065 1880 5136 quamlibet

284 5157 676 5226 praedictarum
715 5157 1045 5213 macularum
1078 5158 1378 5223 habentes,
1413 5158 1460 5213 si
1499 5157 1878 5227 paenitentiam

283 5246 507 5317 egerint
545 5261 709 5317 super
746 5263 842 5313 ea,
890 5255 946 5302 et
972 5248 1141 5303 occisi
1182 5247 1413 5314 fuerint,
1454 5248 1878 5303 mortiﬁcatione

282 5338 536 5409 peccati,
582 5340 940 5410 suscipiamus
981 5341 1198 5411 quidem
1224 5356 1337 5404 eos,
1381 5349 1438 5397 et
1481 5349 1543 5397 ut
1578 5341 1881 5396 membrum

284 5429 602 5485 communis
630 5431 877 5501 corporis
916 5432 1248 5497 habeamus,
1289 5432 1417 5503 quia
1459 5430 1701 5486 Christus
1742 5432 1880 5485 venit

281 5521 346 5574 in
374 5521 521 5576 hunc
550 5522 805 5577 mundum
832 5533 1124 5593 peccatores
1156 5523 1327 5578 salvos
1360 5523 1533 5593 facere
1565 5521 1617 5593 (Ι
1646 5521 1781 5575 Tim.
1813 5521 1877 5591 ι).

281 5614 507 5673 Alterio
547 5624 728 5670 autem
767 5614 950 5671 oll‘erri
990 5632 1085 5673 eos
1126 5632 1230 5671 non
1260 5617 1407 5672 licet.
1441 5614 1584 5677 Hae,
1614 5624 1676 5669 ut
1708 5622 1874 5684 puto,

281 5704 647 5760 distinctione
674 5714 730 5760 et
758 5706 957 5761 Paulus
985 5706 1227 5762 scribens
1272 5706 1337 5761 ad
1389 5704 1699 5761 Corinthios
1750 5721 1879 5761 usus

1978 4611 2047 4667 ab
2064 4617 2258 4665 octavo
2283 4617 2461 4664 autem
2487 4610 2602 4680 jam
2625 4625 2753 4665 non.
2778 4609 2913 4664 Nam
2936 4609 3037 4664 etsi
3065 4617 3321 4680 operator
3345 4608 3467 4679 quis
3489 4608 3562 4663 sit

1980 4703 2357 4757 mandatorum
2389 4702 2474 4757 vel
2514 4701 2739 4771 simplex
2767 4702 2853 4758 vel
2877 4711 3161 4772 peccator,
3205 4709 3298 4757 aut
3324 4715 3392 4757 ex
3429 4716 3558 4772 pec-

1980 4804 2187 4861 catore,
2240 4804 2445 4865 septem
2497 4795 2709 4861 diebus,
2742 4795 2801 4850 id
2834 4803 2940 4860 est,
2980 4810 3080 4865 per
3117 4808 3278 4850 omne
3315 4809 3555 4864 prmsens

1983 4887 2266 4952 saeculum,
2309 4895 2522 4957 oportet
2556 4902 2681 4942 cum
2710 4886 2977 4941 sustinere
3006 4901 3339 4956 qumcunque
3364 4894 3553 4938 natura

1982 4978 2280 5043 desiderat;
2322 4978 2774 5046 quemadmodum
2822 4985 2877 5032 et
2928 4977 2994 5031 de
3049 4976 3330 5031 Salvatore
3377 4974 3561 5028 dicere

1979 5068 2324 5139 praesumpsit
2360 5067 2572 5134 Paulus,
2598 5068 2893 5122 ostendens
2914 5067 3038 5136 quia
3061 5083 3127 5123 ex
3154 5068 3335 5121 nostra
3361 5071 3555 5119 natura

1982 5160 2277 5214 secundum
2298 5174 2515 5213 carnem
2541 5157 2712 5213 factus
2736 5159 2942 5226 absque
2964 5164 3206 5227 peccato,
3229 5154 3408 5210 omnia
3434 5166 3557 5222 pas-

1984 5266 2076 5307 sus
2109 5259 2193 5306 est
2224 5267 2344 5321 quae
2379 5259 2535 5305 erant
2566 5260 2792 5305 naturae.
2834 5249 2968 5316 Quia
3008 5258 3187 5303 autem
3223 5245 3373 5315 pueri
3412 5257 3558 5297 com-

1986 5341 2396 5395 municaverunt
2420 5339 2667 5409 sanguini
2694 5347 2747 5394 et
2774 5338 2922 5393 carni
2958 5337 3224 5398 similiter,
3248 5341 3305 5387 et
3330 5331 3417 5386 ille
3433 5345 3557 5401 par-

1983 5429 2226 5499 ticipavit
2242 5430 2449 5483 iisdem.
2474 5430 2579 5484 Sed
2600 5428 2813 5497 quando
2834 5428 2997 5481 vitam
3012 5430 3332 5495 praesentem
3354 5420 3559 5487 egressi

1984 5519 2279 5584 fuerimus,
2323 5529 2378 5575 et
2409 5521 2461 5573 in
2501 5520 2587 5574 die
2614 5521 2752 5574 bona
2779 5527 3111 5573 mortuorum
3144 5512 3557 5567 resurrectionis

1984 5614 2262 5667 constituti
2285 5611 2565 5679 fuerimus,
2592 5628 2655 5665 ex
2680 5620 2806 5665 tunc
2832 5618 2886 5663 et
2913 5607 3165 5674 deinceps
3192 5620 3351 5660 omne
3377 5604 3561 5659 videli-

1986 5716 2071 5760 cet
2107 5703 2363 5760 sacculum
2393 5702 2627 5756 futurum
2671 5716 2776 5754 non
2802 5699 2914 5766 jam
2939 5697 3038 5751 sub
3067 5705 3237 5751 matre
3272 5712 3391 5765 qum
3418 5696 3562 5751 dictu
