3926 6176
425 339 543 396 επ
1069 334 1128 387 Β.
1170 333 1424 388 RABANI
1458 334 1671 389 MAURI
1710 332 2025 388 ARCHIEP.
2068 331 2373 387 MOGUNT.
2414 332 2697 387 OPERUM
2739 332 2913 387 PARS
2952 333 2991 385 l.
3558 340 3666 396 500

425 460 509 507 est
537 450 772 512 erimus,
809 462 981 516 neque
1006 447 1149 501 enim
1179 447 1265 502 bis
1297 447 1630 502 naturalibus
1660 446 1992 510 necessitati-
2021 447 2073 506 Α
2098 460 2189 513 ego
2216 413 2500 499 Dominus?
2532 446 2612 499 Ne
2641 446 2888 515 polluatis
2912 463 3093 499 nomen
3125 459 3363 502 sanctum
3388 467 3579 518 meum,
3611 468 3668 509 ut

423 544 525 597 bus
550 539 947 609 subjacehlmus
985 556 997 590 ε
1042 537 1237 591 Octava
1265 546 1440 590 autem
1463 537 1546 590 die
1573 536 1751 605 oﬂ‘erri
1784 534 1991 604 poterit.
2095 535 2391 604 sanetiﬁcer
2424 536 2479 589 in
2513 537 2679 589 medio
2714 536 2945 604 ﬁliorum
3004 537 3172 591 Israel
3204 552 3220 589 .‘
3256 557 3347 609 ego
3385 541 3668 609 Dominus,

424 629 576 697 Quod
607 627 955 697 Septuaginta
983 626 1061 680 sic
1085 625 1249 681 edunt
1283 645 1295 678 :
1337 626 1489 679 Dona
1525 636 1697 679 autem
1724 635 1770 678 et
1798 626 1994 678 hostias
2092 626 2180 693 qui
2200 625 2466 690 sanetiﬁco
2493 642 2602 689 vos,
2623 635 2671 678 et
2700 626 2859 679 eduxi
2891 627 2954 679 de
2988 637 3127 680 terra
3160 628 3400 699 gypti,
3426 642 3481 684 ut
3502 651 3668 689 essem

424 722 667 782 Domino,
694 718 746 772 id
773 726 875 781 est,
898 716 1135 786 perfecta
1159 725 1216 771 et
1238 717 1442 787 integra
1471 716 1524 769 hi
1554 717 1645 783 qui
1676 717 1730 769 in
1758 715 1859 769 hac
1887 715 1994 767 vita
2094 715 2235 767 vobis
2275 714 2328 767 in
2360 713 2523 767 Deum
2551 728 2567 765 :
2605 732 2696 785 ego
2727 714 3004 769 Dominus.
3032 716 3138 786 (Ex
3172 717 3479 794 llesychio.)
3514 723 3673 779 Sicut

423 816 863 881 praeparaverunt
889 808 1214 863 oblationem
1251 822 1424 860 suam.
1467 806 1756 860 Sciendum
1786 815 1870 859 est
1900 820 1994 857 au-
2094 802 2513 857 satisfactionem
2565 820 2670 857 non
2711 805 2895 870 habet,
2930 805 2973 859 si
3019 807 3140 875 quis
3188 808 3478 867 inchoante
3516 812 3676 871 Novo

426 912 565 964 tem,
585 898 727 969 quod
753 897 1008 967 quoniam
1037 895 1312 950 mutabilis
1338 903 1420 950 est
1445 904 1631 949 nostra
1660 895 1789 958 vita,
1820 906 1996 948 muta-
2094 893 2437 948 Testamento
2458 895 2728 948 veteribus
2751 895 3040 959 serviat,ct
3067 899 3374 971 evangelica
3400 904 3670 971 prauiica-

426 993 704 1059 tionesque
751 988 949 1041 multas
979 994 1036 1041 et
1072 986 1373 1042 voluntates
1400 986 1645 1055 suscipit,
1692 994 1883 1040 octava
1908 985 1994 1040 die
2095 984 2240 1039 tione
2260 992 2529 1046 currente,
2563 988 2856 1040 secundum
2895 985 3126 1043 litteram
3158 992 3322 1057 vivat,
3360 993 3555 1063 injuria
3585 1007 3674 1051 est

422 1080 622 1134 oblatio
648 1086 870 1146 accepta
901 1076 956 1131 in
983 1076 1180 1131 saeculo
1209 1076 1417 1131 scilicet
1442 1075 1622 1129 futuro
1658 1076 1739 1137 ﬁt,
1775 1084 1995 1145 propter
2092 1075 2237 1129 enim
2261 1074 2400 1145 ejus,
2430 1077 2521 1145 qui
2553 1086 2780 1147 utraque
2811 1080 3011 1144 sanxit,
3041 1082 3085 1135 si
3112 1098 3217 1137 non
3240 1086 3573 1155 temporibus
3601 1090 3677 1142 ab

425 1171 567 1238 quod
596 1169 733 1223 dixit
758 1168 1010 1224 Salomon
1042 1186 1055 1221 :
1085 1167 1217 1223 Ante
1256 1177 1475 1222 mortem
1511 1183 1573 1220 ne
1599 1166 1781 1220 laudes
1810 1183 1992 1237 quem-
2093 1181 2159 1220 eo
2186 1166 2455 1222 distinctis
2481 1168 2794 1223 obediamus
2824 1184 2838 1222 :
2876 1170 2954 1224 sic
2989 1171 3104 1226 sine
3132 1172 3238 1226 ulla
3278 1176 3431 1230 venia
3456 1189 3543 1232 est
3571 1194 3675 1247 pu-

421 1274 579 1328 quam
618 1259 881 1313 hominem
915 1256 1104 1330 (Eeeli.
1138 1256 1234 1327 xl).
1267 1256 1401 1312 Cum
1432 1265 1613 1312 autem
1653 1257 1768 1311 hinc
1818 1257 1893 1310 ita
1934 1272 1993 1312 se
2096 1266 2211 1312 tare
2237 1258 2541 1328 quempiam
2570 1258 2657 1311 vel
2678 1259 2900 1314 omnino
2939 1261 3206 1331 cogitare,
3247 1264 3371 1333 quia
3400 1266 3456 1319 in
3486 1266 3674 1321 futuro

425 1351 673 1413 habeant,
695 1356 923 1404 matrem
946 1362 1133 1403 rursus
1154 1346 1449 1402 Ecclesium
1466 1355 1523 1402 et
1543 1346 1772 1417 gratiam
1797 1362 1916 1416 qua:
1938 1347 1992 1400 in
2094 1358 2333 1419 tempore
2356 1351 2686 1419 operandam
2716 1350 2919 1422 aliquid
2963 1367 3153 1407 eorum
3182 1371 3303 1425 qua:
3335 1373 3477 1412 nttuc
3511 1361 3674 1415 nobis

420 1458 481 1494 ea
507 1448 592 1495 est
629 1439 1010 1511 intelligamus.
1053 1439 1128 1494 De
1170 1453 1277 1508 qua
1308 1438 1561 1495 Salomon
1597 1438 1652 1493 in
1686 1439 1993 1494 Proverbiis
2093 1438 2160 1493 ad
2202 1438 2530 1506 operandum
2558 1447 2826 1508 prtecepta
2858 1448 3014 1507 sunt,
3045 1453 3397 1499 conservatur
3426 1465 3438 1499 :
3474 1446 3536 1502 Si
3571 1449 3673 1500 im-

422 1531 588 1585 dieit:
617 1530 778 1595 Audi,
808 1529 909 1599 ﬁli,
941 1529 1272 1601 disciplinam
1298 1530 1463 1600 patris
1494 1531 1591 1591 tui,
1623 1539 1672 1583 et
1701 1546 1762 1584 ne
1784 1529 1995 1583 dimise-
2094 1528 2434 1594 molae—eritis,
2474 1528 2680 1598 inquit,
2726 1529 2951 1583 hostiam
2994 1548 3087 1600 pro
3133 1533 3424 1602 gratiarum
3464 1537 3673 1592 actione

424 1620 495 1672 ris
536 1618 697 1690 legem
731 1620 914 1673 matris
958 1627 1083 1673 tute.
1132 1618 1358 1686 Quando
1401 1633 1532 1688 ergo
1578 1619 1774 1689 aliquis
1817 1619 1991 1688 gratia
2092 1622 2319 1676 Domino
2347 1662 2361 1686 ,
2388 1621 2754 1693 evangelicam
2780 1623 2828 1678 ei
2850 1625 3320 1681 conversationem
3350 1630 3674 1697 promitten-

422 1708 695 1778 Evangelii
731 1716 1019 1779 generatus
1046 1707 1229 1773 fuerit,
1261 1709 1559 1764 secundum
1584 1709 1726 1777 quod
1753 1710 1831 1763 ait
1856 1708 1994 1764 Pau-
2095 1720 2196 1767 tes.
2229 1711 2355 1766 Haec
2373 1719 2456 1766 est
2479 1712 2622 1766 enim
2653 1713 2948 1783 gratiarum
2973 1714 3202 1769 actionis
3220 1714 3391 1770 hostia
3417 1717 3668 1783 Domino,
3768 1767 3783 1781 ,

419 1798 506 1854 tus
538 1814 551 1850 :
579 1796 646 1851 In
674 1795 880 1851 Christo
914 1797 1049 1852 enim
1092 1797 1219 1851 Jesu
1266 1813 1359 1866 per
1408 1796 1753 1867 Evangelium
1783 1814 1875 1867 ego
1906 1815 1991 1852 vos
2020 1793 2067 1852 Β
2095 1804 2220 1872 quia
2250 1816 2582 1871 quaecunque
2624 1802 2691 1856 ad
2740 1801 2950 1856 laudem
2986 1800 3099 1870 ejus
3130 1811 3185 1857 et
3226 1804 3451 1872 gloriam
3494 1808 3670 1874 perti—

422 1890 577 1958 genui
617 1889 687 1958 (1
739 1887 860 1943 Cor.
914 1888 999 1961 ν),
1039 1889 1140 1944 sub
1180 1888 1497 1960 intelligibili
1538 1897 1710 1943 matre
1748 1888 1988 1943 ECCleSia
2093 1908 2261 1963 nent,
2289 1897 2515 1969 peragit.
2550 1896 2703 1964 Quod
2729 1897 3060 1952 demonstrat
3091 1898 3349 1953 Dominus
3385 1900 3667 1968 apostolis,

418 1981 505 2035 vel
538 1980 711 2052 gratia
748 1992 953 2051 septem
990 1982 1126 2044 dies,
1174 1989 1338 2035 totam
1368 1980 1618 2035 videlicet
1667 1987 1968 2050 pmsenten

2113 1991 2277 2046 licens
2309 2010 2323 2044 :
2374 1989 2565 2043 Luceat
2594 1988 2686 2043 lus:
2714 1998 2880 2042 vestra
2918 2005 3094 2042 coram
3128 1990 3423 2044 hominibus
3444 2031 3459 2052 ,
3488 2001 3543 2043 ut
3583 1991 3663 2044 vi-

419 2071 609 2135 vitam,
638 2086 759 2140 qute
793 2071 847 2124 in
880 2078 1082 2140 septem
1123 2071 1311 2125 diebus
1338 2070 1570 2125 volvitur
1595 2112 1610 2136 ,
1646 2070 1752 2124 erit
1782 2070 1969 2141 legibu:

2116 2081 2246 2133 leant
2284 2078 2416 2133 bona
2462 2088 2629 2132 vestra
2659 2093 2815 2146 opera
2839 2118 2853 2141 ,
2895 2086 2942 2130 et
2982 2075 3275 2146 gloriﬁcent
3323 2075 3539 2132 Patrem
3578 2095 3666 2132 ve-

419 2162 535 2229 cjus
562 2172 617 2218 et
648 2164 1018 2219 sanctionibus
1037 2164 1316 2228 obediens,
1340 2164 1418 2219 sic
1448 2164 1591 2218 enim
1610 2171 1799 2218 octava
1829 2163 1915 2218 die
1935 2163 1989 2217 in
2089 2179 2277 2233 stram,
2302 2169 2391 2239 qui
2411 2169 2464 2222 in
2481 2168 2621 2221 enatis
2644 2177 2717 2221 est
2744 2167 2957 2237 (Matth.
2976 2168 3050 2237 v).
3080 2167 3391 2223 immolatur
3411 2169 3666 2235 Domino,

418 2266 659 2325 tempore
707 2255 1157 2319 resurrectionis,
1209 2255 1406 2310 denum
1449 2255 1555 2309 erit
1589 2262 1643 2308 et
1678 2254 1855 2309 hostia
1887 2253 1990 2308 Do-
2090 2269 2150 2313 ut
2194 2260 2366 2329 possit
2393 2274 2511 2314 esse
2546 2258 2859 2328 placabilis;
2909 2258 3052 2329 quod
3085 2259 3432 2331 Septuaginta
3474 2262 3664 2317 edide-

419 2348 589 2407 tniuo.
622 2344 745 2415 quia
772 2344 1078 2413 huiusmodi
1106 2361 1211 2401 non
1234 2344 1408 2399 solum
1431 2344 1658 2409 animas.
1684 2344 1778 2399 58d
1796 2351 1851 2398 et
1871 2359 1991 2398 εον-
2094 2357 2249 2413 runt,
2281 2358 2545 2419 acceptum
2575 2348 2715 2402 vobis
2744 2346 3076 2402 immolabitis
3099 2389 3112 2411 ,
3162 2349 3216 2404 id
3264 2357 3377 2413 est,
3431 2349 3500 2404 ad
3543 2367 3667 2406 sus-

419 2453 551 2507 pora
580 2436 901 2492 sacriﬁcium
941 2443 1188 2491 sanetum
1216 2436 1585 2505 placitumque
1624 2435 1870 2505 suscipit.
1911 2424 1990 2487 'l‘u
2091 2440 2393 2509 cipicndum
2451 2440 2609 2510 digne
2660 2440 2973 2508 prtedictam
3024 2438 3485 2509 conversationem
3538 2458 3668 2511 aga-

418 2537 615 2590 autem,
644 2536 864 2597 prqvter
888 2528 1002 2581 hate
1029 2534 1083 2581 et
1112 2526 1256 2596 quod
1282 2526 1526 2596 sequitur
1550 2526 1717 2581 disce.
1757 2524 1875 2579 Sive
1903 2524 1991 2578 ille
2092 2546 2244 2595 mus,
2294 2529 2636 2600 perﬁcientcs
2672 2544 2795 2583 eam
2837 2538 2891 2583 et
2938 2546 3044 2584 non
3101 2531 3438 2586 imminutam
3499 2532 3669 2586 relin-

419 2622 539 2683 bos,
567 2620 673 2673 sive
706 2618 804 2673 illa
834 2619 974 2684 ovis,
1019 2635 1124 2672 non
1157 2616 1567 2672 immolabantur
1605 2633 1710 2669 una
1750 2616 1834 2668 die
1871 2631 1987 2668 cum
2091 2629 2337 2691 quentes,
2364 2627 2583 2690 propter
2610 2620 2750 2689 quod
2775 2626 2830 2673 et
2859 2620 3094 2674 subdidit
3125 2638 3138 2673 :
3169 2619 3367 2674 Eodem
3389 2620 3474 2674 die
3502 2637 3683 2674 come-

420 2714 626 2781 ftetibus
657 2712 787 2766 suis.
817 2711 916 2768 Hic
940 2711 1247 2766 nominibus
1273 2711 1403 2781 ipsis
1426 2711 1569 2765 aliud
1605 2724 1791 2766 rursus
1810 2717 1991 2764 osten-
2091 2711 2223 2763 detis
2265 2726 2349 2773 ea,
2397 2725 2501 2761 non
2542 2708 2821 2762 remanebit
2850 2707 3137 2779 quidquam
3175 2709 3230 2761 in
3261 2724 3413 2763 mane
3445 2708 3674 2762 alterius

419 2807 515 2861 dit.
557 2804 674 2860 Non
697 2813 910 2875 Oportet
939 2804 1082 2858 enim
1110 2818 1236 2869 eos,
1264 2803 1355 2872 qui
1388 2802 1594 2858 Pascha
1621 2800 1989 2871 evangelicum
2090 2800 2212 2854 dici.
2241 2799 2297 2853 In
2323 2808 2562 2869 tempore
2587 2799 2731 2853 enim
2760 2800 2883 2863 hoc,
2912 2799 2965 2853 in
2992 2813 3098 2867 quo
3118 2799 3221 2854 hoc
3242 2799 3558 2867 prmdictum
3580 2807 3674 2854 est

423 2896 718 2961 celebrant,
732 2894 875 2964 quod
904 2895 1061 2950 nobis
1083 2894 1322 2949 Ecclesia
1349 2894 1582 2956 tradidit,
1598 2892 1766 2963 legale
1782 2891 1990 2946 Pascha
2090 2890 2430 2955 sacriﬁcium,
2456 2893 2821 2963 permittimur
2840 2893 3123 2948 comedere
3150 2893 3303 2957 illud,
3332 2893 3385 2948 id
3406 2901 3513 2957 est,
3536 2907 3671 2961 ope-

420 2997 697 3056 peragere.
720 2984 873 3052 Quod
892 2985 1081 3040 bovem
1102 2992 1323 3040 etovem
1339 2983 1614 3054 legislator
1633 2983 1817 3037 dicens
1832 2981 1992 3051 signi.
2090 2985 2200 3038 rari
2250 2991 2306 3038 et
2344 2983 2615 3052 complere
2661 2982 2935 3037 debemus.
2982 2982 3124 3037 Nihil
3170 2990 3348 3037 autem
3390 2982 3457 3036 de
3497 2982 3582 3036 cis
3610 2982 3671 3037 in

420 3074 601 3129 licavit
630 3092 643 3127 :
680 3074 806 3143 quia
841 3073 955 3128 hate
983 3073 1238 3143 praecepit
1273 3071 1480 3142 Moyses
1509 3072 1565 3125 in
1602 3072 1687 3126 die
1724 3070 1986 3141 paschali,
2019 3129 2056 3143 η
2092 3088 2249 3128 mane
2296 3072 2631 3143 relinquere,
2682 3080 2742 3126 ut
2778 3070 2979 3141 aliquid
3011 3080 3283 3127 remaneat
3310 3072 3670 3142 reliquiarum

416 3164 558 3231 quod
576 3163 830 3218 traditum
852 3171 935 3218 est
958 3162 1156 3217 Iudaeis
1179 3161 1475 3226 immolare,
1491 3162 1568 3216 ait
1591 3161 1767 3216 enim:
1798 3159 1863 3213 Et
1888 3161 1988 3214 im-
2015 3129 2056 3188 C
2089 3168 2287 3217 nostra:
2335 3160 2761 3216 conversationis
2819 3161 3182 3215 incorrectum
3236 3175 3412 3230 neque
3468 3161 3670 3216 incon-

414 3250 635 3304 molabis
665 3249 873 3303 Pascha
894 3248 1117 3303 Domino
1142 3249 1254 3303 Deo
1274 3259 1364 3302 tuo
1387 3289 1403 3313 .
1426 3266 1542 3303 oves
1567 3260 1613 3303 et
1640 3250 1786 3315 boves
1806 3289 1821 3312 ,
1847 3248 1987 3303 sicut
2085 3260 2360 3322 sumptum
2399 3252 2601 3322 aliquid
2631 3252 2698 3306 de
2726 3252 3019 3307 virtutibus
3043 3260 3097 3306 et
3123 3253 3459 3323 imperatum
3487 3252 3541 3306 in
3584 3251 3671 3306 Γει-

417 3340 819 3394 Deuteronomii
834 3339 970 3394 liber
989 3339 1475 3408 ostenderepotest.
1490 3338 1678 3393 Fmtus
1692 3347 1869 3394 autem
1885 3339 1985 3393 bo-
2088 3354 2208 3400 tum
2247 3345 2443 3401 smculo
2484 3345 2872 3410 custodiamus,
2904 3344 3117 3415 quando
3144 3343 3257 3412 jam
3287 3358 3393 3396 non
3421 3350 3507 3395 est
3548 3340 3672 3397 lici-

416 3443 554 3490 rum,
573 3428 687 3483 sive
706 3427 971 3497 paschalis
992 3426 1172 3495 hujus,
1199 3429 1310 3483 sive
1334 3428 1537 3483 Veteris
1558 3427 1906 3491 Testamenti,
1933 3444 1964 3483 e

2119 3452 2202 3492 um
2233 3435 2467 3508 operari.
2516 3435 2617 3502 Qui
2668 3444 2812 3490 recte
2841 3451 2994 3489 mane
3035 3433 3250 3493 dicitur,
3298 3431 3352 3486 id
3387 3441 3491 3494 est,
3536 3433 3669 3502 quia

413 3519 530 3586 ejus
555 3533 676 3588 qua:
696 3519 749 3572 in
775 3517 960 3588 ﬁguris
982 3525 1065 3572 est
1088 3518 1413 3583 traditionis,
1444 3517 1737 3573 Dominica‘.
1765 3512 1987 3573 Pascha:
2085 3544 2191 3583 nox
2224 3541 2460 3596 pmsens
2494 3527 2621 3591 vita,
2655 3536 2937 3596 propterea
2969 3541 3087 3594 qua:
3116 3525 3171 3578 in
3203 3539 3266 3577 ea
3294 3538 3436 3578 nunc
3463 3532 3550 3578 est
3576 3540 3675 3578 ne.

413 3623 511 3676 per
540 3607 764 3678 ﬁguram
785 3606 1231 3678 signiﬁcationem
1256 3608 1445 3673 habet;
1469 3609 1562 3663 sed
1578 3608 1704 3662 illud
1719 3607 1963 3677 prtecede

2118 3618 2207 3672 ula
2249 3617 2577 3672 nominatur.
2623 3615 2735 3685 Ego
2774 3615 3031 3669 Dominus
3062 3629 3081 3666 :
3118 3614 3370 3667 custodite
3408 3611 3668 3665 mandata

415 3699 505 3750 hat
521 3697 573 3749 in
602 3704 743 3767 typo,
758 3695 902 3750 istud
914 3697 1239 3766 sequebatur
1253 3697 1308 3751 in
1322 3698 1549 3752 veritate
1568 3716 1579 3749 :
1603 3705 1820 3767 propter
1841 3712 1965 3766 quat

2116 3726 2231 3774 tea,
2276 3718 2325 3762 et
2356 3707 2512 3775 facite
2559 3723 2640 3760 ea.
2690 3705 2801 3775 Ego
2849 3704 3138 3768 Dominus,
3177 3703 3266 3771 qui
3312 3702 3401 3755 hic
3441 3700 3666 3770 quidem

414 3797 467 3842 ct
488 3782 977 3857 Clu'islusprimum
1001 3788 1292 3843 celebravit
1314 3788 1597 3859 ﬁguratum
1621 3788 1845 3853 Pascha.
1865 3796 1985 3857 post
2084 3796 2253 3866 legem
2279 3795 2572 3859 constituo,
2607 3793 2679 3847 ibi
2724 3800 2904 3847 autem
2924 3791 3111 3862 judico
3140 3809 3152 3845 ;
3188 3790 3279 3860 qui
3305 3787 3671 3858 intelligibilia

414 3894 620 3932 umnam
645 3886 826 3933 autem
851 3878 1184 3948 intelligibile
1222 3880 1407 3944 tradit,
1438 3890 1493 3934 et
1514 3887 1832 3947 angustante
1863 3896 1964 3934 ean

2120 3887 2284 3940 ilenta
2332 3885 2469 3941 meis
2517 3884 2689 3939 servis
2716 3884 2772 3938 in
2808 3884 3061 3952 prteseuti
3088 3881 3284 3937 smculo
3322 3880 3389 3934 ad
3428 3895 3670 3951 operan-

417 3978 681 4037 ῑθηψθνθν
701 3982 800 4037 ι)το
821 3968 906 4022 die
936 3968 1124 4022 horam
1152 3968 1477 4032 ίῐηηιιιιθνὶῐ,
1504 3968 1591 4022 Vel
1621 3969 1792 4039 magis
1819 3969 1980 4024 etiam
2083 3979 2209 4034 dum
2240 3978 2379 4041 dedi,
2429 3978 2483 4030 in
2511 3976 2748 4029 futurum
2787 3984 2965 4029 autem
2995 3974 3232 4029 rationes
3259 3988 3381 4027 cum
3410 3973 3492 4027 eis
3516 3984 3669 4040 pono

414 4061 576 4114 diem.
620 4059 677 4115 Si
713 4059 855 4115 enim
903 4059 971 4113 ad
1015 4073 1293 4129 vesperam
1338 4067 1544 4129 quarta:
1581 4059 1805 4115 decima!
1849 4060 1979 4125 diei.
2082 4078 2136 4125 et
2163 4069 2484 4123 talentorum
2511 4068 2876 4137 operationem
2900 4066 3074 4136 exigo.
3114 4063 3226 4135 Ego
3255 4063 3557 4117 Dominus:
3601 4079 3672 4116 ne

412 4164 565 4204 C(Btta
594 4147 815 4204 «iudaice
861 4144 1129 4218 PaSChaliS
1164 4146 1471 4203 ΐθϐιὶνὶιέιιίε
1499 4147 1820 4204 celebratur.
1854 4148 1983 4205 Post
2081 4158 2327 4229 polluatis
2366 4172 2552 4211 nomen
2596 4172 2770 4209 meum
2812 4165 3073 4210 sanctum.
3114 4151 3344 4208 Pollutio
3390 4151 3536 4207 enim
3577 4161 3672 4206 est

415 4245 519 4298 hoc
541 4251 721 4299 autem
749 4242 996 4299 Christus
1021 4242 1297 4312 propriam
1335 4243 1556 4298 tradidit
1581 4257 1814 4298 caenam.
1851 4242 1982 4298 Post
2080 4246 2343 4303 creatoris
2369 4254 2425 4301 et
2448 4244 2801 4314 blasphemia,
2834 4244 2882 4300 si
2913 4244 2965 4299 in
2996 4244 3184 4298 eodem
3211 4250 3310 4297 nes
3345 4241 3535 4295 ordine
3575 4241 3671 4296 vel

414 4348 693 4404 vesperam
722 4348 853 4404 ergo
879 4341 1083 4403 quarta:
1120 4333 1341 4388 decima;
1375 4334 1479 4388 diei
1533 4333 1773 4388 tradidit.
1823 4335 1980 4402 Quod
2082 4347 2226 4405 actu,
2273 4353 2379 4408 quo
2409 4352 2551 4391 nunc
2584 4351 2772 4391 sumus
2810 4336 3114 4391 resuscitet.
3155 4333 3293 4401 Quid
3325 4332 3471 4387 enim
3503 4347 3669 4386 com-

409 4430 588 4476 antem
633 4429 755 4491 post
780 4435 1061 4492 vesperum
1084 4429 1168 4475 est
1209 4429 1420 4490 tempus
1442 4460 1459 4485 ,
1488 4421 1711 4477 alterius
1740 4423 1847 4478 diei
1875 4424 1978 4478 ini-
2009 4469 2054 4492 η
2080 4435 2255 4482 mutat
2293 4427 2548 4480 mundum
2576 4422 2722 4480 hunc
2742 4465 2757 4489 ,
2786 4426 2831 4480 si
2861 4425 2915 4479 in
2947 4424 3147 4488 eisdem
3174 4422 3449 4477 doloribus
3479 4429 3535 4475 et
3574 4419 3672 4474 la-

410 4514 545 4569 tium
588 4513 896 4568 omnimodo
927 4521 1029 4567 est.
1083 4510 1373 4581 Oportebat
1409 4515 1553 4569 enim
1595 4516 1696 4570 hoc
1744 4516 1861 4570 ﬁeri
1908 4517 1978 4571 ad
2007 4510 2052 4529 "
2079 4519 2300 4573 boribus
2348 4518 2592 4572 erimus?
2649 4515 2714 4570 Ut
2761 4516 3060 4584 sanctiﬁcer
3111 4516 3167 4569 in
3212 4513 3380 4568 medio
3420 4513 3674 4581 ﬁliorum

404 4604 769 4659 oste-visionem
796 4604 1071 4673 temporis,
1094 4604 1216 4672 quia
1237 4604 1454 4674 quando
1475 4614 1630 4660 vetus
1654 4605 1810 4661 ﬁnem
1833 4623 1979 4661 satm-
2080 4608 2268 4664 Israel.
2305 4609 2418 4664 Non
2460 4609 2596 4663 dixit
2624 4607 2952 4672 sanctiﬁcor,
2986 4608 3080 4661 sed
3117 4603 3415 4673 sanctiﬁcer
3451 4616 3469 4654 :
3510 4602 3677 4657 futu-

399 4693 538 4763 psit,
587 4700 711 4747 tunc
742 4708 940 4749 novum
968 4693 1185 4761 incepit.
1229 4694 1337 4748 Ant
1375 4693 1516 4751 forte
1555 4706 1708 4750 vetus
1744 4696 1863 4750 illos
1889 4696 1975 4751 lex
2080 4714 2198 4752 rum
2228 4699 2519 4754 ostendens
2555 4707 2784 4767 tempus,
2835 4697 2888 4750 in
2939 4712 3046 4765 quo
3096 4696 3150 4750 in
3188 4694 3371 4749 medio
3399 4708 3675 4747 verorum

408 4784 704 4857 signiﬁcat,
742 4787 806 4840 de
836 4788 1030 4857 quibus
1059 4796 1113 4843 et
1145 4786 1311 4842 lsaias
1351 4787 1566 4842 dicebat
1601 4805 1615 4839 :
1655 4785 1794 4839 Puer
1823 4797 1977 4842 natus
2079 4791 2310 4845 liliorum
2356 4789 2515 4844 Israel
2562 4789 2961 4853 sanctiﬁcatur;
3011 4786 3229 4857 Egypti
3265 4786 3409 4840 enim
3445 4784 3677 4839 exitum

406 4889 482 4933 est
504 4878 668 4943 nobis,
696 4876 866 4933 Filius
888 4879 1044 4933 datus
1077 4888 1152 4934 est
1182 4879 1327 4934 nobis
1358 4878 1492 4951 (Isa.
1526 4878 1600 4947 is)
1631 4896 1643 4930 :
1679 4878 1731 4932 in
1759 4878 1979 4934 Christo
2078 4895 2187 4934 non
2213 4881 2413 4935 frustra
2452 4887 2781 4934 memoratus
2804 4888 2912 4944 est,
2943 4878 3074 4933 illud
3102 4877 3499 4937 demonstrans,
3526 4876 3681 4943 quia

405 4971 551 5024 enim
579 4969 715 5034 haec,
755 4977 809 5024 et
845 4984 965 5038 qute
992 4978 1308 5040 sequuntur,
1339 4968 1480 5023 dicta
1517 4975 1662 5022 sunt.
1707 4967 1805 5022 llic
1845 4984 1976 5038 ergo
2079 4968 2661 5037 quemadmo;lu;n,qui
2688 4969 2893 5036 egressi
2915 4976 3040 5022 sunt
3062 4966 3129 5021 de
3147 4964 3397 5036 Egypto,
3414 4979 3519 5017 non
3537 4961 3679 5028 jam

400 5061 560 5131 {cetus
588 5060 699 5114 sive
741 5058 1035 5115 secundum
1081 5058 1427 5129 Septuaginta
1468 5058 1612 5126 ﬁliis,
1651 5074 1757 5111 non
1783 5059 1972 5113 eadem
2078 5074 2141 5113 ea
2172 5074 2291 5129 qua:
2341 5059 2556 5128 zl‘gypti
2592 5069 2718 5113 sunt
2755 5060 3021 5130 agebant;
3072 5059 3150 5113 sic
3193 5066 3247 5113 et
3297 5055 3510 5128 quando
3559 5070 3682 5111 nos

406 5154 515 5217 die,
559 5153 612 5206 in
638 5168 742 5222 qua
771 5152 972 5208 vitulus
1007 5162 1062 5208 et
1091 5152 1208 5207 ovis
1236 5151 1470 5207 Judaicac
1496 5150 1803 5208 festivitatis
1837 5155 1976 5209 occi-
2081 5151 2222 5203 Deus
2249 5148 2433 5202 eduxit
2469 5149 2534 5202 de
2562 5151 2812 5217 praesenti
2843 5151 2975 5215 vita,
3000 5164 3104 5203 non
3129 5150 3241 5219 jam
3268 5162 3428 5218 agere
3448 5160 3514 5200 ea
3533 5160 3682 5214 qua:

405 5246 649 5300 debetur.
700 5243 1113 5311 Quartadecima
1148 5244 1292 5297 enim
1330 5243 1417 5298 die
1459 5242 1665 5298 Pascha
1696 5245 1974 5301 eelebran-
2078 5242 2131 5295 in
2155 5258 2215 5295 ea
2239 5248 2363 5295 sunt
2388 5256 2670 5310 possumus
2696 5259 2707 5293 :
2733 5249 2816 5295 est
2836 5241 2977 5295 enim
3001 5240 3262 5310 [Egyptus
3284 5234 3680 5306 intelligibilis,

407 5343 506 5396 tes,
543 5335 596 5387 in
627 5335 922 5388 crastinum
950 5331 1134 5387 Jesum
1163 5333 1569 5387 cruciﬁxerunt.
1600 5326 1857 5403 Sequitur
1887 5356 1899 5390 :
2074 5352 2312 5407 praesens
2332 5335 2581 5399 mundus,
2605 5336 2728 5403 quia
2753 5333 3017 5405 zEgyptus
3050 5330 3457 5388 contenebratio
3481 5330 3679 5383 inter-

476 5422 534 5476 Si
554 5423 942 5477 immolaveritis
960 5422 1183 5476 hostiam
1203 5440 1296 5493 pro
1322 5424 1613 5492 gratiarum
1643 5427 1841 5480 actione
1865 5426 1973 5481 Do-
2073 5436 2333 5497 pretatur.
2363 5427 2622 5481 Tenebris
2645 5427 2788 5483 enim
2826 5436 2881 5481 et
2913 5425 3208 5480 secundum
3238 5423 3380 5493 quod
3416 5422 3683 5478 diximus

405 5512 565 5577 mino,
612 5522 669 5567 ut
700 5513 861 5582 possit
891 5528 999 5566 esse
1023 5512 1320 5581 placabilis,
1356 5513 1534 5568 eodem
1570 5516 1654 5569 die
1694 5516 1970 5570 comedetis
2074 5519 2286 5584 nebula,
2309 5519 2421 5573 sive
2435 5518 2661 5589 caligine
2680 5518 2962 5587 praesentia
2986 5513 3349 5583 suntrepleta,
3368 5511 3420 5564 in
3440 5518 3680 5567 tantum

402 5617 537 5663 sum,
565 5620 669 5657 non
696 5606 976 5659 remanebit
1003 5605 1282 5675 quidquam
1312 5606 1367 5660 in
1395 5623 1544 5660 neme
1578 5608 1791 5662 alterius
1823 5609 1929 5663 diei
1951 5622 1967 5659 :
2072 5617 2129 5661 ut
2150 5607 2380 5663 Joannes
2408 5608 2475 5663 de
2503 5607 2726 5662 Domino
2754 5608 2955 5661 (liceret
2979 5624 2991 5659 ε
3025 5605 3141 5658 Lux
3164 5604 3218 5658 in
3242 5602 3463 5656 tenebris
3488 5601 3678 5667 lucet,

404 5704 495 5755 ego
528 5690 795 5746 Dominus.
849 5693 1114 5748 Custoditc
1147 5698 1390 5751 mandatu
1425 5714 1535 5751 mea
1559 5741 1567 5759 ,
1595 5710 1639 5751 et
1677 5700 1832 5768 [urire
1860 5717 1918 5752 ea
1949 5713 1964 5750 :
2071 5709 2117 5753 et
2150 5701 2369 5756 tenebrw
2394 5717 2507 5754 eam
2534 5716 2633 5754 non
2656 5698 3149 5769 contpre/tcndertmt
3176 5694 3356 5767 (Joan.
3383 5693 3444 5766 ι).
3474 5690 3681 5765 Prol)-
