3926 6176
206 398 282 458 5m
1070 384 1569 443 EXPOSITIONES
1606 384 1674 442 IN
1711 383 2104 443 LEVITICUM.
2144 415 2213 451 -τ-
2250 384 2379 439 LlB.
2419 384 2508 442 Vl.
2922 386 2998 461 βξ,

3286 390 3395 447 5οΞ

206 526 272 575 ter
298 505 419 582 quod
446 518 544 566 nos
570 502 829 559 Dominus
855 500 1014 569 Deus.
1040 501 1286 571 videlicet
1321 519 1387 558 ex
1414 499 1731 577 intelligibili
1760 503 1813 562 Α
1836 501 1948 574 Age
1988 474 2152 567 nunc,
2204 503 2248 559 si
2282 502 2425 568 licet,
2465 500 2679 557 Iudaeos
2707 500 3095 573 interrogemus
3129 504 3281 575 cujus
3322 506 3400 562 rei

199 608 391 677 Egypto
421 601 520 658 hac
562 599 760 661 educit,
808 604 868 651 ut
895 597 965 661 sit
994 607 1177 657 noster
1206 598 1348 667 Deus
1394 616 1407 651 :
1451 612 1555 652 non
1602 597 1731 670 quia

170 732 177 738 -
200 710 314 754 nunc
338 707 435 747 non
469 697 575 755 est,
600 687 695 745 sed
717 687 843 758 quia
876 702 983 747 non
1015 701 1204 754 omnes
1241 704 1362 763 eum
1388 688 1727 755 conﬁtemur,

196 803 337 860 neque
363 784 765 855 cognoscimus:
800 790 931 838 tunc
955 790 1137 845 autem
1163 782 1563 849 conﬁtebimur,
1600 790 1730 837 tunc

197 890 349 934 omnes
383 870 765 942 subjiciemqs,
805 878 935 929 tunc
984 870 1081 933 erit
1125 869 1266 939 Deus
1307 871 1482 931 omnia
1518 871 1572 925 in
1619 886 1730 923 om-

195 968 331 1021 nibus.

734 1049 962 1111 CAPUT
993 1048 1135 1115 XXI.

192 1166 242 1223 In
261 1182 347 1238 quo
367 1172 677 1238 prwceptum
705 1162 771 1238 de
794 1160 1126 1238 o_bserva_ndis
1155 1159 1331 1238 feriis,
1369 1169 1417 1214 et
1446 1154 1727 1219 oblationi-

372 1229 377 1243 ⁷
531 1229 541 1234 ⁷
616 1232 711 1288 bus
738 1233 794 1287 in
814 1232 921 1287 illis
944 1229 1247 1300 afferendis.

240 1347 368 1418 (CAP.
391 1342 572 1414 mn.)
613 1342 842 1397 Locutus
874 1351 947 1396 est
974 1340 1233 1395 Dominus
1267 1341 1337 1395 ad
1367 1339 1583 1411 Moysen
1605 1382 1620 1406 ,
1647 1342 1728 1395 di-

189 1456 280 1493 cens
303 1451 319 1490 :
348 1437 576 1507 Loquere
596 1433 723 1503 filiis
747 1430 936 1496 Israel,
962 1440 1011 1485 et
1037 1431 1178 1489 dices
1204 1430 1273 1484 ad
1298 1447 1385 1485 eos
1419 1444 1438 1482 :
1475 1429 1577 1486 Ha:
1602 1438 1726 1488 sunt

187 1528 304 1596 ferite
322 1524 546 1590 Domini,
572 1539 706 1593 quas
731 1520 982 1576 cocabitis
1010 1529 1243 1574 sanctas.
1277 1518 1385 1574 Sea:
1426 1518 1606 1575 diebus
1644 1519 1728 1588 fa-

187 1618 302 1670 cietis
326 1631 478 1685 Opus;
523 1613 636 1667 dies
671 1613 951 1683 septimus,
994 1612 1121 1682 quia
1148 1610 1351 1665 sabbati
1392 1610 1593 1680 requies
1626 1617 1724 1674 est,

158 1706 410 1791 orocabitur
435 1712 674 1758 sanctus.
707 1700 873 1756 Omne
899 1718 1028 1772 opus
1049 1717 1152 1755 non
1173 1699 1378 1770 facietis
1404 1702 1459 1754 in
1485 1716 1544 1755 eo
1565 1713 1583 1751 :
1609 1699 1726 1754 sab-

187 1798 328 1849 batum
365 1794 575 1848 Domini
619 1802 716 1857 est,
753 1792 807 1845 in
851 1791 1048 1845 cunctis
1074 1789 1486 1844 habitationibus
1519 1789 1720 1844 vestris.

1833 596 2005 665 gratia
2032 610 2137 651 non
2166 594 2572 665 quartadecima
2601 594 2688 649 die
2721 592 3066 649 festivitatem
3097 611 3256 667 agere
3287 597 3402 666 jus-

1833 685 1923 748 sit,
1956 685 2011 739 in
2052 701 2160 755 quo
2192 684 2401 740 Pascha
2438 685 2821 757 imaginarium
2859 686 3039 753 ﬁebat,
3072 689 3166 744 sed
3200 705 3402 745 memo-

1832 775 1971 830 riam
2000 776 2214 845 quidem
2255 775 2383 831 facit
2410 775 2544 846 ejus.
2593 777 2965 834 Festivitatcm
3007 789 3183 836 tamen
3228 784 3400 855 prima

1832 880 2165 935 azymorum,
2194 882 2312 936 quae
2337 870 2455 922 erat
2474 875 2594 939 post
2618 868 2782 933 illam,
2810 869 2923 923 ﬁeri
2956 870 3215 936 deﬁnivit,
3238 873 3404 926 mani-

1832 957 2033 1013 festum
2060 964 2142 1012 est
2166 965 2344 1012 autem
2379 973 2445 1012 ex
2480 958 2564 1015 his
2590 958 2715 1028 quia
2745 959 2884 1014 scire
2904 974 3026 1014 eum
3055 962 3099 1017 is
3118 961 3207 1030 qui
3230 960 3401 1035 legem

1832 1050 2058 1127 accipit,
2089 1051 2219 1120 quid
2246 1050 2461 1127 intersit
2500 1050 2640 1106 inter
2665 1050 2890 1125 ﬁguram
2918 1059 2972 1106 et
2997 1052 3278 1107 veritatem
3310 1054 3401 1108 de-

1832 1140 2065 1205 siderat,
2105 1150 2161 1196 et
2193 1140 2315 1210 quia
2346 1138 2545 1211 ﬁguras
2570 1140 2711 1196 scire
2738 1141 2988 1211 quidem,
3020 1142 3275 1211 quoniam
3307 1143 3401 1197 de-

1831 1234 2034 1303 ducunt
2061 1233 2126 1293 ad
2153 1234 2435 1289 veritatem
2465 1251 2477 1285 :
2513 1234 2728 1305 dignum
2751 1242 2833 1289 est
2868 1233 3212 1289 festivitatem
3238 1250 3400 1305 agere

1832 1334 1983 1401 tunc,
2015 1324 2230 1394 quando
2258 1324 2458 1378 veritas
2500 1339 2619 1393 qum
2654 1325 2707 1378 in
2740 1323 2925 1396 ﬁguris
2954 1325 3275 1389 continetur,
3308 1335 3403 1382 aa-

1830 1416 2056 1471 venerit.
2111 1414 2424 1475 Memoriam
2470 1414 2731 1484 siquidem
2779 1414 2907 1469 facit
2947 1415 3396 1485 quartadecima},

1830 1507 1951 1583 quia
2005 1504 2229 1576 ﬁguram
2291 1505 2543 1573 habebat.
2595 1504 2966 1567 Festivitatem
3013 1513 3190 1560 autem
3240 1521 3401 1578 agerc

1829 1597 2227 1667 quintadecima
2256 1595 2528 1666 prmcepit,
2570 1595 2696 1664 quia
2726 1595 2780 1654 in
2808 1596 2921 1665 ipsa
2949 1611 3136 1650 verum
3162 1604 3244 1652 est
3270 1597 3402 1652 Pas-

1829 1691 1954 1755 cha,
1978 1690 2045 1745 de
2068 1704 2173 1759 quo
2202 1687 2397 1741 Paulus
2427 1688 2638 1759 dicebat
2670 1706 2682 1741 :
2718 1685 2924 1763 Pascha
2956 1698 3189 1742 nostrum
3216 1689 3402 1742 immo-

1829 1780 1967 1839 latus
2020 1789 2093 1835 est
2134 1778 2371 1843 Christus
2404 1778 2457 1851 (I
2513 1778 2633 1833 Cor.
2678 1777 2755 1850 v).
2803 1778 2909 1834 Sed
2966 1779 3111 1851 ipsos
3141 1779 3251 1848 jam
3291 1796 3401 1836 scr-

188 1886 231 1939 Si
248 1884 495 1940 subtiliter
517 1881 770 1937 attendas
793 1882 909 1936 haec
940 1896 1061 1950 quae
1084 1880 1229 1935 dicta
1259 1887 1387 1938 sunt
1409 1879 1461 1932 in
1487 1892 1725 1948 praesen-
1751 1887 1800 1949 Β
1830 1888 2018 1947 mones
2039 1871 2388 1945 discutiamus
2418 1888 2430 1923 :
2466 1869 2564 1943 Ha:
2601 1879 2723 1941 sunt
2753 1870 2900 1941 ferite
2938 1869 3150 1935 Domini
3180 1880 3398 1935 sanctw,

186 1975 297 2031 tibus
339 1974 657 2046 legislatoris
697 1972 898 2037 verbis,
954 1970 1197 2025 invenies
1231 1984 1358 2024 eum
1394 1984 1501 2022 non
1547 1967 1721 2022 solum

187 2064 579 2134 contemplationi
608 2062 772 2130 legis,
804 2061 897 2116 sed
928 2067 984 2115 et
1010 2060 1064 2114 in
1094 2058 1276 2113 littera
1322 2059 1437 2127 ipsa
1468 2058 1724 2114 intentio-

183 2171 281 2209 nem
310 2154 735 2224 interponentem
764 2150 1005 2222 spiritus.
1041 2149 1238 2204 Diccns
1262 2148 1438 2202 enim:
1471 2146 1570 2201 Ηω
1601 2156 1722 2201 sunt

185 2244 301 2310 ferite
319 2243 556 2309 Domini,
582 2259 715 2313 quas
756 2240 1002 2295 vocabili:
1052 2247 1261 2300 sanctas
1287 2278 1302 2303 ,
1346 2238 1429 2299 ita:
1466 2245 1592 2293 sunt
1639 2237 1719 2291 fe-

182 2335 406 2389 stivitates
441 2348 601 2398 mese,
651 2347 777 2386 mox
821 2329 1059 2386 subdidit
1101 2347 1113 2379 :
1165 2326 1271 2383 Sea:
1299 2327 1481 2397 diebus
1518 2326 1721 2397 facietis

182 2444 305 2495 Opus.
326 2426 542 2496 Oportet
560 2427 780 2495 quidem
810 2426 914 2480 hoc
942 2432 1138 2486 tacere,
1180 2424 1362 2497 dicere
1392 2431 1571 2488 autem
1600 2438 1721 2492 quae

180 2527 440 2587 sequuntur
474 2536 489 2572 :
530 2517 657 2575 Dies
702 2516 950 2586 septimus
990 2516 1117 2585 quia
1147 2513 1350 2573 sabbati
1382 2514 1579 2584 requies
1622 2521 1718 2579 est,

184 2607 419 2659 vocabitur
440 2615 666 2660 sanctus.
710 2604 817 2660 Sed
851 2602 1001 2669 feriis
1030 2609 1390 2666 connectens,
1422 2617 1514 2669 sea:
1540 2601 1720 2671 diebus

178 2696 368 2766 facietis
382 2714 520 2767 opus,
537 2698 775 2764 ostendit
805 2695 929 2765 quia
959 2696 1135 2765 prima
1161 2693 1294 2757 feria
1320 2694 1434 2749 sive
1456 2692 1722 2749 festivitas

179 2787 302 2855 apud
339 2787 493 2858 legem
523 2788 739 2857 operari
765 2794 878 2851 est,
906 2785 1121 2855 operari
1162 2793 1342 2845 autem
1390 2784 1550 2848 bona.
1591 2783 1722 2851 Pro-

177 2880 333 2941 pterea
357 2876 485 2930 enim
506 2877 590 2931 ait
613 2875 753 2931 :Sea:
776 2874 956 2933 diebus
985 2873 1189 2943 facietis
1216 2889 1365 2943 opus,
1396 2873 1518 2941 quia
1540 2872 1719 2943 omnia

177 2964 289 3018 bona
328 2966 501 3032 valde,
540 2979 880 3036 quaecunque
916 2964 1060 3020 Deus
1112 2962 1166 3023 in
1220 2978 1315 3028 se;
1353 2963 1542 3031 diebus
1591 2977 1720 3017 con-

180 3057 343 3113 stituit.

230 3146 451 3204 Secunda
487 3156 676 3205 autem
713 3146 982 3205 festivitas
1022 3145 1455 3217 praecedentibus
1484 3142 1570 3213 his
1594 3158 1720 3217 ope-

1821 1981 1951 2037 quas
2000 1962 2258 2019 celebrare
2309 1961 2501 2023 debetis
2546 1960 2861 2032 temporibus
2908 1962 3038 2016 suis.
3078 1960 3257 2029 Quare
3290 1976 3394 2015 non

1821 2055 1956 2127 dixit
2001 2052 2147 2119 feria:
2186 2051 2433 2115 Domino,
2488 2053 2580 2106 sed
2626 2052 2770 2122 feria:
2797 2051 3049 2123 Domini;
3088 2061 3180 2106 aut
3208 2051 3389 2127 forsan

1821 2124 1950 2232 illud
1977 2144 2274 2228 auditorem
2300 2144 2431 2219 legis
2460 2152 2788 2208 contestans,
2825 2144 2951 2213 quia
2988 2159 3093 2221 non
3136 2124 3395 2213 simplici-

1821 2218 1904 2297 ter
1948 2218 2268 2314 festivitates
2296 2234 2414 2305 bas,
2454 2234 2520 2288 de
2565 2233 2759 2309 quibus
2792 2240 2877 2291 est
2906 2218 3103 2312 sermo,
3137 2232 3400 2287 celebrari

1820 2324 1931 2379 Deo
1972 2311 2059 2381 les
2082 2324 2359 2394 praecepit,
2390 2325 2483 2393 sed
2512 2323 2639 2394 quia
2666 2321 2781 2397 ejus
2811 2331 2936 2399 sunt
2971 2308 3222 2399 propriae.
3260 2322 3398 2399 Quia

1820 2416 2268 2491 quemadmodum
2295 2414 2615 2483 festivitates
2642 2398 2982 2485 imperatoris
2999 2421 3126 2469 sunt
3153 2398 3251 2478 ,in
3274 2398 3364 2484 qui
3381 2440 3398 2452 ο

1818 2508 1920 2583 bus
1964 2507 2220 2581 victorias
2246 2512 2301 2565 et
2341 2505 2578 2575 trophcea
2606 2513 2793 2558 contra
2830 2504 3016 2559 hostes
3049 2502 3245 2573 erexit,
3282 2500 3405 2555 Sala

1819 2598 1964 2652 vavit
2017 2606 2229 2669 gentes,
2275 2595 2521 2673 civitates
2574 2593 2862 2671 acquisivit
2899 2611 2912 2646 :
2955 2593 3035 2647 sic
3073 2600 3127 2646 et
3166 2590 3395 2652 Christi,

1820 2689 1875 2751 in
1939 2688 2134 2757 quibus
2194 2696 2437 2759 nostrum
2495 2700 2665 2758 genus
2724 2683 2950 2740 salvavit
2979 2723 2992 2745 ,
3051 2690 3105 2759 et
3156 2689 3400 2753 nostram

1820 2780 2187 2851 captivitatem
2224 2777 2589 2853 conquisivit,
2634 2784 2691 2835 et
2740 2758 3105 2843 btereditatem
3151 2787 3215 2825 ex
3263 2785 3397 2843 gen-

1823 2873 1963 2927 tibus
2015 2870 2366 2939 sibimetipsi,
2404 2867 2574 2945 regale
2614 2865 2990 2945 sacerdotium,
3031 2871 3231 2933 gentem
3275 2876 3399 2913 san-

1821 2969 1987 3037 ctam,
2018 2936 2269 3029 populum
2311 2936 2667 3029 acquisitionis
2721 2936 3000 3021 constituit
3044 2948 3101 3022 ’(1
3140 2949 3285 3027 Petr.
3309 2947 3393 3020 ιι).

1822 3038 2035 3116 Dicens,
2069 3048 2381 3121 temporibus
2416 3047 2546 3111 suis,
2576 3060 2680 3099 non
2712 3042 2849 3098 dixit
2878 3043 2956 3097 sic
2984 3043 3051 3097 de
3081 3038 3391 3096 festivitati-

1820 3140 1924 3197 bus
1947 3154 2136 3196 eorum
2162 3157 2175 3192 :
2209 3154 2315 3193 non
2357 3137 2482 3203 illis,
2518 3136 2613 3211 qui
2639 3134 2882 3190 serviunt
2911 3133 3116 3205 ﬁgurae,
3142 3130 3237 3185 sed
3264 3129 3395 3184 ﬁde-

177 3237 324 3303 ribus,
352 3240 599 3309 septimae
631 3238 741 3295 diei
768 3238 987 3307 requies
1022 3245 1142 3301 est,
1178 3252 1340 3309 quam
1368 3234 1718 3292 festivitatem
1747 3239 1792 3303 α
1822 3216 1982 3297 libus,
2012 3238 2069 3286 et
2104 3229 2521 3307 suscipientibus
2562 3225 2929 3305 festivitatem,
2970 3222 3067 3299 has
3093 3227 3399 3289 competere

175 3345 303 3385 acino
326 3332 625 3395 celebrare,
654 3331 749 3401 qui
776 3345 887 3393 non
913 3338 1173 3399 operatus
1197 3336 1282 3393 est
1302 3328 1444 3398 bona
1473 3320 1639 3399 opera
1665 3334 1723 3381 et

176 3420 305 3489 digna
333 3422 455 3487 Deo,
490 3422 719 3493 poterit.
756 3420 889 3475 Nam
922 3406 1024 3475 nec
1054 3418 1253 3474 frustra
1284 3436 1297 3470 :
1345 3418 1488 3472 Deus
1527 3417 1724 3487 quippe

173 3519 265 3566 erat
281 3514 365 3583 qui
389 3512 740 3584 loquebatur,
779 3513 871 3581 qui
898 3511 1103 3587 frustra
1133 3527 1239 3578 non
1266 3509 1525 3584 loquitur.
1562 3508 1725 3565 Prius

174 3602 257 3655 ait:
283 3602 383 3658 Sea
406 3605 598 3660 diebus
623 3604 824 3673 facietis
844 3619 996 3680 opus,
1025 3610 1081 3657 et
1096 3610 1223 3672 post
1246 3603 1352 3671 hoc
1378 3619 1390 3654 :
1416 3600 1540 3673 Dies
1569 3597 1726 3669 septi-

173 3711 286 3760 mis,
312 3698 398 3767 qui
421 3696 637 3752 sabbati
672 3695 892 3765 requies,
940 3703 1015 3753 est
1050 3694 1317 3756 vocabitur
1341 3699 1578 3759 sanctus.
1619 3687 1726 3743 Sed

174 3785 620 3849 adostensionem,
654 3792 716 3839 ut
743 3783 789 3839 si
812 3784 935 3852 quis
962 3784 1031 3838 ad
1066 3782 1424 3851 imitationem
1451 3778 1549 3851 Dei
1581 3778 1725 3845 bona

174 3873 272 3942 agit,
295 3884 347 3930 et
366 3873 746 3943 consequitur,
776 3872 879 3928 hoc
905 3871 1052 3928 enim
1072 3879 1157 3927 est
1185 3870 1239 3938 in
1261 3885 1355 3925 sex
1375 3867 1566 3922 diebus
1593 3880 1722 3935 ope—

173 3965 278 4030 rari,
304 3967 385 4021 hic
410 3963 743 4034 intelligibili
769 3962 1058 4032 requiescit
1083 3960 1331 4025 sabbato,
1363 3959 1430 4013 de
1453 3973 1561 4027 quo
1585 3955 1726 4012 Pau—

172 4054 238 4110 lus
254 4058 451 4115 dicebat
478 4076 494 4112 :
536 4056 873 4119 Timeamus,
899 4071 963 4113 ne
976 4055 1110 4124 forte
1138 4051 1319 4121 relicta
1351 4047 1725 4122 pollicitatione

168 4145 426 4203 introeundi
454 4151 513 4203 in
537 4147 774 4219 requiem
802 4146 967 4217 ipsius
994 4145 1231 4207 uideatur
1254 4158 1318 4199 ex
1357 4140 1496 4195 vobis
1533 4138 1724 4211 aliquis

170 4231 313 4290 deesse
336 4236 526 4308 (Hebr.
562 4235 665 4308 tv).
697 4235 799 4303 Qui
825 4236 968 4293 enim
995 4235 1269 4305 ingressus
1286 4241 1376 4295 ⁹εει
1404 4231 1457 4285 in
1484 4229 1727 4299 requiem

167 4323 278 4390 ejus,
313 4330 475 4382 etiam
500 4328 627 4399 ipse
664 4325 935 4395 requievit
976 4325 1045 4384 ab
1072 4322 1325 4394 operibus
1344 4321 1480 4393 suis,
1503 4320 1646 4375 sicut
1670 4326 1727 4374 et

168 4429 192 4466 ε
212 4418 311 4473 suis
334 4420 500 4479 Deus.

217 4509 477 4577 Adiiciens
496 4517 688 4565 autem
715 4508 878 4563 nimis
900 4508 1308 4576 subsequenter,
1331 4505 1388 4557 in
1410 4503 1610 4559 cunctis
1631 4501 1726 4554 ha-

1822 3322 2146 3388 festivitates
2174 3320 2462 3397 ostendens
2487 3336 2499 3371 :
2535 3331 2766 3393 quarum
2800 3329 2910 3385 una
2935 3320 3037 3377 est,
3062 3311 3128 3365 de
3153 3324 3259 3379 qua
3284 3308 3400 3362 haec

1823 3416 1954 3471 dicit
1983 3433 1996 3469 :
2031 3413 2211 3468 Mense
2238 3414 2404 3485 primo
2439 3410 2834 3482 quartadecima
2860 3407 2943 3461 die
2977 3406 3167 3460 mensis
3193 3403 3261 3457 ad
3314 3419 3400 3456 ve-

1823 3520 2051 3575 speram,
2079 3501 2253 3573 Phase
2277 3500 2483 3569 Domini
2509 3507 2604 3559 est.
2633 3497 2874 3577 Primum
2898 3508 3158 3557 mensem,
3191 3501 3400 3561 tempus

1825 3576 2118 3651 Dominicze
2155 3591 2421 3665 passionis
2469 3596 2617 3645 recte
2660 3587 2917 3665 dicimus,
2962 3584 3016 3637 in
3060 3597 3166 3651 quo
3207 3595 3403 3636 conve-

1824 3683 1982 3740 niunt
2009 3656 2244 3743 maxime
2265 3660 2323 3731 et
2341 3657 2458 3732 haec
2482 3675 2550 3729 ad
2578 3656 2794 3744 Moysen
2818 3672 2981 3727 verba
3008 3686 3038 3723 a
3069 3671 3178 3724 Deo
3206 3670 3348 3723 dicta
3382 3686 3396 3721 :

1828 3771 2023 3837 Mensis
2072 3769 2155 3823 hic
2189 3767 2330 3823 vobis
2374 3764 2691 3838 principium
2732 3761 3019 3841 mensium,
3063 3759 3262 3828 primus
3301 3757 3401 3810 erit

1824 3865 1967 3923 vobis
1990 3865 2045 3933 in
2061 3860 2323 3918 mensibus
2346 3846 2470 3931 anni
2496 3855 2693 3929 (Ea'od.
2718 3855 2840 3925 xu).
3238 3854 3311 3912 ξ’·ι-

1894 3956 2109 4012 initium
2157 3954 2300 4019 enim
2340 3958 2397 4006 et
2443 3950 2716 4022 ingressus
2757 3960 2909 4001 nova:
2950 3945 3075 3999 vitai
3104 3950 3160 3997 et
3188 3956 3331 3996 nunc
3369 3956 3401 3994 a

1826 4049 1981 4104 nobis
2003 4046 2269 4109 inchoatae
2292 4040 2721 4113 conversationis
2758 4047 2874 4102 est,
2913 4035 3218 4106 vespertina
3265 4040 3402 4087 tem-

1825 4154 1976 4211 pora,
2008 4138 2063 4192 in
2097 4136 2293 4206 quibus
2322 4132 2582 4209 Dominus
2608 4129 2858 4192 advenit,
2887 4126 3013 4191 dici,
3045 4123 3278 4180 Joannes
3304 4119 3401 4175 do-

1827 4230 1939 4286 cuit
1964 4246 1976 4281 :
2007 4226 2155 4281 Dixit
2174 4224 2340 4287 enim,
2366 4221 2572 4299 ilioli,
2597 4219 2876 4291 novissima
2898 4216 3027 4270 hora
3063 4223 3158 4268 est.
3191 4212 3273 4266 Ad
3305 4225 3402 4265 ve-

1828 4333 2045 4389 sperum
2089 4315 2297 4370 Pascha
2325 4311 2652 4371 dominicum
2696 4308 2894 4362 factum
2923 4314 3047 4360 est:
3081 4302 3172 4372 qui
3208 4314 3402 4371 passus

1827 4424 1935 4467 non
1972 4423 2096 4462 mox
2150 4414 2390 4479 tempora
2440 4400 2635 4465 ﬁnivit,
2685 4397 2780 4454 sed
2827 4395 3044 4465 reliquit
3092 4391 3398 4449 novissimae

1828 4502 1978 4557 hom
2023 4505 2079 4553 et
2130 4494 2447 4565 vespertinae
2495 4490 2749 4560 reliquias
2774 4530 2788 4552 ,
2830 4488 2887 4543 in
2924 4486 3120 4557 quibus
3157 4490 3414 4553 oporteat

164 4597 471 4657 motionibus
511 4601 701 4656 vestris
727 4612 753 4665 ,·
781 4607 843 4653 ut
893 4607 950 4653 et
992 4612 1090 4667 per
1130 4598 1234 4653 hoc
1280 4593 1608 4666 signiﬁcaret
1661 4592 1728 4647 de
1753 4580 1805 4651 D
1830 4586 2269 4662 praedicationem
2289 4596 2529 4648 currere,
2556 4588 2613 4635 et
2636 4580 2690 4633 in
2710 4592 2817 4648 quo
2845 4590 3060 4631 omnem
3087 4580 3287 4628 terram
3307 4586 3401 4642 pe-

161 4689 332 4745 taequ
356 4690 553 4749 futuro
583 4704 643 4753 se
672 4689 840 4758 loqui.
867 4687 1111 4745 Praesens
1128 4686 1283 4757 ,enim
1307 4684 1539 4759 mundus
1565 4698 1725 4753 pere-

163 4778 368 4845 grinatio
392 4788 500 4845 est,
525 4780 793 4835 habitatio
815 4786 991 4835 autem
1016 4786 1102 4835 est
1122 4793 1241 4847 quae
1268 4776 1529 4846 sequitur.
1561 4774 1730 4831 Nemo

161 4868 282 4924 enim
312 4879 574 4929 nostrum
604 4869 671 4925 de
703 4870 809 4925 illis
836 4869 1215 4932 mansionibus
1243 4884 1342 4933 seu
1380 4865 1731 4923 habitationi-

161 4959 244 5017 bus
262 4964 483 5035 migrat,
516 4978 660 5033 quas
686 4962 854 5017 semel
885 4962 1061 5018 sortiti
1087 4961 1368 5017 fuerimus.
1397 4958 1655 5027 Sequitur
1684 4974 1696 5009 :

218 5049 311 5107 Ha:
336 5064 462 5108 sunt
494 5068 625 5123 ergo
653 5052 800 5123 ferite
831 5051 1041 5107 Domini
1064 5059 1282 5115 sanctaz,
1311 5067 1443 5119 quas
1468 5047 1729 5102 celebrare

161 5141 332 5198 debetis
369 5144 700 5216 temporibus
738 5145 869 5198 suis.
923 5142 1105 5197 Mense
1138 5144 1308 5215 primo
1336 5140 1730 5211 quartadecima

159 5232 231 5288 die
249 5237 441 5292 mensis
471 5235 550 5290 ad
575 5251 835 5305 vesperum
866 5232 1038 5288 Phase
1071 5234 1284 5295 Domini
1310 5242 1403 5296 est,
1438 5241 1485 5286 et
1513 5232 1729 5303 quinta-

159 5323 339 5381 lcciuta
380 5327 474 5381 die
499 5325 699 5383 mensis
736 5325 895 5395 hujus
933 5324 1233 5379 solemnitas
1270 5322 1587 5392 Azymorum
1627 5320 1732 5373 Do-

160 5415 270 5471 mini
296 5426 394 5473 est.
426 5416 647 5487 Septem
665 5415 845 5470 diebus
867 5432 1054 5486 azyma
1081 5414 1378 5478 comedetis,
1396 5414 1505 5465 dies
1529 5413 1728 5480 primus

158 5510 240 5561 erit
260 5511 400 5566 nobis
424 5508 821 5571 celeberrimus,
847 5517 1177 5577 sanctusque.
1210 5503 1375 5565 Omne
1397 5518 1524 5573 opus
1545 5500 1729 5556 servile

160 5613 249 5654 non
271 5599 482 5670 facietis
511 5601 576 5653 in
603 5614 682 5665 eo,
708 5599 798 5652 sed
813 5599 1040 5668 offeratis
1059 5594 1377 5663 sacrificium
1404 5594 1460 5647 in
1482 5593 1597 5662 igne
1623 5591 1732 5645 Do-

161 5690 285 5745 mino
305 5732 321 5757 ,
353 5700 569 5764 septem
601 5688 816 5743 diebus:
844 5688 953 5743 dies
981 5697 1153 5741 autem
1180 5684 1427 5754 septimus
1455 5681 1551 5736 erit
1596 5678 1731 5734 cele-

162 5784 400 5842 bem'mus
453 5793 503 5840 et
550 5782 801 5848 sanctidr,
846 5780 1144 5851 nullumque
1181 5774 1360 5832 servile
1404 5774 1491 5844 ﬁet
1544 5774 1594 5827 in
1649 5788 1728 5827 eo.

1832 4661 2009 4735 netret
2048 4675 2281 4733 salutare
2323 4672 2570 4729 verbum.
2612 4668 2719 4724 Sed
2752 4676 2808 4724 et
2862 4665 2931 4720 ad
2966 4676 3250 4732 vesperum
3291 4661 3407 4715 sive

1831 4768 2009 4825 medio
2040 4764 2472 4835 vespertinorum
2506 4759 2713 4815 Pascha
2736 4755 3016 4828 proprium
3045 4751 3402 4823 praeveniens,

1832 4871 2051 4914 crucem
2081 4871 2233 4913 suam
2268 4853 2516 4910 Christus
2562 4836 2885 4912 celebravit;
2924 4846 3012 4901 die
3042 4844 3186 4900 enim
3212 4843 3407 4912 imagi-

1833 4948 1997 5004 nariae
2027 4945 2336 5002 festivitatis
2357 4941 2649 5014 paschalis,
2676 4953 2796 5010 quas
2825 4943 2945 4993 erat
2979 4932 3404 5005 quartadecima,

1830 5050 1951 5112 post
1979 5054 2185 5095 caenam
2217 5033 2635 5108 supcrsensibile
2684 5046 2871 5086 verum
2903 5028 3134 5091 Pascha,
3164 5023 3305 5095 quod
3336 5022 3406 5076 ad

1830 5132 1947 5201 ejus
1975 5129 2290 5201 mysterium
2332 5124 2639 5195 pertinebat
2680 5118 2957 5190 discipulis
2987 5114 3226 5171 tradidit.
3266 5113 3406 5179 Ergo

1832 5231 1889 5274 et
1923 5233 2029 5272 nox
2056 5226 2175 5273 erat
2211 5216 2322 5285 jam
2352 5214 2566 5284 quando
2594 5226 2790 5282 panem
2824 5208 2990 5264 ludas
3024 5208 3091 5262 de
3120 5219 3276 5260 caena
3316 5201 3405 5255 illa

1833 5310 2101 5380 accipiens
2146 5307 2214 5363 ad
2248 5305 2461 5361 Domini
2511 5302 2855 5357 traditionem
2906 5298 3106 5359 exibat.
3146 5288 3403 5380 Sequenti

1835 5377 2015 5455 autem
2062 5398 2180 5463 die,
2213 5412 2333 5466 qua:
2376 5394 2477 5449 fuit
2509 5393 2940 5464 quintadecima,
2980 5385 3186 5441 Pascha
3226 5377 3409 5434 crucis

1835 5491 2122 5561 implebat;
2161 5495 2381 5558 propter
2404 5486 2546 5556 quod
2574 5485 2629 5538 in
2664 5480 3058 5553 quintadecima
3090 5473 3177 5526 die
3206 5469 3408 5524 mensis

1836 5583 1996 5654 hujus
2020 5581 2364 5635 festivitatem
2397 5579 2537 5633 hanc
2576 5590 2735 5644 agerc
2759 5570 3030 5640 lcgislator
3058 5560 3332 5632 praecepit,
3353 5571 3409 5615 ct

1838 5651 2008 5744 ipsam
2034 5671 2423 5731 celebritatem,
2440 5664 2832 5720 solemnitatem
2858 5668 3166 5725 azymorum
3196 5651 3253 5704 1)(
3266 5651 3408 5704 ιιιιίιή

1839 5762 2171 5833 praedicavit.
2224 5759 2280 5812 Si
2333 5756 2474 5808 enim
2506 5753 2776 5807 celebrare
2804 5747 2918 5815 ejus
2949 5744 3154 5799 Pascha
3194 5745 3410 5814 prnpzio
