3926 6176
508 419 615 480 503

1185 418 1247 478 Β.
1286 417 1539 475 RABANI
1581 419 1797 475 ltlAURl
1836 418 2153 474 ARClllliP.
2194 416 2500 474 MOGUNT.
2539 416 2821 475 OPERUM
2853 417 3037 474 PARS
3071 412 3141 474 l.‘

3641 422 3750 480 505

504 542 560 591 ct
585 547 713 589 vere
740 532 1003 596 volumus,
1045 533 1220 604 azymi
1250 534 1318 587 ab
1349 532 1497 587 omni
1528 531 1733 585 malitia
1761 548 1882 588 esse
1907 531 2068 586 debc-
2096 534 2147 591 Α
2172 546 2287 582 cum
2324 545 2417 598 pro
2463 538 2671 599 peccato
2691 569 2705 593 ,
2752 528 2985 598 duosque
3028 545 3192 599 agnos
3231 531 3508 587 anniculos
3551 535 3757 591 hostias

504 638 646 688 tuus,
674 630 730 678 et
756 623 924 677 multo
957 622 1127 693 magis
1160 637 1191 675 a
1219 620 1441 676 Judaico
1476 636 1663 676 errore
1687 628 1742 675 et
1770 628 2069 685 vetustate;

504 714 646 769 unde
669 722 723 769 et
747 723 1029 784 postquam
1055 712 1253 766 Paulus
1276 712 1447 766 dixit:
1480 710 1686 765 Pascha
1717 722 1949 765 nostrum
1974 712 2071 763 im-

503 802 727 858 molatus
753 813 826 858 est
857 802 1112 867 Christus,
1157 802 1430 861 subdidit:
1471 802 1610 873 Ergo
1646 801 1933 872 epulamur,
1967 818 2070 853 non

501 893 558 947 in
584 892 835 962 fermento
870 894 1047 957 veteri,
1086 909 1248 963 neque
1276 892 1331 945 in
1369 890 1619 959 fermento
1650 890 1864 944 malitia:
1902 898 1951 943 et
1982 906 2071 943 ne-

498 986 709 1053 quitiaz,
735 986 827 1039 sed
868 987 921 1039 in
959 983 1155 1054 azymis
1185 981 1497 1037 sinceritatis
1525 991 1571 1035 et
1610 982 1836 1035 veritatis
1864 980 1916 1051 (Ι
1945 978 2065 1033 Cor.

498 1074 576 1143 ν).
621 1074 689 1129 Et
730 1088 837 1129 non
890 1075 959 1129 ad
1012 1083 1255 1142 tempus,
1311 1072 1406 1128 sed
1448 1073 1595 1127 omni
1652 1079 1835 1127 nostra
1884 1071 1993 1125 vita
2036 1086 2068 1125 a

499 1163 762 1218 fermento
795 1163 1011 1218 malitiae
1039 1162 1226 1219 mundi
1253 1178 1371 1218 esse
1393 1162 1672 1228 debemus,
1701 1169 1758 1215 et
1780 1169 2066 1232 prepterea

497 1254 613 1307 ait:
664 1252 867 1324 Septem
908 1254 1088 1309 diebus
1117 1253 1393 1308 comedetis
1430 1269 1614 1322 azyma
1651 1268 1670 1305 :
1694 1266 1793 1320 per
1820 1260 2067 1321 septena-

498 1344 637 1397 rium
674 1359 957 1397 numerum
1001 1343 1068 1399 de
1106 1343 1252 1398 omni
1281 1342 1438 1397 nobis
1477 1342 1589 1396 vita
1620 1341 1957 1411 praecipiens.
1997 1339 2066 1393 Et

495 1438 604 1493 dies
631 1438 829 1507 primus
855 1438 951 1491 erit
981 1438 1119 1493 vobis
1147 1436 1528 1499 celeberrimus,
1566 1445 1614 1490 et
1638 1444 1887 1499 sanctus;
1914 1451 2065 1490 omne

494 1543 623 1596 opus
653 1525 835 1581 servile
859 1543 964 1580 non
988 1525 1191 1595 facietis
1228 1526 1285 1579 in
1313 1541 1393 1579 eo.
1429 1524 1563 1579 Illud
1587 1525 1732 1579 enim
1753 1524 2064 1580 omnimodo

494 1617 690 1673 servile
714 1632 835 1672 esse
872 1632 1025 1686 opus,
1058 1617 1280 1687 spiritus
1318 1616 1510 1678 innuit,
1552 1615 1618 1670 de
1642 1630 1749 1686 quo
1769 1615 1845 1668 ait
1882 1613 2065 1668 Domi—

495 1724 634 1764 nus:
671 1708 852 1772 Amen,
897 1724 1049 1761 amen
1096 1706 1213 1762 dico
1264 1706 1431 1771 vobis,
1477 1706 1568 1776 qui
1614 1704 1739 1775 facit
1767 1714 2061 1775 peccatum,

490 1813 667 1851 servus
701 1804 776 1850 est
804 1796 1002 1864 peccati
1024 1794 1205 1867 (Joan.
1239 1795 1300 1867 ι).
1325 1795 1381 1850 Si
1415 1794 1561 1850 enim
1596 1808 1782 1849 verum
1821 1792 2061 1848 celebra-

2171 623 2529 692 paci/icorum.
2561 620 2794 691 Cumque
2825 621 3096 675 elevaverit
3126 638 3187 675 ea
3212 622 3459 677 sacerdos
3497 642 3617 678 cum
3660 644 3755 696 pa-

2173 710 2321 764 nibus
2362 711 2715 781 primitiarum
2757 725 2935 764 coram
2981 709 3223 773 Domino,
3267 712 3446 765 cedent
3490 712 3544 765 in
3598 730 3751 768 usum

2169 798 2303 868 ejus.
2331 796 2397 851 Et
2425 798 2670 853 vocabitis
2696 800 2833 851 hunc
2861 798 2997 851 diem
3021 797 3412 853 celeberrimum
3440 812 3601 858 atoue
3636 820 3755 857 san-

2172 889 2461 942 ctissimum
2490 901 2509 939 :
2537 888 2704 943 Omne
2730 904 2858 956 opus
2888 888 3071 943 servile
3098 905 3200 943 non
3229 889 3433 958 facietis
3457 892 3512 945 in
3537 909 3621 946 eo.
3652 893 3753 947 Le-

2167 979 2408 1049 gitimum
2437 980 2808 1049 sempiternum
2849 980 2945 1033 erit
2989 980 3046 1032 in
3089 981 3291 1034 cunctis
3339 980 3662 1038 habitaculis
3703 994 3751 1039 et

2166 1072 2585 1140 generationibus
2613 1072 2813 1125 vestris.
2857 1070 3088 1138 Quidam
3115 1080 3296 1126 autent
3321 1070 3635 1129 Iudaeorum
3668 1076 3751 1131 in-

2165 1160 2456 1215 veniuntur
2516 1160 2863 1216 Pentecostes
2929 1160 3281 1216 festivitatem
3343 1162 3667 1229 celebrare,
3718 1182 3750 1221 a

2164 1251 2339 1321 prima
2384 1251 2528 1306 enim
2560 1267 2895 1323 azymorum,
2933 1267 3041 1306 non
3088 1260 3269 1307 autem
3315 1268 3346 1307 a
3395 1254 3485 1310 die
3539 1256 3596 1309 in
3645 1272 3750 1326 qua

2165 1341 2470 1412 manipulus
2522 1343 2913 1411 primitiarum,
2981 1343 3035 1397 in
3100 1344 3435 1410 crastinum,
3507 1348 3747 1403 secunda

2164 1431 2413 1486 videlicet
2462 1431 2569 1495 die,
2608 1440 3004 1502 computantes,
3032 1432 3298 1488 celebrari
3337 1434 3576 1490 sibimet.
3602 1435 3747 1492 Pen-

2165 1528 2400 1577 tecosten
2438 1522 2752 1591 praadicant.
2793 1522 3022 1592 Propter
3061 1523 3203 1592 quod
3244 1523 3325 1579 eis
3360 1524 3623 1580 Dominus
3649 1525 3750 1580 im-

2159 1628 2457 1683 properans
2498 1614 2642 1683 quod
2667 1615 2832 1668 etiam
2863 1615 3156 1669 secundum
3200 1615 3436 1670 litteram
3486 1633 3594 1672 non
3648 1618 3745 1672 imo

2159 1703 2367 1771 plerent
2411 1702 2612 1772 legem,
2644 1704 2893 1758 dicebat:
2930 1704 2995 1758 Et
3033 1722 3182 1760 nemo
3220 1722 3285 1759 es:
3323 1707 3465 1761 vobis
3499 1708 3633 1776 facit
3662 1709 3739 1763 le-

2158 1812 2291 1866 gem.
2339 1795 2579 1850 Ecclesia
2625 1804 2804 1850 autem
2854 1795 3006 1861 facit,
3036 1796 3180 1851 sicut
3217 1812 3360 1852 nunc
3404 1799 3745 1861 ostenditur,

492 1903 613 1941 mus
640 1887 868 1953 Pascha,
892 1888 1101 1957 peccati
1131 1886 1410 1942 servitium
1441 1885 1730 1957 fugiamus,
1760 1884 1885 1954 quia
1908 1882 2063 1939 Chri—
2092 1885 2139 1945 Β
2165 1885 2493 1957 Locutusque
2527 1895 2603 1940 est
2642 1886 2899 1941 Dominus
2925 1887 2995 1940 ad
3029 1886 3246 1957 Moysen
3269 1888 3446 1942 dicens
3468 1902 3487 1939 :
3515 1888 3746 1962 Loquere

489 1985 625 2041 stus,
653 1978 743 2046 qui
768 1993 865 2048 pro
883 1979 1037 2033 nobis
1059 1993 1251 2049 passus
1275 1985 1378 2043 est,
1400 1992 1431 2031 a
1454 1985 1676 2046 peccato
1697 1991 1796 2030 nos
1817 1982 1872 2029 et
1891 1973 2059 2029 servi-

491 2075 605 2121 tute
628 2067 746 2137 ejus
777 2067 1042 2123 liberavit.
1081 2067 1195 2122 Non
1237 2069 1362 2137 quia
1391 2069 1565 2138 prima
1608 2068 1695 2123 die
1733 2082 1893 2122 omne
1922 2080 2057 2136 Opus

486 2158 682 2213 servile
734 2174 843 2213 non
906 2159 1024 2215 ﬁeri
1073 2160 1368 2230 prmcepit,
1432 2158 1553 2213 aliis
1624 2166 1804 2213 autem
1870 2156 2057 2213 diebus

489 2249 611 2306 ideo
636 2264 797 2320 opera
823 2250 908 2320 agi
932 2250 1145 2306 servilia
1167 2250 1449 2319 praecepit;
1474 2250 1594 2305 vide
1617 2249 1760 2304 enim
1784 2247 1913 2317 quid
1933 2247 2058 2301 sub-

488 2340 623 2396 didit
648 2357 660 2392 :
700 2338 802 2395 Sed
842 2341 1069 2409 oﬂ'eretis
1097 2340 1415 2409 sacrificium
1438 2340 1493 2393 in
1521 2340 1637 2409 igne
1664 2338 1912 2404 Domino,
1944 2337 2057 2392 sive

488 2439 548 2485 ut
567 2429 945 2501 Septuaginta:
976 2431 1217 2502 Oﬁ‘eretis
1238 2431 1682 2486 holocaustomata
1704 2430 1927 2485 Domino
1948 2447 2058 2500 sep-

487 2531 589 2575 tem
632 2520 811 2577 diebus
840 2539 859 2575 :
898 2523 1013 2576 dies
1057 2532 1237 2576 autem
1280 2523 1527 2592 septimus
1585 2523 1683 2576 erit
1720 2520 1971 2575 celebrior
2006 2530 2055 2575 et

487 2614 738 2678 sanctior,
767 2613 1069 2685 nullumque
1091 2632 1219 2686 opus
1243 2614 1426 2669 servile
1450 2615 1654 2685 facietis
1682 2614 1736 2668 in
1761 2630 1841 2668 eo.

555 2703 1025 2761 Holoeaustomata
1048 2721 1177 2777 ergo
1202 2714 1407 2775 septem
1437 2705 1627 2760 diebus
1653 2704 1834 2759 offerri
1866 2705 2057 2775 praeci-

483 2795 660 2865 piens,
687 2796 946 2851 abstineri
979 2797 1143 2853 etiam
1177 2799 1244 2854 ab
1289 2797 1537 2853 omnibus
1564 2798 1817 2867 operibus
1851 2797 2055 2852 servili-

487 2889 587 2943 bus
616 2889 670 2943 in
716 2890 798 2945 cis
827 2890 1101 2962 praecepit.
1132 2890 1413 2958 Quomodo
1454 2890 1601 2945 enim
1645 2891 1765 2959 quis
1797 2889 2053 2943 holocau-

484 2987 624 3033 stum
654 2978 762 3035 Deo
781 2978 995 3047 oll'erat,
1022 2980 1235 3039 diabolo
1256 2981 1469 3052 dignus,
1496 2988 1591 3035 aut
1612 2979 1826 3035 servilia
1848 2993 2011 3050 agens
2029 2978 2055 3032 ἲ

483 3068 685 3125 Deinde
717 3087 824 3126 non
865 3071 1036 3126 solum
1064 3071 1318 3143 primam,
1361 3071 1457 3126 sed
1486 3079 1543 3125 et
1569 3071 1854 3139 septimam
1893 3084 2055 3139 prop-

482 3170 633 3215 terea
682 3162 1018 3227 nominavit,
1065 3170 1126 3216 ut
1171 3163 1226 3217 in
1261 3162 1435 3232 prima
1479 3171 1535 3215 et
1580 3161 1840 3230 septima,
1885 3168 2052 3214 totam

2161 1977 2287 2046 ﬁliis
2315 1977 2508 2044 Israel,
2532 1987 2582 2033 et
2602 1978 2744 2033 dices
2774 1980 2847 2032 ad
2873 1995 2994 2033 eos:
3020 1977 3150 2034 Cum
3171 1981 3390 2051 ingressi
3410 1982 3619 2051 fueritis
3639 1994 3747 2038 ter-

2163 2084 2299 2133 ram,
2322 2077 2376 2124 et
2396 2078 2610 2124 cetera.

2233 2159 2457 2214 Terram
2488 2176 2516 2214 a
2555 2159 2667 2215 Deo
2703 2159 2888 2215 datam
2933 2162 3303 2233 evangelicatn
3338 2163 3647 2220 doctrinam
3688 2176 3745 2223 et

2161 2251 2626 2305 conversationem
2678 2249 2991 2321 frequenter
3048 2252 3332 2307 docuimus
3371 2270 3384 2306 :
3423 2254 3544 2323 ipsa
3594 2256 3742 2311 enim

2161 2348 2304 2395 terra
2355 2339 2553 2395 dicitur
2600 2350 2824 2411 propter
2859 2340 3068 2397 fructus
3114 2342 3373 2398 virtutum
3408 2360 3533 2414 quae
3561 2360 3631 2402 ex
3677 2362 3747 2403 ea

2159 2430 2434 2496 oriuntur,
2460 2431 2528 2486 ab
2568 2431 2685 2500 ipso
2713 2439 2895 2485 autem
2937 2432 3065 2487 data
3091 2442 3206 2496 est;
3232 2448 3409 2504 neque
3438 2438 3588 2490 enim
3628 2452 3742 2493 me-

2158 2521 2368 2577 diatore
2404 2523 2473 2577 ad
2518 2523 2659 2578 hanc
2686 2538 2817 2577 usus
2845 2532 2960 2589 est,
3004 2524 3099 2579 sed
3127 2526 3347 2595 prOprio
3374 2542 3497 2581 eam
3528 2543 3753 2584 annon-

2161 2612 2314 2668 tiavit
2347 2627 2459 2667 ore.
2497 2612 2723 2680 Quando
2769 2628 2898 2684 ergo
2951 2614 3181 2685 ingressi
3234 2625 3360 2670 sunt
3393 2625 3448 2671 et
3486 2633 3741 2674 messue-

2158 2713 2284 2760 runt
2311 2715 2524 2777 segetes
2550 2706 2689 2776 ejus,
2733 2706 2789 2762 bi
2826 2707 2916 2777 qui
2957 2718 3312 2779 susceperunt
3339 2711 3582 2768 salutare
3608 2729 3735 2769 ver-

2155 2795 2324 2850 bum:
2354 2795 2430 2850 illi
2474 2797 2619 2852 enim
2647 2806 2775 2852 sunt
2810 2807 2865 2853 et
2899 2814 3169 2855 messores
3198 2800 3552 2871 intelligibilis
3579 2820 3738 2876 sege-

2159 2888 2246 2952 tis,
2271 2887 2338 2942 ad
2367 2903 2504 2958 quos
2531 2888 2791 2944 Dominus
2811 2890 3060 2945 dicebat:
3092 2890 3277 2947 Messi:
3301 2894 3515 2963 quidem
3548 2896 3741 2964 multa,

2156 2978 2383 3049 operarii
2417 2987 2591 3033 autem
2627 2981 2803 3049 pauci.
2838 2979 3036 3051 Rogata
3077 2998 3198 3053 ergo
3232 2983 3515 3039 Dominum
3554 2990 3743 3044 messis

2155 3076 2213 3120 ut
2242 3068 2414 3121 mittat
2442 3069 2708 3139 operarios
2731 3070 2785 3123 in
2811 3087 3026 3125 messem
3056 3089 3207 3125 suam
3238 3072 3390 3145 (Luc.
3417 3075 3497 3147 ι).
3532 3077 3741 3145 Quibus

2154 3160 2317 3213 etiam
2349 3160 2499 3215 verbi
2544 3163 2859 3232 mysterium
2898 3165 3148 3228 credidit,
3181 3174 3309 3223 tunc
3350 3170 3497 3225 enim
3541 3175 3740 3231 messis

481 3250 960 3316 comprehenderet
984 3251 1152 3306 vitam
1173 3252 1464 3307 humanam
1489 3268 1501 3303 :
1526 3251 1614 3305 illa
1640 3252 1783 3305 enim
1817 3251 2050 3316 initium,
2079 3263 2124 3325 ρ
2155 3253 2234 3307 sic
2263 3261 2471 3307 matura
2499 3263 2639 3320 erat,
2669 3264 2730 3310 ut
2758 3257 3017 3313 Dominus
3041 3258 3285 3314 diceret:
3326 3259 3518 3315 Levat:
3554 3263 3738 3319 oculos

481 3338 583 3397 ista
630 3346 811 3394 autem
853 3340 1014 3395 linem
1043 3340 1222 3403 habet,
1253 3340 1308 3394 in
1338 3354 1442 3417 qua
1478 3339 1660 3395 omnia
1699 3341 2055 3409 comprehen-

480 3429 699 3487 duntur.
733 3429 989 3502 Sequitur
1014 3449 1028 3486 :

549 3517 879 3591 Locutusque
904 3530 981 3575 est
1009 3520 1267 3575 Dominus
1296 3520 1365 3575 ad
1409 3519 1626 3590 Moysen
1646 3560 1661 3584 ,
1687 3519 1864 3573 dicens
1904 3532 1924 3571 :
1953 3516 2056 3572 Lo-

478 3626 636 3680 quere
661 3609 790 3671 filiis
815 3611 1005 3678 Israel,
1035 3621 1082 3667 et
1121 3612 1259 3669 dices
1288 3612 1357 3666 ad
1382 3628 1467 3667 eos
1488 3626 1506 3663 :
1537 3610 1669 3666 Cum
1696 3611 1914 3684 ingressi
1942 3610 2056 3680 fue-

477 3702 594 3755 ritis
637 3702 690 3755 in
719 3713 914 3759 terram
951 3721 1110 3776 quam
1145 3720 1237 3775 ego
1272 3702 1407 3758 dabo
1451 3703 1612 3770 vobis,
1650 3713 1699 3757 et
1738 3703 2054 3757 messueritis

478 3800 669 3860 segetes
697 3802 850 3846 teme
878 3803 1082 3858 vestrm,
1113 3792 1290 3863 feretis
1328 3791 1623 3862 manipulos
1657 3793 1920 3863 spicarum
1948 3792 2056 3862 pri-

481 3882 659 3935 mitias
678 3884 856 3937 messis
886 3893 1065 3939 vestra:
1095 3883 1164 3936 ad
1194 3883 1547 3946 sacerdotem,
1575 3883 1665 3952 qui
1694 3881 1880 3936 levabit
1903 3881 2055 3951 fasci-

479 3973 656 4028 culum
692 3991 868 4029 coram
906 3975 1151 4041 Domino,
1191 3985 1243 4029 ut
1288 3973 1617 4044 acceptabilis
1656 3975 1722 4028 sit
1754 3990 1850 4044 pro
1878 3974 2052 4039 vobis;

475 4063 643 4119 altero
669 4064 755 4121 die
795 4066 1008 4119 sabbato
1045 4065 1392 4133 sanctiﬁcabil
1422 4064 1570 4118 illum
1614 4065 1847 4136 atquein
1874 4065 2053 4118 eodem

475 4156 561 4209 die
595 4172 698 4226 quo
733 4156 1033 4227 manipulus
1062 4167 1396 4211 consecratur
1420 4157 1649 4211 credetur
1675 4173 1841 4225 agnus
1869 4157 2053 4209 imma-

475 4249 683 4304 culatus
715 4250 992 4305 anniculus
1032 4251 1089 4305 in
1127 4249 1489 4305 holocaustum
1531 4248 1778 4304 Domino.
1808 4250 1874 4304 Et
1917 4249 2052 4303 liba—

473 4350 647 4394 menta
700 4341 984 4410 afferentur
1015 4358 1133 4396 cum
1175 4358 1258 4407 eo,
1289 4343 1410 4396 dum
1456 4341 1670 4396 decima:
1704 4341 1891 4396 simin
1930 4357 2053 4395 con-

476 4447 666 4497 spersae
690 4431 801 4489 oleo
838 4434 895 4487 in
922 4433 1189 4490 incensum
1224 4434 1473 4500 Domino,
1515 4434 1825 4503 odoremque
1854 4434 2052 4487 suavis-

473 4522 667 4576 simum
699 4535 718 4573 :
750 4522 857 4576 liba
885 4540 1085 4594 quoque
1114 4524 1218 4583 vini
1245 4534 1434 4595 quarta
1472 4540 1596 4590 pars
1624 4524 1713 4575 Itin
1733 4563 1746 4587 ,
1786 4539 1973 4592 panem
2001 4531 2049 4575 et

2158 3355 2350 3400 vestros
2369 3354 2418 3401 et
2441 3347 2605 3402 videte
2628 3349 2879 3419 regiones,
2901 3352 3026 3422 quia
3048 3351 3180 3406 alba:
3202 3362 3322 3407 sunt
3345 3352 3418 3406 ad
3440 3356 3739 3411 metendum

2156 3434 2301 3490 olim.

2226 3526 2550 3599 Manipulum
2592 3537 2774 3586 autem
2810 3532 3174 3602 primitiarum
3195 3573 3211 3599 ,
3245 3532 3605 3603 intelligibilis
3648 3551 3736 3591 sa-

2154 3617 2346 3674 cerdos
2392 3617 2640 3675 Christus
2687 3635 2886 3691 corpus
2933 3622 3213 3692 proprium
3257 3621 3523 3677 offerebat
3561 3642 3576 3677 :
3610 3625 3740 3695 quis

2154 3708 2301 3763 enim
2327 3708 2621 3779 capitulum
2655 3710 2769 3765 sive
2812 3726 3023 3766 summa
3060 3711 3259 3766 messis
3282 3710 3433 3765 verbi
3482 3712 3739 3769 videlicet

2155 3797 2473 3865 Salvatoris,
2500 3807 2558 3854 et
2584 3799 2780 3854 divinae
2808 3800 3224 3869 prmdicationis,
3250 3808 3595 3855 mortuorum
3619 3811 3737 3857 erat

2153 3889 2500 3953 resurrectio,
2528 3903 2689 3943 verus
2724 3889 3030 3958 manipulus
3059 3897 3115 3943 et
3157 3904 3299 3943 verte
3340 3889 3602 3958 primitim
3640 3907 3737 3944 no-

2154 3984 2278 4031 stra:
2331 3978 2525 4033 messis
2581 3985 2711 4032 tunc
2759 3977 3110 4047 intelligibilis
3167 3979 3423 4033 sacerdos
3482 3978 3736 4035 Christus

2152 4083 2349 4137 corpus
2386 4069 2663 4138 proprium
2687 4082 2717 4122 a
2747 4068 2974 4123 mortuis
3000 4067 3304 4122 suscitavit.
3341 4068 3418 4122 De
3448 4083 3559 4137 quo
3594 4069 3735 4124 Pau-

2152 4158 2235 4213 lus
2264 4159 2475 4213 dicebat
2499 4173 2512 4211 :
2548 4157 2705 4231 Nunc
2734 4168 2909 4211 autem
2938 4156 3177 4212 Christus
3221 4159 3504 4211 resurrexit
3530 4176 3564 4210 a
3594 4175 3735 4212 mor-

2152 4251 2255 4304 tuis
2276 4246 2530 4320 primitiae
2557 4249 2926 4303 dormientium
2972 4248 3023 4320 (1
3051 4247 3173 4303 Cor.
3201 4250 3333 4322 xvi).
3365 4248 3474 4305 Sed
3509 4252 3731 4320 quando

2151 4343 2255 4397 hoc
2281 4340 2482 4395 factum
2511 4340 2627 4394 est?
2649 4338 2828 4393 Altera
2857 4340 2943 4394 die
2969 4340 3156 4410 primm
3185 4340 3364 4409 offeret
3392 4340 3527 4394 illud
3555 4358 3734 4395 sacer-

2150 4432 2264 4485 dos.
2310 4432 2443 4485 Esse
2483 4441 2663 4485 autem
2690 4431 2920 4499 primam
2960 4430 3102 4485 diem
3149 4430 3433 4486 dominicae
3464 4432 3734 4501 passionis

2150 4537 2213 4575 ea
2254 4537 2374 4591 qua:
2404 4530 2527 4576 ante
2558 4522 2661 4575 hoc
2699 4520 2936 4574 diximus
2978 4519 3351 4585 ostenderunt,
3386 4521 3441 4574 in
3482 4538 3593 4591 qua
3631 4523 3733 4577 Do-

475 4612 738 4681 polentam
766 4624 815 4670 et
852 4615 1053 4685 pultes,
1100 4633 1205 4671 non
1251 4616 1528 4671 comedetis
1571 4632 1635 4669 ex
1679 4623 1845 4684 segete
1887 4630 2048 4681 usque
2074 4611 2126 4670 D
2153 4612 2331 4665 minus
2356 4626 2510 4685 suam
2541 4609 2777 4664 hostiam
2826 4624 2933 4663 non
2965 4608 3081 4663 sine
3118 4608 3325 4664 ratione
3369 4609 3727 4680 dispensavit.

473 4703 545 4757 ad
578 4704 714 4762 diem
745 4722 848 4776 quo
886 4708 1121 4777 offeratis
1164 4724 1229 4763 ea:
1263 4725 1324 4763 ea
1354 4707 1463 4763 Deo
1499 4716 1686 4770 vestro,
1734 4713 2047 4775 prceceptum

471 4805 549 4851 est
584 4798 952 4867 sempiternum
982 4800 1037 4853 in
1065 4799 1482 4870 generationibus
1521 4796 1817 4865 cunctisque
1845 4794 2050 4847 habita-

472 4884 606 4939 culis
647 4888 849 4941 vestris.
881 4887 1241 4942 Numerabitis
1269 4904 1390 4958 ergo
1422 4888 1486 4940 ab
1521 4885 1683 4938 altero
1720 4884 1803 4935 die
1844 4882 2046 4936 sabbati

470 4978 528 5031 in
571 4993 673 5048 quo
727 4978 1053 5049 manipulum
1109 4977 1367 5033 obtulistis
1416 4975 1764 5046 primitiarum
1790 5013 1804 5037 ,
1852 4982 2043 5042 septem

470 5068 822 5126 hebdomadas
851 5071 1051 5142 plenas,
1085 5086 1245 5141 usque
1269 5069 1338 5122 ad
1375 5068 1595 5123 alteram
1627 5065 1762 5118 diem
1797 5064 2044 5133 explatio-

471 5163 553 5216 nis
573 5161 912 5217 hebdomadas
942 5163 1196 5232 septimm,
1231 5159 1285 5213 id
1313 5168 1411 5223 est,
1438 5154 1816 5228 quinquaginta
1841 5155 1971 5216 dies.
1995 5165 2042 5208 et

469 5258 544 5311 sic
579 5256 808 5326 o/feretis
854 5254 1173 5321 sacriﬁcium
1211 5265 1398 5304 novum
1438 5247 1663 5300 Domino
1706 5262 1769 5299 ea;
1806 5245 2043 5298 omnibus

472 5345 783 5401 habitaculis
808 5344 1007 5407 vestris,
1034 5358 1193 5411 panes
1221 5340 1569 5409 primitiarum
1601 5336 1732 5390 duos
1755 5335 1818 5388 de
1838 5334 2041 5388 duabus

469 5438 684 5491 decimis
720 5434 907 5490 simin
934 5434 1255 5504 fermentata:
1289 5445 1416 5502 quos
1441 5429 1669 5499 coquetis
1699 5427 1752 5479 in
1785 5427 2043 5496 primitias

469 5529 699 5593 Domini,
725 5527 1051 5598 o/I‘eretisque
1070 5540 1187 5577 cum
1211 5522 1429 5595 panibus
1458 5530 1643 5591 septem
1669 5537 1829 5589 agnos
1856 5521 2042 5574 imma-

473 5619 671 5671 culatos
718 5614 1011 5680 anniculos,
1041 5624 1090 5668 et
1121 5612 1339 5668 vitulum
1378 5614 1441 5665 de
1479 5620 1715 5663 armento
1754 5625 1945 5669 unum,
1992 5620 2038 5662 et

473 5704 657 5755 arietes
682 5706 833 5757 duos.
866 5704 931 5757 Et
959 5715 1109 5756 erunt
1136 5705 1189 5757 in
1219 5702 1577 5755 holocaustum
1603 5716 1719 5752 cum
1745 5699 2040 5752 libamentis

477 5793 583 5849 suis
617 5794 669 5851 iu
698 5792 905 5849 adorem
934 5796 1296 5849 suavissimum
1330 5792 1570 5845 Domino.
1600 5790 1829 5843 Facietis
1856 5800 1901 5843 et
1930 5789 2040 5843 hir-

2152 4702 2260 4757 Sed
2286 4681 2411 4772 quia
2453 4703 2626 4773 prima
2657 4716 2970 4771 azymorum
2998 4702 3115 4756 haec
3138 4707 3194 4755 et
3239 4701 3413 4771 prima
3456 4703 3733 4771 paschalis

2148 4791 2460 4846 festivitatis
2503 4790 2807 4853 dicebatur,
2853 4788 3024 4843 altera
3065 4799 3249 4844 autem
3291 4788 3409 4844 dies
3437 4791 3727 4858 passionis.

2148 4884 2476 4938 resurrectio
2503 4882 2623 4936 fuit.
2653 4882 2893 4936 Primum
2921 4882 3065 4936 enim
3101 4881 3437 4951 manipulum
3463 4882 3732 4951 primitia-

2148 4990 2267 5028 rum
2301 4973 2636 5028 saccrdotcm
2670 4972 2911 5027 ostendit
2954 4970 3294 5036 offerentem,
3322 4978 3445 5039 post
3480 4972 3587 5026 hoc
3627 4986 3728 5026 an-

2148 5073 2256 5118 tent
2287 5063 2361 5116 ait
2388 5080 2400 5116 :
2432 5061 2600 5132 Atque
2636 5063 2690 5115 in
2727 5061 2907 5115 eodem
2946 5061 3030 5114 die
3063 5078 3163 5132 quo
3202 5060 3506 5121 manipulus
3549 5078 3728 5116 conse-

2147 5160 2345 5215 cratur,
2378 5151 2605 5204 credetur
2633 5167 2798 5220 agnus
2826 5148 3196 5203 inmaculatus
3233 5149 3516 5204 anniculus
3547 5151 3605 5204 in
3636 5152 3732 5206 Ito-

2146 5243 2441 5298 locaustum
2464 5242 2718 5306 Domino;
2738 5242 2928 5297 volens
2949 5257 3047 5297 nos
3071 5241 3124 5295 in
3147 5241 3236 5296 die
3256 5256 3362 5311 qua
3384 5241 3731 5296 celebramus

2146 5332 2359 5386 Domini
2406 5331 2884 5395 resurrectionem,
2935 5341 2990 5385 et
3031 5329 3290 5398 manipuli
3334 5328 3730 5400 intelligibilem

2145 5424 2470 5477 oblationem
2511 5422 2870 5484 celebramus,
2904 5408 3012 5474 non
3052 5418 3300 5473 oblivisci
3339 5417 3613 5473 Dominici
3643 5434 3734 5474 sa-

2145 5517 2357 5583 criﬁcii,
2386 5532 2453 5571 ex
2490 5530 2599 5585 quo
2624 5513 2776 5568 nobis
2814 5521 2900 5566 est
2935 5510 3135 5565 oblatio
3164 5507 3425 5577 manipuli
3457 5526 3470 5560 :
3497 5510 3596 5563 sed
3624 5522 3734 5562 cre-

2145 5610 2272 5663 dere
2295 5622 2488 5678 agnum
2510 5602 2910 5658 immaculatum
2934 5599 3240 5654 anniculum
3264 5599 3318 5652 in
3346 5596 3733 5651 holocaustum

2147 5697 2391 5757 Domino,
2433 5690 2824 5761 intelligibilem
2872 5704 3068 5759 agnum
3114 5685 3326 5741 Domini
3372 5685 3732 5740 traditionem

2146 5788 2485 5841 immolantes
2528 5784 2751 5853 mystice
2782 5790 2831 5834 et
2877 5781 3183 5834 oilercntcs.
3228 5778 3398 5848 lizsius
3430 5787 3622 5837 autem
3670 5784 3734 5830 ut
