3918 6180
248 325 365 383 505
922 327 969 342 “

1172 322 1671 382 EXPOSITIONES
1707 324 1777 379 IN
1813 322 2207 380 LEVITICUM.
2248 354 2319 363 —
2356 322 2616 413 LlB..V'l.

3394 304 3501 386 sos

243 439 579 496 sacriﬁcium
625 437 877 494 caedentis
921 439 1234 494 memoriam
1281 439 1435 504 fecit,
1470 454 1644 509 neque
1679 438 1822 494 enim
1850 438 2127 507 Aciperc.
2172 439 2240 493 Et
2268 454 2463 494 novum
2508 439 2836 496 sacriﬁcium
2885 442 3112 500 Domino
3144 452 3271 503 tmc
3316 447 3500 505 oﬁ'erri

238 532 429 593 aliter,
460 530 555 585 sed
583 544 680 599 per
707 528 824 598 ejus
852 529 1230 583 mediationem
1261 539 1317 584 et
1342 530 1600 584 virtutem
1648 544 1679 582 a
1706 544 1825 582 sen-

239 621 392 676 sibili
421 621 491 675 ad
537 620 897 691 intelligibilia
926 620 1344 686 transferuntur,
1373 636 1436 675 ea
1465 635 1584 688 quae
1630 620 1686 673 in
1729 618 1822 674 illo

239 711 518 768 sacriﬁcio
551 723 837 782 peragunt.
882 710 951 765 Et
994 713 1140 782 quod
1188 713 1293 767 hoc
1338 723 1424 769 est
1455 714 1817 769 sacriﬁcium:

235 801 384 856 Duas
420 801 634 857 decium:
676 801 865 856 simila:
906 820 1196 873 conspersa:
1236 804 1367 859 oleo.
1411 805 1636 875 Oportet
1676 807 1822 861 enim

237 892 389 947 scire
421 890 718 962 perfectam
760 892 1155 948 humanitatem
1198 903 1253 949 ct
1295 894 1591 965 perfectam
1623 896 1820 951 divini-

238 989 414 1034 tatem
451 980 833 1051 contemplari,
877 982 933 1035 id
973 990 1057 1036 est
1074 996 1103 1047 ,'
1139 982 1196 1037 in
1228 999 1397 1038 unum
1425 985 1735 1051 convenire,
1766 986 1821 1039 in

237 1069 384 1133 oleo,
412 1069 469 1124 id
492 1078 604 1135 est,
638 1085 735 1140 per
763 1086 905 1135 eam,
936 1086 1099 1140 quam
1127 1073 1272 1127 circa
1306 1090 1404 1129 nos
1431 1074 1626 1139 habet,
1671 1090 1822 1130 com-

235 1159 602 1228 passionem:
650 1161 747 1215 sed
795 1161 939 1215 enim
985 1162 1312 1218 sacriﬁcium
1357 1165 1493 1219 odor
1535 1165 1820 1221 suavitatis

236 1248 471 1304 Domino
528 1249 833 1316 invenitur,
886 1251 1219 1323 sapientibus
1261 1254 1420 1309 nobis
1459 1254 1527 1309 de
1567 1270 1634 1311 eo
1673 1256 1821 1327 quod

234 1338 406 1410 digna
432 1348 581 1394 sunt.

307 1429 372 1484 In
416 1429 616 1501 quibus
649 1437 830 1484 autem
875 1430 1204 1487 sacriﬁcium
1232 1441 1290 1489 et
1320 1450 1419 1504 per
1448 1450 1585 1505 quos
1614 1436 1815 1508 agitur,

232 1518 512 1586 quomodo
537 1517 846 1573 celebratur
891 1520 1246 1593 intelligibilis
1275 1524 1398 1595 agni
1427 1525 1649 1591 oblatio,
1676 1527 1819 1596 quod

231 1609 506 1679 sequitur,
550 1610 787 1664 ostendit
822 1629 835 1665 :
878 1626 1053 1679 neque
1100 1613 1243 1668 enim
1284 1614 1340 1668 in
1388 1616 1670 1682 sanguine,
1717 1632 1819 1673 nec

233 1714 339 1768 per
370 1697 761 1752 irrationabilia
782 1699 1055 1763 animalia,
1082 1700 1413 1756 sacriﬁcium
1438 1717 1470 1757 a
1495 1703 1650 1758 nobis
1675 1704 1817 1760 Deus

232 1788 500 1858 suscipit,
548 1789 847 1843 secundum
896 1791 1040 1859 quod
1089 1794 1371 1860 sequentia
1419 1792 1810 1849 demonstrant.
1842 1779 1889 1838 Β

231 1878 327 1932 Ait
361 1878 505 1935 enim
535 1897 548 1932 :
582 1877 711 1931 Liba
747 1895 949 1950 quoque
983 1882 1092 1935 vini
1119 1891 1309 1951 quarta
1334 1898 1457 1950 pars
1490 1883 1601 1947 hin,
1626 1901 1815 1954 panem

232 1980 283 2024 et
331 1970 637 2040 polentam;
682 1972 808 2041 quia
853 1971 1075 2026 dubium
1125 1971 1364 2029 futurum
1416 1983 1536 2030 erat
1569 1975 1754 2031 forsan
1783 1992 1814 2031 a

230 2068 433 2140 quibus
469 2070 784 2140 mysterium
809 2068 1087 2133 sacriﬁcii,
1114 2072 1258 2139 quod
1286 2086 1382 2140 per
1406 2070 1679 2126 Christum
1710 2079 1812 2138 est,

229 2159 379 2228 quod
420 2159 669 2229 superius
699 2159 934 2214 diximus
973 2159 1296 2215 celebratur.
1342 2160 1520 2216 Habes
1560 2176 1687 2217 ecce
1729 2162 1814 2215 in-

229 2248 533 2320 telligibilis
581 2248 977 2306 Melchisedech
1017 2238 1380 2317 oblationem,
1420 2268 1542 2322 quae
1589 2253 1642 2307 in
1677 2268 1816 2323 pane

229 2350 287 2397 et
315 2342 447 2396 vino
475 2341 774 2410 perﬁcitur,
802 2342 856 2395 in
892 2357 1000 2411 qua
1028 2350 1221 2412 quarta
1261 2358 1391 2411 pars
1424 2343 1542 2409 hin,
1573 2342 1628 2396 in
1662 2343 1816 2399 libris

229 2433 344 2487 vini
381 2431 636 2498 offertur;
683 2441 742 2487 ut
771 2448 871 2502 per
909 2443 1156 2502 quartam
1184 2433 1550 2503 evangelicum
1578 2433 1818 2488 traditio-

226 2540 392 2589 nem,
431 2539 552 2592 quae
591 2524 644 2577 in
691 2524 847 2578 libris
902 2532 1136 2592 quatuor
1181 2531 1296 2587 est,
1346 2539 1444 2594 per
1506 2523 1816 2578 libationem

226 2630 383 2679 vero,
429 2614 770 2670 Dominieum
809 2628 1118 2669 sermonem
1153 2612 1506 2682 signiﬁcaret,
1533 2627 1657 2667 cum
1696 2611 1812 2665 ait:

230 2705 335 2760 Hic
362 2715 438 2760 est
464 2707 680 2776 sanguis
709 2722 855 2759 meus
877 2705 966 2776 qui
994 2720 1089 2771 pro
1120 2704 1262 2757 vobis
1292 2703 1591 2773 effundetur
1620 2700 1810 2770 (Marc.

228 2811 353 2861 xiv;
386 2795 579 2849 Matth.
604 2811 762 2861 xxvi;
789 2794 817 2847 1
841 2792 965 2849 Cor.
986 2792 1088 2864 x1),
1124 2793 1242 2849 sine
1270 2792 1643 2848 imminutione
1671 2791 1814 2846 enim

226 2883 562 2953 signiﬁcare,
589 2882 881 2954 legislatori
910 2882 1086 2938 visum
1110 2891 1217 2945 est,
1244 2879 1446 2935 Chriin
1475 2879 1813 2950 mysterium,

224 2986 453 3050 propter
482 2975 624 3044 quod
654 2982 708 3029 ct
737 2973 1010 3029 subdidit:
1040 2971 1108 3027 Et
1149 2970 1411 3043 polentam
1441 2980 1487 3024 et
1514 2969 1683 3039 pultes
1712 2984 1814 3022 non

225 3069 511 3125 comedetis
538 3083 603 3121 ea:
637 3070 805 3136 segrte'
844 3081 1006 3135 usque
1054 3063 1123 3117 ad
1164 3062 1303 3117 diem
1335 3077 1437 3132 quo
1476 3061 1710 3130 offeratis
1749 3075 1815 3113 ea:

1916 531 2119 600 jussit:
2148 530 2441 586 adveniens
2468 532 2610 586 enim
2648 532 2894 602 spiritus,
2930 543 3100 589 totam
3142 545 3383 592 nostram
3418 543 3501 595 vi-

1925 631 2033 676 tam
2062 622 2356 681 renovavit,
2388 623 2602 691 quando
2630 622 2969 679 conﬁrmavit
3006 624 3207 680 Christi
3254 629 3497 682 traditio-

1922 728 2068 777 nem,
2102 721 2157 766 et
2190 712 2451 766 stabilivit
2474 713 2940 767 conversationem
2968 730 3129 783 quam
3157 715 3211 770 in
3243 716 3348 770 illis
3376 734 3498 787 per-

1921 798 2069 855 fecit.
2100 799 2187 853 Ait
2212 800 2354 854 enim
2382 819 2395 853 :
2427 799 2504 853 De
2530 817 2642 853 meo
2686 802 2935 871 accipiet,
2965 811 3013 857 et
3049 804 3381 859 annuntiabit
3415 822 3503 859 vo-

1922 893 1997 946 bis
2027 890 2208 963 (Joan.
2235 890 2367 961 xvi).
2397 892 2624 961 Propter
2654 892 2797 961 quod
2834 908 2941 947 non
2978 893 3031 947 in
3068 894 3173 949 alia
3210 896 3501 952 hebdoma-

1920 980 2006 1036 dis
2032 980 2120 1035 die
2147 981 2385 1043 advenit,
2417 981 2511 1035 se-J
2541 981 2594 1033 in
2622 996 2725 1049 qua
2774 983 3101 1037 resurrectio
3138 983 3280 1039 facta
3309 996 3411 1051 est,
3445 995 3501 1041 et

1919 1071 2225 1140 manipulus
2261 1069 2612 1141 intelligibilis
2655 1072 2866 1125 oblatus
2894 1079 3004 1136 est,
3032 1080 3176 1128 utet
3220 1074 3322 1130 hoc
3368 1089 3496 1145 pro-

1918 1157 2106 1224 baret,
2146 1159 2274 1230 quia
2305 1174 2442 1213 nova
2487 1161 2847 1226 conversatio,
2888 1176 3009 1230 qua:
3050 1177 3149 1216 nos
3180 1165 3495 1230 renovavit,

1917 1252 2199 1307 liberando
2243 1267 2275 1305 a
2322 1251 2667 1321 corruptione
2725 1251 3045 1316 vetustatis,
3101 1254 3500 1310 resurrectione

1918 1340 2121 1396 Christi
2154 1348 2209 1394 et
2242 1340 2416 1395 sancti
2448 1339 2684 1408 Spiritus
2718 1339 2952 1394 adventu
2979 1349 3222 1394 correcta
3255 1349 3357 1395 est.
3388 1341 3498 1395 Ma-

1917 1433 2143 1489 nifestat
2181 1441 2359 1487 autem
2397 1432 2597 1488 oblatio
2638 1433 2811 1503 ipsam
2853 1414 3088 1502 speciem
3118 1433 3307 1487 hostiae
3335 1447 3498 1501 quam

1916 1522 2175 1593 praecepit
2206 1521 2323 1576 ﬁeri
2370 1520 2480 1575 :Et
2527 1522 2604 1576 sic
2652 1522 2879 1591 oﬂ'eretis
2941 1522 3263 1590 sacriﬁcium
3309 1538 3495 1576 novum

1918 1614 2163 1679 Domino,
2192 1630 2257 1667 ea:
2282 1613 2517 1667 omnibus
2540 1612 2950 1667 habitationibus
2978 1613 3189 1677 vestris;
3215 1629 3373 1683 panes
3397 1613 3478 1682 pri

1918 1706 2186 1761 utiliorum
2211 1706 2341 1761 duos
2367 1722 2431 1760 ea:
2459 1705 2664 1759 duabus
2689 1705 2901 1759 decimis
2928 1705 3116 1760 simila:
3148 1706 3494 1775 fermentatw,

1914 1813 2043 1868 quos
2080 1796 2307 1866 coquetis
2346 1795 2401 1849 in
2434 1795 2694 1866 primitias
2734 1794 2978 1860 Domini,
3019 1803 3068 1849 et
3111 1795 3336 1864 oﬂerctis
3378 1811 3495 1847 cum

1913 1886 2137 1955 panibus
2170 1896 2361 1957 septem
2398 1902 2559 1955 agnos
2588 1883 2952 1938 inmaculatos
2990 1884 3285 1948 anniculos,
3326 1894 3372 1938 et
3416 1886 3496 1938 vi-

1914 1976 2083 2031 tulum
2111 1977 2175 2031 de
2204 1987 2443 2031 armento
2474 1992 2661 2041 unum,
2684 1986 2733 2029 et
2762 1976 2949 2029 arietes
2985 1975 3138 2029 duos.
3172 1974 3380 2029 Novum
3409 1989 3497 2029 sa-

1915 2073 2177 2127 criﬁcium
2199 2073 2408 2137 dicens,
2433 2072 2570 2142 legis
2594 2070 2885 2133 sacriﬁcia,
2912 2079 2972 2125 ut
2994 2078 3198 2131 vetera,
3226 2069 3492 2125 exclusit:

1915 2162 2224 2234 evangelica
2264 2172 2447 2217 autem
2477 2176 2578 2232 pro
2624 2160 2728 2215 illis
2776 2160 3097 2215 introduxit.
3142 2158 3345 2214 Deinde
3391 2158 3492 2213 ad-

1915 2252 2073 2317 dens,
2098 2252 2162 2306 de
2190 2252 2597 2306 habitationibus
2639 2249 2840 2313 vestris,
2873 2247 3171 2304 Ecclesium
3220 2245 3493 2317 signiﬁca-

1912 2345 2030 2409 vit,
2073 2344 2234 2413 eiquc
2280 2342 2463 2399 offerri
2510 2359 2630 2413 quae
2677 2344 2820 2399 dicta
2864 2349 2991 2397 sunt
3035 2338 3258 2411 aptavit.
3310 2337 3496 2410 Neque

1913 2434 2057 2488 enim
2093 2433 2261 2497 dixit,
2288 2449 2356 2487 ex
2384 2432 2636 2487 omnibus
2668 2432 3011 2498 habitaculis,
3042 2431 3134 2485 sed
3163 2447 3228 2486 ea:
3255 2430 3493 2485 omnibus

1914 2524 2226 2578 habitaculis
2276 2524 2488 2589 vestris,
2539 2531 2600 2577 ut
2642 2523 2889 2579 absolute
2930 2523 3243 2578 ostenderet
3275 2521 3492 2590 aliquod

1915 2615 2282 2671 habitaculum
2328 2614 2682 2685 praecipuum,
2711 2613 2778 2668 de
2824 2628 2932 2684 quo
2977 2613 3054 2668 ait
3096 2611 3305 2667 David:
3342 2610 3494 2666 Beati

1911 2707 2001 2777 qui
2029 2706 2266 2760 habitant
2291 2706 2346 2759 in
2372 2705 2526 2758 domo
2555 2715 2647 2759 tua
2674 2702 2848 2776 (Psal.
2873 2703 3132 2773 Lxxxni);
3159 2710 3214 2758 et
3239 2717 3491 2757 rursum:

1916 2797 2088 2853 Unam
2130 2798 2253 2868 petii
2277 2815 2310 2851 a
2344 2796 2592 2861 Domino,
2619 2796 2754 2850 hanc
2791 2797 3084 2867 requiram,
3121 2805 3177 2849 ut
3209 2794 3495 2849 inhabilem

1914 2887 1969 2941 in
2004 2888 2158 2942 domo
2192 2887 2402 2941 Domini
2432 2887 2668 2940 omnibus
2695 2886 2875 2940 diebus
2905 2886 3022 2940 vita:
3048 2902 3194 2939 meat.
3230 2884 3295 2937 Et
3335 2899 3493 2953 panes

1912 2977 2129 3047 quidem
2158 2976 2510 3048 primitiarum
2549 2975 2704 3041 duos,
2744 2975 2800 3029 id
2827 2982 2932 3039 est,
2969 2973 3144 3045 legem
3171 2981 3227 3027 et
3254 2972 3493 3042 Evange-

1914 3067 2045 3121 lium
2085 3082 2296 3138 :panes
2333 3067 2479 3120 enim
2518 3074 2645 3121 sunt
2685 3066 2868 3121 cibum
2905 3065 3211 3120 animarum
3257 3062 3492 3118 ﬁdelium

223 3179 287 3215 ea
321 3160 433 3214 Dco
464 3166 647 3211 vestro.
690 3155 1017 3225 Prteceptum
1052 3163 1125 3208 est
1161 3153 1530 3224 sempiternum
1570 3152 1623 3204 in
1660 3166 1809 3222 gene-
1839 3138 1885 3199 C
1917 3159 2273 3215 continentes,

223 3249 555 3314 rationibus,
604 3248 901 3317 cunctisque
967 3244 1280 3299 habitaculis
1342 3244 1540 3298 vestris.
1593 3242 1809 3298 Oblatio

222 3341 372 3398 enim
410 3339 757 3410 praesentium
804 3338 1068 3392 donorum
1112 3352 1274 3405 quam
1322 3350 1444 3390 esse
1491 3334 1809 3405 mysterium

225 3433 508 3504 Uuigeuiti
536 3431 888 3494 ostendimus,
927 3430 1292 3485 reconciliavit
1338 3444 1437 3485 nos
1483 3429 1613 3491 Deo,
1645 3436 1702 3483 et
1728 3427 1809 3482 ci-

220 3526 356 3580 bum
404 3524 564 3582 nobis
598 3539 748 3577 norm
793 3522 1018 3593 polentae
1049 3529 1104 3576 et
1147 3520 1356 3591 pultum
1383 3518 1652 3588 prmstitit.
1687 3518 1812 3572 llaec

220 3629 410 3672 autem
437 3615 715 3686 lcgislator
744 3614 950 3677 dicens,
978 3620 1033 3668 et
1057 3610 1470 3667 resurrectionis
1497 3608 1812 3663 describens

220 3710 528 3766 secundum
556 3706 773 3761 modum
800 3720 960 3776 quem
983 3704 1270 3776 oportebat
1296 3701 1548 3771 gratiam,
1581 3699 1647 3753 de
1673 3697 1814 3752 Pen-

219 3808 438 3855 tecoste
479 3814 638 3868 quam
687 3813 785 3851 nos
825 3796 1161 3851 celebramus
1209 3805 1513 3848 sermonem
1541 3787 1812 3842 connectit

221 3893 450 3946 dicens:
471 3888 831 3942 Numerabitis
852 3904 974 3957 ergo
997 3886 1060 3939 ab
1084 3884 1248 3939 altera
1269 3883 1351 3936 die
1382 3880 1608 3944 sabbati,
1635 3880 1688 3932 in
1709 3895 1811 3949 quo

220 3983 495 4037 obtulistis
539 3978 864 4049 manipulum
891 3979 1263 4048 primitiarum,
1294 3983 1486 4044 septem
1529 3970 1814 4025 hebdoma-

220 4076 322 4127 das
360 4071 568 4142 plenas,
597 4087 757 4140 usque
796 4069 865 4123 ad
905 4068 1128 4123 alteram
1166 4066 1304 4120 diem
1344 4062 1649 4134 expletionis
1686 4060 1812 4114 lteb-

220 4164 476 4219 domada:
499 4162 749 4232 septimm,
775 4162 830 4214 id
864 4171 960 4224 est,
988 4159 1364 4230 quinquaginta
1393 4157 1526 4217 dies,
1554 4165 1599 4209 et
1626 4155 1701 4208 sic
1731 4153 1814 4222 of-

220 4257 409 4325 feretis
443 4254 762 4322 sacrificium
790 4267 979 4306 novum
1023 4250 1266 4303 Domino.
1298 4248 1435 4314 Quia
1485 4244 1639 4315 hujus
1674 4245 1815 4299 Pcu-

222 4355 470 4403 tecostes
494 4360 669 4415 neque
694 4353 921 4413 tempus,
957 4356 1129 4410 neque
1155 4354 1414 4401 numerus
1440 4352 1470 4391 a
1502 4336 1697 4406 populo
1722 4333 1815 4388 Ju-

220 4441 476 4495 dazorum
506 4437 827 4501 custoditur,
870 4432 1199 4490 sufﬁcienter
1234 4431 1288 4484 iu
1318 4428 1689 4498 superioribus
1719 4442 1811 4480 os-

225 4540 449 4586 tensum
492 4536 595 4583 est.
623 4526 668 4579 Α
699 4525 855 4579 nobis
887 4532 1068 4577 autem
1109 4537 1232 4576 cum
1273 4516 1729 4586 contemplatione
1759 4521 1814 4569 et

224 4620 296 4675 ad
342 4620 586 4674 litteram
613 4616 934 4672 custoditur.
979 4612 1200 4667 Planius
1237 4598 1381 4665 enim
1414 4608 1689 4679 legislator
1724 4606 1810 4660 in-

227 4711 535 4766 tentionem
576 4722 730 4763 suam
763 4706 1141 4761 demonstrare
1168 4700 1376 4763 volens,
1418 4698 1486 4753 ab
1525 4698 1694 4753 altero
1726 4697 1813 4754 dic

228 4801 446 4858 sabbati
485 4799 758 4855 numerari
788 4795 1064 4866 praecepit,
1104 4790 1495 4863 quinquaginta
1538 4790 1673 4854 dies,
1707 4788 1814 4842 Do-

228 4896 497 4950 minieum
532 4891 690 4948 diem
749 4887 937 4959 procul
991 4886 1154 4941 dubio
1211 4881 1399 4937 volens
1430 4879 1673 4950 intelligi.
1714 4877 1814 4931 llic

228 4986 379 5041 enim
408 4991 498 5040 est
541 4982 712 5037 altera
737 4980 856 5035 dics
883 4977 1095 5034 sabbati
1119 4993 1133 5030 :
1164 4976 1218 5029 in
1248 4975 1355 5029 hac
1380 4973 1523 5028 enim
1570 4984 1811 5025 resurre-

227 5076 344 5130 ctio
370 5073 518 5128 facta
559 5080 673 5135 est,
699 5085 805 5140 qua
832 5066 1198 5123 hebdomadas
1226 5069 1581 5118 numerantur
1607 5067 1812 5126 septem

230 5179 407 5234 usque
426 5163 498 5217 ad
527 5161 753 5216 alteram
781 5158 926 5213 diem
952 5154 1274 5226 expletionis
1296 5150 1666 5207 hebdomadm.
1710 5150 1816 5202 Do-

230 5255 437 5310 minica
485 5267 677 5307 rursus
713 5250 800 5306 die
832 5248 1180 5304 Pentecostes
1222 5243 1557 5299 celebramus
1601 5240 1813 5295 festivi-

231 5355 429 5411 tatem,
456 5344 514 5398 iu
540 5358 645 5414 qua
681 5340 855 5398 sancti
901 5338 1137 5409 Spiritus
1171 5335 1461 5390 adventum
1494 5333 1812 5394 meruimus,

228 5451 344 5492 non
368 5436 575 5491 frustra
600 5451 665 5491 eo
687 5441 892 5504 septem
922 5427 1380 5484 hebdomadarum
1403 5424 1692 5477 adventum
1721 5436 1814 5476 cu—

232 5528 556 5592 stodientes,
602 5526 697 5583 sed
743 5534 802 5578 ut
845 5537 946 5577 nos
987 5529 1455 5587 cognosceremus,
1502 5511 1628 5580 quia
1678 5509 1813 5564 nihil

232 5631 417 5689 vetus,
442 5620 575 5677 nihil
600 5617 859 5676 saeculare
883 5610 1139 5684 praecepit
1179 5608 1321 5662 Deus
1357 5620 1537 5676 agere,
1573 5602 1812 5671 nihilque

240 5714 574 5793 corruptioni
600 5711 768 5770 veteri
806 5708 1111 5781 proximum
1148 5704 1238 5772 qui
1276 5715 1400 5757 eum
1426 5696 1647 5769 cupiunt
1686 5709 1810 5764 pcr-

1982 3250 2120 3306 Sunt
2161 3257 2341 3304 autem
2369 3254 2424 3303 et
2456 3246 2843 3318 primitiarum,
2873 3244 2988 3300 sive
3017 3251 3078 3299 ut
3107 3239 3484 3313 Septuaginta,

1909 3341 2180 3413 separati:
2208 3340 2465 3410 quoniam
2489 3339 2637 3393 omni
2662 3338 2880 3408 quidem
2920 3336 3182 3407 sapientia
3206 3341 3331 3389 sunt
3354 3348 3493 3404 prat-

1910 3431 2085 3501 cipui,
2131 3431 2198 3486 ab
2225 3445 2288 3484 ea
2318 3437 2522 3495 autem,
2562 3444 2683 3498 quae
2711 3428 2950 3482 exterior
2978 3434 3062 3481 est
3090 3424 3326 3495 separati
3348 3424 3497 3478 vide-

1911 3526 2038 3580 licet
2066 3532 2121 3578 et
2149 3523 2400 3591 sejuncti.
2427 3521 2567 3577 Sunt
2590 3535 2722 3591 ergo
2745 3535 2809 3573 ea:
2839 3518 3042 3572 duabus
3068 3517 3281 3571 decimis
3306 3512 3495 3569 simila:

1912 3616 2261 3685 fermentattc,
2296 3628 2363 3667 ex
2402 3612 2670 3675 doctrina,
2700 3624 2822 3678 qum
2851 3607 3148 3678 perfectam
3177 3606 3273 3661 Dei
3302 3603 3497 3659 divini-

1913 3713 2081 3760 tatem
2109 3711 2165 3758 et
2197 3703 2497 3773 perfectam
2540 3698 2931 3755 humanitatem
2968 3695 3151 3750 tradit.
3199 3694 3310 3748 Nec
3340 3694 3497 3748 aliter

1913 3796 2092 3865 coqui,
2120 3794 2224 3849 nisi
2249 3809 2349 3865 per
2374 3792 2535 3847 talem
2569 3790 2875 3846 doctrinam
2908 3792 3154 3856 possunt,
3185 3784 3279 3839 sed
3313 3783 3499 3854 primi-

1914 3887 2108 3939 tiarum
2147 3892 2267 3938 sunt
2314 3882 2558 3935 Domino.
2618 3878 2832 3933 Primus
2883 3874 3029 3930 enim
3074 3874 3332 3929 Dominus
3373 3887 3494 3927 etim

1920 3976 2096 4046 legem
2127 3972 2373 4046 perfecit,
2399 3979 2455 4027 et
2481 3969 2855 4043 Evangelium,
2884 3974 2938 4022 et
2965 3973 3088 4037 post
3131 3965 3235 4019 hoc
3273 3963 3491 4020 docuit:

1914 4064 2155 4118 Audistis
2193 4064 2318 4134 quia
2359 4063 2558 4116 dictum
2598 4070 2679 4137 est
2711 4056 2961 4128 antiquis,
2993 4071 3094 4109 non
3130 4053 3365 4114 occides;
3402 4069 3494 4122 ego

1914 4150 2088 4210 autem
2114 4154 2231 4208 dico
2272 4153 2436 4219 vobis,
2470 4154 2638 4206 omnis
2667 4151 2756 4220 qui
2785 4148 3035 4202 irascitur
3060 4145 3216 4214 fratri
3258 4160 3354 4197 suo
3383 4144 3496 4197 sine

1915 4263 2100 4309 causa,
2141 4262 2258 4299 reus
2287 4243 2385 4298 erit
2420 4241 2627 4312 judicio
2668 4236 2880 4309 (Matth.
2902 4234 2990 4306 v);
3027 4232 3309 4300 conjunxit
3347 4232 3491 4286 enim

1917 4336 2007 4390 hic
2034 4334 2207 4405 legem
2238 4330 2548 4403 Evangelio,
2578 4336 2799 4399 propter
2819 4324 2963 4394 quod
2988 4323 3107 4393 ejus
3135 4322 3387 4391 primitiae
3411 4321 3490 4376 di-

1918 4434 2133 4481 cuntur.
2171 4423 2324 4491 Quod
2350 4431 2405 4477 ct
2440 4421 2619 4475 Lucas
2654 4417 3006 4479 conﬁrmans,
3037 4412 3304 4483 primitias
3330 4425 3488 4465 veras

1916 4516 2069 4571 nobis
2105 4512 2415 4578 ostendens,
2453 4508 2672 4579 scripsit
2711 4525 2723 4561 :
2768 4504 3002 4558 Primum
3037 4502 3246 4574 quidem
3289 4516 3487 4556 sermo-

1915 4625 2029 4663 nem
2054 4606 2153 4677 feci
2179 4605 2243 4659 de
2263 4603 2499 4658 omnibus
2520 4602 2624 4666 his,
2647 4619 2676 4654 υ
2702 4596 3002 4669 Theophila,
3025 4609 3140 4665 qua:
3160 4591 3309 4666 σαρξί
3335 4590 3491 4645 Jcsus

1914 4697 2086 4766 facere
2109 4705 2155 4749 et
2183 4694 2365 4747 docere
2393 4691 2529 4764 (Act.
2553 4688 2616 4761 ι).

1985 4785 2192 4841 Offerre
2214 4790 2394 4839 autem
2424 4796 2545 4837 cum
2575 4780 2655 4835 eis
2679 4788 2887 4848 septem
2914 4790 3081 4846 agnos
3110 4771 3490 4828 immaculatos

1916 4877 2197 4933 anniculos
2232 4874 2508 4945 praecepit,
2542 4873 2679 4928 dona
2717 4869 3028 4941 signiﬁcans
3057 4882 3176 4937 qum
3207 4872 3333 4920 sunt
3378 4863 3485 4933 spi-

1912 4967 2050 5021 ritus
2076 4966 2144 5021 de
2176 4963 2372 5034 quibus
2400 4962 2653 5017 Salomon
2685 4967 2741 5013 tu
2769 4956 3079 5012 Proverbiis
3104 4954 3352 5009 dicebat:
3386 4950 3483 5005 Sa-

1911 5055 2109 5123 pientia
2143 5051 2423 5121 rcdiﬁcavit
2469 5050 2569 5104 sibi
2611 5048 2855 5113 domum,
2898 5044 3062 5100 erexit
3104 5042 3376 5096 columnas
3412 5054 3489 5091 se-

1911 5153 2049 5212 ptem
2077 5141 2261 5214 (Prov.
2293 5141 2391 5213 tx).
2439 5138 2659 5195 Planius
2696 5144 2874 5191 autem
2901 5135 3069 5190 Isaias
3104 5130 3328 5187 tradidit
3367 5146 3380 5180 :
3417 5125 3488 5179 Et

1914 5232 2185 5304 requiescit
2212 5247 2369 5302 super
2410 5246 2527 5283 eum
2564 5229 2781 5299 spiritus
2826 5224 3040 5278 Domini
3084 5221 3219 5293 (Isa.
3246 5216 3357 5304 xi).
3379 5214 3490 5270 Nec

1915 5302 2084 5378 tacuit
2110 5337 2249 5392 quae,
2277 5319 2363 5375 vel
2392 5318 2546 5389 cujus
2581 5314 2792 5371 numeri
2839 5319 3023 5368 essent
3049 5311 3210 5370 dona,
3242 5302 3490 5357 subimu-

1911 5413 1975 5467 lit
2017 5390 2162 5466 enim
2206 5429 2219 5465 :
2259 5409 2489 5481 Spiritus
2528 5405 2800 5477 sapientia:
2836 5412 2883 5457 et
2923 5396 3233 5457 intellectus,
3275 5390 3491 5481 spiritus

1913 5502 2114 5557 consilii
2137 5513 2184 5557 et
2213 5480 2555 5572 fortitudinis,
2592 5495 2807 5566 spiritus
2841 5489 3072 5546 scientia:
3101 5492 3148 5538 et
3182 5480 3411 5552 pietatis,
3440 5486 3489 5533 et

1913 5596 2139 5666 implebit
2185 5611 2302 5649 eum
2331 5594 2545 5663 spiritus
2576 5588 2777 5643 timoris
2823 5579 3051 5637 Domini.
3092 5577 3485 5666 Agnosrautcm

1916 5664 2029 5744 halt:
2077 5687 2307 5757 appellat
2345 5685 2505 5747 dona,
2546 5680 2611 5734 ad
2662 5674 3046 5733 ostensionem,
3089 5668 3213 5739 quia
3257 5664 3492 5737 Spiritds
