3918 6180
476 316 579 374 507
646 354 653 359 ς

1110 311 1185 368 'B.
1227 311 1483 377 RABANI
1519 311 1738 375 MAURI
1773 308 2095 375 ARCHiEP.
2138 310 2446 377 MOGUNT.
2486 312 2772 370 OPERUM
2806 314 2987 372 PARS
3022 298 3087 371 ῐ.’

3634 327 3731 386 503

475 435 697 487 sanctus
725 440 889 480 unum
918 432 1004 479 cst
1035 438 1159 483 cum
1190 424 1426 480 Christo.
1456 425 1532 489 De
1555 440 1662 499 quo
1692 424 1894 485 dictum
1925 432 2046 477 est:
2078 425 2129 482 A
2155 439 2280 476 num
2340 425 2437 478 erit
2496 426 2550 479 in
2605 428 2804 481 cunctis
2859 426 3175 482 habitaculis
3219 436 3269 483 et
3321 434 3736 502 generationibus

473 520 615 575 Ecce
641 535 806 588 agnus
843 517 956 585 Dei,
989 532 1104 570 ecce
1133 517 1223 587 qui
1254 514 1387 573 tollit
1412 526 1623 588 peccata
1650 515 1852 571 mundi.
1904 515 2054 570 Unde

474 626 632 671 nemo
677 616 857 679 potest
894 608 1092 671 dicere,
1125 605 1364 661 Christus
1401 605 1577 672 Iesus,
1623 608 1724 663 nisi
1754 608 1809 660 in
1848 604 2053 677 Spiritu

471 710 653 759 sancto
693 699 744 775 (1
775 699 896 753 Cor.
925 697 1046 768 xu).
1088 698 1231 771 Ergo
1262 714 1370 753 non
1409 705 1562 753 extra
1607 697 1897 762 rationem,
1929 710 2051 751 cum

473 798 676 863 septem
709 789 863 860 agnis
890 788 1115 842 vitulum
1142 805 1207 842 ex
1238 798 1505 853 armento,
1539 804 1777 859 praesens
1808 790 2052 855 continet

471 879 693 943 oblatio,
724 877 817 933 sed
864 878 1143 932 evidenter
1186 877 1459 948 signiﬁcat
1502 877 1651 937 illum
1689 893 1757 933 ex
1804 884 2053 944 armento

474 970 768 1034 Abraham,
813 967 985 1033 Isaac,
1030 975 1086 1021 et
1115 966 1284 1021 Jacoh
1323 975 1377 1021 et
1407 966 1576 1026 David
1608 968 1903 1027 secundum
1931 983 2059 1029 car-

407 1125 421 1135 _
472 1079 598 1125 nem
637 1062 837 1125 factum
885 1080 899 1117 :
932 1061 1058 1119 huic
1090 1061 1291 1123 arietes
1329 1060 1464 1114 duos
1500 1059 1878 1117 immaculatos
1917 1076 2048 1115 con-

464 1154 667 1223 junxit,
705 1150 1027 1215 excellentia
1072 1150 1327 1206 mandata
1359 1160 1414 1205 et
1439 1150 1692 1215 virtutes,
1725 1165 1861 1221 quas
1891 1150 2048 1220 sequi

469 1245 602 1309 alias
627 1242 772 1316 velut
800 1258 929 1307 oves
953 1250 1185 1313 oportet.
1217 1240 1274 1295 ln
1306 1241 1391 1295 his
1411 1242 1579 1307 enim,
1608 1250 1669 1296 ut
1702 1251 1825 1321 pote
1854 1242 2053 1299 intelli-

470 1333 683 1403 gibiletn
717 1332 998 1395 inimicum
1030 1331 1416 1389 ventilantibus
1454 1333 1731 1389 munimen
1761 1341 1816 1389 et
1844 1333 2053 1397 indem-

469 1426 695 1485 nitatem
724 1425 942 1487 habent.
968 1424 1098 1492 Quae
1134 1433 1260 1487 sunt
1288 1430 1469 1487 autem
1498 1424 1649 1479 haec?
1678 1424 1740 1487 Si
1778 1426 1852 1491 vis
1881 1425 2051 1497 perfe-

469 1527 582 1575 ctus
607 1532 737 1580 esse,
764 1515 914 1580 vade,
951 1514 1109 1577 vende
1137 1516 1313 1577 omnia
1351 1531 1467 1585 qua:
1497 1514 1655 1571 [tabes
1685 1524 1735 1569 et
1764 1515 1834 1579 da
1858 1532 2054 1588 paupe-

472 1604 701 1675 peribus,
727 1614 775 1659 et
803 1605 940 1670 veni,
968 1621 1178 1676 sequere
1206 1621 1289 1659 me
1317 1603 1533 1677 (Matth.
1563 1604 1700 1678 xu).

542 1693 832 1753 Maximum
857 1695 1055 1766 quippe
1085 1696 1397 1755 mandatum
1427 1704 1513 1752 est
1538 1697 1775 1752 vendere
1803 1713 1922 1767 quae
1952 1698 2052 1756 ha-

2156 516 2358 567 vestris.

2226 602 2365 670 Quid
2408 618 2539 674 ergo
2567 604 2623 658 in
2659 620 2720 659 ea
2760 614 2863 670 est,
2900 607 3045 675 quod
3088 607 3142 661 in
3179 607 3264 663 his
3295 608 3563 665 excellet?
3606 612 3736 668 Ecce

2153 696 2298 749 enim
2344 705 2400 751 et
2440 696 2574 750 alios
2620 697 2737 751 dies
2782 707 2999 753 sanctos
3031 699 3285 769 appellat,
3323 701 3419 755 sed
3451 709 3507 755 et
3536 702 3606 756 de
3641 704 3735 757 hoc

2154 789 2385 859 primum
2416 789 2623 859 inquit:
2661 789 2731 844 Et
2775 790 3102 861 appellabitis
3130 792 3270 846 hunc
3292 794 3431 847 diem
3470 794 3734 848 celeberri-

2152 894 2329 947 mum;
2370 885 2426 932 et
2458 887 2580 948 post
2624 880 2766 934 hoc:
2809 878 2979 949 Atque
3020 882 3441 948 sanctissimum,
3488 891 3550 937 ut
3589 885 3641 938 in
3675 901 3730 940 eo

2152 983 2532 1038 cognosceres,
2576 970 2704 1039 quid
2744 978 2799 1024 et
2832 985 2954 1025 cum
3002 970 3124 1025 aliis
3168 987 3477 1039 commune,
3517 983 3576 1030 et
3606 978 3731 1046 quid

2153 1060 2207 1114 in
2240 1074 2297 1115 se
2325 1061 2599 1130 proprium
2630 1061 2857 1115 haberet
2886 1078 2900 1113 :
2937 1061 2991 1114 in
3020 1062 3139 1132 ipso
3175 1063 3335 1133 enim,
3367 1065 3614 1134 gentium
3645 1082 3731 1121 vo-

2152 1152 2417 1218 cationem
2449 1166 2553 1206 non
2591 1152 2875 1222 praedicari
2913 1152 3114 1221 solum,
3156 1154 3251 1223 sed
3288 1163 3344 1209 et
3376 1158 3598 1225 operari
3626 1173 3733 1212 cm—

2151 1242 2251 1323 pit,
2277 1242 2491 1312 quando
2521 1240 2733 1298 Parthi.
2753 1250 2801 1295 et
2832 1241 2995 1309 Medi,
3019 1253 3068 1297 et
3100 1242 3370 1311 Elamitte,
3396 1254 3447 1317 et
3471 1247 3564 1317 qui
3592 1247 3733 1301 habi-

2151 1344 2264 1387 tant
2314 1332 2778 1403 Mesopotamiam,
2825 1333 3073 1389 Judwam
3102 1345 3149 1389 et
3183 1333 3572 1407 Pamphiliam,
3622 1354 3734 1393 om-

2151 1439 2356 1494 nesque
2392 1424 2615 1495 reliqua:
2642 1433 2833 1495 gentes
2861 1441 2996 1495 quas
3021 1426 3196 1481 Lucas
3225 1428 3610 1496 dinumeravit,
3642 1447 3733 1502 qu-

2150 1514 2263 1581 dire
2311 1513 2572 1584 apostolos
2615 1514 2808 1585 linguis
2851 1517 2961 1569 suis
3016 1516 3283 1586 magnalia
3325 1517 3421 1571 Dei
3470 1518 3732 1588 loquentes

2151 1603 2290 1676 (Act.
2327 1590 2436 1678 ti),
2480 1605 2946 1676 praedicantesque
2993 1612 3294 1674 cmperunt.
3339 1605 3562 1661 Nullum
3607 1625 3731 1679 ergo

2151 1709 2286 1764 opus
2329 1695 2525 1750 servile
2564 1694 2617 1748 in
2657 1694 2749 1749 illo
2787 1695 2874 1750 die
2916 1694 3197 1761 faciamus,
3229 1695 3282 1750 id
3325 1706 3441 1762 est,
3481 1699 3629 1766 quod
3671 1701 3733 1753 ad

468 1785 562 1843 hct
589 1792 643 1840 et
666 1785 796 1839 dare
824 1785 1181 1865 pauperibus;
1208 1786 1504 1849 maximum
1533 1787 1695 1841 etiam
1726 1790 1877 1859 sequi
1900 1788 2052 1844 Chri-
2082 1769 2128 1841 Β
2158 1786 2473 1840 servitutem
2526 1787 2762 1856 pertinet
2805 1804 2818 1840 :
2858 1785 2954 1842 sed
2996 1786 3297 1857 legitimum
3344 1791 3731 1859 sempiternum

468 1886 633 1942 stum,
662 1884 721 1935 ut
760 1893 883 1933 cum
926 1878 1180 1947 despectu
1211 1879 1487 1949 quippiam
1521 1879 1851 1951 possidendi,
1884 1881 2049 1936 etiam

470 1967 652 2029 omnia
682 1982 843 2037 agere
881 1969 1178 2028 secundum
1216 1969 1548 2023 voluntatem
1596 1970 1808 2025 Domini
1835 1974 2055 2026 studea-

471 2072 631 2117 mus:
662 2057 765 2115 hoc
790 2066 873 2119 est
902 2058 1046 2121 enim
1082 2072 1204 2114 eum
1232 2058 1408 2135 sequi.
1460 2057 1583 2114 Haec
1620 2074 1751 2131 ergo
1796 2061 2049 2121 mandata

468 2156 526 2203 ιιι
560 2155 686 2227 pote
728 2158 949 2223 propter
1002 2148 1402 2211 immaculatum
1446 2149 1611 2203 vitam
1652 2159 1708 2204 et
1749 2149 2049 2222 perfectam

467 2238 794 2303 constituta,
839 2239 1037 2299 arietes
1064 2237 1436 2308 appellantur,
1480 2239 1607 2309 quia
1649 2240 1851 2295 arietes
1903 2241 2049 2305 omni

464 2327 610 2397 gregi
631 2326 1046 2388 excellentiores
1072 2336 1215 2391 sunt.
1243 2327 1441 2381 Horum
1469 2327 1735 2390 sacriﬁcia
1759 2337 1814 2383 et
1839 2328 2045 2394 libatio,

471 2415 713 2469 scientiae
751 2416 1000 2478 videlicet
1047 2425 1100 2471 et
1139 2417 1428 2482 correctio,
1468 2417 1604 2472 odor
1645 2418 1931 2472 suavitatis
1965 2428 2051 2473 est

469 2503 701 2561 Domino
724 2503 824 2569 illi,
850 2503 916 2557 de
942 2519 1049 2572 quo
1074 2503 1273 2559 Paulus
1302 2504 1517 2559 diccbat
1542 2523 1555 2558 :
1583 2504 1693 2558 Deo
1719 2514 1895 2558 autem
1924 2521 2049 2575 gra-

465 2592 571 2644 tias
614 2593 704 2662 qui
746 2608 948 2662 semper
983 2609 1076 2646 nos
1122 2593 1408 2663 triumphat
1457 2595 1513 2648 in
1553 2593 1759 2648 Christo
1798 2593 1962 2660 Iesu,
2001 2605 2049 2650 et

468 2683 681 2747 odorem
711 2685 942 2749 scientia:
968 2701 1080 2739 sua:
1106 2684 1406 2755 manifestat
1434 2703 1527 2759 per
1557 2703 1672 2751 nos,
1701 2688 1822 2757 quia
1855 2685 2050 2742 Christi

469 2774 633 2835 bonus
653 2775 784 2830 odor
801 2792 982 2830 sumus
996 2775 1081 2848 (ΙΙ
1104 2775 1226 2830 Cor.
1244 2776 1325 2849 ιι).
1346 2777 1726 2833 Verumtamen
1750 2793 1856 2832 non
1878 2794 2050 2848 usque

468 2865 537 2920 ad
555 2866 668 2921 haec
678 2865 1006 2921 oblationem
1025 2865 1372 2927 Pentecostcs
1392 2869 1696 2932 constituit:
1716 2868 1849 2924 dicit
1868 2879 2047 2924 autem

469 2963 524 3008 et
565 2955 804 3031 reliqua,
844 2956 972 3025 quia
1020 2957 1256 3017 maxime
1295 2959 1537 3029 spiritui,
1586 2959 1741 3030 cujus
1790 2961 2047 3030 praedicta

464 3044 729 3103 festivitas
763 3056 867 3112 est,
896 3049 1159 3120 perfectio
1187 3052 1462 3122 competit.
1494 3051 1634 3119 Quid
1667 3067 1798 3121 ergo
1827 3053 1936 3107 ait?
1962 3053 2047 3122 fa-

2154 1875 2208 1929 in
2260 1876 2471 1931 cunctis
2528 1876 2849 1932 habitaculis
2901 1884 2956 1932 et
2997 1879 3460 1953 generationibus
3532 1884 3731 1937 nostris

2154 1981 2466 2033 servemus,
2528 1968 2662 2023 nihil
2719 1971 2915 2025 servile
2969 1971 3301 2040 operandam
3361 1973 3415 2027 in
3470 1984 3729 2044 tempore,

2153 2062 2260 2137 quo
2295 2058 2361 2113 ad
2404 2074 2505 2113 nos
2545 2061 2692 2114 venit
2745 2060 2981 2129 Spiritus
3013 2079 3026 2113 :
3061 2061 3195 2129 Quia
3240 2063 3329 2115 ubi
3372 2065 3591 2133 spiritus
3623 2067 3726 2120 ου-

2153 2149 2310 2213 mini,
2342 2148 2414 2203 ibi
2449 2149 2660 2205 libertas
2684 2190 2699 2216 ,
2733 2152 2874 2206 sicut
2910 2150 3107 2208 Paulus
3132 2154 3321 2209 scribit
3354 2154 3441 2226 (II
3471 2154 3596 2210 Cor.
3634 2159 3729 2225 ut}.

2157 2239 2416 2310 Sequitur
2441 2259 2455 2294 :

2223 2330 2511 2404 Postquam
2536 2342 2709 2388 autem
2739 2337 3055 2392 messueritis
3090 2346 3309 2408 segetem
3351 2347 3507 2393 terrm
3534 2352 3729 2405 vestra,

2153 2437 2258 2479 non
2294 2424 2533 2478 secabitis
2574 2441 2689 2478 eam
2735 2440 2897 2496 usque
2940 2426 3009 2480 ad
3037 2426 3230 2493 solum,
3270 2445 3362 2482 nec
3410 2442 3733 2485 remanentes

2151 2513 2322 2583 spicas
2367 2511 2638 2584 colligetis,
2678 2514 2769 2569 sed
2814 2517 3128 2586 pauperibus
3156 2528 3204 2571 et
3234 2519 3524 2588 peregrinis
3565 2521 3735 2573 dimit-

2152 2604 2269 2668 tetis
2314 2621 2448 2659 eas:
2489 2603 2604 2676 Ego
2642 2605 2900 2671 Dominus
2937 2606 3078 2662 Deus
3127 2619 3309 2662 vester.
3338 2605 3480 2677 Quia
3528 2613 3727 2681 pietate

2149 2693 2310 2765 plena
2337 2701 2463 2750 sunt
2490 2709 2610 2764 qua;
2633 2710 2777 2749 nunc
2800 2695 2920 2765 lege
2944 2697 3330 2765 praecipiuntur
3351 2708 3604 2767 apertum
3634 2708 3728 2764 est,

2150 2793 2374 2856 propter
2417 2786 2560 2857 quod
2609 2800 2673 2841 ea
2726 2788 2985 2853 custodiri
3030 2796 3084 2842 et
3139 2790 3436 2844 secundum
3488 2792 3726 2847 litteram

2151 2884 2384 2947 Oportet,
2411 2875 2505 2931 sed
2533 2874 2708 2945 majus
2732 2892 2920 2931 eorum
2958 2878 3169 2943 lucrum
3198 2880 3588 2951 contemplatio
3615 2898 3731 2952 pos-

2151 2968 2313 3024 sidet.
2347 2967 2428 3022 Tu
2458 2976 2639 3023 autem
2677 2970 2781 3025 hoc
2806 2969 2861 3023 in
2897 2970 2978 3025 eis
3014 2978 3166 3034 nota,
3207 2973 3333 3040 quia
3365 2988 3490 3027 cum
3538 2975 3728 3029 similia

2152 3057 2239 3112 his
2266 3059 2513 3129 superius
2536 3060 2899 3130 praecepisset,
2929 3075 3036 3115 non
3064 3071 3240 3131 tamen
3263 3062 3454 3118 eadem
3482 3066 3725 3120 sancivit.

463 3137 610 3191 cietis
650 3147 699 3191 et
742 3137 945 3191 hircum
995 3156 1089 3209 pro
1132 3151 1381 3210 peccato;
1421 3144 1755 3212 pmnitentim
1794 3144 2045 3198 introdu-
2073 3121 2117 3183 (ἶ
2150 3147 2263 3204 Hoc
2311 3157 2493 3204 autem
2529 3151 2818 3209 verborum
2850 3151 2965 3221 ipsa
3015 3152 3320 3211 immutatio
3361 3158 3723 3215 demonstrat.

469 3242 601 3281 cens
649 3243 974 3287 sermonem.
1020 3229 1268 3300 Duosque
1300 3248 1462 3302 agnos
1508 3233 1809 3301 anniculos,
1846 3235 2046 3290 hostias

466 3316 837 3386 paciﬁcatum,-
870 3318 957 3372 illa
994 3317 1147 3372 Pauli
1187 3321 1440 3376 mandata
1467 3323 1818 3394 signiﬁcans:
1852 3325 2047 3381 Pacem

463 3408 752 3478 sequamini
777 3424 895 3461 cum
926 3409 1164 3465 omnibus
1193 3420 1242 3465 et
1263 3412 1689 3480 sanctimoniam,
1718 3417 1832 3473 sine
1857 3417 2047 3488 quibus

466 3515 616 3552 nemo
656 3498 846 3553 videbit
875 3500 1040 3555 Deum
1085 3500 1271 3575 (Hebr.
1295 3502 1396 3576 xu)
1426 3522 1440 3558 :
1472 3520 1592 3583 qua:
1624 3507 1752 3577 quia
1779 3524 1878 3580 per
1902 3510 2049 3580 Apo-

462 3587 712 3643 stolicam
737 3587 973 3661 linguam
1003 3605 1259 3664 expressa
1289 3602 1466 3661 erant,
1489 3595 1671 3653 oll'erri
1694 3612 1757 3652 ea
1787 3600 2047 3669 prmcepit

466 3694 590 3736 cum
625 3680 854 3749 panibus
883 3682 1248 3753 primitiarum
1279 3699 1415 3755 quos
1443 3701 1563 3742 esse
1593 3685 1797 3749 Christi
1842 3688 2045 3744 doctri-

469 3786 591 3824 nam
640 3772 894 3829 diximus.
932 3773 991 3828 ln
1019 3776 1370 3845 sequentibus
1417 3786 1599 3839 autem
1628 3794 1819 3843 rursus
1849 3780 2038 3836 addit:

460 3858 692 3931 Cumque
715 3861 987 3917 elevaverit
1013 3881 1075 3917 ea
1102 3866 1346 3927 sacerdos
1373 3884 1490 3924 cum
1529 3869 1751 3940 panibus
1780 3872 2045 3940 primitia-

461 3964 576 4001 rum
621 3966 797 4011 coram
829 3951 1077 4018 Domino,
1118 3956 1415 4013 secundum
1462 3956 1815 4028 Septuaginta
1859 3968 2041 4025 autem

461 4039 579 4093 sic:
612 4037 677 4093 Et
716 4041 977 4110 separabit
1011 4059 1073 4096 ea
1105 4045 1349 4107 sacerdos
1379 4031 1708 4118 separatione
1734 4067 1852 4105 cum
1891 4052 2043 4122 pani-

462 4126 556 4181 bus
592 4130 948 4198 primitiarum
985 4142 1106 4187 ante
1132 4132 1440 4203 Dominum,
1467 4155 1586 4195 cum
1626 4140 1829 4198 duobus
1865 4145 2039 4215 agnis,

456 4218 770 4288 significans
813 4221 899 4276 cui
945 4222 1203 4290 Domino;
1262 4226 1541 4300 cedentque
1602 4231 1657 4285 in
1703 4249 1831 4287 usus
1900 4235 2037 4304 ejus,

455 4309 508 4362 id
555 4318 668 4375 cst,
718 4312 994 4368 sacerdoti
1044 4312 1291 4371 oli'crenti
1349 4333 1448 4385 ea,
1494 4320 1744 4378 videlicet
1796 4323 2034 4381 Christo.

450 4397 570 4467 Ipse
604 4400 750 4457 enim
795 4410 981 4457 noster
1024 4405 1298 4473 sacerdos,
1335 4408 1449 4478 ipse
1489 4418 1677 4466 noster
1717 4414 1881 4469 etiam
1925 4415 2031 4471 Do-

452 4486 632 4545 minus
680 4498 792 4555 est,
834 4492 1004 4561 ipsius
1053 4493 1192 4549 sicut
1228 4512 1394 4565 panes
1426 4500 1817 4567 primitiarum,
1856 4505 1937 4559 sic
1979 4515 2035 4560 et

454 4576 577 4643 agni
608 4581 980 4636 mandatorum
1012 4585 1393 4652 praedictorum
1421 4597 1564 4645 sunt.
1594 4591 1713 4660 lpsc
1738 4595 1884 4648 enim
1914 4605 2034 4650 erat

450 4665 543 4732 qui
586 4665 637 4718 in
681 4666 850 4727 Paulo
907 4672 1273 4741 loquebatur:
1322 4677 1436 4747 ipse
1495 4681 1677 4733 omnia
1724 4698 1845 4752 quae
1887 4684 2033 4741 dicta

454 4761 579 4813 sunt
618 4755 841 4825 obtulit;
875 4777 1069 4837 pacem
1107 4764 1252 4829 extim
1288 4768 1355 4822 de
1389 4784 1493 4839 qua
1533 4769 1734 4826 Paulus
1775 4774 2029 4842 mandat,

444 4844 657 4925 primus
705 4849 962 4908 Dominus
1007 4855 1286 4928 discipulis
1327 4863 1691 4928 annuntiavit,
1732 4873 1788 4919 et
1831 4870 2031 4924 sancti-

450 4938 687 4999 moniam
738 4942 883 5001 sicut
951 4944 1183 5011 Sanctus
1232 4960 1547 5015 sanctorum
1618 4970 1782 5031 Super
1839 4975 2031 5017 omnes

452 5029 761 5095 CUStodivit.

519 5119 655 5175 Nam
684 5121 796 5199 ipse
825 5132 943 5185 erat
967 5123 1034 5183 de
1065 5143 1172 5198 quo
1201 5128 1418 5195 Gabriel
1448 5133 1660 5205 Virgini
1687 5135 1821 5201 dixit
1847 5156 1860 5192 :
1894 5136 2031 5194 Pro-

436 5221 621 5285 pterea
664 5222 716 5268 et
762 5214 905 5286 quod
944 5229 1196 5279 nascetur
1246 5238 1311 5275 ea:
1356 5232 1405 5276 te
1439 5235 1713 5297 sanctum,
1756 5229 2031 5284 vocabitur

449 5302 495 5358 F
499 5303 623 5360 ilius
651 5306 771 5371 ,Dei.
811 5307 1225 5379 Verumtamen,
1257 5314 1301 5370 si
1343 5316 1422 5373 vis
1463 5317 1569 5373 diei
1598 5319 1663 5376 de
1704 5335 1812 5391 quo
1844 5336 2026 5379 sermo

440 5402 527 5448 est
566 5397 1033 5472 comprehendere
1094 5403 1467 5465 excellentiam
1488 5448 1503 5474 ,
1556 5409 2026 5475 conﬁrmationem

443 5499 632 5543 eorum
654 5504 774 5559 quae
813 5490 879 5545 de
913 5504 980 5551 eo
1019 5492 1165 5551 dicta
1200 5503 1330 5555 sunt
1373 5498 1622 5568 respice:
1656 5499 1726 5553 Et
1773 5500 2024 5558 vocabitis

442 5575 581 5631 ltum?
600 5578 742 5633 diem
770 5579 1158 5641 celeberrimum
1199 5595 1352 5655 atque
1376 5590 1771 5651 sanctissimum
1814 5607 1832 5645 :
1874 5608 2026 5648 omne

445 5676 571 5740 opus
610 5669 791 5725 servile
831 5688 933 5726 non
977 5673 1181 5743 facietis
1214 5677 1265 5733 in
1297 5694 1389 5741 eo;
1433 5677 1719 5750 legitimtmt
1758 5683 2025 5752 sempiter-

2147 3237 2223 3292 lbi
2251 3238 2447 3299 etenim
2478 3238 2593 3294 ait:
2629 3240 2753 3295 Non
2792 3241 3108 3312 complebitis
3147 3247 3454 3303 messionem
3486 3260 3721 3306 vestram.

2146 3328 2246 3385 Hic
2284 3336 2503 3384 autem:
2538 3330 2661 3385 Non
2701 3333 2942 3387 secabitis
2980 3351 3095 3388 eam
3136 3353 3298 3407 usque
3332 3338 3404 3390 ad
3432 3339 3639 3405 solum,
3674 3350 3726 3394 ut

2147 3415 2506 3485 differentiam
2555 3419 2727 3487 ipsam
2769 3434 2835 3474 ex
2872 3424 3267 3491 permutatione
3301 3426 3592 3483 verborum
3640 3431 3717 3484 in-

2146 3507 2467 3577 telligamus.
2499 3508 2726 3563 Terram
2763 3510 2998 3566 ﬁdelium
3043 3516 3510 3585 csse‘przedictam
3553 3534 3582 3573 a
3612 3516 3721 3591 lege

2144 3597 2242 3653 Dei
2271 3599 2760 3665 conversationem,
2802 3601 3115 3673 frequenter
3150 3607 3511 3663 ostendimus.
3562 3609 3723 3678 Hujus

2145 3689 2344 3746 messio
2383 3698 2505 3760 post
2532 3693 2985 3749 resurrectionem
3017 3694 3314 3752 Salvatoris
3341 3715 3374 3754 a
3416 3703 3645 3757 mortuis
3673 3710 3722 3758 et

2149 3782 2441 3840 adventum
2488 3781 2661 3836 sancti
2710 3781 2945 3852 Spiritus
2994 3784 3192 3841 ﬂoruit.
3240 3786 3308 3841 Et
3352 3803 3462 3844 non
3510 3792 3722 3861 quidem

2142 3887 2359 3929 omnem
2395 3873 2674 3927 scientiam
2702 3888 2865 3942 quam
2905 3875 3143 3932 habituri
3171 3893 3378 3945 sumus,
3405 3884 3625 3952 quando
3662 3883 3728 3938 ad

2142 3964 2317 4033 ipsum
2360 3963 2529 4018 Deum
2573 3966 2899 4031 venerimus,
2928 3969 3094 4023 tradit
3132 3970 3356 4025 verbum
3387 3974 3732 4042 praedicatio-

2145 4053 2246 4106 uis.
2280 4051 2419 4114 Sunt
2454 4061 2634 4107 autem
2674 4069 2793 4123 quae
2827 4055 3117 4127 relinquit,
3157 4066 3218 4112 ut
3248 4067 3377 4128 pote
3418 4076 3542 4130 qua:
3584 4079 3729 4118 nunc

2141 4144 2300 4205 nobis
2327 4143 2555 4199 relevari
2580 4160 2685 4199 non
2711 4155 2962 4215 possunt,
2986 4157 3041 4203 et
3063 4157 3354 4220 propterea
3381 4151 3559 4222 legem
3591 4154 3731 4210 hanc

2140 4236 2195 4289 in
2234 4233 2507 4305 praedictis
2536 4233 2920 4292 festivitatibus
2948 4237 3299 4308 interposuit,
3325 4249 3384 4296 et
3410 4242 3490 4296 ait
3521 4260 3536 4296 :
3574 4241 3731 4298 Post—

2138 4340 2297 4396 quam
2330 4325 2652 4378 messueritis
2677 4335 2898 4395 segetem
2933 4336 3089 4383 terra:
3116 4340 3315 4393 vestrm,
3349 4348 3457 4385 non
3483 4334 3728 4388 sceabitis

2138 4431 2252 4469 eam
2283 4430 2443 4485 usque
2470 4414 2540 4468 ad
2567 4413 2757 4470 solum.
2807 4416 2863 4471 In
2891 4433 2957 4474 eo
2985 4419 3130 4488 quod
3157 4420 3305 4483 dicit,
3339 4438 3445 4476 non
3483 4424 3730 4477 secabitis

2139 4521 2253 4559 eam
2294 4521 2456 4576 usque
2483 4505 2553 4559 ad
2595 4510 2784 4571 solum,
2827 4521 2891 4561 ea
2934 4509 3258 4578 signiﬁcavit
3298 4525 3419 4580 quae
3465 4514 3629 4568 nobis
3657 4514 3726 4568 ad

2138 4594 2351 4665 plenam
2378 4594 2662 4656 scientiam
2686 4604 2740 4650 et
2767 4597 3062 4665 perfectam
3083 4601 3298 4665 desunt,
3330 4612 3557 4673 prepter
3577 4606 3727 4674 quod

2140 4694 2195 4740 et
2222 4684 2494 4751 subdidit:
2530 4685 2641 4739 Nec
2673 4697 2995 4743 remanentes
3035 4690 3206 4761 spicas
3246 4690 3481 4763 colliges,
3508 4701 3571 4747 ut
3616 4710 3726 4748 non

2137 4776 2549 4847 contendamus,
2584 4791 2762 4847 neque
2804 4776 3011 4835 frustra
3052 4795 3314 4838 conemur
3347 4798 3415 4838 ea
3461 4800 3586 4856 qua:
3623 4802 3728 4842 no-

2139 4874 2308 4920 stram
2337 4865 2549 4936 fugiunt
2570 4866 2874 4922 scientiam.

2204 4955 2271 5009 Et
2289 4964 2574 5025 propterea
2597 4971 2716 5025 qua:
2739 4957 2805 5013 de
2825 4972 3066 5014 messura
3084 4962 3278 5017 cadere
3301 4963 3579 5031 dicuntur,
3604 4967 3726 5022 col-

2131 5045 2298 5117 ligere
2319 5060 2419 5100 nec
2466 5061 2772 5116 possumus,
2810 5049 2904 5103 sed
2932 5049 3302 5120 relinquamus
3335 5068 3401 5109 ea
3445 5055 3674 5113 Christo
3704 5075 3721 5112 :

2132 5150 2292 5206 quem
2337 5135 2668 5206 signiﬁcans,
2702 5137 2979 5207 legislator
3025 5140 3272 5197 addidit:
3307 5140 3643 5214 Pauperibus
3669 5155 3722 5200 et

2130 5226 2415 5296 peregrinis
2456 5225 2687 5282 dimittes
2711 5244 2820 5282 eas.
2852 5228 2981 5285 Sive
3002 5233 3297 5288 secundum
3328 5232 3719 5307 Septuaginta,

2129 5318 2350 5388 pauperi
2365 5328 2414 5373 et
2429 5319 2690 5391 proselyto
2714 5321 2971 5392 relinques
2986 5341 3068 5379 ea.
3086 5325 3154 5379 Et
3176 5325 3299 5396 quis
3320 5334 3406 5382 est
3420 5328 3550 5384 hic?
3576 5328 3718 5385 Audi

2129 5409 2273 5478 quod
2311 5410 2598 5479 sequitur:
2631 5411 2744 5482 Ego
2788 5411 3045 5469 Dominus
3085 5414 3229 5470 Deus
3275 5426 3459 5471 vester.
3496 5416 3723 5489 Pauper

2128 5508 2306 5559 autem
2335 5510 2390 5557 et
2416 5503 2505 5558 hic
2528 5503 2746 5571 dicitur,
2770 5506 2896 5576 quia
2919 5514 3141 5578 propter
3174 5523 3272 5563 nos
3297 5523 3506 5579 pauper
3534 5509 3723 5568 factus

2127 5600 2210 5649 est
2230 5610 2351 5657 cum
2371 5595 2522 5650 dives
2541 5589 2708 5663 esset,
2740 5604 2800 5652 ut
2833 5597 2978 5654 illius
3018 5608 3338 5671 paupertate
3367 5615 3473 5657 nos
3507 5602 3715 5659 divites

2129 5700 2389 5743 essemus.
2425 5686 2531 5742 Sed
2558 5695 2613 5743 et
2634 5688 2858 5756 advena,
2898 5691 3023 5760 quia
3058 5700 3105 5746 ct
3134 5692 3179 5745 si
3216 5693 3273 5746 in
3301 5694 3518 5748 vrovria
3548 5692 3719 5755 venit,
