3926 6176
147 329 238 387 509

1046 307 1546 374 EXPUSITIONES
1575 315 1644 371 IN
1683 313 2078 371 LEVITICUM.
2119 344 2189 353 —-
2225 311 2353 367 LIB.
2384 312 2483 368 Ἤ.

3256 298 3362 377 sio
3446 380 3453 387 δ

148 445 213 499 sui
240 453 401 494 tamen
427 454 547 492 eum
578 453 681 491 non
724 444 1021 507 receperunt
1054 435 1233 506 (Joan.
1260 434 1322 503 ι).
1374 433 1511 487 Huic
1557 445 1687 503 ergo
1715 432 1766 491 Α
1788 426 1931 480 vobis
1966 427 2019 478 in
2063 426 2262 479 cunctis
2301 423 2717 494 generationibus
2753 434 2802 478 et
2836 425 3244 487 habitationibus
3284 449 3366 485 ve-

148 550 223 587 rus
246 530 527 598 relinques,
556 527 703 582 solus
723 535 902 580 autem
932 525 1032 580 scit
1058 541 1176 595 qute
1204 525 1359 579 nobis
1391 532 1689 588 remanent,

147 627 339 690 limpter
380 617 526 687 quod
568 631 667 670 nec
705 614 953 683 colligere
995 628 1303 683 possumus,
1334 627 1453 682 quae
1492 620 1552 666 ut
1580 611 1693 680 ipse

145 711 358 777 colligat,
404 713 657 775 separata
686 710 841 766 sunt,
876 710 1010 756 teste
1055 702 1245 766 Paulo,
1292 702 1383 771 qui
1436 700 1612 756 dicit:
1647 699 1692 755 0

146 797 341 850 altitudo
382 795 687 848 divitiarum
720 792 990 863 sapientia:
1034 800 1082 843 et
1128 790 1358 844 scientia:
1391 788 1503 853 Dei,
1536 806 1694 860 quam

146 883 658 955 incomprehensibilia
683 891 802 936 sunt
819 881 1026 950 judicia
1068 880 1208 950 ejus,
1236 890 1284 933 et
1310 878 1695 949 ininvcstigabi-

147 981 206 1032 les
224 979 309 1031 via:
333 976 470 1045 ejus.
505 974 763 1042 Sequitur
793 992 805 1026 :

202 1066 524 1136 Locutusque
559 1074 635 1118 est
685 1063 939 1116 Dominus
980 1060 1051 1114 ad
1082 1059 1298 1130 Moysen
1327 1058 1504 1111 dicens
1536 1072 1553 1109 :
1586 1056 1692 1111 Lo—

147 1176 275 1228 ςγδι-ι
314 1156 442 1227 ﬁliis
490 1153 662 1209 Israel
692 1171 710 1208 :
750 1151 928 1207 Mense
965 1151 1181 1222 septimo
1208 1151 1381 1221 prima
1424 1148 1508 1202 die
1552 1165 1694 1203 men-

147 1257 203 1305 sit
224 1255 316 1307 erit
357 1250 501 1305 vobis
543 1247 817 1302 sabbatum
859 1242 1181 1308 memoriale,
1214 1240 1573 1311 clangentibus
1611 1249 1695 1293 tu-

149 1344 223 1409 bis,
244 1352 288 1395 et
316 1339 589 1394 vocabitur
608 1347 867 1391 sanctum.
899 1333 1065 1388 Omne
1094 1349 1221 1403 opus
1253 1330 1434 1385 servile
1463 1346 1568 1385 non
1614 1329 1696 1400 fa-

149 1434 265 1486 cistis
283 1434 338 1485 in
360 1446 445 1493 eo,
477 1437 523 1481 et
561 1427 790 1497 oﬂ'eretis
832 1423 1194 1478 holocaustum
1216 1421 1462 1475 Domino.
1505 1418 1697 1490 Septe-

147 1522 328 1576 narium
349 1533 637 1572 numerum
666 1516 969 1571 evidentem
997 1527 1184 1583 gerere
1208 1519 1264 1566 et
1286 1509 1694 1565 indubitabilcm

148 1607 599 1665 consummationis
655 1604 915 1676 ﬁguram,
950 1602 1064 1656 sive
1117 1600 1540 1671 uniuscujusque
1593 1614 1693 1653 no-

147 1713 311 1763 stram,
341 1700 456 1754 sive
486 1696 817 1768 generalem,
842 1690 1009 1747 multa
1047 1690 1264 1763 quidem
1291 1698 1347 1745 et
1369 1690 1475 1745 alia
1512 1698 1694 1743 osten-

1791 515 1947 579 stris,
1999 514 2373 583 sabbatumque
2417 512 2747 583 requietionis
2801 524 2910 579 est,
2967 516 3199 585 affligetis
3250 521 3366 573 ani-

1791 621 1905 658 mas
1947 614 2164 659 vestras.
2220 603 2321 656 Die
2362 619 2496 656 nono
2525 603 2737 667 mensis,
2785 621 2817 656 a
2873 621 3076 673 vespere
3111 610 3365 676 usquead

1791 709 2059 764 vesperum
2084 734 2099 758 ,
2155 692 2478 747 celebrabitis
2541 693 2757 746 sabbata
2824 704 3012 747 vestra.
3071 692 3369 753 Ostendere

1791 781 2227 852 propitiationem
2255 780 2435 845 nobis,
2464 796 2494 834 a
2519 781 2758 850 peccatis
2799 782 3049 837 videlicet
3092 783 3368 840 liberatio-

1793 889 1916 928 nem
1944 874 1998 928 in
2026 872 2329 928 humilitate
2367 880 2422 926 et
2457 870 2743 926 alliietione
2788 873 2981 927 animae
3018 875 3261 943 acquiri,
3292 874 3365 929 lc-

1793 963 2015 1034 gislator
2036 962 2327 1016 desiderat.
2359 959 2511 1015 Hanc
2546 969 2728 1015 autem
2767 976 2926 1031 agere
2954 977 2985 1016 a
3019 976 3247 1032 vespera
3277 963 3371 1017 de-

1793 1052 2005 1116 bemus,
2033 1051 2087 1105 id
2131 1058 2230 1113 est,
2266 1065 2332 1105 ex
2379 1050 2493 1118 ipsa
2538 1049 2857 1119 pmnitentia
2909 1051 2987 1104 sic
3023 1050 3367 1120 incipientes,

1795 1142 1917 1212 quia
1945 1150 1998 1197 et
2021 1141 2270 1197 Christus
2295 1141 2505 1194 initium
2530 1156 2640 1194 suae
2673 1140 3073 1210 praedicationis
3102 1142 3371 1211 poeniten-

1796 1234 1925 1288 tiam
1949 1232 2113 1297 fecit;
2140 1232 2234 1286 sed
2254 1231 2586 1301 pmniteutiaa
2616 1231 2780 1284 vitam
2820 1230 3015 1285 bonam
3043 1230 3371 1299 supertedili-

1792 1338 1942 1388 care,
1996 1321 2435 1393 perfectamque,
2484 1329 2539 1375 et
2584 1321 2872 1375 virtutibus
2929 1331 3361 1375 consummatum

1795 1427 2017 1469 necesse
2042 1413 2321 1476 habemus,
2338 1420 2395 1466 et
2418 1419 2700 1481 propterea
2736 1409 2974 1465 subdidit
3000 1424 3016 1462 :
3049 1407 3116 1462 Et
3144 1409 3371 1478 offeretis

1794 1503 2152 1557 holocaustum
2177 1502 2604 1556 Domino:omne
2639 1518 2769 1571 opus
2798 1517 2901 1554 non
2927 1500 3132 1570 facietis
3162 1501 3217 1553 in
3241 1508 3372 1552 tem—

1793 1611 1917 1666 pore
1938 1595 2044 1648 diei
2066 1594 2245 1661 huius.
2269 1593 2329 1646 in
2357 1592 2821 1648 holocaustomate
2865 1590 3081 1660 quidem
3108 1604 3363 1645 consum-

1798 1699 1997 1744 matam
2021 1691 2187 1744 vitam
2220 1697 2274 1743 et
2319 1686 2560 1757 perfecte
2610 1686 2965 1740 inhaerentem
3010 1683 3139 1748 Deo,
3169 1683 3223 1737 in
3265 1698 3371 1737 non

147 1797 275 1858 dunt,
300 1792 429 1847 illud
451 1800 635 1844 autem
668 1788 924 1851 maxime,
947 1785 1072 1855 quia
1093 1783 1236 1837 Deus
1263 1783 1318 1837 in
1351 1783 1438 1836 die
1466 1781 1692 1851 septima
1722 1779 1769 1841 B
1798 1784 2044 1840 faciendo
2065 1791 2247 1838 autem
2276 1796 2435 1837 omne
2455 1797 2590 1851 opus
2614 1788 2963 1834 terrenorum
2992 1790 3218 1846 operum
3248 1775 3372 1830 abs-

148 1883 351 1936 rcssavit
402 1882 470 1935 ab
522 1878 776 1949 operibus
807 1876 939 1940 suis,
974 1875 1108 1931 dans
1164 1873 1321 1929 nobis
1346 1880 1402 1928 et
1450 1873 1561 1942 ipsa
1611 1884 1694 1924 re-

149 1977 301 2044 quiem
339 1982 580 2028 nostram
609 1971 903 2041 conjicere,
941 1968 1008 2023 de
1044 1982 1149 2038 qua
1201 1965 1400 2020 Paulus
1439 1966 1514 2020 ait
1544 1983 1556 2019 :
1592 1963 1696 2029 Qui

147 2066 263 2117 enim
288 2066 545 2134 ingressus
590 2070 665 2115 est
695 2061 749 2112 in
780 2059 923 2113 illam
957 2059 1215 2128 requiem,
1259 2054 1527 2126 requievit
1580 2054 1695 2126 ipse

146 2161 203 2205 ab
231 2153 464 2206 omnibus
488 2150 745 2221 operibus
789 2147 925 2214 suis,
957 2146 1408 2218 quemadmodum
1438 2150 1491 2199 et
1520 2159 1550 2199 a
1580 2142 1694 2198 suis

146 2245 281 2300 Deus.
318 2243 420 2299 Sed
465 2245 683 2299 initium
728 2240 1211 2297 consummationis
1240 2248 1542 2310 temporum
1591 2238 1695 2292 Do-

146 2338 254 2391 mini
301 2345 381 2390 est
414 2337 699 2399 adventus,
728 2343 950 2405 propter
994 2333 1138 2403 quod
1172 2332 1302 2387 illud
1344 2331 1694 2387 novissimam

144 2428 308 2483 horam
352 2428 588 2483 Joannes
639 2426 981 2497 Evangelista
1031 2425 1338 2494 appellavit,
1371 2425 1447 2478 ait
1490 2423 1634 2478 enim
1675 2441 1686 2476 :

142 2516 321 2581 Filioli,
349 2520 620 2573 novissima
661 2517 794 2571 hora
832 2529 925 2573 est.
979 2516 1085 2572 Sed
1132 2524 1188 2571 et
1231 2515 1469 2572 Iacobus
1509 2535 1522 2571 :
1557 2514 1693 2569 Ecce

132 2613 293 2682 jndex
324 2624 437 2667 ante
457 2615 676 2682 januam
726 2621 851 2667 stat.
910 2611 1025 2667 iloc
1057 2618 1289 2680 tempus,
1333 2610 1562 2680 primam
1606 2623 1693 2666 se-

138 2701 283 2770 ptimi
305 2701 517 2766 mensis,
533 2702 665 2756 sicut
688 2700 1009 2771 principium
1041 2699 1523 2756 consummationis
1546 2706 1693 2755 recte

140 2792 213 2846 lex
250 2792 543 2863 appellavit.
593 2792 691 2847 Est
739 2799 918 2845 autem
955 2791 1112 2846 nobis
1158 2791 1397 2861 requies,
1430 2790 1557 2861 quia
1592 2805 1691 2846 nos

139 2884 366 2950 operibus
383 2882 534 2938 malis
559 2897 747 2938 carere
778 2879 925 2947 fecit,
952 2889 1007 2935 et
1029 2897 1057 2934 a
1076 2878 1207 2950 jugo
1231 2880 1383 2951 gravi
1415 2879 1685 2934 liberavit.

147 2971 306 3028 Venite
332 2976 488 3040 enim,
524 2974 723 3044 inquit,
754 2990 929 3028 omnes
974 2974 1066 3044 qui
1095 2971 1351 3025 labaratis
1398 2981 1447 3025 et
1484 2972 1690 3026 onerati

140 3068 263 3131 estis,
281 3078 324 3120 et
339 3085 429 3138 ego
449 3084 539 3121 vos
564 3066 798 3135 reﬁciam
814 3064 1027 3135 (Matth.
1046 3063 1143 3136 xi).
1163 3063 1229 3118 Et
1256 3078 1473 3117 rursus:
1493 3061 1691 3117 Discite

141 3176 165 3208 α
184 3163 383 3230 mequia
412 3162 554 3215 mitis
574 3178 691 3215 sum
719 3170 767 3214 et
796 3159 1008 3213 humilis
1045 3158 1221 3224 corde,
1246 3167 1294 3213 et
1316 3158 1587 3213 invenietis
1608 3175 1690 3215 re-

139 3251 285 3330 quiem
320 3253 598 3307 animabus
640 3253 840 3307 vestris.

199 3340 297 3394 [loc
320 3349 373 3396 et
396 3340 715 3397 memoriale
768 3343 1021 3397 tubarum
1047 3349 1180 3397 est:
1229 3342 1490 3412 prcedicat
1542 3330 1688 3397 enim

142 3428 408 3487 Silvatoris
432 3432 911 3498 resurrectionem,
941 3448 1060 3501 quae
1092 3432 1406 3488 memoriale
1433 3444 1517 3488 est
1535 3449 1686 3489 com—

142 3520 292 3575 munis
319 3531 656 3576 mortuorum
685 3522 1120 3587 resurrectionis,
1152 3537 1271 3592 quae
1301 3523 1353 3577 in
1380 3538 1513 3578 voce
1539 3524 1689 3579 tuba-

144 3624 239 3662 nun
257 3626 570 3682 magnarum
594 3620 648 3665 et
676 3611 998 3666 terribilium
1026 3610 1289 3666 cilicictur
1315 3612 1369 3666 in
1397 3611 1552 3681 jussu
1582 3613 1686 3666 Do-

143 3699 311 3753 miuieo
330 3704 381 3752 in
411 3717 534 3753 voce
563 3699 885 3769 archangeli,
915 3700 970 3754 in
997 3700 1122 3754 tuba
1152 3700 1281 3766 Dei,
1310 3702 1449 3755 sicut
1490 3701 1689 3756 Paulus

140 3787 314 3842 docuit.
338 3789 451 3844 Hoc
475 3797 691 3861 tempus
712 3790 993 3845 vocabitur
1009 3800 1255 3845 sanetum
1280 3790 1534 3861 Domino,
1560 3790 1687 3860 quia

140 3881 444 3935 meationem
476 3896 598 3950 quae
631 3882 683 3935 in
732 3882 1161 3937 sanctiﬁcatione
1202 3860 1287 3936 est
1313 3881 1575 3951 possidet,
1617 3897 1684 3936 ex

137 3984 224 4037 qua
262 3972 476 4042 adoptio
523 3987 645 4040 quae
676 3971 743 4025 ad
781 3988 905 4025 eum
938 3972 1172 4041 pertinet
1202 3970 1408 4026 vocatis
1437 3969 1683 4025 edicitur.

140 4057 280 4115 Omne
297 4078 424 4129 opus
450 4061 636 4115 servile
665 4077 764 4115 non
797 4062 1001 4131 facietis
1021 4062 1076 4115 in
1104 4078 1182 4128 eo,
1206 4069 1255 4115 et
1274 4060 1504 4131 offeretis
1533 4059 1684 4114 holo-

136 4162 346 4204 caustum
376 4153 627 4206 Domino.

189 4238 295 4294 Non
308 4250 391 4296 est
413 4242 559 4297 enim
581 4240 695 4310 jam
712 4249 923 4311 tempus
947 4256 1109 4312 opera
1129 4242 1343 4297 servilia
1359 4257 1542 4312 agere,
1558 4242 1685 4313 quia

132 4328 304 4385 suilicit
346 4331 685 4402 praeteritum
714 4338 928 4402 tempus
953 4332 1023 4386 ad
1063 4332 1389 4390 voluntatem
1419 4334 1683 4404 gentium,

133 4418 289 4490 inquo
309 4430 463 4492 gesta
493 4430 620 4475 sunt
641 4437 805 4492 opera
857 4422 1094 4488 servilia,
1139 4429 1193 4477 et
1217 4422 1475 4479 debemus
1503 4440 1684 4494 quem-

130 4509 390 4563 admodum
415 4510 746 4565 exhibuimus
772 4512 1002 4565 membra
1042 4522 1221 4567 nostra
1258 4529 1406 4566 anna
1436 4514 1688 4584 iniquita-

130 4598 202 4659 tis,
229 4599 296 4650 ad
322 4600 679 4669 iniquitatem,
716 4599 787 4652 ita
810 4599 1049 4655 exhibere
1070 4600 1302 4654 membra
1325 4610 1505 4654 nostra
1534 4616 1686 4654 arma

120 4687 324 4751 justitite
370 4689 429 4741 in
477 4688 945 4757 sanctiﬁcationem
988 4703 1007 4740 .'
1039 4690 1142 4744 hoc
1188 4698 1274 4743 est
1323 4690 1466 4743 enim
1495 4704 1683 4744 verum

125 4776 501 4834 bakbcaustum.
533 4780 794 4852 Sequitur
817 4784 978 4837 etiam
1012 4801 1025 4838 :

181 4866 403 4923 Locutus
445 4887 650 4942 quoque
679 4882 754 4927 est
801 4871 1058 4929 Dominus
1094 4877 1164 4929 ad
1196 4874 1412 4947 Moysen
1456 4876 1634 4931 dicens
1666 4893 1684 4930 :

120 4954 314 5012 Decimo
355 4961 443 5013 die
488 4963 682 5015 mensis
720 4962 879 5032 hujus
921 4966 1147 5035 septimi,
1177 4966 1288 5020 dies
1327 4967 1684 5037 expiationum

118 5052 201 5096 erit
216 5047 594 5115 celeberrimus,
609 5060 655 5104 et
677 5051 947 5105 vocabitur
967 5062 1199 5120 sanctus,
1217 5055 1552 5126 aﬂiigetisque
1572 5056 1687 5109 ani-

116 5152 217 5191 mus
251 5151 448 5194 vestras
478 5142 536 5195 in
562 5159 642 5206 eo,
685 5152 732 5196 et
774 5144 999 5211 o/feretis
1036 5144 1401 5199 holocaustum
1431 5146 1679 5201 Domino.

116 5228 272 5285 Omtte
298 5249 429 5302 opus
463 5249 568 5287 non
595 5232 797 5299 facietis
830 5235 886 5287 in
923 5245 1151 5306 tempore
1198 5237 1302 5290 diei
1336 5236 1527 5307 hujus,
1559 5238 1683 5308 quia

111 5321 211 5376 dies
250 5324 639 5394 propitiationis
683 5332 780 5388 est,
828 5335 882 5377 ut
912 5327 1219 5395 propitiatur
1254 5328 1396 5380 vobis
1424 5327 1680 5382 Dominus

112 5410 243 5467 Dens
271 5424 451 5469 tester.
485 5413 671 5468 Omnis
698 5416 877 5469 anima
921 5433 1037 5483 qua:
1064 5418 1252 5488 afflicta
1290 5434 1394 5471 non
1438 5417 1597 5486 fuerit
1626 5419 1681 5473 in

110 5505 186 5557 die
208 5506 310 5559 hoc
336 5505 523 5576 peribit
558 5504 625 5558 de
674 5505 880 5576 populis
920 5509 1064 5573 suis;
1098 5518 1146 5562 et
1182 5525 1298 5579 qua:
1328 5509 1499 5577 operis
1533 5509 1682 5578 quip-

107 5594 241 5656 piam
289 5596 489 5663 fecerit,
539 5594 719 5650 delebo
748 5613 863 5650 eam
908 5598 972 5652 de
1010 5599 1206 5669 populo
1237 5615 1355 5662 suo,
1392 5599 1521 5652 nihil
1559 5615 1681 5669 ergo

108 5692 271 5757 operis
327 5690 533 5758 facietis
585 5689 640 5743 in
689 5706 779 5753 co;
827 5688 1108 5761 legitimum
1165 5691 1533 5758 sempiternum
1584 5689 1680 5743 erit

1795 1873 2078 1929 tinentiam
2108 1872 2361 1926 ostendit.

1865 1966 2006 2036 Ergo
2049 1972 2103 2019 et
2141 1964 2302 2018 nimis
2342 1971 2735 2030 consequenter
2774 1958 2979 2014 addidit
3015 1975 3029 2012 :
3078 1956 3215 2027 Quia
3259 1955 3370 2010 dies

1793 2054 2176 2129 propitiationis
2201 2063 2296 2117 est,
2324 2061 2380 2106 ut
2400 2051 2713 2122 prapitietur
2754 2049 2895 2103 vobis
2931 2046 3188 2100 Dominus
3228 2043 3369 2098 Deus

1795 2156 1975 2211 vester,
2002 2154 2229 2214 utraque
2258 2145 2375 2197 haec
2404 2139 2722 2205 ostendens,
2754 2138 2878 2208 quia
2901 2146 2955 2191 et
2982 2136 3085 2190 hoc
3121 2143 3205 2190 est
3228 2144 3367 2189 tem-

1793 2248 1893 2308 pus
1916 2236 1983 2290 ad
2010 2232 2445 2305 propitiationem
2471 2230 2627 2285 nobis
2657 2243 2686 2283 a
2731 2229 2843 2283 Deo
2868 2227 3146 2290 donatum,
3173 2224 3229 2279 in
3261 2239 3371 2294 quo

1791 2334 2014 2395 peccata
2064 2331 2248 2377 nostra
2288 2321 2511 2376 veniens
2558 2317 2821 2373 Dominus
2850 2315 3028 2381 diluit,
3052 2321 3107 2370 et
3146 2313 3274 2384 quia
3315 2315 3370 2368 in

1792 2434 1899 2487 quo
1926 2417 2042 2471 hzec
2077 2421 2456 2483 exspectamus
2503 2418 2766 2480 tempore,
2808 2409 2943 2464 nihil
2972 2407 3230 2462 debemus
3260 2413 3370 2461 ter-

1794 2522 2049 2561 renorum
2071 2518 2252 2574 agere.
2275 2502 2479 2556 Deinde
2498 2501 2670 2569 legem
2696 2498 3042 2570 protrahens,
3073 2505 3129 2551 et
3152 2495 3373 2551 Christo

1792 2596 2200 2653 advocationem
2230 2591 2499 2663 praebens,
2526 2591 2618 2660 qui
2642 2590 2781 2645 dixit
2813 2606 2825 2643 :
2855 2588 3053 2641 Discite
3078 2603 3111 2640 a
3142 2602 3222 2640 me
3249 2587 3373 2658 quia

1790 2688 1933 2741 mitis
1954 2699 2070 2741 sum
2100 2694 2148 2738 et
2175 2682 2389 2737 humilis
2411 2682 2588 2746 corde,
2615 2689 2663 2735 et
2703 2679 2976 2734 invenietis
3003 2678 3229 2744 requiem
3259 2676 3371 2730 ani-

1750 2788 1753 2789 '
1790 2779 1975 2831 mabus
2000 2776 2182 2830 vestris
2205 2773 2419 2846 (Matth.
2443 2771 2547 2843 ππ),
2579 2772 2656 2825 ait
2687 2789 2700 2825 :
2735 2767 2917 2825 Omnis
2947 2769 3124 2822 animo
3150 2782 3267 2838 qua:
3291 2765 3371 2834 af-

1717 3124 1762 3187 C

1709 4464 1761 4522 D

1790 2869 1935 2938 flicta
1977 2884 2080 2921 non
2124 2866 2281 2936 fuerit
2308 2867 2366 2918 in
2411 2864 2495 2917 die
2537 2863 2634 2916 hoc
2679 2860 2866 2931 peribit
2897 2859 2962 2912 de
2989 2857 3191 2929 populis
3228 2857 3369 2921 suis,

1792 2974 1967 3029 neque
2005 2958 2149 3012 enim
2194 2956 2440 3025 sequitur
2487 2951 2760 3008 Christum
2807 2949 2899 3019 qui
2931 2948 3047 3003 haec
3096 2944 3327 3001 sancivit
3355 2984 3371 3006 ,

1794 3058 1849 3104 et
1896 3050 1950 3103 in
1995 3057 2207 3102 tantum
2238 3045 2588 3114 semetipsum
2616 3039 2942 3104 humiliavit,
2973 3046 3035 3092 ut
3068 3035 3266 3091 Paulus
3308 3034 3377 3090 de

1793 3156 1860 3196 eo
1895 3140 2100 3195 diceret
2134 3155 2146 3191 :
2195 3134 2508 3191 Humiliavit
2548 3132 2881 3201 semetipsum
2922 3127 3095 3198 factus
3132 3123 3370 3179 obcdiens

1788 3249 1950 3303 usque
1978 3231 2047 3285 ad
2096 3238 2337 3294 mortem,
2374 3236 2591 3281 mortem
2625 3232 2797 3277 autem
2825 3221 2994 3275 crucis
3023 3215 3243 3289 (Philip.
3272 3214 3335 3285 ιι)
3355 3254 3371 3278 ,

1788 3324 1882 3379 sed
1911 3329 1966 3378 et
1993 3322 2084 3393 qui
2106 3320 2295 3391 operis
2343 3315 2619 3389 quippiam
2650 3311 2859 3379 fecerit,
2906 3308 3096 3366 delebo
3140 3319 3265 3361 eum
3304 3305 3370 3362 de

1786 3411 1987 3483 p0pulo
2016 3423 2135 3466 suo.

1860 3502 2010 3558 Nihil
2053 3517 2175 3571 ergo
2211 3498 2379 3570 operis
2410 3495 2614 3567 facietis
2648 3495 2704 3549 in
2735 3510 2829 3558 eo,
2869 3491 3157 3562 legitimum
3183 3488 3368 3557 sempi-

1786 3604 1991 3649 ternum
2016 3592 2113 3646 erit
2144 3590 2285 3643 vobis
2308 3588 2362 3641 in
2387 3587 2588 3641 cunctis
2626 3581 3044 3654 generationibus
3075 3586 3124 3632 et
3154 3576 3365 3631 habitas

1786 3683 2012 3738 tionibus
2036 3679 2236 3734 vestris.
2262 3677 2353 3731 Sic
2378 3678 2481 3730 hoc
2505 3673 2641 3730 dixit
2657 3714 2672 3736 ,
2700 3680 2956 3739 tanquam
2978 3668 3032 3722 si
3054 3663 3255 3736 populo
3278 3660 3365 3716 Ju-

1787 3777 2026 3831 dzeorum
2070 3775 2407 3841 prteceptum
2454 3765 2555 3830 sit;
2605 3763 2685 3818 sic
2731 3768 2910 3814 autem
2953 3772 3014 3811 se
3045 3769 3150 3810 non
3181 3752 3368 3816 habet,

1786 3865 2037 3920 omnibus
2071 3861 2215 3918 enim
2236 3859 2327 3913 {ex
2354 3854 2657 3913 communis
2687 3859 2801 3915 est,
2827 3849 2951 3918 quia
2978 3855 3033 3902 et
3063 3845 3134 3901 ad
3182 3856 3369 3898 omnes

1789 3957 2052 4014 Dominus
2080 3953 2294 4010 dicebat
2326 3969 2338 4004 :
2383 3946 2685 4020 Operamini
2726 3959 2830 3997 non
2856 3941 3026 3995 cibum
3064 3937 3156 4010 qui
3200 3934 3369 4007 perit;

1786 4048 1921 4105 nihil
1950 4046 2136 4101 volens
2164 4058 2265 4098 nos
2295 4038 2512 4112 operari
2534 4045 2833 4091 terrenum.
2872 4030 3017 4085 Bene
3039 4042 3173 4098 ergo
3203 4033 3259 4080 et
3285 4038 3369 4078 sa-

1786 4142 1995 4212 pienter
2020 4135 2322 4193 custodiam
2349 4128 2647 4185 vocationis
2674 4125 2976 4195 perducere
3014 4119 3081 4173 ad
3102 4114 3367 4184 majorem

1786 4206 2294 4299 contemplationem
2322 4222 2527 4283 volens,
2550 4216 2755 4272 addidit
2787 4233 2801 4268 :
2853 4211 3144 4268 Sabbatum
3174 4206 3370 4277 requie-

1787 4324 1941 4377 tionis
1961 4319 2158 4384 est,vel
2185 4316 2325 4372 sicut
2348 4310 2698 4382 Septuaginta
2725 4324 2737 4359 :
2766 4303 2995 4359 Sabbata
3025 4299 3363 4354 sabbatorum

1786 4421 1936 4468 erunt
1968 4409 2132 4472 vobis,
2153 4415 2213 4461 ut
2234 4420 2334 4475 per
2356 4404 2463 4458 hoc
2492 4395 2829 4468 intelligibiie
2862 4391 3228 4460 intelligamus
3250 4387 3370 4442 sab-

1787 4505 2004 4563 batum,
2060 4498 2202 4568 quod
2244 4494 2553 4549 Iudaeorum
2602 4484 2899 4544 excedebat
2951 4479 3361 4568 inﬁrmitatem,

1786 4592 2238 4667 quemadmodum
2275 4595 2329 4642 et
2371 4584 2572 4639 Sancta
2619 4586 2948 4638 sanctorum,
2977 4578 3199 4644 propter
3222 4567 3367 4641 quod

1785 4662 1865 4743 eis
1906 4701 2006 4741 nec
2034 4684 2253 4738 sabbata
2298 4684 2485 4740 erant,
2514 4673 2608 4729 sed
2642 4680 2696 4727 et
2734 4668 3078 4725 Canticorum
3109 4662 3318 4718 cantica
3346 4676 3362 4715 :

1786 4795 1893 4833 non
1942 4776 2248 4846 intelligunt
2294 4772 2438 4827 enim
2473 4783 2661 4824 eorum
2708 4779 2827 4835 qua:
2854 4762 2931 4817 ibi
2976 4759 3173 4827 scripta
3235 4761 3364 4810 sunt

1786 4870 2060 4924 virtutem.
2092 4865 2159 4919 Et
2178 4878 2339 4920 omne
2367 4861 2509 4932 quod
2542 4857 2836 4915 secundum
2872 4852 3045 4923 legem
3074 4848 3362 4917 Anagogcn

1789 4960 1997 5030 recipit,
2035 4957 2139 5012 hoc
2160 4954 2423 5011 excedere
2449 4950 2752 5005 Judaeorum
2778 4956 3067 5001 mensuras
3100 4936 3382 5023 intelligas

1788 5068 1927 5107 mus.
1959 5050 2077 5104 Jam
2112 5056 2291 5103 autem
2323 5045 2445 5099 vide
2472 5042 2667 5112 quibus
2694 5034 3033 5094 sermonibus
3061 5045 3190 5086 usus
3226 5034 3309 5083 est
3339 5039 3360 5078 :-

1787 5140 1855 5197 Et
1880 5140 2109 5214 aﬂligetis
2132 5140 2334 5193 animas
2363 5143 2581 5198 vestras,
2611 5131 2695 5183 die
2724 5144 2859 5182 nono
2884 5125 3074 5180 mensis
3095 5137 3125 5173 a
3153 5130 3359 5190 vespero

1788 5252 1947 5307 usque
1973 5233 2041 5288 ad
2062 5245 2324 5301 vesperum
2355 5224 2675 5281 celebrabitis
2712 5220 2927 5274 sabbata
2954 5223 3139 5270 vestra.

1856 5293 2196 5394 iiccapitulat
2246 5317 2389 5373 enim
2439 5311 2758 5370 humilitatis
2798 5307 3041 5368 verbum,
3070 5297 3195 5368 quia
3244 5293 3356 5346 fre-

1782 5389 2018 5484 quenter
2043 5409 2171 5465 illud
2197 5406 2445 5463 Christus
2475 5402 2678 5465 docuit,
2703 5398 2859 5469 quasi
2891 5401 3141 5484 coronam
3170 5389 3352 5435 autem

1784 5477 1926 5560 illam
1955 5512 2009 5559 et
2048 5500 2219 5557 basim
2257 5498 2532 5553 virtutem.
2565 5499 2727 5561 atque
2777 5477 3176 5542 subsistentiam
3224 5483 3353 5561 apoo

1783 5596 1934 5653 stolis
1966 5591 2262 5649 constituit.
2304 5585 2595 5655 luquisitus
2624 5559 2789 5643 enim,
2822 5574 2935 5645 quis
2962 5564 3134 5655 major
3178 5567 3252 5655 est
3296 5559 3351 5612 in

1785 5703 1940 5757 regno
1969 5682 2231 5746 cwlorum,
2256 5674 2550 5746 respondit,
2587 5669 2879 5740 quicunque
2900 5650 3251 5714 humiliavcrit
3274 5665 3348 5715 se,
