3926 6176
506 357 607 413 5H

1028 420 1033 423 Α
1133 353 1196 409 Β.
1236 353 1490 409 RABANI
1526 353 1747 409 MAURI
1786 349 2104 407 ARClllEP.
2144 345 2456 403 MOGUNT.
2494 344 2779 402 OPERUM
2812 342 2992 399 PARS
3028 342 3071 399 Ι.

3653 344 3755 401 513

501 480 559 528 et
585 470 811 540 reliqua.
861 467 1006 536 Quod
1034 476 1215 523 autem
1243 468 1380 523 dixit
1406 483 1421 522 :
1447 469 1493 521 Α
1522 485 1731 539 vespero
1783 484 1954 538 usque
2000 466 2071 521 ad
2099 472 2147 531 Α
2175 459 2441 516 habitatio
2469 470 2573 526 est,
2604 460 2748 515 sicut
2774 460 2971 515 Paulus
2995 459 3072 514 ait
3096 477 3108 513 :
3140 458 3306 529 Cupio
3332 458 3546 513 dissolvi
3578 470 3629 514 et
3650 479 3757 518 esse

500 577 791 631 vesperum,
821 567 1008 629 aperte
1053 558 1286 614 volentis
1329 568 1414 615 est
1440 573 1656 628 semper
1685 558 2080 628 superﬂuorum

500 658 557 707 et
585 664 847 704 vanorum
876 648 1213 703 vacationem
1255 648 1478 713 studeri,
1530 649 1675 704 unde
1717 657 1773 703 et
1820 648 2080 703 Dominus

499 754 600 796 nec
618 753 841 795 causam
865 738 1047 795 dicere
1068 739 1317 794 concedit
1340 740 1631 810 :praecepit
1650 740 1795 795 enim
1815 754 1991 809 neque
2014 742 2080 796 de

499 829 704 895 tunica,
733 843 908 898 neque
936 829 1002 884 de
1030 836 1180 884 veste
1201 829 1423 899 litigari,
1448 828 1541 884 sed
1571 845 1673 884 nec
1693 830 1923 902 cogitari
1950 830 2079 901 quid

499 921 835 987 comedatur,
849 927 944 975 aut
973 917 1119 989 quid’
1131 921 1367 987 bibatur,
1402 933 1497 977 aut
1516 923 1646 992 quid
1671 924 1970 990 vestiatur;
1994 940 2080 980 ve-

498 1026 621 1066 rum
661 1011 777 1080 ipse
816 1011 1018 1066 docens
1050 1019 1105 1067 et
1141 1010 1490 1066 sabbatorum
1526 1012 1855 1068 annuntians
1888 1013 2084 1069 sabba-

500 1106 637 1164 tum,
666 1098 719 1152 in
744 1113 852 1169 quo
887 1113 1048 1155 omne
1067 1114 1203 1170 opus
1239 1108 1438 1166 cessat,
1468 1110 1525 1155 et
1543 1099 1657 1156 sola
1683 1115 1805 1170 qua:
1830 1101 1928 1157 Dei
1954 1111 2082 1159 sunt

497 1192 873 1257 ostenduntur,
902 1193 1017 1249 sola
1050 1195 1395 1265 corriguntur
1429 1211 1550 1266 qua:
1586 1196 1741 1252 utilia
1771 1203 2083 1273 suntatque

497 1282 797 1352 expediunt
828 1283 1042 1340 animae.
1082 1283 1343 1355 Sequitur
1369 1304 1385 1341 :

573 1374 644 1428 Et
675 1374 884 1429 locutus
925 1385 1002 1430 est
1030 1376 1289 1432 Dominus
1320 1378 1390 1432 ad
1442 1377 1662 1449 Moysen
1707 1379 1887 1433 dicens
1924 1392 1943 1431 .°
1977 1377 2083 1433 Lo-

503 1483 662 1537 quere
703 1466 829 1535 ﬁliis
871 1465 1082 1523 Israel:
1109 1467 1155 1520 Α
1181 1469 1566 1538 quintodecimo
1594 1469 1681 1523 die
1709 1469 1899 1524 mensis
1921 1468 2081 1538 hujus

497 1556 739 1626 septimi,
791 1566 942 1610 erunt
971 1556 1120 1625 feria:
1160 1557 1621 1613 tabernaculorum
1651 1569 1843 1630 septem
1900 1558 2081 1612 diebus

501 1645 767 1710 Domino;
795 1645 904 1700 dies
950 1647 1151 1717 primus
1201 1647 1471 1702 vocabitur
1519 1647 1884 1702 celeberrimus
1927 1657 2084 1719 atque

497 1734 879 1789 sanctissimus.
939 1731 1104 1790 Omne
1156 1751 1284 1803 opus
1335 1735 1520 1790 servile
1570 1753 1673 1791 non
1724 1736 1926 1807 facietis
1951 1776 1967 1802 ,
2032 1746 2081 1791 et

2179 570 2297 607 cum
2330 550 2538 606 Christo
2570 549 2738 623 (Phil.
2772 550 2836 623 ι).
2861 551 3034 608 Omne
3055 565 3189 621 Opus
3219 551 3414 606 servile
3452 568 3562 608 non
3596 552 3760 609 facie-

2178 659 2319 708 mus,
2348 644 2474 714 quia
2517 644 2654 697 sicut
2680 642 2851 713 angeli
2878 643 2975 696 Dei
3002 652 3244 711 tempore
3284 641 3374 695 illo
3402 642 3622 697 erimus.
3654 644 3759 701 Sed

2178 740 2234 786 et
2259 732 2364 787 hoc
2386 739 2515 787 nota
2542 732 2813 801 quomodo
2842 731 3029 786 eadem
3059 731 3126 786 de
3158 732 3331 800 primo
3362 738 3418 785 et
3439 739 3640 788 octavo
3682 735 3760 788 di-

2178 821 2292 889 cit,
2355 821 2482 892 quia
2531 837 2697 876 unum
2767 820 3164 892 quodammodo
3237 829 3482 891 utrmque
3535 823 3760 879 virtutes

2154 920 2306 971 ,sunt
2337 929 2352 966 :
2390 912 2808 968 resurrectionis
2845 913 3041 982 quippe
3081 912 3360 982 dies,quce
3387 921 3472 968 est
3509 913 3761 970 substan-

2180 1001 2257 1056 tia
2282 1001 2449 1056 futuri
2485 1002 2691 1067 saeculi,
2718 1002 3040 1073 initiumque
3073 1002 3189 1071 ejus
3214 1012 3269 1058 et
3304 1003 3471 1059 basis.

2247 1089 2462 1145 Primus
2482 1090 2698 1161 quidem
2721 1091 2861 1145 sicut
2880 1091 3203 1161 principium
3221 1092 3273 1146 in
3297 1092 3518 1148 Christo
3537 1110 3765 1150 conver-

2180 1183 2406 1238 sationis
2434 1190 2488 1238 et
2513 1182 2793 1238 exordium
2827 1182 3131 1238 futurorum
3158 1192 3263 1251 est,
3287 1195 3516 1241 octavus
3555 1195 3760 1251 autem,

2179 1281 2241 1327 ut
2266 1261 2357 1342 qui
2384 1273 2633 1342 praesenti
2661 1272 2905 1328 succedit
2927 1272 3146 1340 szeculo,
3174 1290 3335 1345 quem
3366 1276 3637 1346 septimus
3670 1294 3763 1330 nu-

2179 1379 2362 1418 merus
2386 1362 2621 1434 ﬁgurare
2650 1363 2869 1417 dicitur.

2254 1454 2354 1510 Hd?
2375 1464 2495 1509 sunt
2530 1454 2677 1524 feria:
2705 1453 2936 1519 Domini,
2972 1471 3103 1525 quas
3124 1455 3374 1509 vocabitis
3400 1455 3767 1510 celeberrimas

2182 1554 2338 1617 atque
2364 1544 2723 1599 sanctissimas
2743 1584 2758 1611 ,
2798 1544 3127 1616 offeretisque
3150 1545 3206 1598 in
3236 1546 3310 1599 eis
3341 1544 3634 1600 oblationes
3665 1545 3769 1600 Do-

2182 1636 2345 1701 mino,
2380 1635 2690 1691 holocausta
2717 1644 2765 1690 et
2795 1634 3102 1700 libamenta,
3128 1632 3280 1704 juata
3314 1636 3477 1688 ritum
3515 1639 3769 1690 uniuscu-

2175 1726 2373 1798 jusque
2399 1725 2525 1791 diei,
2555 1725 2881 1795 exceptisque
2916 1724 3145 1778 sabbatis
3169 1723 3384 1778 Domini
3406 1725 3665 1795 donisque
3686 1743 3770 1779 te-

498 1834 692 1894 septem
716 1823 897 1877 diebus
927 1824 1155 1892 offeretis
1188 1824 1494 1880 holocausta
1517 1825 1763 1882 Domino.
1795 1826 1915 1882 Dies
1945 1844 2074 1899 quo-

2189 1816 2316 1883 :tris,
2339 1825 2387 1869 et
2426 1832 2544 1886 quae
2564 1814 2794 1885 oﬂeretis
2821 1831 2887 1869 ex
2907 1823 3026 1868 voto
3042 1855 3055 1878 ,
3082 1813 3159 1868 vel
3181 1829 3299 1884 qua?
3319 1824 3501 1886 sponte
3526 1813 3771 1869 tribuetis

497 1929 597 1982 que
631 1922 844 1967 octavus
882 1914 981 1967 erit
1029 1911 1390 1968 celeberrimus
1439 1925 1594 1987 atque
1624 1916 1985 1971 sanctissimus
2025 1925 2075 1971 et

499 2005 728 2073 offeretis
762 2003 1125 2059 holocaustum
1158 2003 1384 2060 Domino
1408 2020 1427 2059 :
1452 2006 1549 2061 Est
1570 2008 1708 2061 enim
1736 2018 1896 2063 coetus
1921 2017 2077 2080 atque

497 2092 767 2160 collectae:
799 2110 952 2149 omne
979 2111 1110 2167 opus
1150 2096 1334 2151 servile
1376 2114 1480 2152 non
1532 2097 1737 2168 facietis
1762 2099 1818 2153 in
1853 2115 1933 2154 eo.
1978 2099 2078 2156 Hic

500 2199 759 2256 superare
812 2186 1132 2255 sapientiam
1190 2188 1372 2243 saeculi
1423 2196 1479 2244 et
1535 2190 1910 2246 transitorium
1962 2190 2080 2262 ejus

499 2288 681 2340 nosse,
718 2282 774 2329 et
817 2275 1134 2345 temporale,
1165 2292 1272 2333 non
1298 2278 1471 2333 solum
1513 2279 1591 2334 ait
1618 2279 1981 2352 legislatorem
2005 2282 2079 2337 si-

501 2362 781 2433 gnificare,
811 2365 907 2420 sed
948 2373 1004 2419 et
1034 2374 1285 2436 oportere
1324 2367 1537 2422 oculum
1575 2369 1777 2425 habere
1806 2371 1873 2425 ad
1904 2386 2078 2426 saecu-

502 2450 612 2505 lum
642 2450 903 2508 futurum.

571 2543 688 2599 Hoc
735 2558 864 2616 ergo
901 2553 957 2601 et
997 2562 1098 2616 per
1146 2563 1431 2604 numerum
1480 2557 1536 2605 et
1566 2565 1663 2621 per
1707 2550 2077 2617 tabernacula,

500 2634 620 2691 sine
650 2634 829 2706 aliqua
871 2636 1226 2705 dubitatione,
1257 2639 1499 2695 invenies
1530 2640 1839 2712 figuratum.
1863 2641 2082 2710 Quinta-

499 2724 712 2782 decima
750 2727 1016 2798 siquidem
1043 2728 1131 2785 die
1153 2731 1396 2786 inchoari
1426 2730 1774 2787 festivitatem
1801 2734 2075 2806 praecepit.

501 2817 584 2874 Ex
612 2825 817 2889 septem
844 2827 1025 2875 autem
1044 2829 1101 2876 et
1132 2829 1258 2877 octo
1295 2821 1385 2878 hic
1409 2831 1494 2879 est
1520 2839 1781 2880 numerus
1808 2826 2083 2895 composi-

506 2916 618 2974 tus,
669 2923 902 2979 quorum
937 2925 1077 2966 unus
1116 2910 1334 2980 quidem
1369 2926 1610 2982 prazsens
1635 2914 1910 2982 saeculum,
1948 2915 2085 2972 alter

504 3007 687 3055 autem
712 2999 909 3073 ﬁgurat
931 2999 1191 3057 futurum.
1224 3001 1376 3059 Unde
1402 3010 1459 3058 et
1486 3002 1839 3060 festivitatem
1878 3014 2083 3077 septem

505 3090 700 3148 diebus
723 3095 1087 3149 consummari
1109 3095 1450 3166 praecipiens,
1480 3096 1616 3152 alios
1643 3113 1834 3153 rursus
1852 3099 1966 3154 dies
1993 3114 2085 3155 ce-

2179 1908 2425 1963 Domino.
2464 1906 2594 1963 Vide
2619 1906 2737 1961 illas
2763 1904 3101 1976 Apostolicas
3130 1919 3293 1960 voces
3332 1925 3346 1959 :
3387 1903 3606 1975 Semper
3632 1924 3771 1975 gau-

2176 1998 2323 2065 dete,
2377 1998 2489 2053 sine
2535 1996 2919 2052 intermissione
2958 2004 3130 2060 orate,
3172 1995 3228 2050 in
3280 1995 3520 2050 omnibus
3566 2002 3773 2067 gratias

2177 2088 2334 2159 agite.
2349 2086 2595 2144 Consona
2609 2087 2863 2141 videntur
2874 2100 2994 2141 esse
3017 2086 3132 2140 haec
3150 2086 3505 2155 praesentibus
3520 2086 3774 2142 Mosaica-

2178 2180 2474 2237 sanetionis
2490 2179 2686 2235 verbis.
2703 2178 2842 2234 Ecce
2863 2176 3008 2233 enim
3023 2176 3341 2232 festivitates
3360 2177 3623 2246 quasdam
3638 2193 3769 2247 pra-

2178 2270 2365 2340 cipuas
2380 2269 2563 2342 legisla
2570 2278 2653 2324 tor
2665 2283 2962 2340 exponens,
2977 2283 3110 2337 quas
3130 2276 3185 2322 et
3208 2267 3596 2324 celeberrimas
3609 2278 3703 2340 atq
3711 2285 3775 2324 ue

2179 2368 2396 2417 sanctas
2415 2360 2733 2425 nominavit,
2747 2359 3063 2430 permiscuit
3085 2357 3165 2414 eis
3185 2358 3496 2429 quotidiana
3512 2359 3774 2414 libamina

2179 2459 2237 2508 et
2282 2450 2547 2506 sacrificia
2580 2469 2593 2504 :
2638 2449 2739 2504 Hae
2779 2458 2900 2504 sunt
2933 2449 3070 2503 enim
3094 2489 3110 2514 ,
3152 2448 3348 2518 inquit,
3379 2448 3527 2518 ferite
3560 2448 3776 2502 Domini

2178 2559 2310 2614 quas
2359 2543 2605 2597 vocabitis
2654 2541 3014 2596 celeberrimas
3063 2551 3218 2612 atque
3265 2542 3648 2596 sanctissimas.
3710 2543 3776 2596 Et

2181 2648 2305 2689 cum
2344 2641 2622 2704 oporteret
2644 2633 2787 2688 hanc
2813 2639 2907 2686 aut
2944 2632 3091 2687 illam
3136 2633 3336 2699 dicere,
3368 2649 3479 2688 non
3503 2634 3586 2689 sic
3610 2634 3774 2699 dixit,

2182 2724 2278 2781 sed
2303 2723 2581 2780 subdidit:
2616 2721 2959 2794 Offeretisque
2994 2722 3051 2777 in
3091 2722 3166 2776 eis
3207 2722 3495 2778 oblationes
3542 2723 3777 2779 Domino

2183 2816 2489 2873 holocausta
2530 2824 2578 2871 et
2630 2815 2911 2870 libamenta
2942 2815 3100 2885 jua‘ta
3149 2816 3307 2868 ritum
3356 2815 3777 2886 uniuscujusque

2183 2909 2310 2966 diei.
2358 2909 2428 2964 Et
2451 2908 2566 2979 ipse
2612 2923 2713 2963 nos
2763 2906 3001 2978 gaudere
3047 2915 3101 2962 et
3132 2905 3480 2961 festivitatem
3510 2921 3680 2977 agere
3720 2913 3779 2981 et

2185 3001 2303 3056 sine
2330 2999 2730 3056 intermissione
2768 3011 2927 3052 orare
2955 2997 3109 3052 vult:
3143 2998 3249 3052 hoc
3277 3003 3361 3053 est
3400 2997 3548 3052 enim
3593 2999 3781 3066 quotio

2186 3092 2345 3147 diana
2369 3090 2580 3157 libatio,
2618 3098 2673 3145 ct
2699 3088 3029 3145 sacrificium
3074 3089 3189 3145 sive
3217 3088 3625 3153 holocaustum,
3652 3104 3780 3159 qua:

503 3178 826 3237 leberrimos
865 3189 1026 3251 atque
1069 3184 1445 3240 sanctissimos
1494 3188 1983 3255 commemoravit,
2027 3166 2153 3245 etC
2185 3190 2314 3238 tunc
2349 3180 2544 3237 oﬂ'erre
2568 3196 2857 3251 possumus
2881 3220 2897 3247 ,
2941 3180 3157 3250 quando
3186 3194 3417 3250 corpora
3458 3187 3647 3233 nostra
3680 3179 3781 3234 ho-

504 3283 609 3324 nec
635 3268 1008 3325 denumeravit
1033 3286 1157 3326 eam
1200 3287 1324 3328 eum
1358 3281 1599 3343 septem;
1630 3276 1727 3332 sed
1770 3278 1952 3347 posuit
1993 3293 2083 3335 se-

502 3366 761 3427 quentem
782 3367 838 3415 et
867 3369 1131 3416 semotam
1160 3362 1229 3417 ab
1249 3364 1389 3430 aliis,
1410 3366 1808 3423 sicut'futurum
1830 3369 2086 3425 szeculum

507 3448 755 3519 sequitur
771 3450 987 3520 quidem
1017 3468 1279 3522 praesens,
1296 3455 1441 3511 aliud
1466 3467 1648 3514 autem
1670 3474 1832 3529 quam
1859 3459 1963 3515 hoc
1981 3468 2083 3516 est.

507 3536 726 3609 Septem
784 3554 916 3611 ergo
956 3541 1145 3597 diebus
1193 3541 1546 3601 festivitatem
1611 3548 2087 3605 tabernaculorum

504 3630 834 3701 appellavit:
881 3633 1190 3705 quicunque
1218 3636 1397 3703 enim,
1427 3646 1489 3693 ut
1529 3638 1903 3704 tabernaculo.
1955 3656 2091 3712 prae-

505 3729 659 3776 sente
687 3723 889 3778 mundo
915 3725 1107 3792 utitur,
1132 3725 1223 3782 hic
1259 3726 1609 3785 festivitatem
1632 3730 1687 3785 in
1713 3746 1779 3787 eo
1805 3731 2009 3788 habere
2033 3741 2091 3788 et

506 3809 679 3866 lci-tari
708 3821 932 3882 propter
952 3813 1123 3870 futuri
1146 3818 1609 3886 exspectationem
1637 3827 1834 3888 potest.
1874 3820 1945 3876 Et
1969 3821 2090 3891 qui-

508 3915 721 3970 cunque
745 3902 867 3968 seit,
883 3903 1006 3973 quia
1027 3905 1085 3993 si.
1097 3913 1315 3960 terrena
1341 3907 1532 3961 domus
1557 3908 1909 3965 habitationis
1931 3910 2092 3981 hujus

509 3989 855 4058 dissolvatur,
895 3989 1183 4051 aedificatio
1214 4008 1320 4048 non
1342 4010 1504 4049 manu
1535 3995 1681 4050 facta
1704 4011 1828 4052 eum
1852 3997 1908 4052 in
1938 3998 2092 4055 cmlis

510 4078 755 4150 suscipit.
769 4078 1007 4134 Primam
1024 4089 1208 4136 autem
1228 4090 1434 4152 septem
1451 4082 1665 4139 dierum
1679 4085 2091 4142 celeberrimam

511 4178 675 4241 atque
722 4170 1120 4227 sanctissimam
1140 4173 1434 4244 appellavit
1473 4193 1485 4229 :
1517 4177 1610 4246 qui
1644 4177 1791 4231 enim
1825 4178 1930 4233 scit
1955 4194 2094 4250 prte-

509 4260 755 4316 scntibus
785 4268 1041 4333 tanquam
1083 4263 1434 4321 tabernaculo
1462 4266 1580 4332 uti,
1635 4268 1813 4337 prima
1856 4268 1991 4336 dies,
2037 4269 2095 4324 id

510 4361 616 4418 est,
668 4353 883 4409 initium
918 4362 973 4410 et
1012 4356 1337 4428 principium
1377 4373 1409 4414 a
1455 4359 1887 4417 sanctiﬁcatione
1932 4378 2092 4418 voca-

513 4433 910 4516 tionis'incipit.
940 4446 1234 4518 Propterea
1266 4458 1321 4505 et
1362 4450 1526 4506 nimis
1563 4461 1959 4521 consequenter
1978 4453 2088 4509 ait:

515 4535 681 4591 Omne
706 4535 1047 4608 opus-servile
1084 4555 1189 4593 non
1228 4539 1464 4609 facietis,
1502 4541 1628 4613 quia
1657 4542 1789 4597 nulli
1814 4544 1868 4598 in
1894 4544 2092 4600 saeculo

516 4626 756 4681 serviunt
779 4628 870 4698 qui
895 4636 1148 4699 tanquam
1178 4631 1586 4689 tabernaculum
1618 4641 1674 4690 et
1699 4635 2009 4690 transitoria
2032 4650 2096 4690 ea

517 4730 639 4785 qum
665 4717 719 4772 in
750 4733 816 4773 eo
841 4727 971 4774 sunt
1005 4720 1307 4777 intendunt.

591 4804 697 4861 Sed
724 4815 780 4862 et
812 4817 1018 4878 septem
1057 4811 1246 4867 diebus
1273 4813 1582 4871 holocausta
1607 4814 1789 4871 offerri
1816 4816 2093 4887 praecepit,

517 4896 804 4952 ostendens
832 4911 1082 4969 oportere
1097 4916 1194 4972 per
1221 4919 1381 4959 omne
1411 4915 1621 4975 tempus
1646 4903 1944 4975 perfectam
1966 4922 2097 4961 con-

519 4988 878 5046 versationem
913 4992 1098 5063 sequi;
1136 4996 1351 5064 quando
1378 5010 1506 5067 ergo
1536 4997 1615 5052 sic
1642 5007 1965 5066 prsesentem
2014 4998 2096 5053 vi-

522 5085 632 5132 tam
664 5081 1050 5150 percurrimus,
1076 5092 1204 5141 tunc
1241 5085 1655 5142 celeberrimum
1683 5096 1846 5158 atque
1865 5090 2098 5146 sanctis-

521 5164 718 5220 simum
758 5177 1008 5227 octavum
1039 5173 1202 5239 diem,
1247 5174 1500 5229 szeculum
1551 5176 1801 5233 videlicet
1851 5177 2095 5235 futurum

525 5253 805 5324 habemus,
828 5271 1056 5317 vocante
1076 5268 1177 5318 nos
1216 5262 1271 5318 in
1298 5273 1597 5335 prmparata
1628 5269 1831 5324 sanctis
1863 5269 2005 5325 bona
2031 5284 2097 5325 eo

523 5348 615 5419 qui
631 5356 795 5404 noset
814 5349 868 5404 in
886 5350 989 5407 hac
1009 5354 1418 5410 conversatione
1444 5357 1676 5411 vocavit.
1704 5357 1837 5413 Nam
1874 5359 2099 5429 Septua-

524 5436 672 5506 ginta
687 5437 766 5491 sic
780 5438 1063 5494 ediderunt
1085 5454 1100 5493 :
1121 5440 1243 5496 Dies
1264 5452 1476 5498 octavus
1499 5445 1693 5501 vocalis
1708 5488 1722 5513 ,
1746 5459 1958 5503 sanctus
1975 5451 2095 5504 erit.

528 5526 681 5582 Tunc
719 5541 851 5599 ergo
874 5526 1145 5586 offerimus
1184 5531 1553 5590 holocaustum
1584 5537 1834 5605 Domino,
1859 5554 1979 5610 qua:
2011 5539 2100 5595 hic

527 5620 1011 5691 praeparaverimus
1038 5642 1050 5677 :
1090 5624 1184 5679 Est
1210 5628 1347 5681 enim
1380 5638 1538 5683 cwtus
1561 5639 1714 5699 atque
1739 5629 1986 5697 collecta},
2013 5630 2098 5686 vel

525 5705 671 5760 sicut
694 5708 1312 5785 Septuaginta,egressus
1339 5728 1430 5787 est,
1460 5720 1587 5789 quia
1613 5719 1737 5776 hinc
1758 5720 1956 5788 exitus,
1989 5720 2095 5775 illic

2168 3275 2348 3331 ‘stiam
2395 3273 2574 3328 vivam
2618 3272 2730 3328 Deo
2761 3271 3189 3336 exhibuerimus,
3219 3278 3276 3326 et
3304 3270 3549 3325 membra
3584 3278 3781 3325 nostra

2186 3380 2309 3436 qua:
2350 3373 2476 3420 sunt
2511 3379 2671 3434 super
2700 3372 2904 3419 terram
2931 3362 3460 3427 mortificaverimus,
3484 3362 3784 3432 paratique

2186 3457 2450 3513 fuerimus
2485 3457 2566 3512 ire
2617 3457 2686 3511 ad
2734 3455 2924 3520 Deum,
2964 3470 3088 3511 cum
3136 3452 3304 3510 Paulo
3334 3454 3622 3509 dicentes:
3664 3454 3782 3525 Ego

2186 3550 2326 3604 enim
2347 3549 2466 3619 jam
2498 3546 2721 3613 delibor,
2751 3556 2799 3601 et
2828 3556 3030 3618 tempus
3065 3545 3396 3601 resolutionis
3423 3562 3554 3599 mea:
3590 3547 3783 3602 instat.

2188 3639 2324 3694 Nam
2353 3647 2572 3711 propter
2600 3638 2705 3694 hoc
2729 3637 2935 3693 addidit
2963 3655 2976 3691 :
3011 3636 3358 3707 Exceptisque
3396 3634 3632 3689 sabbatis
3677 3635 3784 3690 Do.

2189 3731 2339 3797 mini,
2363 3731 2615 3802 donisque
2638 3730 2843 3794 vestris,
2863 3738 2911 3784 et
2933 3746 3050 3801 qua:
3073 3729 3272 3800 offertis
3296 3745 3361 3783 ea:
3382 3737 3519 3795 voto,
3552 3728 3635 3783 vel
3660 3747 3785 3801 qm

2189 3831 2369 3895 sponte
2417 3821 2645 3877 tribuitis
2699 3821 2952 3885 Domino,
3000 3829 3188 3892 aperte
3217 3820 3345 3876 illud
3377 3819 3619 3884 tradens,
3649 3823 3781 3891 quia

2191 3927 2353 3983 super
2384 3910 2797 3968 declinationem
2823 3911 3090 3966 malorum
3124 3910 3250 3983 (hoc
3288 3910 3434 3965 enim
3465 3919 3552 3965 est
3585 3911 3787 3966 sabba-

2190 4002 2358 4074 tum),
2407 4010 2462 4058 et
2494 4017 2656 4071 super
2693 4002 2828 4057 alias
2848 3999 3091 4070 justitias
3141 4000 3278 4071 quas
3330 4001 3442 4056 Deo
3477 4001 3785 4057 secundum

2192 4100 2405 4161 tempus
2431 4091 2800 4160 promittimus
2832 4105 2846 4145 :
2886 4091 3180 4161 aliquando
3214 4091 3360 4147 enim
3395 4091 3446 4146 ei
3484 4090 3787 4160 jejunium,

2192 4184 2480 4254 aliquando
2506 4184 2912 4254 possessionum
2939 4184 3266 4239 oblationem
3283 4224 3299 4251 ,
3330 4183 3415 4239 vel
3444 4184 3499 4238 in
3522 4185 3792 4254 periculis

2191 4275 2533 4330 venientibus
2569 4275 2728 4330 nobis
2760 4275 2847 4331 vel
2876 4275 3179 4331 voluntarie
3214 4276 3610 4346 promittimus.

2262 4366 2306 4420 Α
2336 4367 2516 4438 quinto
2565 4365 2765 4421 decimo
2800 4383 2920 4437 ergo
2955 4366 3040 4421 die
3083 4368 3275 4422 mensis
3322 4367 3528 4437 septimi
3569 4367 3794 4438 quando

2195 4457 2627 4528 congregaveritis
2657 4473 2832 4510 omnes
2881 4455 3083 4522 fructus
3119 4466 3273 4512 terra?
3319 4467 3519 4521 vestra',
3551 4456 3798 4510 celebra-

2196 4547 2314 4602 bitis
2363 4547 2525 4617 ferias
2566 4546 2781 4601 Domini
2816 4556 3006 4618 septem
3047 4547 3249 4601 diebus.
3280 4547 3377 4602 Die
3413 4548 3587 4617 primo
3623 4559 3676 4601 ct
3708 4550 3801 4601 die

2195 4647 2375 4693 octavo
2408 4638 2507 4692 erit
2535 4637 2832 4703 sabbatum,
2861 4636 2917 4691 id
2950 4646 3049 4702 est,
3084 4638 3302 4709 requies.
3335 4635 3675 4708 Sumetisque
3706 4655 3803 4692 ro-

2196 4727 2273 4781 bis
2301 4727 2387 4782 die
2437 4728 2605 4799 primo
2653 4727 2854 4798 fructus
2895 4728 3103 4783 arboris
3153 4728 3555 4798 pulcherrimaz,
3604 4739 3806 4798 spatu-

2192 4816 2373 4888 lasque
2394 4816 2713 4888 palmarum,
2739 4827 2786 4871 et
2814 4834 2988 4871 ramos
3010 4816 3138 4889 ligni
3183 4818 3466 4872 densarum
3489 4816 3802 4887 frondium,

2194 4915 2241 4959 et
2266 4905 2451 4960 salices
2481 4907 2545 4959 de
2563 4914 2873 4973 torrente,et
2896 4906 3203 4961 ltetabimini
3222 4924 3401 4962 coram
3422 4906 3656 4960 Domino
3681 4906 3807 4961 Deo

2194 5006 2387 5063 vestro,
2419 4984 2840 5068 celebrabitisque
2869 4996 3250 5052 solemnitatem
3287 4998 3402 5068 ejus
3439 5007 3642 5067 septem
3680 4999 3808 5051 die-

2197 5087 2293 5141 bus
2332 5103 2424 5156 per
2449 5101 2665 5140 annum.
2718 5086 3030 5158 Legitimum
3063 5088 3435 5158 sempiternum
3477 5087 3582 5141 erit
3613 5087 3670 5141 in
3709 5103 3810 5158 ge-

2197 5176 2551 5231 nerationibus
2590 5176 2797 5241 vestris,
2847 5192 3020 5231 mense
3071 5177 3287 5248 septimo
3326 5176 3463 5246 festa
3501 5174 3813 5229 celebrabi-

2198 5265 2265 5320 tis
2294 5305 2309 5331 ,
2368 5275 2416 5318 et
2472 5265 2777 5319 habitabilis
2830 5266 2887 5319 in
2940 5264 3264 5320 umbraculis
3326 5274 3518 5335 septem
3580 5265 3810 5321 diebus.

2202 5359 2386 5414 Omnis
2414 5358 2501 5431 qui
2542 5375 2607 5412 ea:
2650 5375 2834 5430 genere
2869 5368 2944 5413 est
2983 5358 3155 5414 Israel
3189 5360 3416 5415 manebit
3446 5361 3501 5413 in
3535 5362 3815 5414 taberna-

2200 5449 2352 5514 culis,
2384 5458 2441 5502 ut
2482 5448 2687 5503 discant
2730 5450 2924 5519 posteri
2961 5450 3116 5505 vestri
3143 5449 3283 5522 quod
3324 5450 3380 5504 in
3429 5449 3816 5507 tabernaculis

2200 5539 2436 5594 habitare
2467 5539 2675 5609 fecerim
2710 5538 2850 5607 ﬁlios
2894 5538 3065 5595 Israel
3110 5556 3227 5593 cum
3270 5539 3547 5594 educerem
3593 5556 3689 5593 eos
3743 5542 3824 5596 de

2199 5639 2339 5684 terra
2363 5629 2435 5683 1E
2440 5630 2602 5699 gypti,
2617 5645 2708 5698 ego
2724 5628 2980 5684 Dominus
2995 5629 3134 5685 Deus
3157 5639 3341 5684 vester.
3357 5627 3707 5698 Locutusque
3731 5641 3823 5684 est

2203 5720 2410 5790 Moyses
2443 5737 2596 5789 super
2620 5718 3037 5775 solemnitatibus
3063 5718 3299 5786 Domini,
3334 5718 3404 5773 ad
3420 5716 3566 5785 ﬁlios
3595 5716 3825 5774 Israel.
