3926 6176
171 289 264 344 515

1060 285 1557 343 EXPOSITIONES
1590 287 1656 342 IN
1696 288 2098 377 LEVITICUM.
2135 319 2202 330 -—
2240 289 2367 345 LIB.
2410 288 2499 347 Vl.

3283 294 3387 353 5M

166 404 203 457 Α
230 397 622 470 quintodecimo
644 412 772 467 ergo
797 399 884 452 die
910 402 1110 454 mensis
1142 400 1376 468 septimi.
1406 399 1538 454 Esse
1568 414 1717 454 men-
1746 408 1794 466 Α
1819 401 1965 455 dare.
1999 400 2162 455 Sume
2187 410 2244 456 et
2267 401 2491 465 salices;
2519 408 2574 454 et
2602 400 2899 456 secundum
2943 400 3312 475 Septuaginta,
3336 417 3392 464 at

167 508 265 547 sent
294 488 585 559 septimum
605 488 1014 558 completioncm
1038 491 1151 545 sive
1173 490 1559 560 plenitudinem
1590 499 1721 544 tent-

1817 507 1925 546 non
1949 507 2149 557 ramos,
2182 493 2235 547 id
2258 499 2362 556 est,
2387 491 2732 547 continentia:
2758 493 3001 561 castique
3029 492 3231 566 [ἄγνου]
3255 511 3389 552 con.

162 595 333 653 porum
361 577 641 632 diximus:
682 576 1144 645 quiutusdecimus
1178 587 1356 634 autem
1389 590 1447 632 ut
1484 589 1608 648 pote
1652 594 1719 633 ex
1812 582 1977 652 jugii;
2029 582 2166 636 salix
2196 583 2338 636 enim
2368 580 2754 636 continentiam
2786 581 2981 651 signat,
3004 582 3132 650 quia
3158 582 3391 640 fructum

165 679 347 740 septem
390 675 449 722 et
487 674 613 722 octo
659 675 935 731 constans,
964 667 1327 737 evangelicam
1377 668 1719 736 pnedicatio-

162 774 270 815 nem
294 771 416 827 qua:
462 771 530 811 ex
567 756 816 825 praesenti
844 756 951 809 vita
978 763 1033 810 et
1060 755 1238 810 futura
1266 757 1513 812 consistit
1556 757 1722 826 signi-

162 853 293 913 ﬁcat,
332 848 475 902 hanc
526 861 877 915 componens,
920 846 1065 901 illam
1117 863 1450 918 praeparans,
1503 849 1721 919 quando

163 937 653 1009 congregaverimus
694 952 885 992 omnes
930 936 1139 992 fructus
1170 948 1351 1002 terrm,
1378 940 1446 994 ab
1470 940 1723 1010 operibus

166 1026 390 1081 videlicet
421 1025 655 1080 terrenis
674 1034 972 1091 cessantes,
1000 1025 1137 1081 festa
1163 1026 1495 1082 celebremus
1515 1038 1721 1097 septem

167 1122 280 1181 dies,
308 1119 360 1172 id
408 1126 513 1182 est,
545 1127 712 1172 totam
751 1126 992 1173 nostram
1023 1119 1214 1174 demus
1238 1120 1402 1174 vitam
1451 1120 1505 1174 in
1541 1120 1722 1175 divina

169 1211 445 1264 festivitate
473 1209 815 1263 celebranda.
850 1209 948 1263 Die
972 1217 1153 1263 autem
1190 1210 1365 1279 primo
1409 1210 1644 1279 requies,
1669 1220 1724 1265 et

166 1312 335 1356 octavo
377 1301 471 1354 die
507 1299 746 1368 requies.
787 1298 903 1354 Non
926 1298 1041 1368 jam
1088 1301 1318 1367 septimo
1349 1316 1469 1355 eum
1498 1317 1725 1355 numero

167 1398 347 1460 septem
395 1388 609 1443 dierum
658 1386 1008 1442 festivitatem
1049 1388 1134 1458 agi
1181 1389 1584 1458 proposuisset,
1630 1388 1724 1444 sed

166 1488 352 1533 octavo.
393 1476 636 1532 Primum
668 1478 903 1546 quidem,
927 1478 1051 1546 quia
1082 1479 1165 1533 his
1193 1480 1283 1548 qui
1320 1480 1615 1535 secundum
1639 1480 1726 1535 lit-

166 1576 313 1622 teram
361 1567 541 1638 legem
592 1575 797 1631 tenent,
830 1565 1180 1622 festivitatem
1211 1568 1487 1623 celebrare
1526 1584 1631 1623 non
1663 1568 1726 1623 li-

165 1668 237 1713 cet
264 1677 277 1711 :
304 1674 450 1713 novo
471 1657 616 1712 enim
639 1667 952 1729 segregatus
971 1667 1053 1713 est
1069 1659 1285 1729 populo,
1311 1659 1401 1728 qui
1425 1659 1528 1714 scit
1553 1659 1724 1729 legem

1821 686 1928 725 non
1952 670 2106 735 facit,
2138 671 2276 725 sicut
2300 685 2404 724 nec
2428 669 2766 724 continentes
2797 669 2890 737 qui
2915 679 3041 723 sunt
3072 671 3186 726 veri
3222 686 3393 727 eunu-

1820 761 1927 824 chi,
1944 762 2036 831 qui
2063 767 2436 815 castraverunt
2464 773 2524 812 se
2560 767 2781 828 propter
2826 759 3068 828 requiem
3104 760 3391 827 caelorum,

1820 850 2054 905 fructum
2085 850 2378 921 quemlibet
2404 848 2713 905 sensibilem
2736 848 2939 903 faciunt
2957 867 2972 915 ;
2989 849 3075 927 ad
3095 866 3231 920 quos
3252 852 3396 907 Deus

1818 956 1919 1010 per
1953 940 2146 995 Isaiam
2200 941 2520 1011 prophetam
2541 940 2677 994 dicit
2716 959 2729 993 :
2765 940 2890 1007 Non
2923 942 3064 995 dicat
3103 942 3393 1007 eunuchus,

1820 1032 1945 1101 quia
1966 1030 2165 1101 lignum
2186 1030 2396 1084 aridum
2421 1046 2513 1099 ego
2552 1046 2702 1094 sum,
2739 1031 2863 1100 quia
2883 1031 3018 1084 dabo
3041 1032 3114 1085 eis
3152 1033 3207 1085 in
3243 1032 3401 1086 domo

1821 1138 1969 1186 mea,
2025 1131 2074 1175 et
2118 1122 2175 1175 in
2220 1121 2383 1175 muris
2424 1120 2631 1184 locum,
2675 1129 2724 1175 et
2772 1137 2960 1175 nomen
3016 1123 3201 1177 melius
3238 1140 3399 1193 quant

1821 1228 1856 1264 α
1883 1210 2010 1278 ﬁliis
2033 1220 2081 1265 et
2105 1210 2340 1279 ﬁliabus,
2364 1226 2550 1264 nomen
2579 1211 2949 1280 sempiternum
2978 1212 3114 1267 dabo
3142 1214 3218 1267 eis
3245 1213 3393 1283 (Isa.

1823 1317 1909 1355 va
1927 1300 1968 1373 ).

1905 1392 2144 1447 Dicimus
2186 1398 2368 1445 autem
2405 1389 2624 1445 salicem
2663 1404 2852 1460 gerere
2889 1391 3054 1445 etiam
3098 1392 3397 1457 orationis,

1824 1496 2035 1536 necnon
2079 1481 2409 1550 paenitentia:
2437 1480 2664 1549 ﬁguram
2697 1499 2711 1533 :
2746 1480 2826 1534 sic
2861 1495 2992 1550 ergo
3015 1488 3070 1535 et
3101 1480 3227 1535 illud
3256 1483 3400 1550 quod

1825 1591 1856 1628 a
1885 1574 2055 1628 David
2086 1574 2287 1627 dictum
2333 1579 2417 1626 est
2441 1613 2454 1637 ,
2500 1571 2865 1641 intelligamus
2905 1589 2917 1625 :
2967 1570 3139 1641 Super
3175 1573 3400 1644 ﬂumina

1826 1660 2110 1731 Babylonis
2148 1660 2257 1713 illic
2293 1661 2521 1714 sedimus
2560 1671 2609 1713 et
2649 1661 2887 1729 ﬂeuimus
2930 1660 3056 1713 dum
3086 1658 3394 1715 recordare-

165 1748 442 1802 secundum
472 1746 723 1816 Spiritum
768 1748 1032 1817 accipere,
1056 1757 1112 1802 et
1156 1757 1404 1829 octavum
1434 1750 1721 1815 honorare,
1750 1760 1799 1819 Β
1826 1767 1946 1805 mur
1988 1751 2085 1816 tui,
2138 1750 2288 1806 Sion.
2321 1749 2388 1804 In
2416 1750 2664 1804 salicibus
2689 1752 2743 1805 in
2776 1751 2945 1805 medio
2976 1750 3090 1820 ejus
3123 1753 3399 1822 suspendi-

166 1854 301 1909 quem
316 1839 554 1893 diximus
568 1836 874 1909 significare
896 1846 1226 1892 mortuorum
1249 1839 1723 1894 resurrectionem.

168 1931 418 1994 Secundo,
460 1930 587 1999 quia
628 1943 792 1983 unam
825 1928 1081 1984 virtutem
1115 1929 1316 1984 habent
1342 1936 1398 1984 et
1435 1930 1645 1999 primus
1674 1936 1728 1985 et

168 2032 393 2087 octavus,
425 2020 518 2091 qui
548 2019 693 2074 enim
722 2027 947 2074 octavus
976 2020 1092 2088 ipse
1122 2028 1179 2075 et
1204 2020 1432 2090 primus,
1462 2020 1589 2090 quia
1612 2021 1728 2090 ipse

166 2122 237 2169 est
257 2111 583 2183 principium
613 2110 782 2165 futuri
807 2109 1008 2175 szeeuli,
1027 2110 1217 2165 deinde
1238 2110 1445 2180 primus
1472 2110 1606 2177 dies,
1634 2110 1727 2181 qui

165 2212 236 2259 est
260 2203 478 2259 initium
522 2201 679 2256 factae
707 2202 1103 2273 praedicationis
1137 2203 1191 2257 in
1234 2203 1341 2260 line
1382 2204 1726 2271 saeculorum,

166 2295 394 2366 requiem
430 2294 710 2349 continet:
749 2293 1091 2363 requiescere
1125 2294 1269 2349 enim
1296 2311 1397 2351 nos
1421 2294 1573 2363 facit,
1604 2312 1728 2353 cum

166 2404 253 2444 nos
294 2404 332 2442 a
379 2396 725 2459 peccatorum
782 2387 1056 2443 laboribus
1105 2387 1333 2454 liberat,
1389 2402 1487 2458 per
1526 2388 1729 2444 donum

165 2478 511 2547 baptismatis.
546 2475 649 2532 Hic
687 2485 870 2532 autem
922 2476 1199 2548 legislator
1224 2494 1348 2534 cum
1378 2477 1730 2535 festivitatem

165 2568 521 2637 praulicasset,
541 2576 744 2638 septem
774 2567 1007 2632 dierum,
1044 2568 1277 2638 primum
1303 2566 1420 2636 ejus
1463 2568 1607 2630 diem
1651 2584 1732 2624 re-

169 2660 348 2729 quiem
377 2660 667 2731 appellavit.
712 2660 880 2715 Tacet
919 2671 1099 2716 autem
1152 2670 1441 2731 sequentes
1470 2661 1584 2716 dies
1608 2701 1623 2724 ,
1670 2669 1731 2715 ιιι

165 2764 261 2819 per
292 2750 398 2805 hoc
422 2749 680 2822 signiticet
704 2758 955 2820 oportere
993 2749 1285 2804 virtutibus
1323 2765 1544 2819 operam
1577 2750 1726 2805 dare.

166 2840 360 2897 Deinde
387 2842 452 2896 ad
480 2850 731 2898 octavum
752 2841 895 2897 diem
921 2840 1218 2896 transferat
1252 2841 1522 2911 requiem,
1549 2852 1732 2897 osten-

149 2931 283 2990 dens
311 2932 440 3002 quia
470 2931 643 2987 fidelis
668 2939 726 2987 et
756 2931 1044 2988 servientis
1073 2931 1176 3002 legi
1206 2931 1301 2986 Dei
1347 2946 1473 2986 vera
1515 2932 1732 3002 requies

167 3018 323 3074 futuri
363 3020 542 3075 smculi
577 3029 661 3076 est
696 3037 710 3074 ε
744 3020 873 3090 quid
900 3036 1030 3092 ergo
1059 3036 1158 3076 nos
1211 3020 1265 3075 in
1312 3030 1425 3076 tota
1455 3022 1564 3076 vita
1603 3036 1733 3091 ope-

167 3110 279 3175 rari,
300 3117 365 3165 et
389 3110 531 3165 unde
566 3109 824 3164 inchoare
851 3110 1222 3181 Operationem
1247 3118 1477 3180 oportet.

227 3199 557 3270 Sumetisque
600 3198 741 3253 vobis
778 3198 863 3252 die
904 3200 1096 3269 primo,
1135 3198 1339 3270 fructus
1368 3200 1570 3254 arboris
1616 3199 1735 3270 pul-

167 3292 448 3358 cherrime,
474 3290 814 3362 spatulasque
836 3290 1152 3362 palatorum,
1183 3302 1231 3347 et
1259 3308 1432 3347 ramos
1455 3292 1584 3363 ligni
1607 3293 1737 3347 den-

167 3398 334 3435 sarum
355 3381 649 3455 frondium,
680 3390 729 3435 et
751 3379 937 3435 salices
967 3380 1032 3434 de
1061 3390 1310 3447 torrente,
1352 3392 1400 3435 et
1430 3380 1735 3435 lwtabimini

168 3487 334 3524 rorans
371 3470 593 3524 Domino
622 3469 730 3524 Deo
758 3479 947 3533 vestro,
977 3470 1402 3542 celebrabitisque
1434 3470 1736 3525 solemnita-

167 3572 252 3617 tetn
288 3564 406 3633 ejus
443 3572 638 3635 septem
666 3563 868 3617 diebus.
901 3560 1054 3629 Quod
1097 3571 1345 3634 oporteat
1381 3577 1481 3632 per
1520 3576 1735 3617 omnem

168 3654 315 3710 vitam
342 3655 644 3709 virtutibus
671 3668 892 3723 operam
922 3654 1077 3718 dare,
1107 3668 1242 3722 quas
1273 3654 1327 3708 in
1373 3652 1641 3708 fructibus
1681 3658 1736 3707 et

170 3748 321 3802 ramis
361 3747 754 3818 praedictorum
784 3745 1050 3815 lignorum
1103 3745 1445 3815 signiﬁcavit,
1477 3744 1592 3813 ipse
1636 3759 1738 3798 nu-

170 3853 333 3893 merus
367 3848 582 3907 septem
633 3836 841 3892 dierum
874 3837 1076 3906 absque
1102 3835 1211 3889 ulla
1244 3835 1514 3891 dubietate
1542 3832 1738 3889 confir-

170 3936 286 3980 mat.
338 3926 483 3995 Quia
538 3942 670 3981 vero
709 3941 775 3980 ex
815 3926 927 3996 ipsa
969 3925 1228 3980 inchoare
1280 3924 1539 3980 debemus
1572 3938 1731 3979 voca-

169 4018 320 4084 tione,
351 4036 423 4074 ex
458 4034 565 4088 qua
592 4017 848 4086 przedicta
892 4025 976 4073 est
1009 4016 1212 4072 Christi
1259 4014 1611 4085 intelligibilis
1645 4030 1735 4071 re-

168 4111 329 4178 quies,
362 4124 489 4179 qua:
537 4108 711 4177 prima
765 4115 849 4162 est
891 4107 1199 4161 festivitatis
1224 4103 1361 4168 dies,
1391 4103 1739 4160 manifestum

169 4208 262 4265 est,
293 4216 461 4271 quem
488 4200 633 4255 diem
655 4198 871 4268 quidem
903 4198 1151 4266 superius
1174 4188 1462 4267 appellavit
1488 4195 1693 4266 requiei
1721 4211 1734 4248 :

168 4305 302 4347 nunc
328 4300 514 4345 autem
544 4289 598 4344 in
627 4304 711 4353 eo,
752 4287 962 4342 fructus
1002 4288 1214 4342 arboris
1248 4286 1628 4358 pulcherrima:
1651 4302 1742 4341 su-

167 4398 306 4439 mere
330 4382 616 4453 pneeepit,
646 4380 764 4435 illos
790 4378 1041 4433 videlicet
1071 4370 1207 4448 quos
1236 4378 1290 4431 in
1330 4377 1506 4448 primo
1532 4376 1742 4448 psalmo

167 4471 326 4527 David
354 4470 602 4527 cantavit
628 4488 640 4522 :
676 4469 743 4522 Et
766 4469 863 4523 erit
900 4469 1032 4522 sicut
1060 4466 1257 4537 lignum
1286 4466 1425 4536 quod
1448 4464 1740 4536 plantatum

166 4574 235 4617 est
285 4581 443 4619 secus
501 4563 754 4616 decursus
806 4576 1087 4631 aquarum,
1139 4558 1277 4629 quod
1310 4557 1541 4626 fructum
1588 4572 1743 4610 suam

167 4654 305 4707 dabit
355 4655 413 4707 in
454 4662 687 4722 tempore
730 4664 823 4703 suo
873 4645 1056 4718 (Psal.
1089 4644 1150 4718 l).
1194 4643 1420 4700 Sumere
1458 4651 1637 4696 autem
1691 4650 1747 4698 et

165 4743 467 4813 palmarum
518 4738 789 4811 spatulas,
828 4738 880 4793 id
930 4744 1032 4802 est,
1070 4733 1472 4806 juvenescentia
1519 4731 1745 4801 justitia:

167 4835 435 4905 genimina
467 4852 479 4886 :
512 4831 701 4886 Justus
736 4830 873 4884 enim
899 4830 1032 4883 sicut
1062 4825 1239 4898 palnta
1282 4824 1484 4896 ﬂorebit
1503 4865 1518 4887 ,
1546 4833 1606 4878 ut
1637 4822 1746 4877 Da-

168 4928 253 4982 vid
298 4926 441 4982 dixit
461 4922 637 4997 (Psal.
671 4922 781 4992 scr)
817 4939 830 4974 :
865 4920 961 4975 sed
996 4919 1123 4987 quia
1151 4917 1219 4972 de
1252 4915 1429 4986 palma
1468 4912 1602 4968 nihil
1642 4920 1746 4979 est,

169 5017 624 5087 quemadmodum
672 5028 774 5068 nec
822 5012 887 5068 de
929 5010 1010 5066 eis
1050 5009 1143 5078 qui
1183 5010 1329 5077 juste
1357 5006 1576 5070 vivunt,
1607 5003 1751 5073 quod

166 5109 347 5179 respui
369 5107 547 5179 possit
580 5124 593 5160 :
626 5118 779 5159 sume
804 5110 859 5157 et
885 5113 1065 5155 ramos
1110 5098 1240 5167 ligni
1274 5097 1562 5152 densarum
1599 5092 1751 5145 fron-

167 5199 336 5253 dium.
376 5198 582 5253 Omnes
605 5194 822 5264 quidem
848 5192 1109 5246 virtutum
1138 5187 1365 5249 fructus,
1403 5185 1636 5239 maxime
1658 5197 1753 5234 au-

170 5297 279 5344 tem
327 5284 763 5343 misericordiam
792 5300 806 5335 :
842 5287 1059 5351 oportet
1087 5278 1233 5333 enim
1272 5291 1392 5332 eam
1424 5289 1544 5330 esse
1588 5270 1757 5327 conti-

168 5395 337 5433 nuam
365 5388 421 5434 et
449 5381 882 5448 permanentem,
907 5371 1055 5443 quod
1101 5368 1457 5424 Ecclesiastes
1490 5379 1758 5420 commen-

165 5472 361 5527 dans:
411 5470 622 5531 Oleum,
660 5465 863 5535 inquit,
910 5464 975 5517 de
1015 5462 1184 5531 capite
1241 5468 1330 5512 tuo
1387 5473 1490 5511 non
1548 5455 1757 5523 deﬁciat

172 5561 393 5631 (Eccle.
426 5560 530 5630 ιχ).
582 5559 650 5614 Et
678 5558 731 5612 in
762 5554 1072 5615 Proverbiis
1100 5571 1113 5606 :
1150 5549 1275 5605 Non
1311 5550 1459 5603 dicas
1485 5588 1501 5613 ,
1528 5546 1657 5600 uade
1708 5553 1757 5600 et

168 5666 428 5711 reuertere
471 5663 524 5713 et
577 5652 810 5708 crastina
858 5650 994 5704 dabo
1028 5648 1159 5712 tibi,
1204 5660 1320 5701 cum
1374 5642 1551 5699 statim
1593 5640 1759 5712 possis

1826 1857 1943 1895 mus
1989 1856 2185 1910 organa
2216 1849 2397 1893 nostra
2427 1838 2600 1912 (Psal.
2639 1839 2881 1909 cxxxw).
2933 1837 3206 1894 Orationis
3255 1838 3401 1894 enim

1824 1937 1881 1984 et
1907 1928 2241 1998 paenitentiae
2282 1928 2552 1998 lacrymm.
2580 1929 2658 1982 De
2679 1927 2876 1996 quibus
2902 1927 2980 1981 ait
3001 1927 3173 1983 Isaias
3206 1944 3220 1981 :
3251 1925 3400 1981 Sicut

1825 2016 2012 2072 salices
2052 2033 2210 2088 super
2246 2018 2659 2086 printer/luentes
2707 2034 2870 2088 aquas
2896 2015 3043 2088 (Isa.
3092 2015 3262 2088 xuv).
3295 2016 3404 2071 Sed

1826 2111 1945 2166 haec
1972 2111 2037 2165 de
2063 2118 2304 2165 torrente
2326 2123 2565 2173 sumere,
2600 2108 2666 2163 de
2701 2107 2957 2177 praesenti
2988 2107 3240 2163 videlicet
3267 2108 3402 2172 vita,

1827 2210 2045 2261 torrens
2070 2201 2216 2257 enim
2240 2209 2462 2271 propter
2504 2199 2814 2265 transitum,
2844 2200 2958 2254 sive
2983 2199 3294 2263 decursum,
3322 2198 3402 2252 si-

1826 2290 1938 2347 mul
1964 2298 2144 2346 autem
2168 2298 2223 2345 et
2248 2298 2470 2360 propter
2502 2289 2735 2344 hiemem
2757 2303 2920 2358 quam
2958 2286 3122 2343 habet
3163 2286 3407 2342 diversa-

1828 2399 1951 2438 rum
1994 2382 2355 2438 tentationum
2402 2389 2563 2449 atque
2619 2380 3026 2436 tribulationum
3054 2388 3202 2435 recte
3228 2377 3408 2434 nomi-

1826 2482 2025 2530 natur:
2053 2474 2128 2529 ita
2158 2481 2217 2528 ut
2260 2471 2428 2527 David
2473 2472 2541 2527 de
2586 2471 2804 2527 Christo
2832 2472 3061 2535 diceret,
3087 2470 3181 2540 qui
3208 2479 3264 2524 et
3290 2469 3406 2540 ipse

1828 2568 1896 2624 de
1934 2567 2134 2622 mundo
2156 2573 2213 2620 et
2237 2565 2304 2619 de
2333 2563 2449 2633 ejus
2471 2562 2937 2627 tribulationibus,
2972 2569 3180 2631 utpote
3215 2556 3409 2615 similis

1828 2658 1986 2713 nobis
2029 2656 2254 2712 ell'ectus
2290 2654 2528 2725 gustavit
2568 2670 2583 2707 :
2621 2651 2699 2706 De
2752 2660 2981 2706 torrente
3010 2649 3066 2704 in
3113 2648 3197 2703 via
3244 2648 3404 2714 bibet,

1828 2760 2098 2821 prapterea
2119 2747 2366 2802 exultavit
2395 2754 2550 2817 caput
2582 2742 2754 2816 (Psal.
2776 2741 2886 2815 cxx)
2913 2760 2926 2796 :
2966 2741 3225 2796 exaltavit
3259 2741 3407 2795 enim

1830 2843 1885 2897 in
1911 2855 2073 2896 cruce
2098 2840 2354 2911 pendens,
2385 2836 2724 2906 crucifigitur
2750 2842 2955 2899 autem,
2976 2832 3103 2903 quia
3122 2847 3190 2886 ex
3216 2839 3408 2887 nostro

1831 2940 2074 2989 torrente
2106 2931 2294 2985 bibere
2319 2926 2486 2983 semel
2513 2925 2693 2996 elegit.

1903 3023 2007 3091 Qui
2031 3036 2163 3092 ergo
2189 3020 2305 3074 haec
2335 3018 2466 3088 agit,
2499 3024 2704 3086 septem
2733 3013 2945 3078 diebus,
2969 3020 3138 3066 totum
3162 3009 3414 3065 videlicet

1763 3103 1808 3166 C
1841 3123 2076 3183 tempus,
2110 3109 2281 3166 laetari
2313 3115 2494 3179 potest
2528 3124 2542 3160 :
2577 3105 2672 3160 sed
2713 3103 2889 3159 laetari
2924 3110 3050 3157 ante
3099 3101 3411 3166 Dominum,

1836 3220 1943 3260 non
1978 3203 2267 3273 impiorum
2306 3210 2362 3255 et
2395 3204 2742 3268 peccatorum
2765 3194 2997 3264 gaudio:
3026 3192 3149 3247 Non
3174 3200 3250 3246 est
3272 3192 3410 3246 enim

1835 3294 2065 3366 gaudere
2109 3290 2262 3365 [pax]
2308 3289 2483 3360 impiis
2536 3286 2662 3341 dicit
2707 3284 2966 3340 Dominus
3009 3282 3145 3355 (Isa.
3182 3281 3414 3353 sum),

1837 3386 2037 3455 quippe
2063 3383 2157 3454 qui
2184 3382 2237 3437 in
2264 3378 2632 3450 voluptatibus
2657 3385 2713 3431 et
2741 3374 3180 3446 corruptionibus
3208 3372 3416 3428 festivi-

1836 3482 2004 3529 tatem
2032 3473 2274 3528 habent:
2319 3469 2413 3524 sed
2454 3468 2509 3523 in
2543 3466 2775 3522 Domino
2808 3464 3001 3520 laetari.
3034 3463 3175 3531 Quid
3203 3472 3288 3518 est
3320 3477 3419 3516 au-

1836 3573 1947 3620 tem
1986 3576 2173 3617 coram
2197 3559 2430 3615 Domino
2457 3556 2670 3612 laetari?
2696 3555 2749 3611 id
2788 3563 2896 3620 est,
2933 3554 2987 3608 in
3026 3567 3092 3608 eo
3117 3554 3336 3608 credere
3362 3560 3419 3606 et

1835 3668 1936 3724 pro
1968 3667 2034 3707 eo
2064 3650 2199 3721 pati.
2237 3646 2678 3716 Celebrabitisque
2708 3644 3038 3714 festivitatem
3081 3643 3194 3713 ejus
3224 3652 3418 3712 septem

1837 3742 2021 3797 diebus
2058 3756 2152 3812 per
2176 3752 2396 3800 annum,
2427 3734 2717 3805 legitimum
2743 3732 3113 3803 sempiternum
3135 3731 3232 3784 erit
3256 3731 3310 3783 in
3331 3745 3421 3800 ge-

1838 3830 2196 3888 nerationibus
2226 3825 2424 3882 vestris.
2450 3824 2634 3880 Mense
2654 3823 2885 3892 septimo
2913 3822 3045 3891 festa
3071 3820 3415 3884 celebrabitis,

1837 3931 1887 3976 et
1925 3919 2231 3975 habitabilis
2284 3916 2337 3971 in
2384 3912 2705 3969 umbraculis
2742 3922 2935 3983 septem
2973 3910 3175 3977 diebus,
3215 3921 3277 3965 ut
3308 3919 3422 3966 toto

1837 4010 2097 4083 prmsenti
2145 4007 2367 4069 Steculo,
2407 4003 2863 4076 quemadmodum
2904 4001 3253 4057 tabernaculo
3299 4010 3420 4056 uta-

1839 4117 1980 4156 mur.
2012 4100 2105 4155 Sic
2126 4099 2272 4154 enim
2300 4098 2354 4152 id
2383 4095 2644 4151 Ezechias
2675 4091 2971 4165 appellavit
2996 4092 3185 4148 dicens
3215 4110 3227 4146 :
3257 4091 3417 4157 Quic-

1838 4194 1912 4246 vit
1930 4190 2195 4263 generatio
2220 4205 2357 4254 mea,
2397 4184 2573 4239 ablata
2600 4194 2647 4238 et
2678 4182 2953 4237 convoluta
2975 4190 3052 4236 est
3080 4199 3113 4235 α
3141 4197 3242 4246 me,
3270 4182 3422 4250 quasi

1839 4281 2235 4338 tabernaculum
2257 4288 2547 4351 pastorum.
2573 4275 2690 4330 Non
2726 4275 2870 4328 enim
2909 4272 3197 4327 transitum
3215 4270 3303 4325 vel
3324 4271 3422 4325 de-

1845 4386 2064 4428 cursum
2108 4367 2225 4437 ejus
2259 4368 2590 4438 ignoramus,
2627 4363 2847 4417 divitias
2893 4371 3290 4432 congregantes
3333 4357 3421 4413 vel

1849 4462 2040 4516 domos
2104 4472 2330 4528 magnas
2385 4454 2736 4509 aedificantes.
2810 4449 2917 4506 Sed
2972 4447 3425 4519 quemadmodum

1850 4553 2048 4610 Paulus
2091 4552 2168 4605 ait
2197 4548 2575 4605 intendamus:
2602 4545 2740 4611 Quia
2787 4553 2988 4613 tempus
3029 4542 3179 4596 breve
3218 4550 3317 4607 est,
3365 4550 3425 4595 ut

1849 4652 2074 4698 ementes
2096 4641 2229 4695 sicut
2258 4654 2363 4691 non
2388 4646 2611 4691 ementes
2635 4636 2821 4698 simus,
2860 4641 2908 4687 et
2935 4632 3254 4704 possidentes
3276 4633 3427 4702 quasi

1854 4750 1957 4787 non
2001 4730 2343 4803 possidentes,
2384 4737 2433 4781 et
2462 4734 2661 4780 utentes
2700 4725 2894 4779 mundo
2928 4724 3024 4780 hoc
3055 4733 3108 4776 ut
3141 4739 3246 4778 non
3275 4732 3429 4778 uten-

1853 4833 1946 4889 tes_
1975 4821 2205 4894 pra’terit
2227 4820 2362 4873 enim
2388 4818 2560 4888 ﬁgura
2580 4817 2739 4886 hujus
2765 4816 2968 4870 mundi.

1926 4912 2111 4968 Omnis
2131 4910 2221 4983 qui
2249 4927 2313 4964 ea:
2333 4925 2514 4981 genere
2538 4917 2614 4963 est
2641 4907 2831 4972 Israel,
2861 4907 3084 4961 manebit
3108 4907 3164 4961 in
3188 4904 3435 4960 taberna-

1855 5004 2011 5068 culis,
2050 5012 2107 5055 ut
2144 5000 2349 5054 discant
2391 5000 2583 5071 posteri
2611 4998 2785 5062 vestri,
2817 4998 3036 5069 quod'in
3081 4995 3435 5052 tabernaculis

1857 5097 2095 5151 habitare
2140 5093 2351 5164 fecerim
2393 5091 2532 5160 filios
2588 5090 2758 5146 Israel
2791 5108 2907 5146 cum
2938 5092 3207 5146 educerem
3254 5106 3341 5145 eos
3372 5089 3455 5169 de

1859 5198 2000 5241 terra
2030 5184 2267 5255 Egypti.
2306 5181 2414 5252 Ego
2436 5181 2690 5236 Dominus
2719 5181 2863 5236 Deus
2900 5192 3080 5236 vester.
3113 5179 3278 5235 Vides
3309 5179 3436 5249 quia

1862 5275 2048 5346 ﬁgura:
2087 5274 2169 5328 hae
2196 5272 2394 5343 populo
2429 5272 2758 5337 Judaaorum,
2782 5283 2838 5326 et
2873 5271 3135 5343 imagines
3162 5268 3428 5339 majorum

1860 5365 2241 5439 mysteriorum
2268 5363 2393 5418 data
2424 5364 2582 5418 sunt?
2604 5362 2670 5417 Et
2698 5371 2981 5433 propterea
3004 5363 3249 5417 habitare
3268 5361 3323 5415 in
3353 5366 3436 5412 ta-

1859 5456 2191 5520 bernaculis,
2256 5463 2311 5509 et
2367 5453 2838 5508 tabernaculorum
2899 5452 3244 5508 festivitatem
3291 5449 3437 5505 cele-

1860 5546 2179 5616 brarejussi
2216 5554 2363 5611 sunt,
2388 5553 2577 5600 utnon
2614 5545 3064 5599 obliviscerentur
3099 5540 3441 5598 liberationis

1862 5639 2151 5714 Egyptian,
2173 5637 2267 5695 sed
2294 5637 2397 5694 hoc
2431 5636 2648 5708 quidem
2680 5635 2972 5692 secundum
3021 5632 3279 5689 litteram.
3316 5631 3441 5705 Spi-
