3926 6176
523 281 628 340 515

1161 279 1221 334 B.
1266 279 1517 335 [MBAN]
1569 277 1788 335 MAURI
1827 278 2146 335 ARCHIEP.
2184 280 2494 339 MOGUNT.
2536 281 2820 339 OPERUM
2855 282 3035 339 PARS
3071 283 3110 338 l.

3674 286 3771 342 516

523 398 759 454 ritallter
788 402 993 459 autem,
1020 403 1083 448 ut
1121 395 1557 459 reminiscamur,
1587 392 1712 463 quia
1737 392 1803 446 de
1838 391 2096 462 intelligi-
2129 402 2175 458 Α
2275 394 2410 460 Quia
2439 403 2619 448 autem
2651 409 2757 448 non
2788 403 2995 464 septem
3042 401 3252 447 tantum
3298 392 3490 447 diebus
3527 393 3773 452 habitare

523 489 617 545 bili
646 485 884 558 Egypto
930 485 1139 539 liberati
1175 500 1384 551 sumus,
1404 486 1459 539 id
1498 493 1600 550 est,
1640 484 1707 539 ab
1749 482 2101 554 intelligibiiis

522 577 825 635 Pharaonis
855 575 1135 640 servitute,
1182 588 1303 643 qum
1344 583 1429 629 est
1454 573 1755 628 secundum
1797 575 2101 640 corruptio-

518 679 646 722 nem
674 666 905 719 laterum
937 664 1219 734 praesentis
1253 664 1456 729 seaculi,
1475 678 1584 733 qua
1604 663 1652 717 si
1672 663 1797 732 quis
1824 662 1979 731 picae
2008 677 2100 716 ωε

521 771 644 812 rere
671 756 807 821 vult,
846 756 901 810 in
933 754 1295 809 tabernaculis
1317 754 1546 818 habitet,
1580 753 1746 807 Deum
1776 767 1937 806 somn
1974 750 2097 804 imi-

522 859 646 905 laus
691 850 962 904 dicentem
999 865 1012 900 :
1070 844 1259 918 Vulpes
1307 846 1480 915 foveas
1498 845 1716 908 habent,
1775 854 1822 898 et
1862 842 2098 897 rolucres

519 939 634 994 acti
660 939 841 993 nidum
865 955 883 992 :
901 936 1071 991 Filius
1095 946 1269 989 autem
1296 935 1523 989 hominis
1543 950 1647 988 non
1666 934 1820 988 habet
1839 932 1925 986 ubi
1940 943 2099 1002 caput

514 1042 671 1081 suum
694 1027 903 1081 reclinet
933 1020 1150 1097 (Matth.
1189 1040 1315 1092 vm;
1344 1024 1476 1077 Luc.
1505 1023 1605 1093 II).
1646 1021 1884 1076 Manebit
1912 1030 2094 1075 autem

514 1116 697 1170 uanis
731 1115 825 1185 qui
846 1129 919 1168 ex
954 1128 1155 1184 genere
1184 1112 1349 1168 Israel
1386 1121 1494 1178 est,
1530 1112 1647 1167 sive
1671 1111 1968 1166 secundum
1999 1109 2100 1165 Se-

515 1207 822 1276 ptuaginta,
868 1206 1142 1275 indigena,
1204 1204 1256 1259 id
1308 1212 1415 1266 est,
1464 1218 1594 1257 vere
1657 1202 1875 1263 uoliilis,
1931 1216 2096 1255 verus

518 1294 783 1362 Israelita,
815 1296 1049 1349 Abrahae
1093 1296 1291 1359 haeres,
1328 1294 1422 1364 qui
1469 1292 1702 1363 patriam
1731 1300 1785 1346 et
1823 1305 1994 1361 genus
2038 1299 2099 1345 et

516 1387 713 1441 domos
751 1395 1010 1455 paternas
1058 1384 1299 1453 reliquit,
1348 1392 1408 1438 et
1462 1383 1520 1436 in
1564 1381 1936 1437 tabernaculis
1974 1396 2096 1435 eum

512 1474 667 1533 lsaac
684 1478 860 1533 Jacob
886 1476 1270 1532 cobarredilms
1285 1474 1670 1546 promissionis
1691 1474 1929 1530 habitat.

2207 482 2260 537 in
2309 482 2675 538 tabernaculis
2737 499 2924 538 verum
2970 482 3273 537 israelitam
3317 482 3594 553 legislator
3632 486 3774 550 vult,

2200 574 2299 629 sed
2344 590 2446 644 per
2488 576 2632 629 hunc
2675 588 2959 628 numerum
3006 588 3222 629 omnem
3269 573 3436 627 vitam
3485 573 3775 643 signiﬁcat,

2198 660 2302 714 {iiii
2337 660 2606 726 Jonadab,
2645 661 2740 716 lilii
2784 660 3031 725 Rechab,
3066 668 3120 714 et
3168 674 3233 715 ea
3274 676 3396 730 qua
3436 661 3503 716 de
3529 662 3610 717 eis
3649 666 3777 719 scri~

2210 761 2302 823 pta
2365 760 2494 807 sunt
2538 768 2637 823 per
2676 751 2929 807 iet-emite
2973 752 3312 822 prophetiam
3352 753 3570 807 docent.
3602 753 3773 810 Habe

2203 844 2350 899 enim
2380 843 2464 897 sic
2493 858 2507 896 :
2534 842 2606 896 Et
2650 842 2968 896 obedivinws
3008 842 3121 896 voci
3158 841 3406 895 deab
3440 840 3545 910 ﬁlii
3578 840 3777 896 Rechab

2198 935 2370 1005 patris
2407 934 2572 987 nostri
2608 935 2668 988 in
2692 934 2953 999 cautibus,
2985 949 3101 1005 quae
3126 933 3373 1003 μνασαρᾶ
3411 933 3587 999 nobis,
3614 934 3696 988 ita
3724 943 3781 988 ut

2194 1042 2303 1080 non
2352 1025 2633 1079 biberimus
2684 1026 2859 1079 vinum
2898 1027 3104 1079 ametis
3128 1025 3317 1079 diebus
3352 1026 3572 1092 nostris,
3612 1043 3710 1080 nos
3737 1038 3786 1082 et

2193 1114 2442 1169 mlieres
2474 1125 2685 1180 nostris,
2714 1115 2885 1184 ﬁliiet
2906 1115 3035 1183 ﬁlia:
3082 1126 3306 1181 nasute,
3347 1125 3393 1171 et
3418 1133 3527 1171 non
3549 1117 3780 1186 ardiﬁca-

2196 1222 2373 1260 reatus
2410 1206 2595 1260 domos
2619 1206 2690 1259 ad
2730 1206 3075 1260 habitandum
3112 1216 3163 1260 et
3204 1209 3406 1260 vineam
3428 1217 3482 1260 et
3508 1224 3705 1278 agrian
3740 1219 3779 1260 et

2201 1304 2480 1348 sementem
2504 1312 2612 1349 non
2643 1296 2944 1361 habuimus,
2966 1297 3061 1349 sed
3086 1296 3440 1351 habitavimus
3463 1298 3527 1349 in
3549 1298 3778 1350 taberna-

2204 1385 2337 1440 culis
2366 1394 2421 1439 et
2440 1385 2734 1440 obedientes
2758 1385 2976 1455 fecimus
2998 1386 3159 1455 juua
3188 1386 3369 1439 omnia
3394 1403 3516 1455 φια-
3545 1387 3781 1456 praecepit

2204 1475 2350 1530 nobis
2373 1474 2621 1530 Ionadab
2645 1485 2796 1546 pater
2818 1486 2999 1531 noster
3025 1475 3242 1547 (ﬂerent.
3276 1476 3465 1547 arma).

1712 1724 2009 1808 LIBER
2058 1723 2609 1802 SEPTIMUS.

1812 1870 2426 1897 ψ

1036 1950 1267 2009 CAPUT
1304 1949 1517 2007 Ι)ΒῖΜο
1526 1951 1591 2005 Μ.

626 2048 703 2104 De
726 2046 840 2102 oleo
865 2044 1132 2116 offerendo
1159 2043 1229 2096 ad
1256 2042 1648 2116 concinnandas
1671 2041 1911 2096 lucernas
1940 2042 1994 2095 in

1000 2110 1348 2168 tabernaculo
1383 2110 1617 2165 Domini.

591 2230 738 2306 (Car.
782 2227 956 2298 χειν.)
997 2226 1226 2280 Locutus
1263 2235 1337 2279 est
1368 2224 1620 2279 Dominus
1654 2225 1725 2279 ad
1753 2223 1968 2295 Moysen
2019 2224 2100 2277 tli-

517 2338 674 2382 cens:
725 2318 964 2391 Pracipe
991 2319 1118 2388 ﬁliis
1161 2316 1348 2381 Israel,
1390 2326 1444 2370 ut
1466 2317 1687 2387 oﬂ‘erant
1716 2317 1808 2370 tibi
1844 2316 2013 2370 oleum
2036 2315 2098 2368 tle

519 2416 669 2471 oliuis
687 2412 1025 2484 purissimum
1064 2427 1125 2462 ac
1149 2409 1384 2462 lucidum
1411 2408 1480 2460 ad
1510 2408 1899 2462 concinnandas
1925 2406 2097 2459 lucer-

516 2520 612 2559 nas
640 2504 842 2573 jugiter
879 2509 1028 2553 extra
1072 2497 1239 2552 velum
1279 2498 1559 2551 testimonii
1598 2497 1654 2551 in
1703 2496 2096 2551 tabernaculum

516 2592 743 2667 foederis,
767 2598 1019 2661 ponetque
1038 2604 1126 2641 eas
1153 2587 1331 2640 Aaron
1353 2602 1558 2656 vespere
1579 2602 1740 2656 usque
1761 2587 1815 2639 in
1839 2602 1989 2640 mane
2011 2602 2098 2639 co-

516 2700 629 2738 ram
650 2678 897 2740 Domino,
916 2676 1060 2731 cultu
1078 2677 1285 2747 rituque
1309 2685 1575 2746 perpetuo,
1598 2676 1654 2729 in
1677 2674 2095 2746 generationibus

518 2774 700 2831 vestris
723 2786 741 2824 :
775 2771 947 2840 Super
968 2766 1283 2821 candelabro
1310 2766 1655 2820 mundissimo
1676 2775 1935 2837 ponentur
1960 2780 2097 2818 sem-

511 2884 603 2939 per
629 2866 685 2919 in
714 2871 992 2933 conspectu
1012 2859 1245 2914 Domini.
1275 2857 1672 2914 Candelabrum
1704 2858 1934 2913 dicimus
1974 2872 2096 2912 esse

517 2956 900 3028 Evangelicam
930 2950 1403 3007 conversationem
1429 2949 1482 3003 in
1507 2964 1614 3019 qua
1646 2948 1897 3005 Christus
1920 2949 2095 3004 lucer-

512 3064 595 3102 na:
626 3046 785 3101 modo
820 3042 1104 3114 splendere
1139 3040 1370 3095 virtutes
1419 3038 1568 3094 fecit.
1616 3036 1786 3093 Nemo
1824 3040 1982 3106 enim,
2013 3039 2095 3092 in-

507 3139 649 3210 quit,
674 3135 960 3191 accendens
984 3132 1251 3186 lucernam
1272 3141 1423 3201 ponet
1452 3130 1685 3185 eam-sub
1715 3130 1969 3197 modium,
1998 3130 2092 3184 scd

503 3246 664 3303 super
700 3225 1095 3289 candelabrum,
1143 3232 1201 3275 ut
1244 3221 1412 3275 luceat
1458 3222 1695 3275 omnibus
1717 3223 1807 3294 qui
1833 3222 1891 3275 in
1935 3221 2092 3278 dante

2130 1972 2176 2029 Β
2205 1952 2376 2023 ginta,
2402 1962 2451 2006 et
2471 1950 2570 2021 ﬁlii
2603 1952 2718 2022 ejus
2745 1951 3035 2007 :Christus
3068 1952 3211 2006 enim
3244 1952 3336 2021 qui
3384 1962 3470 2007 est
3496 1968 3670 2010 verus
3707 1970 3785 2011 sa-

2203 2044 2418 2109 cerdos,
2471 2058 2767 2113 pauperum
2822 2043 3252 2113 compassiouem
3289 2043 3452 2113 cepit,
3505 2045 3787 2101 imitantur

2202 2145 2381 2190 autem
2412 2150 2555 2199 eum,
2590 2134 2899 2204 quicunque
2924 2133 3041 2204 ejus
3083 2133 3282 2189 lucrari
3312 2135 3673 2206 adoptionem
3702 2155 3785 2193 vo-

2188 2228 2337 2282 lunt.
2365 2227 2631 2298 Pomaque
2649 2242 2737 2280 eas
2767 2227 2967 2292 Aaron,
2995 2227 3080 2281 vel
3116 2228 3256 2281 sicut
3278 2226 3669 2298 Septuaginta,
3710 2230 3785 2282 in-

2201 2319 2416 2372 cendent
2439 2333 2527 2371 eas
2557 2317 2735 2369 Aaron
2763 2327 2811 2368 et
2836 2315 2936 2384 ﬁlii
2974 2316 3090 2386 ejus
3117 2334 3149 2369 a
3173 2332 3376 2385 vespere
3412 2332 3580 2386 usque
3613 2334 3783 2379 mane,

2200 2408 2253 2462 id
2294 2414 2411 2473 est,
2461 2408 2580 2462 sine
2617 2406 2943 2469 cessatione,
2968 2408 3095 2476 quia
3137 2414 3192 2460 et
3222 2405 3479 2461 Salomon
3514 2408 3784 2463 dicebat:

2196 2498 2389 2552 meum
2411 2498 2475 2551 de
2501 2498 2670 2567 capite
2692 2508 2781 2550 tuo
2808 2514 2913 2550 non
2941 2496 3151 2565 deﬁciat
3178 2496 3375 2567 (Eccle.
3402 2496 3507 2568 rx),
3542 2506 3608 2551 ut
3636 2513 3787 2567 opor-

2200 2595 2341 2643 teret
2372 2587 2768 2659 “elemosyna:
2812 2586 3096 2642 lucernam
3161 2587 3452 2643 incendere
3529 2589 3788 2644 continue

2197 2678 2509 2733 ostendens.
2536 2677 2609 2732 'Et
2637 2678 2741 2733 hoc
2767 2678 2942 2748 ipsum
2984 2693 3169 2733 coram
3212 2677 3462 2744 Domino,
3491 2679 3652 2733 sicut
3680 2680 3788 2750 ipse

2199 2769 2461 2824 Dominus
2486 2769 2622 2823 dixit
2649 2783 2662 2822 :
2691 2767 2763 2823 Te
2798 2779 2972 2823 autem
2998 2769 3225 2838 faciente
3250 2769 3668 2840 eleemosynarn,
3698 2787 3786 2825 ne-

2196 2862 2329 2915 sciat
2363 2862 2581 2915 sinistra
2635 2869 2727 2914 tua
2748 2860 2875 2932 quid
2902 2860 3067 2930 faciat
3091 2860 3305 2916 dextera
3328 2871 3441 2925 tua,
3484 2872 3546 2915 ut
3572 2862 3789 2917 eleemo-

2196 2971 2328 3024 syna
2355 2964 2446 3008 tua
2463 2954 2531 3008 sit
2570 2955 2625 3008 in
2658 2952 2986 3018 abscondito,
3033 2960 3082 3007 et
3110 2961 3261 3023 pater
3288 2961 3408 3005 tuus
3441 2953 3536 3023 qui
3564 2954 3715 3008 videt
3738 2953 3791 3006 in

2194 3045 2500 3099 abscondito
2531 3044 2708 3098 reddet
2741 3043 2834 3097 tibi
2859 3042 3075 3116 (Matth.
3110 3043 3210 3114 vt).

2266 3135 2417 3190 llanc
2442 3134 2612 3205 legem
2638 3133 2931 3189 habeamus
2966 3133 3135 3199 cultu,
3170 3134 3388 3205 rituque
3410 3145 3705 3207 perpetuo,
3735 3137 3788 3192 in

2194 3226 2634 3298 generationibus
2677 3225 2895 3281 nostris.
2952 3224 3128 3295 Super
3176 3225 3503 3282 candelabro
3544 3230 3794 3284 mundis-

501 3332 630 3378 sunt
668 3319 881 3394 (Matth.
907 3316 980 3388 v).
1013 3314 1110 3370 His
1132 3313 1369 3369 lucernis
1400 3310 1580 3367 oleum
1620 3314 1837 3368 additur
1861 3312 2089 3368 eleemo-
2117 3324 2160 3386 (ζ
2193 3318 2351 3383 simo,
2383 3318 2436 3372 id
2470 3326 2575 3382 est,
2622 3315 3002 3388 Evangelieam
3054 3317 3552 3384 conversationem,
3593 3335 3792 3375 secun-

502 3430 664 3487 syna,
691 3413 815 3483 quia
834 3419 890 3465 et
908 3407 1174 3478 jejunium
1214 3414 1269 3461 et
1313 3406 1599 3476 virginitas
1627 3414 1681 3461 et
1716 3407 1894 3461 oratio
1920 3415 1976 3461 et
1994 3404 2084 3474 ju-

496 3504 660 3560 stitia
690 3510 745 3556 et
780 3499 958 3554 onmis
986 3497 1128 3551 actio
1166 3497 1328 3562 bona,
1364 3510 1462 3565 per
1495 3496 1927 3552 misericordiam
1959 3495 2089 3551 dile-

502 3591 706 3647 ctionis
758 3598 1056 3659 pauperum
1110 3584 1434 3655 irrigantur,
1469 3592 1524 3639 et
1576 3584 1962 3639 custodiuntur
2011 3584 2093 3639 in-

506 3677 920 3750 exstinguibiles
948 3695 958 3729 :
992 3674 1133 3745 quod
1168 3671 1516 3729 manifestam
1538 3673 1816 3745 lampades
1847 3673 2089 3745 quinque

504 3771 780 3826 fatuarum
822 3766 1116 3837 virginum,
1147 3780 1267 3833 qua:
1300 3764 1425 3833 quia
1457 3764 1765 3819 dilectionis
1789 3778 2087 3835 pauperum

507 3862 689 3916 minus
740 3858 1049 3912 habuerunt
1099 3855 1299 3920 oleum,
1361 3870 1390 3907 a
1438 3870 1635 3924 sponso
1684 3856 1918 3910 exclusae
1964 3866 2090 3911 sunt

506 3949 725 4021 (Matth.
756 3945 907 4019 xxv).
937 3948 1045 4001 Sed
1076 3952 1290 4015 oportet
1318 3944 1497 3998 oleum
1534 3961 1655 3999 esse
1681 3946 1950 4000 olivarum
1984 3963 2087 4017 pu-

507 4041 803 4104 rissimum,
840 4047 899 4092 ut
944 4052 1054 4092 non
1084 4051 1149 4090 ex
1180 4034 1441 4103 iniustitia
1484 4050 1663 4105 neque
1691 4050 1759 4090 ex
1786 4037 2087 4106 rapacitate

509 4129 788 4199 dilectioni
824 4143 1122 4201 pauperum
1163 4125 1494 4190 serviamus,
1520 4141 1695 4196 neque
1729 4128 1797 4182 ad
1845 4138 2085 4183 ostenta-

502 4227 733 4291 tionem;
764 4224 832 4279 de
856 4220 1014 4277 olivis
1040 4227 1221 4273 autem
1252 4227 1358 4282 est,
1381 4218 1426 4273 si
1457 4234 1525 4272 ex
1553 4218 1713 4273 bouis
1735 4219 2010 4275 laboribus
2033 4230 2089 4275 et

492 4314 815 4387 exjustitite
860 4309 1107 4382 pecuniis
1130 4306 1213 4362 vel
1243 4307 1585 4378 possessione
1627 4307 1962 4379 perliciatur,
2002 4309 2087 4364 ha:

502 4410 647 4467 enim
695 4408 853 4464 oliva:
896 4405 1166 4461 umbrosae
1197 4410 1252 4456 et
1295 4398 1587 4456 fructuosa:
1614 4409 1764 4456 recte
1815 4401 2059 4472 appellan

505 4512 591 4556 tur
610 4520 622 4556 :
640 4497 1036 4555 lueidissimum
1061 4502 1262 4557 autem,
1288 4501 1349 4546 ut
1388 4507 1494 4546 non
1530 4507 1631 4562 pro
1655 4491 1825 4563 gloria
1852 4492 2086 4546 humana

499 4595 900 4664 eleemosynam
930 4589 1215 4643 faciamus.
1247 4583 1474 4655 Oportet
1497 4598 1626 4655 ergo
1648 4584 1922 4638 lucernam
1945 4584 2088 4638 hanc

2192 3410 2318 3465 dum
2342 3408 2484 3478 quod
2500 3407 2611 3481 jam
2638 3407 2894 3462 diximus.
2928 3406 3012 3463 Ab
3038 3408 3186 3462 omni
3216 3410 3361 3463 enim
3389 3409 3509 3463 haec
3534 3409 3719 3464 ironia
3740 3419 3792 3464 et

2191 3499 2466 3571 hypocrisi
2514 3498 2711 3553 munda
2744 3506 2849 3564 est,
2881 3506 2943 3551 ut
2968 3504 3093 3568 pote
3128 3497 3379 3553 lucernas
3419 3497 3793 3570 eleemosyua:

2189 3598 2315 3644 ante
2353 3588 2640 3643 Dominum
2669 3629 2685 3653 ,
2736 3596 2792 3642 et
2822 3603 2929 3642 non
2976 3598 3101 3642 ante
3160 3588 3409 3643 homines
3454 3589 3789 3644 incendens.

2194 3678 2364 3751 Usque
2385 3696 2537 3734 ntane
2567 3688 2750 3734 autem
2786 3678 3159 3746 incendamus,
3204 3680 3257 3734 in
3296 3682 3564 3751 praesenti
3606 3681 3793 3737 videli-

2191 3778 2279 3825 cet
2313 3769 2534 3834 sazculo,
2567 3769 2782 3840 quando
2816 3771 2963 3824 enim
2993 3785 3153 3825 mane
3193 3770 3437 3825 illurerit
3466 3772 3645 3827 futuri
3686 3789 3783 3828 sa:-

2189 3861 2316 3927 euli,
2342 3862 2456 3933 jam
2486 3875 2594 3915 non
2628 3869 2712 3915 est
2744 3870 2954 3930 tempus
2980 3862 3263 3926 orationis,
3295 3870 3350 3916 et
3391 3862 3782 3933 eleemosyna‘,

2189 3951 2334 4021 quod
2355 3958 2540 4021 aperte
2567 3949 2881 4021 signiﬁcans
2903 3948 3158 4005 Salomon
3187 3951 3302 4005 ait:
3334 3950 3417 4005 Ne
3439 3952 3590 4006 dicas
3617 3955 3789 4006 amico

2189 4051 2300 4107 tuo,
2324 4042 2451 4096 vade
2473 4050 2521 4095 et
2545 4051 2815 4107 revertere,
2831 4052 2878 4095 et
2902 4043 3133 4097 crastino
3154 4044 3288 4097 dabo
3316 4045 3432 4110 tibi,
3454 4062 3575 4098 cum
3602 4049 3789 4100 statim

2187 4132 2352 4199 possis
2399 4130 2544 4195 dare,
2604 4130 2769 4184 nescis
2813 4132 2950 4185 enim
2993 4132 3119 4202 quid
3178 4143 3561 4203 superuentura
3610 4137 3791 4206 pariat

2188 4219 2297 4274 dies
2329 4219 2511 4291 (Prov.
2540 4218 2711 4290 xxvu)
2747 4237 2758 4274 :
2788 4220 2842 4274 id
2892 4226 2996 4287 est,
3028 4220 3243 4288 festina,
3291 4231 3347 4278 et
3388 4239 3497 4278 non
3528 4224 3787 4287 diﬂ‘ens,

2189 4327 2255 4366 ne
2285 4310 2424 4366 forte
2448 4310 2731 4366 deducaris
2770 4311 2838 4366 ad
2865 4311 2980 4367 loca
3014 4312 3069 4367 in
3100 4314 3297 4384 quibus
3320 4314 3535 4384 operari
3562 4324 3797 4387 tempus

2189 4416 2296 4455 non
2335 4401 2523 4466 babes,
2579 4400 2673 4455 sed
2704 4401 2947 4457 rationes
2991 4402 3105 4457 illic
3132 4417 3357 4460 necesse
3391 4403 3461 4457 sit
3502 4405 3697 4470 reddi,
3731 4408 3797 4459 de

2190 4493 2277 4548 bis
2300 4508 2421 4561 qua:
2459 4492 2550 4547 hic
2590 4493 2799 4563 operati
2840 4491 3123 4549 fuerimus.
3170 4493 3443 4549 Prmterea
3489 4496 3667 4552 nobis
3696 4497 3805 4551 sol-

2190 4601 2319 4641 vere
2360 4595 2572 4654 tempus
2619 4591 2704 4638 est
2748 4582 3075 4654 legislatoris
3118 4584 3490 4639 intellectum:
3520 4587 3801 4640 cartdela-

501 4699 716 4754 semper
749 4678 972 4736 accendi
997 4685 1152 4732 extra
1180 4674 1357 4730 velum
1378 4671 1630 4748 videlicet
1658 4672 1901 4741 corporis
1916 4672 2085 4727 'Cbri-
2109 4671 2163 4729 D
2189 4675 2347 4731 brum
2386 4675 2645 4731 mundum
2683 4673 2923 4743 quidem,
2952 4674 3079 4744 quia
3111 4684 3376 4744 peccatum
3417 4690 3523 4727 non
3566 4676 3799 4738 habuit,

500 4776 594 4840 sti,
643 4775 748 4827 hoc
792 4770 936 4826 enim
990 4783 1111 4823 esse
1161 4763 1499 4836 intelligibile
1541 4762 1718 4817 velum
1770 4777 1867 4832 per
1915 4763 2085 4818 multa

502 4862 863 4938 prtecedentia
899 4861 1327 4916 demonstratum
1363 4866 1446 4911 est
1470 4870 1483 4908 :
1510 4854 1585 4908 ‘In
1625 4853 1962 4909 tabernaculo
1996 4870 2087 4909 au-

502 4966 611 5013 tem
648 4953 859 5025 [dederis
904 4951 1019 5006 sive
1050 4959 1109 5004 ut
1141 4946 1515 5019 Septuaginta,
1548 4944 1855 5011 testimonii,
1882 4944 1935 5000 id
1980 4954 2081 5010 est,

499 5051 556 5106 in
593 5048 755 5114 emlo,
808 5046 863 5102 in
906 5060 1020 5115 quo
1067 5042 1315 5098 habitare
1364 5040 1532 5095 Deum
1583 5037 1926 5094 manifestum
1973 5049 2077 5107 est,

505 5142 809 5210 Utrumque
850 5152 979 5208 ergo
1019 5151 1051 5190 a
1091 5132 1402 5202 legislature
1446 5130 1655 5184 dictum
1703 5138 1824 5185 est:
1859 5131 1904 5184 si
1934 5131 2078 5185 enim

500 5243 837 5306 quaecunque
866 5227 1098 5282 facimus
1132 5222 1478 5294 pauperibus,
1528 5221 1643 5276 hazc
1677 5230 1932 5291 tanquam
1977 5222 2080 5277 sibi

503 5326 645 5383 facta
674 5324 749 5389 is,
792 5320 887 5391 qui
924 5326 1148 5389 propter
1184 5330 1284 5369 nos
1322 5311 1499 5368 factus
1530 5320 1615 5368 est
1638 5328 1863 5384 pauper,
1916 5315 2083 5384 impu-

505 5427 603 5482 tat,
630 5424 783 5471 reete
810 5420 935 5467 ante
977 5422 1175 5478 corpus
1200 5404 1543 5460 Dominicum
1572 5403 1809 5459 lucerna:
1846 5404 2077 5460 eleemo-

503 5523 651 5580 synae
690 5503 1082 5565 incenduntur;
1118 5496 1213 5553 sed
1242 5505 1422 5550 tamen
1448 5504 1505 5551 et
1528 5495 1581 5549 in
1631 5494 1787 5560 creto,
1820 5494 1892 5549 ibi
1939 5496 2082 5549 enim

505 5618 635 5656 suos
680 5602 990 5660 thesauros,
1040 5590 1420 5649 misericordes
1462 5589 1816 5661 praemittunt.
1856 5588 2086 5658 Propter

504 5692 646 5755 quod
691 5689 973 5744 succendat
1001 5701 1116 5741 eam
1152 5682 1351 5751 Aaron,
1400 5682 1513 5739 sive
1542 5682 1839 5737 secundum
1867 5679 2091 5750 Septua-

2191 4783 2283 4821 nec
2315 4765 2467 4821 dolus
2493 4765 2728 4819 inventus
2765 4773 2841 4819 est
2884 4764 2942 4818 in
2984 4781 3072 4820 ore
3095 4765 3229 4834 ejus,
3253 4765 3655 4821 candelabrum
3703 4783 3807 4820 au-

2197 4864 2327 4924 tem,
2360 4857 2486 4927 quia
2520 4856 2628 4926 ipse
2663 4864 2739 4909 est
2780 4853 2874 4909 (na:
2918 4871 3059 4921 vera,
3099 4871 3217 4927 qut:
3265 4856 3533 4910 illuminat
3576 4875 3803 4912 omnem

2192 4949 2452 5001 hominem
2477 4934 2757 5000 venientem
2779 4945 2833 4998 in
2855 4945 2993 4999 hunc
3018 4946 3275 5000 mundum
3294 4946 3473 5019 (locu.
3509 4946 3574 5019 ι).
3592 4947 3806 5019 'Supcr

2195 5040 2296 5094 hoc
2349 5036 2657 5091 incenditur
2710 5035 2930 5093 lucerna
2985 5036 3222 5107 Spiritus
3270 5045 3492 5095 sanctus
3540 5039 3804 5110 :igneus

2191 5132 2336 5187 enim
2379 5137 2462 5183 est
2492 5128 2795 5183 substantia
2832 5137 2889 5184 et
2931 5129 3268 5198 operatione,
3301 5131 3444 5183 unde
3485 5129 3542 5183 in
3594 5131 3804 5201 specie

2190 5223 2471 5294 ignearum
2534 5219 2844 5290 linguarum
2912 5235 3076 5290 super
3128 5220 3421 5290 discipulos
3469 5222 3803 5276 descendit.

2192 5311 2327 5366 lluic
2352 5310 2704 5382 purissimum
2735 5309 2914 5364 oleum
2943 5309 3161 5378 oll'erre,
3189 5312 3241 5365 id
3263 5319 3370 5374 est,
3408 5311 3579 5365 vitam
3625 5328 3799 5366 mun-

2187 5403 2331 5468 dam,
2375 5400 2655 5466 debemus,
2692 5398 2930 5456 scientes
2963 5404 3108 5471 quod
3138 5418 3242 5457 non
3284 5402 3527 5456 omnium
3570 5412 3680 5457 est
3717 5403 3810 5457 in-

2187 5492 2419 5548 cendere
2464 5491 2637 5553 illum,
2670 5490 2765 5544 sed
2802 5490 2971 5546 solius
3009 5492 3362 5563 intelliglbilis
3394 5492 3579 5546 Aaron
3641 5504 3709 5548 et
3745 5498 3816 5547 li-

2188 5585 2385 5637 liorum
2408 5581 2525 5650 ejus
2553 5599 2565 5634 :
2593 5580 2847 5635 Christus
2876 5582 3019 5635 enim
3051 5581 3165 5651 ipse
3199 5583 3388 5652 plenus
3418 5593 3535 5637 crat
3562 5580 3815 5651 Spiritu

2200 5679 2385 5734 dicens
2409 5693 2420 5727 :
2453 5672 2682 5743 Spiritus
2700 5671 2909 5727 Domini
2932 5690 3087 5743 super
3109 5691 3205 5740 me,
3228 5685 3436 5745 propter
3452 5674 3601 5745 quod
3636 5677 3827 5729 unxit
