3926 6176
220 264 320 318 .‘il‘l
1124 254 1623 312 EXPOSITIONES
1661 255 1727 311 IN
1762 248 2133 312 LEVITICUM
2206 286 2262 296 ——
2299 252 2424 313 LIB.
2463 254 2569 313 Vl].

3356 260 3462 316 518

210 378 292 427 me
338 370 477 442 (lsa.
536 367 648 437 LX),
693 380 853 435 super
896 379 1056 435 quem
1104 368 1156 419 in
1196 367 1376 435 Specie
1421 366 1686 421 columba:
1721 368 1787 423 de
1814 374 1864 433 Λ
1890 366 2036 419 viros
2084 365 2238 434 panis
2288 366 2577 421 diversitas
2630 380 2729 437 pro
2794 366 2995 423 merito
3039 365 3461 440 uniuscuiusque

207 462 346 517 caelo
371 457 777 522 descendebat;
808 455 901 511 sed
930 464 986 510 et
1010 472 1025 508 :
1057 454 1238 525 Ignem
1268 455 1380 509 ueni
1408 454 1612 509 mittere
1630 468 1785 525 super

207 568 424 617 terram,
453 562 506 606 et
538 550 654 604 rolo
686 559 742 602 ut
771 548 1090 602 accendatur
1115 546 1267 618 (Luc.
1297 546 1418 619 xu).
1451 546 1584 601 Cum
1628 544 1785 614 hujus

208 648 441 701 lucerna:
495 643 676 712 ignem
731 638 1086 710 signiﬁcaret,
1136 637 1367 701 dicebat,
1414 650 1539 690 nam
1572 644 1632 690 et
1672 636 1786 705 ipse

207 736 328 791 ﬁliis
378 734 496 788 suis
522 730 763 794 tradidit,
807 729 1024 797 quando
1054 726 1333 782 iusudllans
1356 727 1616 796 apostolis
1644 723 1786 782 dice-

205 829 293 880 bat
327 841 341 877 :
381 823 621 893 Accipite
654 835 670 874 :
709 819 965 889 Spiritum
994 828 1257 882 sanctum,
1283 823 1337 871 et
1371 823 1566 871 caetera
1600 814 1780 887 (Joan.

205 916 316 988 xx).
342 914 454 969 Sed
485 913 712 968 lucerna
737 911 844 964 ista
887 909 1047 963 aliter
1075 922 1182 961 non
1220 906 1527 961 incenditur
1552 905 1657 959 nisi
1688 919 1785 974 per

205 1008 363 1061 vitam
392 1003 661 1059 tumidam
691 1010 743 1055 et
769 1014 865 1070 per
897 996 1364 1053 conversationem
1394 995 1783 1049 lucidissimam

204 1098 309 1152 sive
333 1094 569 1155 claram,
601 1092 692 1161 qui
722 1099 904 1144 autem
951 1087 1074 1142 talis
1105 1101 1209 1141 non
1243 1094 1349 1149 est,
1378 1085 1601 1153 spiritus
1635 1083 1690 1137 in
1718 1097 1784 1138 eo

206 1185 586 1253 esstinguetur
610 1198 624 1233 :
656 1192 835 1249 neque
862 1177 1009 1231 enim
1033 1176 1152 1230 sine
1177 1190 1342 1229 causa
1373 1174 1573 1228 Paulus
1598 1183 1786 1229 conte-

206 1276 449 1332 stabatur
478 1293 495 1328 :
525 1273 785 1343 Spiritum
815 1270 976 1325 nolite
1004 1270 1330 1338 exstinguere
1356 1266 1408 1334 (1
1439 1266 1590 1321 Thes.
1620 1265 1700 1336 v),
1726 1266 1782 1320 in

204 1367 351 1421 nobis
382 1378 517 1419 esse
560 1341 850 1417 incendere
887 1357 1003 1427 ejus
1038 1358 1427 1428 operationem,
1468 1365 1525 1411 et
1571 1357 1782 1412 exstin-

202 1470 379 1525 guere,
410 1461 515 1507 aut
545 1451 825 1507 studentes
864 1463 927 1504 ea
956 1448 1152 1517 quibus
1182 1446 1520 1512 incendatur,
1556 1454 1651 1501 aut
1682 1460 1778 1500 ne-

202 1547 459 1618 gligentes
485 1544 767 1600 evidenter
793 1541 1102 1596 ostendens.

830 1628 1058 1685 CAPUT
1095 1629 1160 1684 ll.

1885 465 2094 511 servata
2115 465 2217 511 est.
2241 455 2494 511 Refertur
2514 457 2570 510 in
2592 455 2787 511 Genesi
2804 454 2990 527 (Capp.
3005 472 3159 523 xvm,
3178 460 3291 527 xix)
3312 461 3456 528 quod

1884 547 2155 602 Abraham
2193 547 2502 616 patriarcha
2541 546 2760 617 angelos
2796 548 3032 616 suscepit
3069 549 3307 617 hospitio
3330 588 3346 611 ,
3378 552 3453 604 si-

1885 636 2086 690 militer
2110 644 2290 690 autem
2317 646 2372 691 et
2400 636 2534 701 Lat;
2588 636 2683 691 sed
2739 636 3015 691 Abraham
3049 677 3063 700 ,
3110 637 3203 706 qui
3247 639 3458 695 meritis

1884 728 2244 797 praecellebat,
2265 743 2433 798 panes
2458 745 2525 784 ex
2552 727 2733 783 simila
2773 728 3084 797 apposuisse
3110 728 3455 794 describitur,

1884 820 2020 886 quos
2062 825 2117 871 et
2153 818 2407 872 encrilias
2439 816 2759 893 [εὐκρυφάς]
2780 858 2794 881 ,
2827 818 2879 872 id
2906 827 3013 880 est,
3047 817 3260 872 occulta
3304 832 3459 874 sacre

1883 909 2151 973 conditos,
2183 909 2486 963 nominavit
2514 928 2526 962 :
2558 909 2662 964 Lat
2685 921 2833 974 vero,
2857 924 2923 963 eo
2942 909 3084 977 quod
3122 924 3229 965 non
3268 907 3459 963 habuit

1883 999 2139 1063 similam,
2165 1012 2232 1054 ex
2259 998 2432 1054 farina
2463 1016 2633 1071 mnes
2680 1001 2983 1071 hospitibus
3028 1000 3281 1070 opposuit
3303 1039 3318 1064 ,
3348 1016 3456 1054 non

1882 1088 2025 1156 quod
2056 1088 2130 1141 ita
2157 1100 2364 1159 pauper
2389 1098 2531 1144 esset
2560 1097 2620 1144 ut
2645 1104 2752 1144 non
2802 1089 3054 1143 habuerit
3082 1087 3335 1153 similam,
3363 1087 3455 1157 qui

1882 1178 1937 1235 in
1998 1180 2199 1234 divitiis
2263 1195 2372 1235 non
2439 1180 2666 1236 inferior
2730 1187 2928 1250 patruo
2982 1179 3241 1234 scribitur
3271 1217 3288 1244 ,
3362 1179 3457 1233 sed

1882 1271 2165 1341 utriusque
2195 1273 2512 1327 meritorum
2535 1271 2837 1328 differentia
2870 1285 2967 1340 per
2991 1271 3109 1325 haec
3147 1270 3459 1340 designatur

1882 1359 2102 1425 indicia,
2124 1361 2269 1430 quod
2298 1362 2343 1415 is
2367 1362 2585 1432 quidem
2632 1361 2721 1416 cui
2761 1368 2921 1414 erant
2941 1375 2970 1413 a
2992 1358 3220 1413 Domino
3248 1365 3453 1427 myste-

1882 1450 1963 1504 ria
1993 1450 2280 1506 revelanda
2307 1491 2323 1517 ,
2356 1464 2411 1505 et
2435 1451 2501 1506 ad
2533 1464 2691 1519 quem
2742 1449 3025 1505 dicebatur
3058 1468 3072 1502 :
3104 1447 3246 1501 Nam
3276 1445 3455 1500 celabo

1881 1557 1915 1593 a
1947 1557 2110 1611 puero
2147 1556 2260 1596 meo
2288 1542 2555 1598 Abraham
2602 1542 2740 1613 quod
2771 1541 3010 1611 facturus
3037 1541 3195 1594 sum?
3221 1540 3315 1609 qui
3344 1540 3452 1594 rim-

1881 1630 2128 1687 buendus
2166 1641 2282 1687 erat
2319 1640 2375 1687 et
2403 1634 2711 1689 educendos
2754 1634 2821 1687 de
2870 1632 3101 1688 occultis
3134 1639 3192 1686 et
3229 1632 3458 1686 secretis

203 1725 273 1779 De
290 1723 472 1779 simila
497 1722 810 1785 exhibenda,
835 1722 904 1775 ad
923 1720 1191 1790 faciendos
1210 1732 1372 1791 panes
1388 1722 1773 1791 propositionis.
1805 1710 1852 1770 Β
1880 1722 1997 1788 Dei,
2021 1722 2112 1779 ille
2131 1740 2298 1794 panes
2320 1740 2388 1781 ex
2410 1725 2587 1781 simila
2612 1725 2870 1781 scribitur
2896 1724 3182 1791 habuisse;
3213 1723 3301 1779 ille
3327 1739 3457 1777 rem

266 1814 449 1884 (Imm)
494 1812 730 1881 Accipies
771 1826 974 1881 quoque
1009 1809 1237 1864 similam
1280 1821 1330 1864 et
1380 1820 1567 1880 eoq'ues
1609 1828 1674 1866 ex
1715 1828 1778 1866 ea

202 1907 476 1961 duodecim
509 1922 694 1975 panes,
715 1904 805 1974 qui
833 1902 1026 1973 singuli
1069 1902 1327 1958 habebunt
1365 1903 1500 1957 duas
1524 1904 1774 1970 decimas,

203 2015 416 2066 quorum
446 2014 609 2053 senos
638 1996 952 2051 altrinsecus
980 2011 1136 2067 super
1173 2010 1407 2048 mensam
1440 1994 1777 2063 purissimam

203 2102 367 2142 coram
414 2087 647 2142 ι)οωὶηο
671 2094 889 2151 statues,
921 2095 970 2140 et
994 2102 1156 2156 pones
1197 2102 1353 2156 super
1368 2101 1460 2150 eos
1496 2085 1617 2139 thus
1641 2084 1777 2140 luci-

201 2181 496 2243 dissimm,
549 2186 607 2231 ut
652 2178 720 2231 sit
768 2176 922 2247 panis
967 2176 1023 2229 in
1067 2182 1460 2228 monumentum
1497 2173 1777 2227 oblationis

205 2270 431 2324 Domini.
477 2267 587 2322 Per
610 2267 820 2338 singula
839 2266 1057 2319 sabbata
1083 2264 1428 2319 mutabuntur
1451 2280 1629 2318 coram
1666 2264 1775 2319 Do-

202 2363 337 2416 mino
362 2402 378 2426 ,
440 2360 671 2430 suscepti
725 2376 757 2413 a
802 2358 930 2427 ﬁliis
983 2356 1154 2412 Israel
1204 2355 1395 2425 [ledere
1443 2357 1773 2427 sempiterno,

203 2451 478 2522 Erantque
504 2452 682 2505 Aaron
721 2460 767 2505 et
790 2448 1022 2518 filiarum
1050 2449 1188 2518 ejus,
1226 2457 1283 2501 ut
1308 2448 1582 2502 comedunt
1604 2465 1690 2503 eos
1721 2449 1777 2502 in

200 2543 316 2594 loco
338 2553 544 2606 sancto,
574 2541 699 2610 quia
731 2538 929 2595 Sancta
947 2548 1248 2592 sanctorum
1289 2547 1386 2604 est,
1413 2537 1478 2591 de
1509 2538 1776 2607 sacriﬁcio

207 2629 423 2683 Domini
442 2630 563 2698 jure
587 2639 851 2699 perpetuo.
882 2627 1153 2684 Memento
1181 2629 1424 2700 mystica:
1461 2644 1682 2696 mensas,
1711 2630 1777 2685 de

203 2734 312 2788 qua
351 2719 488 2772 nulli
518 2734 723 2775 sumere
759 2727 1089 2789 prmceptum
1135 2727 1237 2785 est,
1268 2727 1496 2788 excepto
1522 2721 1777 2791 intelligi-

202 2813 291 2867 hili
332 2813 542 2879 Aaron,
573 2815 629 2871 id
655 2823 759 2879 est,
786 2812 1040 2869 Christo:
1073 2814 1187 2884 ipse
1220 2815 1362 2870 enim
1409 2831 1528 2871 eam
1570 2816 1777 2887 primus

202 2905 451 2968 initiavit,
487 2906 582 2960 sed
611 2914 667 2960 et
696 2905 822 2960 ﬁliis
849 2904 987 2973 ejus,
1012 2906 1106 2975 qui
1132 2906 1200 2960 ab
1226 2922 1291 2960 eo
1319 2905 1449 2961 facti
1474 2915 1611 2962 sunt
1638 2907 1779 2962 chri-

203 2995 264 3048 sti
291 3004 345 3049 et
374 2995 557 3050 induti
588 3005 716 3050 sunt
734 3011 819 3061 eo,
843 3011 1005 3064 quam
1048 3005 1227 3050 tamen
1255 2997 1541 3052 comedere
1570 2998 1623 3051 in
1658 2997 1775 3053 loco

1878 1816 1947 1870 ad
1979 1830 2139 1885 quem
2168 1817 2305 1873 nihil
2353 1819 2683 1875 sacramenti
2729 1817 3115 1883 deferebatur,
3170 1817 3263 1873 sed
3318 1817 3457 1870 ratio

1877 1908 2158 1977 prementis
2187 1910 2380 1966 salutis
2420 1920 2476 1966 et
2516 1912 2658 1975 vitae,
2692 1925 2861 1980 panes
2900 1924 3218 1966 communes
3248 1909 3454 1965 exsola

1877 1997 2051 2054 farina
2081 2002 2341 2057 scribitur
2380 2004 2636 2058 habuisse
2668 2004 2967 2059 conlectos.
3008 2004 3076 2058 Et
3112 2012 3166 2058 tu
3195 2017 3327 2073 ergo
3352 2041 3368 2066 ,
3407 2002 3453 2056 si

1876 2088 2048 2145 habes
2096 2090 2379 2146 scientiam
2439 2101 2772 2147 secretorum
2803 2131 2819 2158 ,
2852 2093 2909 2148 si
2954 2092 3025 2148 de
3060 2092 3167 2146 ﬁde
3215 2092 3331 2157 Dei,
3388 2092 3457 2145 de

1877 2181 2137 2251 mysterio
2168 2180 2371 2237 Christi
2398 2223 2414 2249 ,
2446 2182 2512 2238 de
2559 2183 2735 2238 sancti
2772 2182 3008 2252 Spiritus
3056 2182 3266 2236 unitate
3302 2188 3457 2249 potes

1877 2274 2114 2329 scienter
2141 2283 2407 2345 cauteque
2438 2274 2730 2339 disserere,
2764 2284 2938 2344 panes
2962 2288 3028 2327 ex
3052 2271 3228 2327 simila
3259 2270 3457 2326 offeres

1872 2364 2148 2430 Domino;
2206 2366 2252 2421 si
2297 2379 2428 2421 vero
2465 2366 2842 2420 communibus
2881 2364 3053 2418 uteris
3098 2364 3164 2417 ad
3198 2362 3455 2433 populum

1876 2453 2130 2520 monitis,
2165 2462 2222 2509 et
2266 2454 2528 2510 moralem
2555 2455 2667 2510 seis
2708 2454 3079 2509 tantummodo
3126 2453 3299 2508 locum
3347 2460 3460 2506 tra-

1876 2551 2028 2598 ctare
2075 2543 2166 2614 qui
2205 2544 2282 2598 ad
2310 2556 2500 2600 oumes
2527 2543 2802 2613 pertinet,
2832 2557 3175 2598 communem
3220 2550 3271 2596 te
3300 2541 3458 2595 obtu-

1874 2631 2006 2688 lisse
2034 2632 2252 2688 noveris
2276 2646 2490 2702 panem.
2522 2632 2636 2688 Sed
2661 2629 3067 2700 videamusjam
3097 2647 3217 2701 qua:
3237 2630 3309 2686 sit
3330 2646 3459 2686 con.-

1875 2721 2040 2777 l‘ectio
2069 2724 2124 2778 in
2152 2724 2274 2780 istis
2304 2724 2537 2795 patribus
2568 2723 2955 2793 propositionis
2990 2722 3081 2792 qui
3123 2730 3249 2777 ante
3273 2717 3455 2776 Domi-

1876 2831 2006 2869 num
2040 2816 2169 2885 poni
2227 2830 2442 2884 semper
2479 2813 2758 2883 jubentur.
2809 2814 2889 2867 De
2930 2813 3137 2867 duabus
3169 2852 3184 2877 ,
3235 2814 3456 2882 inquit,

1875 2904 2092 2958 decimis
2120 2906 2188 2959 sit
2210 2906 2369 2975 panis
2394 2922 2532 2959 unus
2548 2921 2568 2970 ,°
2604 2905 2739 2960 duas
2786 2903 3002 2972 quidem
3031 2902 3269 2957 decimas
3295 2903 3456 2966 dixit,

1878 2994 1973 3049 sed
2033 2993 2187 3062 cujus
2232 3010 2512 3050 mensurae
2569 2996 2680 3049 sint
2741 2995 2857 3050 ista:
2892 2994 3122 3048 decima:
3155 3008 3265 3047 non
3312 3010 3460 3049 com-

204 3095 382 3140 sancto
402 3084 546 3154 jussi
583 3094 729 3139 sunt.
760 3086 857 3140 Est
883 3101 1013 3141 vero
1039 3094 1095 3141 et
1143 3085 1400 3140 Sanctum
1440 3095 1771 3153 sanctorum,
1802 3068 1847 3129 Ο
1877 3084 2200 3154 prehendit,
2246 3100 2370 3140 cum
2419 3085 2606 3153 utique
2633 3098 2973 3153 consequens
3016 3083 3245 3149 fuisset,
3301 3084 3345 3139 si
3392 3085 3459 3138 de

204 3183 255 3227 ut
276 3174 769 3230 sanctiﬁcationem
804 3177 1044 3231 habeant
1080 3178 1429 3246 pnecipuam,
1452 3186 1509 3233 et
1549 3179 1775 3249 indispi-

203 3264 442 3319 cabtlem.
489 3264 570 3317 Illi
622 3280 790 3334 panes
838 3263 971 3319 ﬁent
1017 3279 1086 3319 ex
1130 3264 1340 3319 duabus
1382 3264 1609 3321 decimis
1640 3283 1652 3318 :
1679 3265 1775 3321 Dei

201 3355 335 3410 enim
358 3365 418 3409 et
452 3355 696 3411 hominis
729 3364 857 3410 sunt
879 3354 1140 3425 ejusdem,
1183 3356 1236 3411 in
1267 3365 1498 3427 utroque
1522 3358 1771 3428 perfecti.

203 3443 479 3500 Ponuntur
519 3446 638 3500 seni
680 3446 1023 3511 altrinsecus,
1064 3448 1296 3517 mystica
1344 3463 1531 3503 mensa
1558 3450 1777 3519 ponitur

201 3537 411 3605 quidem
458 3538 571 3598 hic,
619 3545 849 3606 ponetur
891 3538 1056 3592 etiam
1096 3538 1153 3592 in
1183 3537 1364 3593 futuro
1412 3540 1630 3595 smculo.
1665 3540 1774 3596 Sex

1879 3174 2179 3243 quantitate
2203 3174 2394 3229 simila:
2414 3174 2628 3229 volebat
2653 3174 2892 3246 agnosci,
2925 3173 3098 3244 ipsam
3133 3173 3287 3243 cujus
3321 3174 3458 3229 duas

1878 3265 2118 3320 decimas
2151 3266 2293 3321 smni
2336 3266 2562 3335 jubebat
2593 3306 2607 3331 ,
2646 3267 2935 3321 mariners
2969 3281 3298 3320 mensuram.
3328 3267 3460 3333 Quae

1878 3366 2008 3422 ergo
2038 3354 2142 3408 ista
2171 3369 2259 3409 res
2288 3364 2391 3414 est.
2419 3355 2574 3424 cujus
2605 3372 2860 3411 mensura
2885 3364 2941 3410 et
2965 3356 3155 3411 modus
3180 3370 3280 3411 nec
3308 3371 3459 3411 com-

1876 3442 2138 3510 prehendi
2186 3445 2393 3512 potuit,
2434 3460 2535 3500 nec
2566 3444 2882 3499 nominari?
2917 3445 3171 3500 Decimus
3199 3458 3459 3500 numerus

1877 3532 2077 3601 ubique
2115 3533 2385 3602 perfectus
2427 3534 2702 3589 invenitur
2725 3574 2741 3600 ,
2780 3535 2946 3590 totius
2972 3535 3118 3590 enim
3154 3535 3363 3590 numeri
3391 3551 3459 3589 ex

202 3636 370 3684 autem
423 3642 623 3698 panes,
659 3627 855 3696 positio
904 3642 1030 3693 una,
1081 3628 1208 3698 quia
1254 3628 1526 3698 perfectus
1556 3630 1775 3698 quidem
1882 3622 2005 3690 ipso
2051 3624 2189 3678 ratio
2233 3631 2287 3676 et
2335 3627 2488 3692 origo
2536 3624 2834 3691 consurgit.
2885 3622 3267 3693 Competenter
3296 3624 3461 3694 igitur

198 3732 478 3783 numerus,
531 3718 675 3773 sicut
721 3726 776 3774 et
824 3720 1140 3791 mysterium
1185 3720 1360 3790 ipsum
1393 3719 1694 3789 perfectum
1722 3729 1779 3776 οι
1878 3720 2069 3767 auctor
2099 3721 2155 3766 et
2174 3714 2325 3781 origo
2351 3713 2591 3766 omnium
2632 3714 2775 3767 Deus
2806 3713 2907 3767 sub
2931 3713 3033 3767 hoc
3059 3728 3283 3767 ntunero
3308 3714 3456 3767 vide—

199 3808 472 3877 perfectos
499 3808 633 3864 facit
659 3825 755 3865 eos
798 3810 889 3878 qui
934 3811 1039 3865 hoc
1076 3809 1350 3874 fruuntur,
1384 3811 1438 3864 in
1471 3825 1568 3865 sex
1596 3818 1776 3865 autem
1878 3812 1967 3857 tur
1993 3804 2225 3858 ostendi.
2257 3802 2377 3858 Jam
2405 3804 2448 3857 si
2483 3804 2535 3858 in
2551 3804 2791 3859 Ecclesia
2821 3804 2888 3858 de
2915 3804 3030 3859 solo
3056 3804 3216 3859 Patre
3238 3804 3452 3873 loquar,

199 3897 388 3953 diebus
455 3899 575 3954 bzec
620 3898 849 3954 visibilis
906 3897 1049 3953 facta
1112 3908 1194 3956 est
1250 3908 1539 3965 creatura,
1594 3907 1775 3954 sexta-
1876 3902 1933 3950 et
1957 3895 2125 3965 ipsius
2153 3895 2320 3951 solius
2350 3894 2538 3951 laudes
2582 3895 2889 3967 proferam,
2921 3895 3082 3951 unius
3105 3896 3330 3951 decium
3356 3912 3454 3965 pa-

200 4004 297 4058 que
330 3991 429 4046 die
472 3992 639 4045 homo
677 3992 970 4061 productus
1014 4000 1117 4057 est,
1157 4001 1378 4062 propter
1418 4006 1580 4061 quem
1626 3990 1779 4047 Chri-

198 4091 307 4137 stus
336 4084 634 4154 mysticam
673 4084 998 4153 prteparavit
1026 4098 1288 4138 mensam.
1317 4084 1697 4139 Verumtamen
1724 4092 1779 4139 et

196 4190 391 4231 omnes
415 4176 579 4231 simul
610 4184 756 4230 recte
781 4175 1064 4230 duodecim
1096 4191 1265 4245 panes
1292 4185 1437 4243 sunt,
1460 4177 1586 4248 quia
1616 4178 1778 4247 primi

197 4262 536 4321 Dominicam
579 4275 933 4322 cmnaverunt
960 4266 1187 4337 apostoli
1218 4306 1234 4332 ,
1264 4266 1357 4336 qui
1393 4276 1548 4321 erant
1576 4268 1778 4323 duode-

193 4359 291 4414 cim
326 4375 590 4414 numero.
612 4359 719 4429 (Ea:
743 4358 1105 4431 Adamantio.)
1131 4359 1423 4414 Possumus
1448 4367 1655 4415 vero'et
1681 4359 1778 4414 ali-

195 4458 272 4531 ter
296 4444 547 4506 dicere:
581 4449 769 4507 Omnis
813 4465 994 4505 sermo
1041 4450 1134 4505 Dei
1185 4449 1340 4521 panis
1379 4457 1500 4515 est,
1551 4450 1646 4505 sed
1695 4458 1779 4505 est

1878 4000 2003 4040 nem
2035 3985 2172 4053 feci;
2206 3995 2300 4041 aut
2327 3987 2373 4041 si
2399 3987 2466 4042 de
2493 3987 2711 4043 Christo
2735 3986 2851 4042 solo
2875 3986 3056 4041 fecero
3086 4000 3405 4041 Yser-tironem
3438 4028 3453 4050 ,

1879 4083 1935 4130 et
1956 4075 2125 4146 ipsius
2140 4091 2529 4132 enumeravero
2546 4076 2888 4146 passionem,
2910 4086 2970 4131 et
2994 4076 3451 4131 resurrectionem

1876 4168 2243 4237 prtedicavero
2276 4209 2291 4233 ,
2326 4169 2490 4222 unius
2526 4168 2751 4223 decimae
2781 4166 2949 4221 obtuli
2974 4181 3192 4235 panem.
3228 4165 3286 4220 Si
3324 4180 3453 4219 vero

1879 4258 2069 4313 dixero
2117 4260 2244 4327 quia
2294 4256 2456 4312 Pater
2504 4272 2720 4326 semper
2748 4273 2874 4311 cum
2905 4257 3043 4310 Filio
3069 4255 3207 4323 ejus,
3237 4264 3295 4310 et
3336 4256 3453 4325 ipse

1881 4347 2009 4401 facit
2040 4360 2206 4417 opera
2240 4361 2361 4410 sua,
2399 4346 2481 4399 vel
2527 4346 2691 4399 etiam
2731 4345 2778 4399 si
2819 4345 3011 4399 dixero
3040 4344 3165 4414 quia
3209 4343 3370 4400 Pater
3399 4346 3454 4399 in

1879 4439 2017 4493 Filio
2051 4447 2156 4504 est,
2191 4447 2247 4492 et
2273 4437 2445 4492 Filius
2478 4437 2532 4490 in
2559 4435 2723 4491 Patre
2749 4476 2765 4502 ,
2814 4443 2872 4491 et
2907 4436 3000 4506 qui
3040 4434 3185 4491 videt
3212 4435 3405 4492 Filium
3429 4478 3445 4503 ,

190 4525 507 4597 dill'erentia
534 4540 590 4594 in
618 4540 884 4609 panibus;
932 4548 1019 4596 est
1062 4541 1208 4596 enim
1252 4539 1450 4610 aliquis
1477 4555 1656 4595 sermo
1687 4540 1780 4609 qui
1878 4527 2025 4583 Videt
2048 4536 2105 4581 ει
2134 4526 2372 4594 Palmm:
2408 4535 2462 4580 θι
2490 4526 2617 4595 (illia
2643 4525 2807 4581 Ρεηθν
2837 4532 2892 4580 ει
2918 4525 3086 4581 Filius
3111 4541 3276 4580 unum
3302 4538 3451 4593 ευηιν

190 4632 253 4687 ad
281 4648 641 4689 communem
686 4631 915 4703 proferri
961 4633 1133 4703 possit
1179 4633 1442 4696 auditum,
1469 4640 1524 4687 ει
1551 4632 1780 4687 edacem
1878 4634 1947 4675 ex
1972 4620 2182 4676 duabus
2208 4619 2434 4675 decimis
2461 4619 2654 4675 simila:
2691 4619 2905 4676 mundat
2930 4619 3097 4675 obtuli
3137 4635 3304 4675 unum
3354 4636 3452 4691 pa-

188 4724 414 4796 plebem
465 4726 534 4780 de
581 4726 836 4794 operibus
875 4725 1263 4782 misericordia
1287 4740 1353 4780 ac
1379 4725 1550 4780 totius
1574 4724 1778 4780 beneﬁ-

1879 4729 2028 4780 nem,
2055 4729 2244 4784 panem
2270 4729 2445 4767 rerum
2473 4713 2563 4783 qui
2590 4714 2751 4767 vitam
2772 4713 2865 4767 dat
2892 4712 3014 4767 huic
3043 4712 3236 4768 mundo
3266 4711 3451 4785 (Joan.

190 4819 413 4882 ωηατ,
463 4824 519 4871 οι
565 4817 670 4871 iste
695 4824 780 4871 εει
812 4817 969 4885 panis
1015 4816 1109 4886 qui
1138 4815 1442 4871 communis
1481 4814 1773 4870 videbitur,
1878 4803 1978 4876 v1).
2010 4802 2262 4859 Hmretici
2290 4819 2396 4859 non
2434 4802 2643 4859 iaciunt
2687 4804 2755 4859 de
2786 4803 2997 4858 duabus
3033 4803 3258 4860 decimis
3286 4820 3453 4859 unum

190 4903 285 4981 Est
313 4921 457 4962 vero
486 4906 629 4960 alius
657 4906 750 4975 qui
782 4914 994 4962 secreta
1036 4906 1343 4971 contineat,
1372 4917 1425 4961 et
1452 4906 1519 4960 de
1545 4904 1652 4960 ﬁde
1678 4903 1774 4959 Dei
1876 4908 2091 4965 panem.
2116 4902 2314 4965 negant
2337 4893 2482 4948 enim
2503 4902 2801 4949 creatorem
2824 4893 2992 4948 Deum
3015 4892 3229 4948 Patrem
3252 4891 3454 4948 Christi

190 4995 270 5050 vel
298 5012 493 5073 rerum
514 4996 755 5073 scientia
780 4996 1044 5063 disserat;
1075 4996 1177 5052 iste
1211 4997 1367 5066 panis
1394 4996 1625 5051 mundus
1650 5002 1773 5059 est,
1878 4999 2022 5073 tisse.
2057 4998 2234 5053 ηθίιιιθ
2279 4982 2447 5039 “ius
2495 4992 2551 5038 ει
2596 4982 2800 5039 Novum
2840 4984 3250 5039 Τθεῑδηιθηιυηι
3287 4999 3453 5038 unum

188 5098 241 5142 et
269 5104 341 5145 ex
400 5070 581 5143 simila
610 5086 923 5153 confectus;
965 5088 1070 5143 iste
1122 5088 1178 5143 in
1222 5094 1513 5157 conspectu
1563 5085 1776 5141 Domini

1879 5072 2084 5128 faciunt
2113 5089 2305 5143 panem
2333 5114 2348 5139 ,
2374 5082 2429 5129 et
2453 5091 2619 5129 unum
2646 5073 2862 5129 Patrem
2896 5074 2949 5128 in
2991 5083 3220 5144 utroque
3250 5074 3457 5130 instru-

189 5192 414 5248 semper
439 5177 729 5248 ponendus
776 5184 895 5243 est,
942 5185 999 5233 et
1043 5191 1206 5247 super
1238 5191 1481 5232 mensam
1520 5176 1776 5231 mundam
1879 5178 2063 5225 mento
2091 5168 2442 5239 proﬁtentur;
2474 5185 2575 5225 nos
2600 5178 2781 5224 autem
2818 5169 2872 5222 in
2898 5168 3039 5240 Lege
3067 5177 3124 5223 et
3151 5167 3455 5237 Evangeliis

188 5250 614 5337 proponendus';
670 5267 774 5323 iste
809 5267 939 5323 solis
982 5266 1354 5323 sacerdotibus
1400 5276 1773 5336 sequestratus
1881 5277 2047 5317 unum
2070 5271 2231 5331 atque
2251 5262 2500 5317 eumdem
2528 5262 2706 5318 inesse
2728 5270 2976 5317 sanctum
3013 5261 3274 5330 Spiritum
3313 5258 3451 5312 dici-

189 5370 294 5425 est,
324 5369 387 5416 et
411 5359 537 5416 ﬁliis
564 5359 748 5415 Aaron
796 5360 999 5415 aeterno
1035 5373 1260 5414 munere
1285 5358 1638 5413 condonatus.
1671 5357 1775 5411 V’e-
1880 5368 2002 5408 mus
2030 5392 2045 5418 ,
2076 5360 2132 5408 et
2160 5353 2263 5407 isto
2288 5368 2502 5423 quoque
2530 5353 2689 5409 modo
2713 5368 2780 5409 ex
2804 5353 3012 5408 duabus
3041 5351 3263 5406 decimis
3286 5364 3451 5403 unum

190 5466 314 5505 rum
347 5467 415 5507 ne
442 5462 606 5522 putes
641 5451 759 5506 htec
788 5466 887 5506 nos
912 5452 1146 5522 propriis
1190 5450 1436 5505 sensibus
1464 5448 1769 5517 excogitata

191 5558 427 5599 narrare
451 5584 467 5610 ,
525 5552 585 5600 et
619 5558 730 5599 non
784 5544 982 5599 divinis
1011 5545 1328 5600 observasse
1370 5539 1733 5595 voluminibus
1756 5579 1771 5605 ,

190 5632 469 5702 proferam
500 5634 598 5689 tibi
630 5635 698 5690 de
739 5633 1034 5705 Scripturis
1059 5632 1328 5705 quomodo
1366 5631 1505 5701 apud
1535 5630 1775 5685 diversos

1880 5457 2075 5515 panem
2105 5444 2490 5514 propositionis
2530 5443 2826 5499 oll‘erimus.
2874 5443 2976 5511 Qui
3023 5456 3151 5511 ergo
3201 5447 3454 5507 separant

1881 5535 2154 5592 Christum
2193 5551 2223 5590 a
2256 5544 2502 5591 creatore
2526 5536 2637 5591 Deo
2664 5535 2828 5590 Patre
2856 5550 2981 5596 suo,
3010 5530 3248 5586 lucretici
3275 5539 3329 5583 et
3356 5527 3443 5583 lu.

1882 5629 2004 5695 duci,
2036 5627 2127 5698 qui
2161 5616 2579 5683 solum'Patrcm
2627 5626 2894 5696 rccipiunt
2924 5663 2939 5691 ,
2990 5631 3044 5677 ct
3085 5620 3316 5676 Verbum
3363 5636 3453 5677 sa-
