3918 6180
463 237 570 295 619

1114 228 1176 284 Β.
1219 224 1474 282 RABAM
1513 222 1733 280 MACRI
1770 217 2087 277 ARCHIEP.
2129 216 2442 275 MOGUNT.
2485 214 2775 275 OPERUM
2815 217 2995 274 PARS
3028 216 3071 273 1.

3635 225 3731 283 520

455 348 718 424 pientiam
759 347 878 417 ejus
910 342 1188 399 Christum
1222 354 1332 396 non
1368 338 1658 408 recipiunt,
1690 351 1796 392 non
1845 334 2053 389 faciunt
2081 335 2128 393 Α
2155 333 2284 401 quia
2319 331 2633 424 immolatur
2674 331 2810 400 Dan,
2855 333 2951 389 sed
2986 334 3115 402 quia
3155 340 3211 388 et
3243 333 3479 399 multas,
3504 336 3640 392 sicut
3658 339 3732 399 di-

455 456 527 497 ex
592 438 805 494 duabus
851 434 1080 490 decimis
1152 447 1320 487 unum
1384 443 1605 500 panem.
1677 426 1788 483 Nos
1864 435 2046 480 autem

455 546 729 589 mensurae
761 528 981 598 quidem
1017 524 1222 594 ipsius,
1251 525 1304 579 id
1334 530 1419 578 est
1445 563 1460 587 ,
1501 520 1818 577 substantia:
1851 533 2048 573 nomen

455 627 545 680 vel
577 624 841 679 rationem
870 618 1332 688 comprehendere
1359 622 1452 670 aut
1483 614 1729 669 invenire
1771 627 1879 667 non
1924 626 2052 682 pos-

457 732 646 774 sumus
672 734 685 768 :
713 713 1036 769 conﬁtentes
1064 719 1245 764 tamen
1276 708 1495 763 Patrem
1522 717 1578 761 et
1600 706 1798 760 Filium
1826 744 1842 770 ,
1883 716 2049 757 unum

459 809 690 863 facimus
723 818 918 875 panem
952 816 1020 855 ex
1064 800 1276 855 duabus
1316 797 1563 864 decimis,
1613 812 1721 851 non
1783 802 1846 849 ut
1895 791 2053 864 panis

432 912 600 952 unus
629 911 697 950 ex
725 909 831 948 una
864 891 1073 946 decima
1106 888 1223 955 ﬁat,
1257 897 1312 943 et
1341 887 1481 942 alius
1521 901 1591 942 ex
1629 885 1735 940 alia
1762 924 1778 950 ,
1829 891 1890 937 ut
1942 882 2054 937 sint

459 991 590 1059 ipsae
631 986 750 1041 dua:
777 983 999 1038 decima:
1042 988 1308 1050 separata:
1338 1019 1353 1046 ,
1402 977 1498 1034 sed
1546 983 1605 1031 ut
1634 977 1744 1030 sint
1785 974 1905 1028 dua:
1934 973 2054 1027 istae.

463 1080 686 1135 decima!
718 1091 827 1130 una
875 1088 1059 1128 massa
1106 1080 1162 1126 ct
1209 1086 1352 1126 unus
1383 1070 1560 1141 panis.
1607 1065 1890 1134 Quomodo
1933 1064 2055 1119 dua:

462 1171 687 1225 decima:
717 1183 824 1223 una
870 1181 1050 1220 massa
1098 1164 1195 1219 ﬁt?
1240 1163 1367 1234 quia
1400 1178 1507 1217 non
1539 1175 1733 1231 separo
1780 1159 1976 1213 Filium
2022 1173 2055 1213 a

460 1262 643 1326 Patre,
691 1274 795 1314 nec
834 1258 1051 1311 Patrem
1080 1270 1113 1323 Va
1139 1254 1278 1310 Filio
1306 1271 1319 1307 :
1353 1253 1457 1319 Qui
1486 1256 1625 1307 enim
1650 1250 1787 1305 videt
1814 1266 1895 1304 me
1920 1289 1935 1314 ,
1968 1248 2056 1303 in-

461 1354 582 1423 quit
609 1392 623 1416 ,
658 1351 793 1405 videt
821 1359 869 1403 et
901 1347 1118 1403 Patrem
1150 1346 1333 1418 (Joan.
1374 1344 1506 1416 xiv).
1539 1344 1704 1398 Fiunt
1734 1358 1863 1413 ergo
1890 1356 2057 1412 panes

464 1443 661 1513 singuli
704 1456 770 1496 ex
814 1439 1023 1493 duabus
1048 1437 1310 1500 decimis,
1357 1445 1412 1490 et
1444 1442 1820 1505 proponuntur
1847 1433 2058 1487 duabus

463 1533 825 1605 positionibus
846 1571 861 1595 ,
894 1530 946 1584 id
970 1538 1087 1594 cst,
1118 1528 1328 1583 duobus
1361 1527 1663 1581 ordinibus.
1698 1523 1755 1579 Si
1781 1523 1926 1579 enim
1951 1538 2058 1578 una

464 1624 663 1695 positio
690 1623 864 1686 ﬁeret,
902 1620 1161 1675 confusus
1190 1628 1246 1674 et
1279 1618 1576 1689 permistus
1603 1625 1749 1672 esset
1775 1630 1958 1671 sermo
1991 1616 2059 1670 de

2155 432 2286 478 cunt
2314 422 2531 488 medici,
2553 436 2711 479 sanat
2732 424 3011 480 oculorum
3040 425 3414 495 aegritudines.
3444 425 3537 482 Sal
3564 443 3734 487 autem

2157 511 2532 582 apostolorum
2569 512 2875 569 doctrinam
2904 515 3204 587 signiﬁcat,
3244 516 3312 571 ad
3335 532 3475 586 quos
3504 519 3693 576 dicitur
3720 540 3733 577 :

2164 602 2271 658 Vos
2299 604 2424 658 estis
2451 602 2533 657 sal
2562 613 2719 660 terra:
2748 604 2964 674 (Matth.
2990 606 3063 679 v).
3092 608 3258 664 Recte
3288 619 3471 664 autem
3495 611 3546 665 in
3568 613 3739 669 multis

2157 695 2291 750 locis
2308 694 2560 764 mysticae
2591 709 2795 751 mensae
2821 696 2923 765 ipsi
2951 698 3179 768 apostoli
3210 708 3266 754 et
3296 700 3545 755 doctrina
3567 716 3737 759 eorum

2156 794 2432 858 ponuntur
2454 825 2470 852 ,
2501 786 2632 856 quia
2665 788 3119 857 quemadmodum
3148 791 3280 861 ipsis
3312 793 3576 849 Dominus
3597 833 3613 860 ,
3661 796 3733 852 sic

2159 880 2262 950 ipsi
2300 879 2457 934 nobis
2485 879 2684 935 divina:
2710 894 2883 935 coenae
2917 882 3358 939 communionem
3395 886 3736 942 tradiderunt.

2159 970 2454 1027 Duodecim
2482 984 2616 1041 ergo
2639 985 2812 1040 panes
2842 971 2897 1025 in
2937 986 3124 1025 mensa
3163 972 3524 1041 tabernaculi,
3552 978 3740 1033 duode-

2159 1061 2268 1115 cim
2296 1067 2423 1115 sunt
2443 1060 2695 1132 apostoli,
2730 1070 2787 1115 et
2813 1075 3005 1115 omnes
3033 1062 3294 1116 doctrina:
3321 1062 3539 1119 illorum
3568 1081 3743 1135 sequa.

2165 1167 2257 1207 ces
2288 1152 2343 1205 in
2381 1151 2650 1217 Ecclesia,
2686 1151 2779 1220 qui
2814 1151 3071 1221 quoniam
3101 1168 3273 1223 usque
3307 1153 3376 1208 ad
3417 1169 3743 1212 consumma-

2162 1243 2368 1297 tionem
2392 1241 2574 1297 szeculi
2603 1242 2859 1312 populum
2898 1242 2993 1298 Dei
3033 1242 3306 1298 alimoniis
3349 1244 3505 1299 verbi
3537 1245 3744 1300 reﬁcere

2162 1346 2270 1386 non
2293 1330 2570 1397 desinunt,
2592 1347 2763 1402 panes
2781 1332 3064 1387 duodecim
3082 1318 3469 1404 propesitionis
3483 1352 3743 1406 nunquam

2164 1423 2231 1478 de
2267 1436 2454 1477 mensa
2501 1421 2712 1476 Domini
2745 1425 3024 1478 recedunt.
3063 1423 3131 1478 Et
3180 1425 3322 1479 bene
3369 1425 3534 1480 iidem
3572 1443 3742 1498 panes,

2164 1530 2273 1570 non
2298 1515 2364 1568 de
2385 1513 2628 1584 qualibet
2655 1512 2853 1579 farina,
2884 1514 2980 1568 sed
3024 1514 3092 1569 de
3121 1515 3303 1569 simila
3332 1517 3449 1570 ﬁeri
3472 1515 3744 1585 jubentur,

2166 1607 2294 1677 quia
2340 1606 2599 1661 nimirum
2642 1606 2953 1675 quicunque
2995 1605 3117 1661 aliis
3154 1607 3384 1662 verbum
3435 1609 3570 1663 vita:
3606 1610 3748 1663 mini-

466 1693 629 1772 i’atre
655 1731 720 1770 ac
752 1715 915 1779 Filio,
942 1729 1087 1768 nunc
1114 1721 1294 1767 autem
1320 1727 1460 1766 unus
1485 1710 1702 1780 quidem
1744 1717 1828 1764 est
1860 1709 2018 1779 panis
2041 1748 2056 1773 ,

2169 1707 2358 1764 strant,
2394 1700 2571 1770 primo
2621 1699 2768 1769 ipsos
2819 1713 3041 1754 necesse
3088 1710 3174 1755 est
3222 1700 3487 1754 virtutum
3519 1699 3750 1771 frugibus

465 1825 575 1865 una
597 1809 742 1865 enim
771 1817 856 1862 est
900 1807 1176 1871 voluntas,
1205 1814 1260 1863 et
1297 1820 1404 1859 una
1448 1803 1772 1863 substantia,
1815 1803 1910 1857 sed
1943 1802 2063 1856 duce

467 1909 595 1957 sunt
610 1898 930 1968 positiones,
945 1898 1000 1952 id
1010 1906 1115 1958 est,
1140 1897 1259 1951 dure
1279 1909 1634 1964 personarum
1652 1892 2016 1962 proprietates
2042 1909 2055 1944 :

469 1989 618 2044 illum
651 1988 798 2043 enim
820 1987 1037 2043 Patrem
1064 1987 1157 2056 qui
1174 2000 1280 2040 non
1296 1985 1367 2040 sit
1390 1983 1577 2049 Filius,
1595 1991 1650 2037 et
1672 1983 1818 2037 hunc
1833 1981 2063 2036 dicimus

469 2077 665 2133 Filium
693 2079 787 2148 qui
821 2093 928 2133 non
956 2077 1028 2132 sit
1054 2077 1239 2142 Pater,
1265 2084 1320 2131 et
1350 2077 1455 2131 hoc
1480 2074 1643 2129 modo
1670 2074 1805 2129 duas
1825 2071 2064 2127 decimas

470 2170 527 2225 in
555 2185 665 2224 uno
686 2185 827 2240 pane
849 2183 1152 2233 servamus,
1190 2179 1248 2223 et
1294 2167 1432 2222 duas
1455 2165 1755 2236 positiones
1789 2171 1915 2217 ante
1954 2163 2063 2217 Do-

470 2261 679 2316 minum
704 2258 1045 2330 proﬁtemur.
1076 2257 1184 2314 Sed
1224 2273 1412 2313 revera
1449 2256 1651 2327 magni,
1675 2264 1737 2310 ut
1760 2254 1836 2309 ita
1864 2253 2061 2318 dicam,

467 2352 752 2423 cujusdam
786 2351 1050 2424 pictoris,
1097 2357 1154 2405 et
1180 2349 1338 2404 valde
1374 2347 1602 2402 artiﬁcis
1628 2354 1744 2411 est,
1781 2344 2067 2414 diligenter

476 2441 613 2498 istas
634 2456 856 2497 servare
882 2454 1190 2505 mensuras,
1218 2448 1273 2494 et
1296 2440 1370 2494 ita
1398 2446 1701 2506 temperare
1726 2435 1793 2491 de
1822 2434 1983 2488 Patre
2012 2440 2068 2487 et

472 2532 616 2589 Filio
645 2545 954 2587 sermonem
973 2570 986 2594 ,
1021 2528 1356 2600 conjungere
1385 2529 1476 2583 ubi
1508 2535 1746 2598 oportet,
1770 2533 1827 2581 et
1849 2539 2066 2579 rursum

474 2622 564 2678 ubi
613 2622 874 2692 competit
899 2635 1182 2693 separare,
1211 2629 1271 2676 ut
1301 2634 1477 2689 neque
1506 2619 1627 2674 duae
1663 2631 1935 2672 mensurae
1962 2615 2065 2669 ali-

472 2713 695 2785 quando
725 2712 924 2778 desint,
950 2726 1127 2783 neque
1150 2727 1391 2782 unquam
1421 2726 1529 2766 non
1561 2725 1702 2765 unus
1722 2708 1880 2781 panis
1909 2722 2069 2779 appa—

475 2812 612 2862 reat.
638 2804 930 2859 Duodecim
966 2819 1097 2875 ergo
1118 2818 1288 2875 panes
1324 2819 1390 2859 ex
1414 2803 1519 2857 ista
1556 2802 1734 2857 simila
1768 2800 1885 2856 ﬁeri
1913 2814 2069 2854 mau-

473 2899 692 2962 dantur,
711 2896 1008 2951 secundum
1028 2911 1316 2951 numerum
1335 2895 1576 2950 tribuum
1603 2908 1725 2965 quze
1756 2901 1887 2948 tunc
1911 2899 2068 2947 erant

473 2986 711 3043 carnalis
762 2985 927 3041 Israel
962 3025 978 3052 ,
1018 2986 1074 3040 in
1105 3000 1213 3056 quo
1253 2985 1388 3041 mihi
1422 2985 1638 3040 videtur
1675 2982 1851 3039 forma
1900 2982 2067 3039 totius

476 3087 686 3133 natura:
722 3077 1064 3132 rationabilis
1118 3076 1387 3132 contineri
1435 3093 1448 3129 :
1500 3075 1786 3131 duodecim
1834 3088 2070 3143 namque

477 3176 740 3239 putantur
783 3181 905 3221 esse
950 3165 1230 3237 generales
1270 3166 1488 3221 ordines
1519 3165 1860 3220 rationabilis
1912 3179 2071 3221 crea-

474 3266 632 3321 tunc,
661 3270 891 3325 quorum
923 3256 1097 3324 ﬁgura
1121 3255 1320 3309 eratin
1353 3253 1458 3309 illis
1484 3254 1770 3309 duodecim
1799 3254 2070 3320 tribubus,

480 3347 536 3402 in
566 3346 767 3415 quibus
798 3356 920 3400 erat
960 3361 1103 3401 unus
1129 3346 1351 3415 quidam
1380 3346 1516 3401 ordo
1543 3346 1760 3417 regalis,
1784 3346 1874 3416 qui
1903 3344 2072 3403 Judas

481 3434 798 3491 nominatur
822 3451 837 3500 ;
867 3434 1007 3490 alius
1036 3444 1154 3490 erat
1175 3436 1308 3490 ordo
1337 3436 1715 3503 sacerdotalis,
1738 3444 1794 3491 et
1823 3435 1949 3492 Levi
1984 3452 2075 3508 ap-

479 3524 753 3597 pellatur;
784 3533 986 3581 eratet
1021 3525 1162 3582 alius
1195 3526 1333 3581 ordo
1356 3524 1510 3582 Iudae
1550 3527 1782 3595 vicinus,
1814 3528 1906 3598 qui
1934 3528 2075 3584 Ben-

473 3614 646 3686 jamin
686 3614 913 3681 dicitur,
954 3615 1009 3669 in
1049 3630 1159 3686 quo
1185 3617 1377 3671 ordine
1407 3617 1667 3688 templum
1696 3618 1791 3673 Dei
1820 3626 1875 3672 et
1897 3617 2074 3674 altare

477 3704 801 3761 collocatum
834 3714 958 3772 est;
993 3705 1130 3761 alius
1172 3707 1308 3763 ordo
1334 3708 1607 3773 lssachar,
1639 3716 1697 3763 et
1729 3707 1993 3774 Zabulon,
2017 3716 2075 3762 et

480 3795 763 3866 Ephraim,
788 3796 989 3866 aliique
1009 3812 1149 3865 quos
1169 3797 1493 3853 nominatim
1519 3798 1767 3868 designat
1790 3797 2072 3868 Scriptura

481 3886 686 3950 divina,
721 3901 952 3955 quorum
992 3886 1259 3941 rationem
1310 3902 1419 3940 non
1473 3896 1558 3941 est
1609 3885 1769 3955 hujus
1815 3888 2072 3957 temporis

478 3977 775 4046 explicare.
824 3978 919 4032 Est
953 3986 1165 4032 tantum
1209 3977 1630 4047 uniuscujusque
1667 3979 1841 4033 tribus
1865 3978 1952 4033 vel
1978 3994 2071 4033 or-

480 4071 624 4126 dinis
650 4070 809 4142 panis
838 4078 965 4125 ante
1000 4070 1290 4125 Dominum
1316 4111 1331 4137 ,
1358 4077 1414 4124 et
1436 4070 1565 4125 licet
1593 4071 1664 4125 sit
1687 4070 1869 4140 aliqua
1898 4070 2072 4126 tribus

482 4174 603 4230 quae
629 4174 737 4216 non
760 4175 830 4216 ex
859 4159 1050 4225 libera,
1081 4159 1176 4214 sed
1203 4174 1271 4215 ex
1307 4159 1609 4215 concubina
1643 4159 1809 4214 Israel
1845 4160 2073 4214 descen-

478 4250 605 4317 dat,
633 4259 688 4307 et
719 4266 785 4307 ex
824 4259 981 4324 parte
1018 4249 1206 4315 libera,
1241 4263 1309 4305 ex
1347 4258 1502 4320 parte
1531 4249 1745 4305 servilis
1768 4250 1861 4316 sit,
1888 4258 2071 4305 tamen

476 4363 577 4417 pro
619 4348 873 4404 omnibus
919 4363 987 4403 ex
1039 4346 1252 4403 duabus
1295 4347 1525 4403 decimis
1560 4346 1719 4419 panis
1752 4346 2072 4417 proponitur

480 4449 605 4495 ante
632 4440 938 4507 Dominum,
967 4447 1022 4496 ct
1048 4442 1102 4496 in
1128 4441 1399 4498 universis
1424 4441 1542 4496 duae
1566 4440 1788 4495 decimae
1814 4439 2070 4510 similagi-

481 4532 567 4585 nis
591 4540 866 4586 constant.
890 4531 1123 4602 Proponi
1139 4542 1321 4587 autem
1345 4532 1608 4602 jubentur
1632 4541 1757 4587 ante
1782 4531 2071 4586 Dominum

481 4634 646 4689 super
672 4638 917 4679 mensam
948 4623 1229 4677 mundam.
1263 4622 1395 4690 Quis
1442 4630 1526 4677 est
1578 4630 1823 4676 nostrum
1864 4622 1956 4690 qui
1998 4623 2071 4675 ita

482 4709 680 4764 habeat
700 4726 942 4768 mensam
962 4711 1244 4777 mundam,
1259 4719 1319 4765 ut
1341 4726 1509 4781 panes
1534 4726 1697 4780 super
1707 4726 1826 4765 eam
1841 4710 2072 4765 Domino

480 4799 816 4856 offerantur?
864 4802 922 4856 in
954 4802 1110 4858 istius
1137 4804 1317 4867 corde,
1354 4803 1406 4856 in
1437 4802 1597 4857 istius
1627 4809 1807 4857 mente
1839 4800 2070 4857 Domino

480 4907 648 4963 panes
682 4893 1001 4949 olferuntur.
1032 4894 1111 4948 Ad
1160 4894 1318 4961 hujus
1362 4895 1601 4963 potentis
1644 4909 1887 4950 mensam
1916 4896 1959 4951 si
1984 4912 2072 4952 se-

483 4984 612 5039 deas
640 4994 958 5037 cmuaturus
997 4984 1431 5053 intelligibiliter,
1464 4983 1701 5056 intelligo
1751 5001 1871 5055 quae
1905 5003 2068 5058 appo—

482 5081 685 5127 nuntur
716 5074 808 5127 tibi
833 5072 1015 5144 (Prov.
1046 5073 1224 5145 mn),
1257 5074 1359 5129 hoc
1387 5084 1470 5130 est
1499 5077 1821 5146 spiritaliter
1849 5078 2070 5135 adverte

478 5178 599 5235 qua:
641 5165 895 5219 dicuntur
922 5164 991 5219 ab
1017 5180 1114 5231 eo,
1146 5174 1204 5219 ut
1229 5174 1283 5220 et
1312 5174 1369 5220 tu
1406 5166 1586 5223 facere
1607 5170 1781 5239 possis
1804 5171 1946 5239 quod
1975 5172 2070 5225 ad-

480 5256 646 5310 ditur.
694 5256 784 5309 Ait
830 5257 975 5310 enim
1007 5275 1020 5311 :
1052 5255 1243 5312 Sciens
1273 5258 1397 5327 quia
1432 5258 1559 5313 talia
1597 5269 1648 5315 te
1679 5270 1892 5331 oportet
1933 5278 2071 5334 pne-

481 5362 699 5417 parare.
740 5347 916 5417 Super
939 5348 1061 5413 bos,
1089 5350 1208 5403 thus
1236 5349 1617 5405 lucidissimum
1658 5355 1897 5424 ponitur,
1933 5360 2069 5426 sive,

477 5446 539 5493 ut
562 5438 938 5508 Septuaginta,
963 5439 1120 5492 etiam
1147 5438 1248 5505 sal,
1278 5439 1373 5494 sed
1402 5442 1526 5496 thus
1552 5442 1736 5513 prius;
1769 5448 2070 5514 gratiarum

476 5531 623 5585 enim
655 5531 950 5597 actionem,
975 5529 1028 5583 id
1047 5540 1149 5597 est,
1177 5530 1525 5597 oblationem,
1558 5549 1677 5603 qua:
1706 5536 2069 5608 principatum

481 5629 627 5679 tenet
653 5622 706 5678 in
740 5624 1023 5681 Dominica
1051 5636 1206 5679 cwna
1238 5624 1508 5694 signiﬁcat
1541 5626 1664 5683 thus
1690 5668 1705 5696 ,
1759 5643 1867 5686 non
1894 5630 2067 5687 solum

2162 1805 2382 1861 operam
2410 1790 2542 1845 dare
2564 1828 2581 1856 ,
2612 1799 2886 1859 quatenus
2922 1804 2986 1844 ea
3023 1804 3145 1859 quzc
3182 1790 3537 1859 praedicando
3581 1793 3750 1847 admo-

2164 1887 2315 1945 nent,
2339 1881 2503 1934 etiam
2530 1878 2780 1934 faciendo
2808 1880 3210 1936 commendent.
3234 1880 3381 1935 Bene
3404 1881 3575 1936 etiam
3603 1882 3749 1937 iidem

2164 1986 2333 2042 panes
2378 1971 2494 2026 seni
2540 1971 2865 2026 altrinsecus
2891 1985 3054 2040 super
3079 1986 3326 2026 mensam
3359 1972 3531 2026 statui
3576 1973 3753 2043 praeci-

2164 2064 2428 2135 piuntur,
2467 2070 2693 2133 propter
2741 2063 3088 2118 concordiam
3133 2063 3346 2118 scilicet
3391 2064 3682 2120 cbaritatis
3707 2074 3753 2119 et

2164 2153 2481 2218 societatis;
2516 2167 2641 2206 nam
2672 2161 2728 2207 et
2752 2151 3016 2209 Dominus
3063 2153 3221 2210 binos
3257 2155 3325 2210 ad
3352 2157 3749 2226 praedicandum

2166 2243 2460 2315 discipulos
2509 2244 2726 2298 misisse
2752 2243 3074 2315 perhibetur
3096 2285 3112 2311 ,
3149 2245 3452 2316 ﬁguraliter
3479 2248 3753 2309 insinuans

2166 2334 2292 2405 quia
2328 2334 2505 2389 sancti
2538 2336 2788 2390 doctores
2831 2350 3108 2405 nunquam
3161 2337 3230 2392 ab
3270 2337 3509 2395 invicem
3566 2342 3652 2397 vel
3702 2342 3749 2396 in

2167 2426 2474 2482 assertione
2502 2428 2774 2492 veritatis,
2798 2426 2884 2483 vel
2911 2428 2965 2482 in
2990 2427 3186 2484 aﬁ‘ectu
3224 2429 3540 2488 dilectionis
3566 2434 3753 2490 discre-

2166 2525 2318 2588 pant.
2350 2517 2418 2572 Et
2439 2517 2559 2572 thus
2594 2517 2980 2573 lucidissimum
3025 2534 3191 2590 super
3218 2536 3388 2591 panes
3415 2525 3645 2593 ponitur
3665 2567 3679 2591 ,
3707 2526 3752 2581 in

2169 2613 2561 2669 monimentum
2601 2614 2894 2670 oblationis
2939 2614 3192 2679 Domini,
3241 2619 3463 2687 quando
3503 2620 3613 2688 piae
3639 2635 3754 2674 san-

2171 2716 2384 2764 ctorum
2411 2707 2613 2763 actioni
2640 2723 2707 2763 ac
2722 2708 2986 2765 doctrina:
3008 2712 3188 2767 oratio
3207 2727 3345 2782 pure
3359 2714 3753 2783 superadditur,

2166 2814 2278 2871 quo
2310 2814 2409 2870 per
2437 2800 2555 2854 hmo
2582 2809 2814 2870 utraque
2854 2801 2958 2856 rite
2985 2802 3191 2858 sociata
3213 2844 3227 2869 ,
3257 2819 3477 2874 semper
3507 2803 3754 2859 memoria

2169 2906 2340 2947 sacrae
2365 2890 2656 2947 oblationis
2706 2892 2761 2946 in
2791 2905 3087 2964 conspectu
3127 2897 3326 2951 summi
3367 2896 3567 2951 arbitri
3610 2911 3759 2967 appa-

2170 2989 2309 3036 reat.
2361 2979 2507 3036 Bene
2542 2990 2724 3037 autem
2754 2997 2854 3052 per
2880 2984 3090 3056 singula
3119 2985 3343 3041 sabbata
3374 3002 3549 3057 panes
3585 3002 3760 3044 curam

2174 3068 2405 3125 Domino
2431 3071 2631 3126 mutari
2657 3074 2986 3129 mandantur
3011 3093 3025 3129 :
3060 3091 3233 3146 panes
3276 3092 3517 3149 namque
3540 3094 3652 3150 per
3678 3094 3763 3135 se:

2171 3160 2323 3216 dicso
2334 3161 2575 3230 perando
2590 3162 2643 3217 in
2660 3178 2848 3219 mensa
2864 3165 3077 3220 Domini
3090 3165 3308 3223 fuerant
3321 3169 3482 3238 positi
3499 3186 3514 3235 ;
3535 3185 3595 3224 sa
3611 3170 3760 3225 bban

2171 3252 2326 3305 novis
2340 3260 2641 3321 mutantur,
2660 3268 2783 3308 cum
2796 3255 3047 3312 doctores
3061 3257 3263 3329 quique
3276 3270 3481 3315 sancta:
3492 3259 3761 3325 Ecclesiae,

2174 3342 2443 3413 completo
2473 3352 2717 3415 tempore
2744 3346 2825 3401 sui
2854 3347 3030 3402 sancti
3057 3347 3277 3413 laboris,
3313 3359 3516 3405 aeterna
3538 3351 3593 3406 in
3628 3352 3765 3407 oculis

2172 3433 2357 3503 quiete
2388 3445 2827 3504 remunerantur,
2841 3446 2897 3493 et
2910 3438 3044 3495 alios
3057 3450 3180 3511 post
3208 3456 3268 3497 se
3291 3442 3347 3496 in
3373 3442 3513 3497 idem
3543 3443 3764 3513 opusla—

2172 3524 2399 3581 borandi
2432 3527 2487 3581 in
2506 3529 2672 3584 verbo
2695 3529 2797 3585 sub
2821 3528 3062 3598 ejusdem
3085 3548 3178 3601 spe
3201 3533 3574 3589 retributionis
3615 3534 3763 3590 relino

2172 3629 2363 3691 quunt.
2389 3621 2776 3692 Coquebantur
2795 3633 2977 3681 autem
3000 3640 3169 3695 panes
3197 3636 3325 3680 ante
3345 3626 3641 3682 sabbatum
3668 3668 3681 3693 ,
3708 3634 3761 3680 ut

2171 3712 2439 3785 Iosephus
2461 3713 2670 3780 scribit,
2685 3715 2790 3770 duo
2812 3724 2868 3771 et
2882 3716 2989 3771 duo
3011 3716 3226 3771 divisim
3246 3717 3763 3781 antcsabbatum,et

2174 3807 2403 3862 sabbato
2433 3822 2592 3861 mane
2609 3807 2778 3862 oblati
2803 3823 2969 3877 super
2996 3822 3209 3863 sacram
3225 3823 3472 3863 mensam
3493 3809 3760 3880 poneban-

2176 3904 2263 3950 tur
2279 3897 2418 3961 seni,
2441 3895 2814 3951 au‘alterutros
2845 3897 3117 3963 conversi,
3140 3897 3351 3952 duabus
3369 3898 3580 3967 pateris
3593 3898 3763 3952 aureis

2176 3987 2540 4056 superpositis
2564 3988 2725 4042 thure
2750 3987 2948 4057 plenis,
2977 4004 3098 4058 qua:
3119 3991 3520 4057 permanebant
3536 3992 3604 4045 ad
3626 3990 3761 4044 aliud

2176 4080 2485 4144 sabbatum,
2518 4089 2574 4135 et
2605 4089 2732 4135 tunc
2765 4096 2864 4150 pro
2905 4081 3010 4136 illis
3046 4081 3136 4136 alii
3169 4084 3603 4152 deportabantur
3630 4099 3647 4147 ;
3689 4080 3760 4136 illi

2175 4184 2307 4224 vero
2353 4170 2730 4225 sacerdotibus
2776 4171 3175 4226 exhibebantur
3200 4213 3216 4238 ,
3249 4180 3305 4227 et
3338 4172 3499 4228 thure
3548 4174 3763 4229 incenso

2177 4261 2231 4317 in
2286 4262 2409 4333 igne
2447 4277 2607 4317 sacro
2654 4262 2709 4316 in
2761 4277 2870 4332 quo
2916 4263 3098 4318 omnia
3149 4262 3470 4319 holocausta
3523 4263 3765 4327 ﬁebant,

2096 4381 2153 4444 Β
2178 4349 2322 4444 aliud
2352 4352 2479 4406 thus
2507 4365 2672 4421 super
2712 4351 3480 4444 aliosgpanesadjiciebatur.
3521 4352 3766 4424 Impone-

2177 4441 2376 4497 bantur
2408 4457 2540 4513 ergo
2585 4457 2752 4512 panes
2804 4442 3032 4498 sabbato
3073 4443 3125 4498 in
3166 4458 3355 4498 mensa
3394 4444 3656 4510 Domini,
3707 4457 3768 4497 ea

2175 4534 2366 4604 utique
2412 4533 2710 4588 intentione
2756 4534 3096 4603 ponentium,
3127 4543 3190 4589 ut
3217 4541 3498 4590 transacto
3543 4535 3769 4591 sabbato

2176 4625 2378 4680 ibidem
2405 4639 2503 4694 per
2522 4632 2728 4695 septem
2754 4625 3016 4695 operandi
3039 4625 3156 4681 dies
3181 4634 3489 4694 manerent,
3523 4627 3611 4681 his
3637 4638 3769 4696 quo—

2176 4730 2283 4786 que
2325 4715 2662 4771 transmissis
2684 4756 2698 4781 ,
2730 4715 2905 4771 altero
2947 4717 3369 4787 superveniente
3417 4716 3673 4782 sabbato,
3717 4716 3770 4770 in

2178 4805 2533 4863 refectionem
2565 4807 2762 4861 summi
2794 4807 3094 4862 sacerdotis
3121 4815 3178 4863 et
3213 4806 3450 4863 ﬁliorum
3480 4806 3597 4876 ejus
3641 4821 3770 4862 con—

2180 4903 2586 4951 summarentur
2611 4914 2623 4950 :
2650 4897 2776 4967 quia
2804 4896 3060 4952 nimirum
3078 4899 3130 4952 in
3146 4898 3449 4969 primordio
3473 4899 3632 4955 nobis
3656 4898 3769 4952 Deo

2180 4987 2388 5043 devotae
2435 4989 2866 5045 conversationis
2915 4991 3228 5061 accipienda
3280 4993 3520 5062 requies,
3555 5001 3612 5047 et
3657 4991 3767 5045 vita

2179 5089 2384 5132 :eterna
2424 5079 2765 5147 promittitur
2788 5121 2803 5146 ,
2841 5095 2906 5136 ea
2938 5088 3118 5136 tamen
3149 5081 3467 5138 conditione
3494 5124 3510 5149 ,
3560 5091 3621 5137 ut
3674 5096 3772 5153 per

2177 5171 2393 5226 labores
2417 5180 2471 5226 et
2496 5187 2659 5242 opera
2691 5173 2845 5228 bonae
2870 5175 2994 5228 vita:
3021 5175 3334 5244 temporalis
3371 5177 3440 5231 ad
3481 5191 3599 5231 eam
3648 5189 3777 5245 per-

2172 5264 2382 5335 tingere
2431 5265 2741 5321 debeamus.
2774 5266 2882 5339 (Ea'
2912 5267 3218 5342 Hesychia.)
3251 5271 3549 5343 Solnmque
3582 5270 3773 5325 Aaron

2172 5362 2227 5409 et
2278 5353 2419 5408 ﬁlios
2469 5351 2586 5422 ejus
2633 5354 2794 5423 hujus
2835 5357 2943 5412 cibi
2988 5373 3109 5413 esse
3140 5359 3437 5429 participes
3465 5357 3728 5431 prarcepit
3754 5397 3770 5419 ς

2174 5448 2461 5503 comedere
2490 5463 2595 5503 non
2628 5449 2851 5519 ubique,
2880 5449 2973 5505 sed
3003 5450 3058 5505 in
3090 5452 3210 5507 loco
3244 5462 3467 5519 sancto;
3493 5451 3559 5507 sit
3580 5457 3778 5503 autem

2174 5540 2330 5595 nobis
2358 5539 2508 5595 locus
2531 5549 2782 5606 sanctus,
2816 5541 2970 5612 prius
3000 5543 3220 5613 quidem
3254 5544 3378 5599 aula
3411 5544 3539 5607 Dei,
3566 5540 3779 5596 deinde

2174 5640 2364 5688 nostra
2393 5645 2648 5701 corpora,
2676 5632 2894 5702 quando
2920 5643 3103 5690 sunt-a
3125 5635 3516 5707 pollutionibus
3536 5631 3779 5699 munda,
