3926 6176
251 254 344 312 εςι

1155 248 1655 308 EXPOSITIONES
1683 246 1752 302 ιΝ
1791 245 2186 304 LEVITICUM.
2224 278 2296 288 —
2328 249 2456 304 LIB.
2497 249 2606 308 VII.

3393 260 3502 316 522

246 368 314 424 ita
342 372 402 420 ut
431 370 487 420 et
511 360 671 419 nobis
695 361 1022 418 conveniant
1045 363 1160 419 haec
1183 362 1336 417 Pauli
1361 363 1547 428 verba,
1572 359 1819 432 templum
1849 363 1900 421 A
1927 358 2134 426 mundi,
2165 368 2327 430 negat
2365 376 2486 416 esse
2512 372 2722 432 patrem
2751 362 2972 420 Christi.
3005 365 3114 424 Nos
3137 384 3267 428 vero
3306 374 3401 442 qui
3430 389 3502 431 ex

243 464 377 519 enim
403 461 504 516 Dei
526 469 770 516 unctum
791 470 890 527 est,
906 460 1045 532 quod
1068 461 1192 515 estis
1219 477 1328 514 vos.
1353 459 1580 530 Insuper
1600 458 1826 514 elevans

179 590 181 592 -
242 555 356 623 ejus
384 553 613 624 gloriam
659 559 716 606 et
745 552 993 622 mysterii
1020 552 1339 622 dignitatem
1366 551 1601 607 ellereus
1641 551 1695 612 in
1735 564 1830 605 su-

242 646 422 710 blime,
456 644 667 700 addidit
699 661 712 697 :
741 643 998 705 Sanctum
1023 654 1328 698 sanctorum
1350 655 1446 710 est,
1471 646 1536 698 de
1561 645 1826 712 sacriﬁcio

243 733 455 787 Domini
472 733 601 803 jure
623 742 888 803 perpetuo.
905 733 1048 804 Ergo
1069 742 1256 788 sancta
1283 743 1368 790 est
1385 734 1602 803 quidem
1625 735 1824 798 oratio,

241 832 428 878 sancta
460 823 657 877 divinae
703 822 996 893 Scriptura:
1047 824 1209 879 lectio
1258 835 1315 880 et
1363 825 1827 896 interpretationis

241 911 357 982 ejus
378 913 622 974 auditio;
649 919 837 968 sancta
865 922 1012 978 sunt,
1065 921 1125 969 ut
1151 916 1390 972 breviter
1417 915 1614 982 dicam,
1641 917 1824 971 omnia

241 1021 360 1076 qua:
389 1007 445 1059 in
471 1004 735 1060 Ecclesiis
767 1005 862 1060 Dei
899 1007 1198 1062 secundum
1230 1007 1402 1079 legem
1424 1006 1540 1076 ejus
1567 1007 1826 1062 dicuntur

240 1106 290 1153 et
337 1105 597 1170 aguntur.
643 1096 844 1153 Sancta
897 1107 1072 1154 autem
1109 1111 1412 1154 sanctorum
1449 1101 1513 1154 de
1562 1100 1825 1170 sacriﬁcio

242 1189 497 1255 Domini,
547 1190 616 1245 de
654 1189 906 1248 omnibus
949 1191 1202 1247 videlicet
1239 1207 1360 1262 quae
1407 1191 1711 1246 oﬁeruntur
1767 1201 1824 1246 et

241 1288 475 1348 aguntur
510 1278 580 1334 ad
607 1279 728 1350 ejus
773 1279 1000 1351 gloriam
1021 1321 1039 1347 ,
1075 1295 1263 1338 mensa
1295 1289 1384 1338 est
1427 1296 1590 1350 quam
1626 1282 1693 1337 de
1737 1297 1824 1337 sa-

241 1369 444 1426 criﬁcio
485 1384 587 1426 suo
613 1368 864 1426 Christus
883 1371 1158 1442 proponit.

854 1524 1082 1581 CAPUT
1118 1524 1206 1580 III.

238 1641 312 1698 De
348 1640 653 1713 blasphemo
697 1639 971 1714 quomodo
993 1655 1059 1694 ea:
1105 1638 1320 1714 Domini
1373 1649 1629 1710 praecepto
1661 1642 1820 1696 morti

785 1710 1124 1780 adjadicatus
1151 1711 1241 1764 sit.

304 1823 484 1898 ﬂatu.)
510 1823 650 1879 Ecce
684 1832 860 1878 autem
899 1838 1135 1892 egressus
1163 1820 1306 1891 [ilius
1331 1819 1570 1876 mulieris
1603 1820 1824 1876 Israeli-

235 1919 380 1982 tidis,
419 1933 579 1988 quem
609 1923 881 1987 pepererat
929 1914 995 1970 de
1043 1915 1157 1969 uiro
1203 1912 1458 1986 Egyptio
1507 1913 1645 1968 inter
1681 1913 1822 1983 ﬁlios

241 2006 444 2072 Israel,
475 2002 728 2078 jurgatus
783 2014 860 2060 cst
908 2005 968 2061 in
1015 2005 1203 2060 castris
1248 2021 1366 2058 cum
1398 2005 1508 2060 viro
1544 2003 1820 2060 Israelita.

239 2097 468 2170 Canaque
488 2096 894 2167 blasphemasset
923 2111 1110 2150 nomen
1135 2094 1370 2161 Domini,
1393 2103 1442 2150 et
1466 2094 1820 2150 maledixisset

237 2189 300 2253 ei,
332 2189 600 2243 adductus
625 2196 702 2242 est
739 2187 810 2241 ad
837 2185 1074 2256 Moysen.
1103 2183 1435 2258 (Vocabatur
1455 2194 1631 2240 autem
1654 2195 1823 2240 mater

236 2281 346 2349 eius
376 2278 665 2345 Salamitlt,
689 2279 807 2350 [ilia
831 2278 1000 2333 Dabri
1027 2279 1093 2332 de
1135 2278 1279 2332 tribu
1323 2274 1490 2348 Dan.)
1535 2275 1819 2332 Miserum-

236 2389 330 2442 que
365 2388 488 2426 eum
515 2371 576 2426 in
618 2387 879 2428 carcerem
901 2410 920 2437 ,
967 2370 1132 2426 donec
1169 2379 1379 2426 nossent
1423 2370 1551 2442 quid
1607 2370 1820 2442 juberet

236 2463 515 2518 Dominus.
569 2461 672 2528 Qui
711 2460 917 2516 locutus
955 2470 1033 2516 est
1061 2461 1132 2516 ad
1163 2459 1385 2532 Moysen
1414 2459 1590 2516 dicens
1615 2473 1636 2512 :
1669 2460 1822 2513 Educ

241 2553 594 2624 blasphemus
631 2561 784 2608 extra
811 2561 990 2608 castra
1010 2591 1028 2618 ,
1066 2561 1115 2606 et
1139 2561 1338 2623 ponant
1368 2567 1546 2606 omnes
1584 2550 1674 2621 qui
1725 2567 1824 2606 au-

245 2645 456 2702 dierunt
491 2662 672 2701 manus
711 2663 839 2702 suas
862 2661 1020 2717 super
1047 2654 1205 2717 caput
1238 2645 1375 2716 ejus,
1407 2654 1455 2700 et
1484 2644 1679 2716 lapide!
1704 2661 1824 2700 eum

239 2738 413 2792 omnis
425 2737 669 2808 populus.
701 2737 812 2811 (Ex
833 2738 1197 2810 Adamantio.)
1221 2738 1366 2793 Duos
1387 2752 1518 2808 ergo
1541 2735 1825 2807 Scriptura

238 2830 516 2902 proposuit
543 2827 832 2902 litigantes,
883 2847 1049 2886 unum
1097 2846 1165 2886 ex
1219 2831 1433 2902 integro
1471 2829 1777 2885 Israelitam
1807 2870 1823 2895 ,

1849 1706 1897 1766 B

1926 461 2156 522 utroque
2185 467 2382 524 genere
2408 453 2664 509 Israelita:
2689 470 2894 520 sumus,
2939 467 2994 512 et
3042 459 3277 519 litteram
3300 475 3357 521 et
3385 469 3499 538 spi-

1927 541 2090 594 ritum
2115 541 2171 596 in
2199 540 2495 610 Scripturis
2522 545 2726 598 sanctis
2761 543 3120 614 defendimus,
3148 561 3202 606 et
3225 554 3502 627 litigamus

1926 631 2210 686 adversum
2246 648 2338 687 eos
2361 633 2453 701 qui
2486 649 2550 688 ex
2573 636 2749 690 media
2772 646 2928 706 parte
2957 639 3211 698 Israelitze
3232 646 3500 715 videntur,

1925 730 1981 776 et
2009 722 2239 776 dicimus
2283 723 2408 792 quia
2438 739 2612 793 neque
2639 727 2936 783 secundum
2985 729 3223 786 litteram
3255 735 3501 794 maledici

1925 819 2159 880 oportet,
2206 826 2379 880 neque
2413 813 2706 868 secundum
2733 817 3034 885 spiritalem
3084 821 3503 893 intelligentiam

1923 904 2287 975 blasphemari
2307 947 2323 972 ,
2349 907 2644 964 maledicus
2685 911 2828 966 enim
2870 928 2975 968 non
3005 914 3181 970 solum
3211 917 3265 971 in
3293 919 3461 974 Deum
3485 960 3504 988 ,

1925 995 2021 1050 sed
2043 995 2218 1075 etiam
2242 997 2294 1051 in
2321 998 2660 1067 proximum,
2691 1003 2920 1070 apostoli
2966 1004 3117 1060 Pauli
3173 1009 3446 1064 sententia
3474 1027 3506 1066 a

1925 1103 2090 1158 regno
2137 1088 2231 1143 Dei
2283 1089 2610 1146 excluditur.
2664 1092 2798 1149 Vide
2848 1095 2992 1150 enim
3052 1102 3326 1167 quomodo
3377 1103 3512 1159 dicit

1923 1181 2252 1250 Apostolus:
2287 1181 2469 1237 Nolite
2516 1200 2693 1241 errare
2725 1225 2741 1249 ,
2781 1203 2948 1258 neque
2994 1189 3290 1259 fornicarii,
3342 1212 3507 1267 neque

1923 1271 2172 1338 adulteri,
2207 1289 2371 1344 neque
2398 1274 2603 1342 molles,
2627 1293 2794 1348 neque
2820 1281 3172 1336 masculorum
3203 1287 3506 1342 concubito-

1926 1379 2026 1430 res,
2057 1381 2218 1434 neque
2243 1365 2406 1435 fures,
2435 1384 2597 1438 neque
2620 1372 2786 1438 avari,
2812 1389 2974 1443 neque
2995 1374 3261 1444 maledici,
3286 1396 3505 1450 regnum

1924 1451 2024 1508 Dei
2071 1455 2414 1524 possidebunt
2455 1457 2506 1529 (1
2537 1457 2662 1513 Cor.
2696 1460 2794 1531 v1).
2833 1461 3021 1520 Videte
3057 1465 3199 1522 inter
3236 1485 3362 1538 quae
3390 1473 3506 1527 cri-

1925 1544 2092 1608 mina,
2142 1545 2286 1602 inter
2318 1547 2623 1614 adulteros,
2667 1551 2811 1607 inter
2837 1554 3208 1611 masculorum
3240 1563 3505 1618 concubi-

1927 1645 2092 1702 tores,
2117 1637 2260 1691 inter
2284 1653 2498 1704 avaros,
2527 1656 2664 1710 quos
2684 1642 2819 1698 alibi
2846 1645 3000 1712 dicit,
3027 1647 3184 1703 idolis
3201 1653 3504 1720 servientes,

1923 1728 2088 1782 etiam
2124 1729 2418 1787 maledicos
2448 1733 2667 1801 posuit,
2707 1743 2762 1790 et
2790 1752 2821 1789 a
2870 1753 3036 1809 regno
3081 1741 3178 1796 Dei
3218 1757 3342 1798 cum
3399 1745 3508 1802 illis

1924 1819 2128 1888 pariter
2150 1820 2400 1878 exclusit.
2432 1821 2661 1880 Videant
2683 1839 2812 1896 ergo
2848 1827 2895 1882 si
2937 1829 3029 1897 qui
3063 1845 3128 1885 os
3177 1847 3336 1888 suum
3373 1849 3509 1905 quo-

1925 1908 2128 1965 tidiana
2169 1927 2315 1982 pene
2367 1917 2761 1974 consuetudine
2810 1919 2916 1976 hoc
2963 1920 3095 1977 vitio
3148 1923 3505 1995 insuescunt,

1921 1998 2053 2066 quid
2093 1999 2176 2055 eis
2231 2002 2456 2071 periculi
2510 2003 2828 2074 immineat;
2880 2018 3135 2079 putantes
3170 2023 3264 2070 aut
3300 2014 3420 2072 leve
3447 2025 3506 2074 et

1923 2090 2083 2147 facile
2115 2092 2220 2148 hoc
2255 2110 2378 2152 esse
2423 2106 2709 2168 peccatum
2731 2139 2747 2167 ,
2784 2116 2890 2158 non
2935 2102 3095 2161 facile
3134 2117 3332 2165 cavent
3363 2127 3377 2164 :
3404 2109 3508 2166 sed

1924 2183 2274 2273 considerent
2295 2185 2635 2258 Apostolum,
2649 2193 2922 2260 quomodo
2942 2195 3264 2253 maledicum
3284 2214 3315 2254 a
3336 2215 3506 2273 regno

1924 2272 2021 2327 Dei
2046 2273 2316 2342 excludit,
2361 2286 2418 2332 et
2445 2278 2588 2334 Deus
2614 2293 2714 2349 per
2743 2279 2964 2353 Moysen
2983 2322 3004 2349 ,
3031 2287 3304 2354 quomodo
3331 2272 3506 2347 male-

1925 2362 2105 2418 dicum
2131 2365 2314 2434 puniri
2357 2366 2532 2438 jubet.
2573 2369 2726 2427 Unde
2770 2382 2826 2428 et
2863 2387 2965 2446 ego
3005 2376 3160 2434 valde
3207 2380 3508 2440 admiratus

1925 2469 2047 2509 sum
2075 2457 2219 2524 quod
2266 2457 2322 2511 in
2357 2457 2464 2514 hoc
2508 2459 2630 2516 loco
2673 2477 2837 2533 quem
2876 2465 3141 2523 habemus
3172 2470 3226 2524 in
3257 2473 3511 2530 manibus

1930 2545 2214 2618 Scriptura
2265 2564 2376 2606 non
2421 2561 2611 2622 aperte
2659 2555 2963 2628 designavit
3010 2561 3278 2631 quia-iste
3307 2564 3401 2634 qui
3437 2579 3509 2621 ex

1927 2637 2168 2711 Egypto
2195 2656 2367 2712 genus
2391 2643 2543 2700 ducit
2567 2645 2908 2704 maledixerit
2936 2650 3106 2715 Deum
3133 2693 3148 2717 ,
3177 2655 3274 2710 sed
3295 2663 3512 2713 tantum

1927 2731 2110 2798 posuit
2126 2732 2254 2802 quia
2283 2733 2571 2792 nominans
2605 2738 2966 2808 maledixerit,
2989 2751 3044 2798 et
3073 2744 3291 2813 reliquit
3315 2746 3368 2800 in
3397 2762 3514 2803 me-

1930 2819 2039 2884 dio,
2077 2821 2161 2875 vel
2191 2823 2256 2876 de
2285 2823 2414 2889 Deo,
2460 2825 2544 2880 vel
2583 2828 2650 2881 de
2675 2828 2894 2883 homine
2914 2833 3317 2902 suspicandum.
3354 2835 3509 2892 Unde

239 2924 323 2992 qui
353 2923 588 2994 litigavit
625 2925 842 2994 quidem
870 2965 886 2990 ,
915 2924 1011 2980 sed
1040 2939 1148 2980 non
1175 2925 1424 2995 peccavit
1448 2942 1462 2990 ;
1496 2925 1662 2981 istum
1694 2940 1826 2981 vero
1930 2911 2065 2967 mihi
2097 2912 2309 2968 "idem?
2329 2914 2533 2971 ίάοίτθο
2558 2917 2796 2974 noluisse
2816 2930 3003 2990 θρετιθ
3027 2923 3095 2978 de
3129 2923 3240 2980 Deo
3275 2941 3513 2995 Pmnun‘

239 3012 385 3084 cujus
415 3021 704 3084 peccatum
747 3014 1036 3085 designat,
1073 3014 1312 3069 maxima
1359 3028 1427 3070 ex
1468 3022 1626 3084 parte
1659 3014 1826 3070 istum
1855 3053 1900 3116 C
1932 3000 2093 3116 ‘ial‘f‘:
2119 3016 2187 3056 ne
2215 3001 2290 3116 de.
2311 3004 2620 3116 “31111311308
2652 3008 2926 3116 νῖξιεξτεξιη
3197 3015 3509 3116 licentiam.

237 3120 351 3162 esse
378 3104 642 3177 Egypt“,
672 3121 872 3176 8enere
909 3106 1114 3162 indica;
1133 3105 1420 3162 adversum
1460 3121 1622 3177 quem
1652 3107 1828 3178 ιίιξεειι
1855 3094 1900 3116 ν
1929 3103 1985 3148 et
2041 3094 2162 3150 ideo
2210 3095 2293 3151 vel
2338 3096 2405 3152 de
2447 3097 2558 3154 Deo
2587 3139 2601 3164 ,
2636 3099 2718 3155 vel
2747 3101 2814 3156 de
2844 3103 3062 3160 homine
3089 3105 3324 3172 siluisse,
3355 3115 3416 3161 ut
3445 3108 3512 3164 de

238 3195 474 3253 Israelita
529 3215 543 3250 :
590 3205 646 3252 et
698 3197 839 3252 forte
883 3205 1257 3268 competenter
1321 3206 1371 3253 et
1435 3199 1828 3255 rationabiliter

241 3284 426 3357 litigat.
445 3284 583 3341 Nam
596 3287 719 3341 etin
742 3286 928 3342 Exodo
947 3285 1187 3342 Israelita
1206 3297 1448 3358 superat,
1463 3298 1518 3344 et
1538 3288 1828 3362 [Egyptius

238 3376 397 3429 cadit.
450 3375 622 3446 Igitur
667 3385 724 3431 et
772 3391 873 3448 ego
923 3376 1082 3432 hodie
1104 3377 1150 3432 si
1179 3378 1464 3433 veritatem
1495 3379 1778 3435 delendam
1807 3421 1822 3444 ,

240 3467 280 3520 si
306 3483 549 3537 pugnem
579 3483 679 3537 pro
705 3468 1079 3524 ecclesiastica
1121 3469 1228 3525 ﬁde
1262 3471 1548 3526 adversum
1579 3487 1702 3527 eum
1731 3473 1824 3541 qui

238 3572 298 3612 ex
331 3568 489 3629 parte
535 3559 755 3628 quidem
783 3560 957 3616 credit
981 3560 1230 3625 Christo,
1263 3569 1319 3615 et
1346 3562 1538 3632 recipit
1581 3561 1827 3631 Scriptu-

241 3665 328 3706 ras
349 3691 362 3714 ,
419 3650 517 3706 sed
549 3666 658 3705 non
689 3651 899 3722 integre
923 3665 1147 3706 sensum
1181 3666 1370 3706 earum
1397 3691 1412 3716 ,
1446 3666 1548 3706 nec
1593 3651 1827 3706 ﬁdeliter

243 3740 452 3810 recipit,
498 3738 652 3809 litigo
690 3738 977 3794 adversum
1019 3740 1269 3794 eumdem
1292 3739 1384 3808 qui
1411 3755 1478 3793 ex
1509 3746 1682 3792 matre
1707 3739 1827 3807 qui-

242 3830 361 3884 dem
409 3829 661 3885 Israelita
689 3839 804 3894 est,
837 3844 904 3883 ex
930 3837 1086 3900 patre
1131 3843 1260 3884 vero
1309 3828 1614 3900 Egyptius.
1645 3827 1703 3883 Si
1735 3830 1825 3898 qui

242 3937 368 3993 ergo
415 3931 474 3977 et
530 3921 656 3978 ﬁdei
707 3922 1029 3976 credulitate
1081 3929 1138 3977 et
1202 3920 1537 3991 professione
1595 3921 1831 3975 nominis

242 4012 589 4068 Christianus
625 4020 710 4068 est
749 4021 807 4067 et
835 4011 1136 4067 catholicus
1155 4052 1171 4077 ,
1200 4011 1302 4066 iste
1328 4026 1392 4065 ex
1421 4019 1652 4078 utraque
1675 4019 1830 4080 parte

242 4102 482 4158 Israelita
515 4111 602 4158 est
635 4120 648 4156 :
679 4103 773 4172 qui
800 4117 931 4157 vero
959 4099 1295 4171 professione
1323 4099 1542 4170 quidem
1571 4097 1832 4154 Christia-

243 4212 347 4250 nus
368 4204 470 4261 est,
495 4195 774 4252 intellectu
801 4203 982 4260 autem
1009 4195 1134 4249 ﬁdei
1158 4195 1446 4249 haereticus
1465 4203 1520 4249 et
1539 4209 1831 4265 perversus

243 4295 346 4351 est,
372 4289 475 4342 iste
504 4295 736 4342 matrem
765 4288 984 4356 quidem
1023 4285 1378 4340 Israelitidem
1405 4326 1420 4351 ,
1450 4294 1660 4356 patrem
1702 4301 1832 4340 vero

1929 3193 2160 3254 utroque
2224 3196 2530 3243 caveretur.
2603 3188 2800 3246 Verum
2852 3195 3108 3262 quoniam
3181 3199 3511 3254 sententiam

1925 3276 2173 3346 Apostoli
2203 3281 2583 3350 proposuimus
2612 3297 2719 3352 qua
2767 3284 2897 3338 dicit
2940 3287 3233 3343 maledicos
3266 3304 3297 3343 a
3344 3305 3514 3362 regno

1931 3364 2026 3421 Dei
2061 3367 2447 3436 excludendos,
2475 3369 2680 3445 aliquid
2703 3373 2946 3442 exposcit
2979 3374 3080 3430 iste
3101 3391 3280 3433 sermo
3309 3379 3513 3446 solatii,

1928 3471 1996 3512 ne
2021 3459 2344 3514 omnimodis
2373 3460 2806 3531 desperationem
2838 3464 3117 3522 videamur
3151 3467 3390 3524 indicere
3429 3471 3517 3526 bis

1927 3553 2020 3622 qui
2045 3554 2359 3623 quotidiana
2402 3570 2542 3624 pene
2587 3557 2943 3614 maledicendi
2993 3563 3385 3617 consuetudine
3428 3580 3517 3618 ra-

1928 3645 2150 3716 piuntur
2174 3685 2188 3711 ,
2221 3654 2277 3700 et
2319 3646 2403 3701 ori
2447 3663 2548 3702 suo
2587 3648 2844 3703 adhibere
2874 3650 3172 3704 custodiam
3202 3653 3285 3705 vel
3313 3655 3514 3708 ostium

1931 3735 2233 3807 negligunt.
2266 3735 2658 3791 Promissionis
2681 3737 2876 3792 futurae
2901 3755 3006 3794 non
3033 3756 3171 3795 unus
3195 3752 3280 3796 est
3301 3743 3513 3807 modus,

1929 3841 2106 3895 neque
2131 3825 2362 3896 simplex
2385 3826 2616 3896 species,
2635 3827 2730 3881 scd
2747 3827 2887 3883 sicut
2913 3830 3096 3885 docuit
3118 3831 3234 3900 ipse
3258 3832 3519 3888 Dominus

1931 3918 1989 3972 in
2010 3917 2302 3987 Evangelia
2345 3933 2469 3972 cum
2509 3917 2700 3974 beatos
2735 3919 2869 3975 dicit
2910 3936 3176 3992 pauperes
3208 3924 3400 3994 spiritu
3420 3965 3434 3992 ,
3463 3936 3520 3981 et

1932 4006 2175 4075 ipsorum
2205 4006 2437 4063 allirmat
2461 4023 2582 4064 esse
2613 4025 2840 4082 regnum
2882 4011 3147 4069 caelorum
3181 4055 3196 4080 ,
3234 4024 3285 4071 et
3317 4017 3518 4071 iterum

1932 4096 2121 4151 beatos
2152 4098 2486 4165 dicitmites,
2527 4115 2628 4156 nec
2670 4109 2850 4157 tamen
2895 4104 2974 4160 eis
3015 4106 3274 4161 etelorum
3313 4121 3472 4177 regna
3499 4148 3514 4172 ,

1933 4187 2027 4241 sed
2059 4195 2218 4242 terra:
2244 4189 2617 4244 hmreditatem
2643 4195 2945 4262 promittit;
2971 4197 3102 4250 dicit
3129 4198 3314 4252 beatos
3339 4206 3395 4251 et
3422 4213 3519 4268 pa—

1936 4277 2140 4344 ciﬁcos,
2169 4279 2264 4334 sed
2298 4294 2366 4333 nc
2401 4280 2535 4350 ipsis
2555 4281 2774 4350 quidem
2807 4297 3032 4351 regnum
3061 4285 3320 4340 cmlorum
3349 4287 3515 4355 dedit,

243 4376 559 4449 Egyptium
591 4378 774 4432 habet.
806 4377 1089 4444 Quomodo
1127 4391 1258 4447 ergo
1288 4377 1391 4433 hoc
1422 4377 1656 4432 accidit?
1694 4377 1829 4460 Cum
1857 4407 1911 4465 Β
1938 4369 2078 4424 ﬁlios
2106 4380 2285 4424 tamen
2309 4386 2404 4425 cos
2435 4372 2529 4426 Dei
2556 4387 2674 4427 esse
2701 4375 3036 4442 pronuntiat,
3059 4385 3115 4430 et
3143 4392 3265 4431 cum
3290 4378 3522 4436 diversis

245 4470 563 4540 Scripturas
592 4471 714 4540 quis
749 4469 883 4540 legit
910 4509 924 4534 ,
957 4478 1013 4524 et
1037 4469 1277 4524 litteram
1305 4468 1522 4538 quidem
1559 4453 1826 4538 sequitur,

246 4563 584 4618 intellectum
625 4577 752 4616 vero
781 4560 1028 4632 repudiat
1075 4561 1372 4632 spiritalem
1401 4601 1416 4625 ,
1474 4561 1562 4616 hic
1601 4570 1830 4617 matrem

243 4653 462 4720 quidem
491 4651 846 4707 Israelitidem
878 4651 1062 4716 habet,
1113 4652 1166 4706 id
1199 4661 1284 4707 est
1323 4652 1579 4716 litteram,
1610 4668 1832 4710 sensum

242 4758 377 4800 vero
420 4745 553 4813 quia
600 4743 898 4813 spiritalem
929 4760 1034 4799 non
1073 4746 1348 4814 sequitur,
1379 4745 1476 4800 sed
1511 4746 1784 4801 carnalem
1813 4789 1828 4811 ,

245 4836 352 4890 iste
378 4845 462 4890 est
488 4834 540 4890 ei
568 4833 855 4906 Egyptius
887 4845 1061 4904 pater,
1091 4844 1148 4890 et
1175 4835 1298 4891 ideo
1327 4837 1615 4892 adversum
1644 4839 1832 4892 catho-

247 4925 410 4979 licum
461 4924 638 4994 litigat
686 4940 810 4979 eum
856 4927 949 4997 qui
989 4941 1059 4981 ex
1097 4934 1328 4997 utraque
1382 4940 1536 4996 parte
1588 4927 1832 4985 Israelita

250 5023 354 5078 est,
395 5015 524 5084 quia
557 5022 611 5070 et
639 5016 934 5070 secundum
963 5016 1200 5071 litteram
1234 5017 1479 5073 Israelita
1515 5029 1622 5084 cst,
1659 5030 1714 5075 et
1743 5037 1832 5076 se-

251 5106 490 5162 cundum
522 5106 772 5177 spiritum
798 5107 1040 5162 Israelita
1072 5123 1180 5164 non
1201 5117 1305 5174 est,
1324 5110 1510 5180 sicque
1534 5113 1836 5168 secundum

253 5195 494 5254 litteram
545 5198 766 5268 quidem
813 5198 1062 5255 Israelita
1097 5211 1200 5265 est,
1258 5202 1553 5257 secundum
1579 5205 1835 5275 spiritum

253 5303 385 5342 vero
436 5287 745 5360 Egyptius.
787 5290 928 5358 Quid
961 5305 1090 5361 ergo
1118 5299 1202 5346 est
1228 5292 1471 5360 utrisque
1500 5292 1841 5364 litigantibus

255 5380 666 5434 necessarium?
703 5380 796 5436 Ille
825 5382 917 5452 qui
965 5382 1243 5438 carnalem
1285 5384 1533 5452 sequitur
1579 5400 1796 5440 sensum
1826 5426 1841 5451 ,

256 5479 520 5541 tanquam
544 5473 610 5528 de
646 5473 881 5544 Egypto
910 5490 1079 5545 genus
1109 5476 1334 5542 ducens,
1370 5493 1568 5532 nomen
1599 5479 1846 5535 nominat

257 5570 322 5617 et
344 5563 618 5620 maledicit
643 5582 658 5618 :
687 5567 931 5620 nominat
956 5568 1100 5622 enim
1124 5583 1319 5624 nomen
1349 5569 1466 5634 Dei,
1491 5579 1544 5625 et
1573 5586 1696 5625 cum
1727 5586 1846 5626 ma-

258 5651 458 5712 ledicto
485 5657 757 5721 nominat.
807 5667 969 5728 negat
1024 5659 1169 5713 enim
1217 5676 1343 5717 eum
1387 5670 1690 5718 creatorem
1724 5676 1846 5718 esse

709 5753 983 5816 ΡΑτιιοι..
1025 5753 1220 5816 CVIII

1937 4461 2151 4515 diversa
2177 4461 2544 4531 repromittat,
2577 4478 2765 4520 omnes
2794 4464 2983 4520 beatos
3017 4467 3149 4522 dicit
3175 4469 3266 4536 qui
3297 4469 3364 4524 ad
3393 4485 3522 4540 pro-

1936 4554 2102 4609 missa
2114 4555 2457 4624 perveniunt,
2475 4571 2580 4610 non
2601 4565 2780 4611 tamen
2794 4558 3046 4613 omnibus
3063 4560 3324 4614 ctelorum
3351 4576 3517 4632 regna

1936 4646 2225 4701 concessit.
2258 4645 2444 4702 Potest
2473 4663 2602 4719 ergo
2623 4648 2740 4705 ﬁeri
2762 4659 2821 4706 ut
2842 4650 3038 4720 aliquis
3063 4652 3118 4706 in
3144 4655 3356 4710 caeteris
3379 4653 3521 4713 forte

1933 4739 2188 4807 operibus
2211 4748 2268 4796 et
2286 4741 2499 4797 actibus
2537 4743 2858 4798 emendatus
2885 4745 2956 4798 sit
2978 4754 3034 4800 et
3059 4745 3354 4815 perfectus,
3387 4750 3517 4804 sub-

1937 4833 2168 4902 ripiatur
2211 4833 2262 4888 ei
2298 4841 2478 4889 tamen
2517 4834 2572 4888 in
2603 4835 2715 4888 oris
2752 4835 2885 4889 vitio
2921 4835 3183 4908 lapsuque
3207 4841 3519 4906 sermonis;

1941 4923 2086 4987 huic,
2111 4923 2325 4978 etiamsi
2369 4923 2665 4978 secundum
2693 4922 2936 4994 Apostoli
2963 4928 3289 4982 sententiam
3314 4944 3519 4999 negau-

1942 5021 2029 5068 tur
2061 5028 2227 5084 regna
2251 5013 2511 5069 cmlorum
2544 5030 2652 5070 non
2691 5022 2868 5070 tamen
2903 5016 3130 5073 alterius
3166 5017 3524 5075 beatitudinis

1943 5104 2276 5160 abscinditur
2319 5105 2468 5160 locus
2512 5119 2527 5158 :
2580 5116 2952 5161 verumtamen
3000 5121 3065 5163 eo
3114 5110 3284 5178 magis
3335 5110 3382 5165 si
3433 5110 3528 5178 qui

1945 5195 2001 5249 in
2029 5196 2242 5250 caneris
2266 5195 2536 5264 perfectus
2549 5205 2651 5260 est,
2669 5197 2916 5252 laborare
2943 5201 3108 5253 etiam
3139 5200 3191 5253 in
3219 5201 3321 5254 hoc
3344 5200 3525 5264 debet,

1945 5303 2014 5342 ne
2055 5288 2106 5342 ci
2140 5287 2442 5354 subripiens
2487 5301 2667 5355 pravae
2695 5290 3100 5344 consuetudinis
3128 5289 3338 5352 vitium,
3365 5287 3522 5341 coelo-

1946 5393 2067 5433 rum
2107 5392 2293 5447 regna,
2319 5377 2464 5446 quod
2490 5386 2574 5431 est
2595 5378 2836 5432 omnium
2868 5377 3258 5433 beatitudinum
3283 5375 3524 5441 culmen,

1947 5469 2161 5538 eripiat,
2189 5470 2438 5539 quamvis
2479 5469 2738 5530 Dominus
2783 5470 2981 5524 dixerit
3009 5488 3022 5521 :
3055 5468 3121 5521 In
3160 5468 3314 5519 domo
3345 5463 3526 5522 Patris

1949 5563 2050 5620 mei
2090 5566 2385 5619 mansiones
2433 5564 2610 5619 multa:
2647 5574 2766 5618 sum
2815 5562 2997 5634 (Joan.
3049 5559 3182 5631 xiv).
3230 5557 3528 5617 Possumus

1952 5660 2127 5715 adhuc
2149 5659 2345 5714 addrre
2372 5658 2533 5710 etiam
2561 5656 2687 5713 illud
2709 5654 2852 5724 quod
2880 5659 3074 5704 natura
3096 5650 3306 5719 peccati
3333 5650 3527 5708 similis

3023 5745 3096 5802 17
