1963 3088
205 120 256 148 ii")?
545 119 573 146 Β.
594 119 720 147 [MBAN]
740 119 849 147 MAUItI
869 119 1026 148 ARCIIIEP.

1050 119 1202 148 MOGUNT.
1226 118 1368 147 OPERUM
1388 119 1477 147 PARS
1497 120 1515 146 I.
1789 122 1839 150 521

206 180 247 204 est
261 176 383 204 materia:
405 181 464 210 quae
487 175 541 210 igni
561 175 745 208 consumitur,
764 183 845 210 quant
868 175 997 203 :ediiicari
1013 178 1034 207 Α
1050 183 1110 210 pum
1123 175 1212 202 sa’culi
1225 175 1304 210 hujus
1315 176 1360 210 qui
1377 175 1544 202 destruantur
1565 175 1590 211 (1
1609 175 1670 202 Cor.
1689 177 1736 211 u);
1752 179 1840 206 rixcn-

206 222 305 251 I‘aulus
318 221 455 257 apostolus
467 228 482 247 a
496 221 686 255 peccatoribus
697 220 771 251 dicit,
787 221 832 256 qui
845 229 924 255 supra
936 220 996 255 fun—

205 270 358 297 damentunt
387 267 484 295 Christi
509 266 642 301 wdiﬁcant
664 266 746 301 ligna,
759 266 860 300 fenum,
873 266 996 301 stipulam

206 314 232 350 (Ι
244 314 305 341 Cor.
319 313 370 348 ut).
387 312 417 340 In
437 319 491 347 quo
512 311 655 339 manifeste
667 312 786 339 ostendit
800 318 860 339 esse
873 311 995 346 quaedam

205 362 329 396 peccata,
348 358 384 385 ita
397 358 477 389 levia,
493 362 522 385 ut
539 358 645 393 stipulae
659 362 862 392 comparentur,
876 358 919 385 cui
944 357 996 385 uti-

205 412 259 441 que
273 405 342 441 ignis
358 404 449 431 illatus
463 404 508 432 diu
525 411 578 431 non
592 407 682 439 potest
693 403 849 436 immorari;
865 403 916 430 alia
931 411 996 431 vero

205 452 270 480 l'eno
283 458 344 479 esse
365 450 474 482 similia,
489 457 548 485 quat
565 453 593 477 et
613 450 669 484 ipsa
692 457 746 477 non
760 449 905 477 difficulter
925 449 996 484 ignis

205 501 335 529 assumat,
350 503 445 523 verum
462 495 601 530 aliquanta
621 495 725 523 tardius
748 500 875 530 tanquam
896 496 922 523 in
947 496 995 523 sti-

206 543 277 578 pulis
291 542 467 572 imnioretur;
484 540 536 567 alia
558 547 622 568 vero
643 547 703 567 esse
723 547 783 575 qua;
806 540 886 575 lignis
905 539 996 567 conie-

206 592 310 620 rantur,
328 589 355 615 in
370 587 468 623 quibus
491 594 541 622 pro
562 587 694 621 qualitate
704 586 849 614 criminum
861 587 995 614 diutinum

204 639 231 662 et
255 633 357 670 grande
374 633 502 668 pabulum
525 633 596 668 ignis
622 632 752 659 inveniat.
767 632 805 659 Ita
821 638 886 667 ergo
899 639 996 659 unum-

204 679 330 714 quodque
344 682 484 713 powatum
503 684 555 712 pro
574 676 704 712 qualitate
725 676 767 704 vel
780 679 931 711 quantitate
953 676 994 704 sui

204 730 345 758 pennarum
363 722 436 756 justa
453 722 594 757 persolvit.
612 720 823 754 Verumtamen,
842 721 907 756 quid
928 729 995 755 opus

204 771 247 795 est
264 767 387 795 ﬁdelibus
406 771 434 794 et
449 766 492 794 bis
510 766 557 801 qui
575 770 759 801 cognoverunt
774 766 857 793 Deum
881 766 914 793 de
937 771 996 801 pte-

204 821 301 843 narum
321 813 498 848 qualitatibus
514 813 654 848 cogitare!
672 812 743 846 Quid
762 819 831 847 opus
845 815 887 839 est
899 811 969 847 ligna
985 832 992 844 ,

203 861 270 896 quid
281 860 371 888 fenum
384 879 392 892 ,
416 859 481 894 quid
503 858 546 886 vel
567 859 655 893 ipsam
676 858 803 893 stipulam
820 858 994 885 fundamento
1008 857 1031 887 B

204 907 306 936 Christi
322 913 505 942 supraponere
517 906 529 932 ?
540 905 596 933 Cur
609 912 663 933 non
684 912 778 932 aurum
793 905 879 940 magis
890 904 933 932 vel
947 912 993 931 ar-

203 958 326 989 gentum,
342 952 384 979 vel
397 952 530 987 pretiosos
552 951 669 986 lapides,
693 950 814 985 pretioso
835 949 995 985 supraponi-

203 1006 266 1026 mus
278 997 463 1027 fundamento,
478 996 523 1024 ubi
542 1003 605 1023 cum
621 996 691 1030 ignis
705 995 858 1027 accesserit,
874 994 938 1022 nihil
953 995 996 1021 in-

202 1044 294 1071 veniat
311 1043 383 1078 quod
404 1041 550 1069 absumat!
573 1041 641 1068 Nam
656 1040 677 1068 si
693 1039 837 1068 accesserit
850 1040 884 1067 ad
906 1039 994 1074 stipu-

203 1090 258 1117 lam
271 1110 279 1122 ,
293 1096 325 1117 ex
339 1088 437 1124 stipula
461 1087 567 1115 favillas
591 1087 685 1114 reddet
705 1091 734 1113 et
757 1087 879 1119 cineres;
894 1086 916 1113 si
930 1093 996 1113 vero

204 1136 349 1165 accesserit
374 1136 407 1163 ad
432 1142 527 1163 aurum
543 1153 553 1168 ,
578 1141 674 1161 aurum
690 1133 784 1168 purius
808 1133 911 1160 reddet.
933 1131 995 1159 Iltec

204 1182 284 1211 nobis
300 1182 373 1209 dicta
394 1181 448 1209 sint
467 1188 520 1216 pro
534 1180 576 1207 bis
589 1179 635 1214 qui
650 1179 790 1214 negligant
801 1178 858 1206 oris
872 1177 994 1205 maledici

205 1227 428 1256 consuetudinem
447 1232 571 1254 resecare
583 1245 590 1258 ,
613 1224 660 1259 qui
680 1223 787 1251 etiamsi
800 1230 853 1250 non
867 1230 900 1250 ex
915 1222 995 1250 eor-de

204 1273 384 1305 maledicam,
394 1271 510 1299 etiamsi
529 1277 584 1298 non
601 1274 665 1297 voto
681 1273 709 1297 et
722 1269 813 1296 animo
827 1268 919 1303 iniquo
933 1273 996 1301 pro-

205 1318 295 1346 ferant
315 1317 458 1345 maledicta
468 1337 475 1350 ,
490 1321 582 1343 tamen
597 1314 797 1343 immunditiam
810 1313 941 1341 labiorum
956 1319 996 1339 se

204 1365 322 1392 cundum
335 1363 410 1392 Isaiae
424 1362 502 1399 (Isoi.
513 1361 552 1398 vr)
565 1361 675 1389 verbum
686 1365 714 1388 et
723 1360 927 1395 inquinamenta
940 1358 996 1386 oris

205 1410 356 1437 incurrunt.
373 1407 427 1436 Iste
443 1412 533 1434 tamen
547 1427 554 1439 ,
579 1405 625 1441 qui
642 1405 706 1433 licet
719 1409 807 1432 matre
832 1402 993 1435 Israelitide,

204 1454 332 1491 Egyptio
345 1458 436 1481 tamen
447 1452 605 1488 progenitus
615 1454 657 1478 est
667 1454 759 1485 patre,
775 1449 851 1481 exiit,
866 1453 893 1477 et
911 1447 996 1476 nomi-

204 1507 274 1527 nans
296 1505 394 1527 nomen
410 1496 572 1529 maledixit,
590 1496 622 1524 de
635 1502 688 1530 quo
702 1502 753 1530 ego
767 1498 833 1529 puto
850 1493 921 1528 quod
943 1492 994 1520 nisi

203 1547 330 1578 exiiSset,
344 1552 398 1572 non
426 1544 559 1579 Iitigasset
571 1543 715 1570 adversum
728 1547 823 1568 verum
833 1539 992 1571 Israelitam,
1008 1534 1031 1565 C

204 1600 254 1621 nec
270 1593 415 1620 nominans
436 1590 632 1618 maledixisset.
656 1588 729 1616 Exiit
743 1588 815 1615 enim
829 1594 845 1614 a
859 1587 992 1618 veritate,

204 1639 271 1667 exiit
286 1646 300 1665 a
320 1638 416 1665 timore
432 1636 495 1668 Dei,
511 1643 526 1662 a
542 1634 603 1667 fide,
624 1642 639 1661 a
661 1633 804 1665 charitate,
828 1633 898 1660 sicut
917 1639 995 1667 supe-

204 1685 261 1711 rins
284 1683 411 1710 diximus.
437 1680 576 1714 Quomodo
602 1680 624 1707 si
645 1686 694 1713 per
712 1678 770 1706 h:ec
788 1678 848 1712 quis
862 1682 940 1705 exeat
963 1677 996 1705 de

204 1730 301 1758 castris
315 1727 453 1759 Ecclesiae,
463 1725 569 1754 etiamsi
584 1731 633 1759 per
645 1724 764 1758 episcopi
777 1729 870 1750 vocem
885 1721 995 1749 minime

205 1773 364 1809 abjiciatur,
379 1772 449 1800 sicut
461 1778 476 1798 e
492 1770 629 1798 contrario
650 1768 785 1796 interdum
800 1768 830 1794 fit
850 1772 880 1794 ut
897 1766 995 1802 aliquis

205 1827 258 1848 non
277 1824 353 1847 recto
368 1817 472 1852 judicio
484 1823 576 1844 eorum
599 1815 644 1850 qui
666 1818 786 1850 prmsunt
807 1813 934 1841 Ecclesiae
948 1813 995 1840 de-

203 1865 319 1902 pellatur
331 1868 358 1892 et
372 1863 446 1891 foras
458 1863 592 1893 mittatur,
608 1861 655 1888 sed
669 1861 691 1889 si
705 1861 763 1895 ipse
777 1867 829 1888 non
844 1864 906 1887 ante
916 1859 993 1890 exiit.

204 1912 255 1938 hoc
269 1914 332 1942 est,
356 1909 378 1936 si
400 1916 452 1936 non
477 1908 513 1934 ita
536 1907 592 1943 egit
612 1911 639 1933 ut
653 1911 802 1933 mereretur
817 1906 911 1937 exire,
926 1905 994 1931 nihil

203 1956 310 1983 deitur
334 1955 361 1982 in
383 1961 415 1981 co
428 1974 434 1986 ,
456 1952 529 1987 quod
556 1959 609 1978 non
632 1955 706 1978 recto
722 1949 824 1985 judicio
845 1949 879 1976 ab
906 1949 994 1976 homi-

204 2001 283 2029 nibus
305 1999 411 2027 videtur
429 1997 574 2032 expulsus,
599 2001 626 2023 et
646 1997 682 2023 ita
705 1996 734 2022 iit
755 2000 784 2022 ut
802 1995 936 2022 interdum
950 1994 994 2022 ille

204 2047 250 2083 qui
267 2046 340 2074 foras
352 2045 481 2077 mittitur,
495 2044 567 2070 intus
580 2043 624 2075 sit,
641 2046 667 2069 et
678 2042 721 2069 ille
735 2041 800 2068 foris
811 2041 846 2068 sit
860 2041 905 2075 qui
921 2041 993 2068 intus

204 2091 314 2119 retineri
332 2090 449 2117 videtur.

240 2137 294 2174 (Ex
306 2134 458 2171 Hesychia.)
475 2134 533 2161 Non
548 2138 655 2168 oportet
665 2140 730 2168 ergo
753 2132 880 2159 Israelita:
899 2131 993 2158 mulie-

205 2192 274 2217 rem,
301 2187 330 2211 et
347 2182 506 2217 sapientiam
532 2180 662 2215 spiritalis
686 2180 842 2214 Scriptum,
863 2178 991 2206 exteriori

205 2230 342 2265 sapientia:
360 2228 444 2260 coire,
460 2228 497 2254 ita
514 2231 544 2253 ut
560 2231 588 2253 et
606 2226 774 2259 subjiciatur,
791 2230 819 2252 et
828 2233 890 2253 eum
902 2225 946 2260 qui
959 2232 992 2252 ex

203 2276 243 2302 eis
260 2274 390 2306 nascitur,
406 2273 531 2300 videlicet
546 2279 607 2299 eum
621 2271 665 2306 qui
680 2279 712 2298 ex
738 2276 853 2306 utraque
871 2271 992 2303 docetur,

204 2328 256 2347 non
277 2320 364 2347 solum
386 2318 471 2345 tilium
486 2317 652 2349 lsraelitidis,
669 2317 715 2343 sed
737 2321 764 2343 et
788 2316 871 2343 lilium
885 2315 995 2350 (Egypti

204 2373 274 2398 esse,
289 2371 349 2391 cum
368 2364 456 2398 sapiat
469 2362 595 2389 videlicet
608 2370 668 2396 qua:
680 2361 800 2396 Egyptii
818 2364 891 2392 sunt,
904 2364 931 2387 et
947 2367 995 2387 ex-

206 2410 297 2438 teriori
313 2409 452 2444 sapientia:
468 2416 497 2435 se
515 2407 671 2442 coniungat,
683 2412 710 2434 et
725 2415 756 2434 ea
772 2414 832 2441 qua:
849 2405 921 2432 illinc
932 2409 996 2433 sunt

204 2458 330 2492 dogmata
338 2455 462 2483 obtinere
476 2454 550 2481 velit.
568 2453 597 2480 Si
611 2457 701 2480 autem
715 2452 860 2487 aliquando
872 2451 924 2478 hoc
938 2451 994 2484 ﬁet,

1006 2210 1032 2240 D

150 2495 154 2499 ”
204 2508 231 2531 et
242 2503 375 2539 quispiam
387 2501 450 2528 talis
467 2500 549 2528 fuerit
568 2501 639 2527 inter
654 2499 723 2526 filios
740 2497 915 2533 intelligibilis
929 2496 996 2524 iide-

205 2551 239 2578 lis
255 2549 338 2577 Israel
351 2553 378 2576 et
391 2549 418 2576 in
437 2548 546 2580 castris,
563 2546 635 2581 quod
649 2549 691 2573 est
705 2545 824 2572 Ecclesia
845 2542 936 2579 (quam
946 2543 993 2571 Ja-

205 2597 256 2625 cob
275 2596 303 2623 in
321 2595 405 2630 figura
419 2601 467 2629 per
481 2593 616 2621 somnium
631 2591 726 2617 videns
747 2590 872 2617 dicebat:
901 2589 995 2616 Castra

205 2644 254 2672 Dei
265 2648 325 2671 sunt
340 2643 396 2670 Iuro
419 2640 497 2678 [Gem
513 2638 636 2675 xxstli);
656 2642 684 2665 et
708 2637 753 2671 qui
775 2641 817 2664 cst
838 2644 871 2664 ex
890 2635 995 2663 Israeli-

206 2691 260 2719 tide
275 2695 303 2719 et
326 2689 448 2717 Israelita
477 2687 608 2717 rixentur,
625 2685 669 2719 qui
687 2692 801 2719 magnus
815 2688 857 2711 est
872 2687 899 2710 et
915 2690 994 2709 mun-

204 2737 273 2769 dus,
292 2740 319 2764 et
339 2736 384 2771 qui
405 2742 434 2763 se
456 2731 594 2768 sapientia:
611 2731 657 2758 Dei
688 2734 772 2757 totum
798 2729 871 2756 dedit
898 2733 925 2756 et
949 2728 995 2763 qui

206 2781 270 2808 dicit
285 2781 356 2808 sicut
366 2780 464 2808 Paulus
479 2788 485 2805 :
506 2777 667 2812 Sapientiam
682 2776 813 2810 loquimur
828 2776 896 2801 inter
907 2774 994 2809 perfe-

204 2832 272 2859 ctos,
289 2827 443 2860 sapientiam
459 2830 544 2852 autem
558 2832 609 2851 non
622 2823 701 2858 hujus
712 2823 816 2854 mundi,
836 2830 881 2848 nec
894 2821 994 2857 princi-

1049 224 1094 247 tur
1106 224 1196 248 autem
1209 221 1242 248 de
1258 220 1348 248 verbis
1362 221 1583 256 autdogmatibns
1593 224 1795 257 contendentes,
1812 231 1838 253 et

1048 265 1276 300 blasphemaverit
1294 265 1364 294 illius
1375 266 1496 294 mulieris
1506 266 1664 295 Israelitidis
1678 276 1775 297 nomen
1799 271 1839 306 (ﬁt

1047 311 1119 338 enim
1136 312 1187 339 hoc
1210 311 1318 346 quando
1338 311 1361 339 is
1377 311 1423 346 qui
1451 312 1584 347 sapientia
1608 313 1738 341 exteriori
1761 315 1839 344 laesus

1047 360 1100 389 est,
1118 357 1281 385 mentionem
1299 356 1364 385 facit
1377 356 1478 384 Christi
1492 366 1499 390 ;
1514 357 1575 385 vide
1595 358 1667 386 enim
1682 360 1744 393 quia
1760 361 1839 389 nimis

1047 402 1225 430 subtilitatem
1244 409 1361 437 sequens
1387 402 1524 437 Iegislator
1544 402 1582 430 ait
1599 411 1605 428 :
1627 403 1744 439 Cumque
1771 405 1839 433 blas-

1046 448 1190 483 phemasset
1201 455 1312 479 nomen;
1340 448 1413 482 quod
1430 451 1520 474 autem
1539 451 1620 480 tacet,
1639 449 1754 476 necdum
1768 451 1841 478 enim

1046 497 1154 528 quando
1173 493 1225 520 hoc
1242 493 1415 520 sanciebatur
1429 497 1487 520 erat
1507 497 1611 526 notum,
1636 495 1698 528 quia
1725 496 1841 523 necdum

1047 544 1126 567 natus
1148 544 1206 567 erat
1219 540 1241 567 is
1259 539 1304 575 qui
1319 546 1352 567 ex
1366 538 1476 577 Virgine
1492 544 1518 567 et
1530 539 1631 574 Spiritu
1645 545 1739 568 sancto
1752 542 1842 569 incar-

1046 590 1125 613 natus
1137 590 1189 619 est,
1209 587 1243 613 de
1263 593 1316 620 quo
1332 586 1398 613 dixit
1417 585 1547 613 Gabriel:
1565 585 1601 612 Et
1622 586 1725 613 vocabis
1746 596 1841 615 nomen

1049 633 1106 668 ejus
1118 632 1220 664 Iesum,
1230 633 1284 668 ipse
1303 633 1370 659 enim
1387 632 1487 659 salt-nm
1501 632 1579 667 faciet
1597 633 1719 667 populum
1734 641 1811 659 suum
1827 643 1841 659 a

1045 682 1158 716 peccatis
1173 690 1261 708 eorum
1278 681 1353 717 [Lua
1371 681 1391 717 I]
1406 690 1412 713 ;
1438 680 1534 708 Paulus
1553 685 1642 708 autem
1659 685 1790 716 quantum
1808 682 1843 707 sit

1046 727 1097 754 hoc
1112 733 1210 754 nomen
1221 726 1366 754 ostendens
1382 727 1438 754 ait:
1468 726 1501 754 Et
1524 727 1593 753 dedit
1610 727 1633 753 ei
1654 726 1723 753 Deus
1746 735 1841 753 nomen

1045 780 1122 808 super
1137 780 1212 799 omne
1228 780 1332 803 nomen,
1352 777 1379 798 ut
1395 772 1422 798 in
1443 772 1545 798 nomine
1569 771 1634 798 Jesu
1646 770 1745 797 Chriin
1765 779 1842 798 omne

1044 824 1111 851 genu
1131 816 1253 850 ﬂectatur
1275 815 1427 849 cwlestium,
1452 816 1621 848 terrestrium,
1636 820 1660 843 et
1673 815 1841 849 infernarum

1046 861 1156 897 [Philip.
1174 861 1233 897 [1]);
1252 862 1358 896 quando
1374 869 1438 897 ergo
1456 863 1478 890 is
1492 862 1538 896 qui
1559 862 1584 889 in
1603 862 1732 897 sapientia
1756 862 1841 889 conii-

1044 907 1084 934 dit
1093 911 1119 934 et
1131 907 1243 934 intendit
1258 907 1396 937 exteriori.
1412 913 1470 941 qua:
1486 907 1551 934 dicit
1577 914 1688 941 parvum
1706 913 1838 941 magnum

1045 955 1072 980 et
1083 952 1230 979 maximum
1245 956 1272 979 et
1285 953 1393 987 gradus,
1410 951 1481 987 quod
1495 951 1659 986 impossibile
1674 957 1727 984 est,
1741 952 1837 986 exqui-

1046 999 1086 1026 rit
1096 999 1123 1026 in
1136 998 1295 1030 Divinitate,
1306 998 1532 1032 blasphemaverit
1540 1004 1635 1025 nomen
1643 997 1744 1025 Christi
1756 997 1841 1033 (blas-

1044 1044 1155 1079 phemat
1166 1048 1255 1071 autem
1270 1043 1367 1070 Filium
1381 1044 1425 1078 qui
1440 1051 1500 1071 eum
1515 1043 1585 1078 patri
1604 1043 1667 1070 dicit
1681 1042 1842 1076 minorem),

1045 1094 1122 1117 extra
1146 1094 1237 1117 castra
1262 1089 1419 1117 necessario
1439 1088 1593 1124 expellitur,
1613 1088 1688 1116 etab
1716 1088 1842 1116 Ecclesia

1045 1136 1177 1163 educitur.
1209 1135 1261 1169 Qui
1275 1140 1361 1162 autem
1390 1135 1529 1161 audierunt
1553 1139 1647 1169 ponent
1663 1143 1757 1161 manus
1778 1143 1844 1162 suos

1045 1189 1124 1216 super
1137 1185 1215 1215 caput
1230 1181 1299 1215 ejus,
1327 1181 1501 1208 ostendentes
1512 1186 1562 1215 per
1582 1184 1661 1214 caput
1675 1181 1738 1215 quia
1761 1184 1844 1215 caput

1048 1229 1097 1255 uiri
1110 1227 1239 1258 Christus,
1255 1231 1331 1262 caput
1345 1226 1444 1253 Christi
1459 1226 1527 1253 Deus
1542 1230 1589 1258 est,
1604 1225 1665 1261 quia
1683 1225 1729 1260 qui
1741 1224 1844 1252 Filium

1049 1273 1256 1308 blasphemavit,
1268 1277 1296 1300 et
1308 1272 1418 1299 Patrem
1432 1271 1458 1299 in
1473 1271 1519 1299 illo
1528 1270 1735 1306 blasphemavit.
1753 1270 1790 1297 Et
1805 1271 1846 1296 la-

1048 1319 1147 1355 pidabit
1162 1326 1220 1345 eum
1233 1317 1344 1353 populus
1366 1317 1512 1348 universus,
1527 1315 1572 1351 qui
1588 1315 1725 1346 occidunt,
1742 1318 1771 1342 et
1785 1315 1844 1342 dis-

1046 1367 1165 1402 perdunt
1193 1372 1255 1393 eum
1271 1364 1315 1400 qui
1331 1364 1529 1399 blaSphemavit
1544 1373 1551 1391 :
1577 1364 1622 1392 sed
1637 1368 1664 1391 et
1678 1365 1734 1391 hate
1748 1356 1845 1391 ’γει-Μ

1046 1413 1126 1448 hujus
1144 1411 1291 1439 sanctionis
1304 1415 1454 1446 opportune
1473 1415 1548 1443 nota,
1567 1411 1702 1447 quomodo
1715 1410 1844 1438 adduxe-

1047 1462 1109 1486 runt
1130 1465 1191 1486 eum
1204 1458 1237 1485 ad
1263 1456 1382 1492 Moysen.
1408 1457 1469 1492 Ipse
1491 1462 1581 1484 autem
1609 1464 1661 1483 non
1684 1463 1717 1483 ex
1741 1461 1837 1484 aucto

1046 1504 1127 1531 ritate
1148 1503 1214 1539 agit,
1233 1511 1283 1531 nec
1296 1503 1400 1538 profert
1416 1507 1509 1530 contra
1524 1508 1587 1530 eum
1601 1503 1777 1536 sententiam,
1795 1504 1844 1530 sed

1047 1548 1121 1576 misit
1134 1556 1195 1576 cum
1207 1548 1234 1574 in
1246 1555 1384 1575 carcerem
1399 1546 1596 1582 utdijudicaret
1609 1555 1657 1583 per
1671 1552 1842 1583 przcceptum

1047 1593 1152 1621 Domini
1165 1601 1171 1625 ;
1188 1600 1249 1620 nam
1264 1592 1381 1620 Mosaica
1396 1593 1439 1620 lex
1453 1593 1514 1620 odio
1533 1593 1642 1628 quidem
1658 1593 1739 1620 habet
1751 1593 1841 1620 etiam

1047 1640 1104 1674 ipsa
1119 1638 1203 1666 lilium
1227 1637 1450 1673 blasphemantis,
1467 1638 1537 1672 quod
1554 1638 1726 1665 manifestum
1749 1642 1794 1665 est
1809 1646 1843 1665 ex

1045 1692 1078 1712 co
1093 1685 1164 1719 quod
1191 1683 1347 1718 frequenter
1368 1683 1510 1710 Trinitatis
1531 1683 1649 1710 insinuat
1666 1683 1844 1718 mysterium,

1046 1738 1098 1757 non
1110 1729 1218 1765 quidem
1243 1733 1348 1764 aperte,
1368 1736 1417 1756 nec
1429 1729 1468 1756 sic
1481 1728 1560 1763 plane
1574 1728 1606 1755 de
1620 1734 1651 1755 ea
1668 1727 1793 1762 loquitur
1807 1728 1844 1754 εἰ-

1046 1780 1092 1804 cut
1102 1775 1291 1810 Evangelium;
1305 1778 1331 1801 et
1338 1778 1480 1809 propterea
1494 1781 1556 1801 eum
1564 1773 1595 1800 ad
1610 1772 1741 1808 judicium
1756 1780 1838 1799 man-
1862 1771 1878 1774 ’⁷

1046 1822 1169 1848 datorum
1182 1821 1289 1847 Domini
1304 1820 1462 1847 reservavit.
1499 1818 1618 1853 Quorum
1637 1817 1745 1844 autem?
1774 1817 1843 1844 Illo-

1046 1874 1105 1893 rum
1116 1865 1239 1893 videlicet
1257 1865 1301 1900 qui
1323 1865 1415 1892 dicunt
1431 1873 1436 1891 :
1454 1863 1506 1897 Qui
1528 1871 1577 1890 non
1589 1863 1670 1889 credit
1686 1863 1712 1889 in
1726 1862 1844 1895 Filium,

1045 1912 1103 1946 jam
1111 1911 1250 1946 judicatus
1263 1916 1299 1937 est
1312 1910 1402 1946 (Jonn.
1417 1909 1468 1944 ιιι).
1496 1909 1530 1936 Ει
1546 1915 1640 1935 rursus
1654 1917 1659 1935 :
1675 1907 1703 1935 Si
1720 1916 1771 1934 non
1786 1915 1846 1935 crc—

1047 1957 1167 1984 dideritis
1186 1957 1248 1991 quia
1264 1964 1309 1990 ego
1323 1964 1391 1987 sum,
1414 1954 1560 1981 moriemini
1580 1953 1607 1980 in
1626 1954 1737 1988 peccatis
1750 1955 1845 1980 reatris

1052 2003 1141 2039 (Joan.
1156 2002 1216 2037 vui)
1230 2011 1236 2033 ;
1250 2002 1387 2036 nmltaquc
1401 2001 1452 2028 alia
1469 2000 1532 2027 talia
1546 2000 1572 2027 in
1593 1998 1754 2034 evangelicis
1770 2007 1845 2033 prm-

1046 2049 1130 2083 ceptis
1143 2048 1223 2075 dicta.
1243 2046 1370 2081 Sequitur
1384 2053 1464 2081 porro
1478 2055 1484 2072 :

1082 2094 1115 2121 Et
1134 2094 1168 2121 ad
1179 2093 1248 2128 ﬁlios
1266 2092 1350 2119 Israel
1365 2092 1478 2127 loqueris
1491 2098 1499 2116 :
1513 2089 1599 2117 Homo
1613 2090 1658 2125 qui
1673 2088 1846 2116 maledu'erit

1045 2141 1100 2168 Deo
1118 2148 1176 2172 suo,
1193 2138 1306 2174 portabit
1322 2142 1457 2171 peccatum
1470 2144 1563 2168 suum;
1576 2140 1599 2162 et
1613 2135 1657 2170 qui
1675 2134 1846 2168 blasphema-

1045 2186 1108 2214 vert't
1129 2192 1221 2212 nomen
1239 2183 1355 2215 Domini,
1366 2188 1449 2209 morte
1464 2182 1603 2209 moriatur.
1634 2179 1775 2214 Lupidibus
1794 2187 1846 2213 ορ-

1045 2232 1139 2267 primet
1151 2239 1209 2258 eum
1226 2230 1309 2256 omnis
1323 2228 1473 2258 multitudo,
1490 2228 1542 2255 sire
1552 2227 1595 2254 ille
1612 2227 1684 2259 rivis,
1697 2234 1750 2253 stre
1763 2233 1845 2260 pere-

1045 2278 1136 2313 grinus
1148 2277 1237 2312 fuerit.
1255 2275 1307 2309 Qui
1319 2274 1532 2310 blasphemoverit
1542 2282 1634 2300 nomen
1644 2272 1847 2300 Dominimorte

1047 2323 1185 2350 moriatur.
1212 2322 1314 2349 Novum
1329 2321 1372 2348 hic
1390 2324 1417 2348 et
1441 2321 1512 2355 quod
1527 2319 1668 2347 conturbet
1679 2325 1758 2345 aures
1771 2318 1847 2345 mul-

1048 2372 1149 2399 torum,
1161 2366 1308 2394 secundum
1323 2365 1467 2392 editionem
1483 2371 1548 2391 vero
1562 2364 1631 2391 LXX
1644 2363 1683 2390 sic
1694 2363 1827 2398 [incoepit
1839 2372 1845 2389 :

1049 2412 1135 2439 Homo
1148 2412 1224 2438 homo
1238 2411 1384 2446 quicunque
1396 2409 1560 2436 maledixcrit
1574 2409 1638 2441 Deo,
1650 2413 1787 2442 peccatum
1799 2417 1850 2435 ac-

1048 2459 1140 2493 cipiet:
1155 2457 1199 2492 qui
1211 2460 1298 2483 autem
1317 2455 1432 2482 nominat
1444 2462 1537 2481 nomen
1551 2453 1666 2486 Domini,
1689 2457 1771 2479 morte
1783 2461 1847 2479 mo-

1048 2504 1142 2530 riatur.
1165 2502 1200 2529 Et
1214 2500 1426 2535 blasphemando
1433 2500 1517 2526 Deum
1528 2498 1667 2526 nominare
1682 2505 1781 2525 nomen
1790 2497 1849 2525 Do—

1047 2548 1112 2575 mini
1127 2545 1235 2582 gravius
1258 2550 1309 2577 est,
1337 2552 1400 2572 nam
1417 2544 1461 2572 ille
1480 2544 1587 2579 quidem
1606 2547 1747 2578 peccatum
1768 2544 1849 2570 acci-

1046 2594 1086 2627 pit
1099 2591 1277 2623 solummodo,
1304 2590 1349 2617 ille
1367 2594 1457 2617 autem
1473 2594 1498 2616 et
1518 2595 1626 2624 ptenam
1649 2588 1745 2615 mortis
1759 2589 1849 2614 susti-

1048 2641 1103 2665 net.
1142 2636 1207 2670 Quaa
1222 2636 1294 2663 enim
1318 2634 1470 2662 dilferentia
1485 2638 1526 2661 est
1550 2633 1623 2661 inter
1648 2632 1795 2660 Dominum
1819 2636 1850 2660 et

1048 2683 1150 2711 Deum?
1169 2690 1221 2710 non
1235 2682 1281 2709 hic
1296 2682 1346 2709 iste
1358 2682 1415 2716 ipse
1432 2685 1474 2708 est
1486 2680 1532 2715 qui
1543 2679 1611 2707 dixit
1626 2687 1632 2706 :
1648 2679 1729 2711 Audi,
1742 2677 1849 2710 Israel,

1048 2728 1128 2761 Deus,
1144 2727 1214 2754 Deus
1227 2731 1299 2759 tuus,
1314 2726 1441 2753 Dominus
1455 2734 1523 2752 unus
1543 2729 1581 2751 est
1593 2733 1602 2756 ;
1622 2727 1650 2751 et
1665 2730 1774 2750 rursus:
1790 2721 1850 2748 Di—

1047 2774 1111 2808 liges
1125 2772 1269 2800 Dominum
1283 2771 1365 2798 Deum
1386 2776 1459 2797 tuum
1475 2778 1507 2797 ea:
1526 2775 1580 2797 toto
1593 2770 1672 2796 corde
1685 2774 1730 2795 tuo
1742 2768 1755 2794 ξ’
1768 2766 1852 2800 Quo-

1047 2819 1127 2846 modo
1144 2825 1209 2852 ergo
1224 2817 1269 2852 qui
1285 2817 1392 2851 quidem
1411 2816 1549 2843 maledicit
1572 2816 1626 2842 Deo
1641 2817 1781 2849 peccatum
1798 2820 1853 2839 ac-
