3918 6180
499 300 599 356 5‘27
1172 295 1233 352 B.
1273 294 1523 353 RABANl
1553 295 1781 354 'MAURI
1819 296 2140 355 ARCHIEP.

2183 295 2489 354 MOGUNT.
2529 295 2815 354 OPERUM
2851 295 3030 353 PARS
3065 295 3108 352 l.
3623 301 3696 364 εει

489 435 589 492 μη)
627 415 772 470 nullo
790 412 1078 469 habebitur
1098 453 1114 480 ,
1157 413 1204 469 si
1229 427 1358 468 vero
1379 413 1744 469 doctoralibus
1766 414 1971 480 nocuit,
2017 421 2073 468 et
2101 417 2148 476 Λ
2177 421 2266 467 tur
2291 413 2494 468 omnia.
2525 412 2770 482 Septimo
2793 421 2972 468 autem
2992 427 3138 467 anno
3166 413 3448 468 sabbatum
3471 424 3525 470 et
3539 422 3701 488 requies

489 509 608 579 ejus
637 518 917 563 sermones
942 503 1306 559 infructuosos
1347 505 1400 559 ei
1445 514 1607 573 atque
1635 504 1852 558 inutiles
1902 503 2067 573 judex

489 601 708 658 ellicict.
771 597 998 669 Propter
1030 597 1171 667 quod
1207 604 1264 652 et
1283 595 1481 652 Paulus
1526 598 1698 653 dixit:
1749 597 1853 663 Qui
1895 606 2068 650 autem

489 691 765 746 conturbat
814 671 925 754 vos,
953 689 1178 758 portabit
1216 689 1480 759 judicium
1528 690 1823 761 quicunque
1869 699 1942 743 est
1981 687 2070 742 ille

487 780 692 850 (Galat.
713 781 807 851 v);
844 781 958 836 sive
981 795 1207 850 parvus,
1233 782 1619 854 sivemagnus,
1643 783 1760 838 sive
1783 781 2066 838 scientiam

491 871 698 928 habens
729 871 1046 941 plurimam;
1076 871 1194 927 sive
1217 887 1462 941 parvam,
1487 873 1600 927 sive
1627 888 1772 928 nunc
1795 872 2066 938 didicerit,

487 964 604 1021 sive
627 965 798 1035 prius,
819 963 934 1019 sive
955 964 1089 1019 civis
1119 963 1249 1032 ﬁde,
1278 965 1394 1020 sive
1439 965 1776 1036 peregrinus.
1817 961 1952 1019 Cum
1973 978 2069 1018 au-

489 1063 600 1111 tem
639 1055 755 1110 haec
785 1056 861 1109 ita
897 1070 955 1110 se
986 1055 1243 1121 habeant,
1273 1057 1582 1112 necessaria
1624 1063 1744 1112 erat
1775 1051 1977 1110 Iudaeis
2013 1064 2070 1110 et

489 1145 684 1202 littera:
707 1146 939 1212 sanctio,
955 1146 1083 1215 quia
1105 1161 1214 1201 non
1234 1147 1524 1216 capiebant
1563 1148 1754 1204 audire
1782 1163 1796 1201 :
1861 1145 1924 1202 Si
1949 1146 2068 1218 quis

485 1245 538 1292 te
563 1236 876 1308 percusserit
902 1235 958 1291 in
979 1237 1246 1291 dexteram
1270 1237 1544 1291 maxillam
1566 1245 1734 1303 tuam,
1782 1237 1955 1306 pra-be
1987 1235 2069 1290 illi

486 1334 538 1381 et
576 1325 798 1380 alteram
845 1323 1064 1397 (Matth.
1093 1324 1169 1398 v).
1239 1325 1348 1382 Sed
1398 1340 1522 1381 cum
1564 1332 1750 1381 essent
1798 1322 2065 1389 malevoli,

489 1417 862 1486 unusquisque
903 1417 1007 1470 hoc
1035 1415 1342 1486 proximum
1375 1426 1669 1472 exacturus
1689 1421 1830 1478 erat,
1877 1421 1933 1468 et
1959 1428 2068 1468 non

485 1513 604 1584 ipse
630 1526 811 1582 agere.
867 1510 1035 1567 Recte
1062 1525 1192 1582 ergo
1223 1509 1306 1565 eis
1335 1507 1552 1564 oculum
1577 1520 1675 1577 pro
1719 1504 1897 1570 oculo,
1938 1503 2069 1559 den-

486 1609 596 1658 tem
625 1616 726 1673 pro
768 1602 928 1657 dente
957 1601 1089 1656 dare
1116 1601 1411 1664 dicebatur,
1441 1606 1503 1652 ut
1525 1605 1674 1652 metu
1697 1595 1919 1651 alternae
1948 1610 2068 1665 pae-

484 1709 570 1750 na:
607 1710 639 1749 a
676 1693 948 1749 violentiis
969 1701 1024 1746 et
1045 1691 1351 1747 homicidiis
1375 1689 1730 1745 abstinerent.
1770 1685 2064 1755 Sequitur:

2172 504 2276 556 erit
2309 511 2501 570 terrae,-
2529 503 2744 572 quando
2764 503 2908 558 enim
2937 501 3276 573 intelligibile
3304 512 3549 559 nostrum
3586 520 3701 566 vene

2172 593 2242 646 rit
2270 593 2578 658 sabbatum,
2619 593 2673 648 id
2711 601 2814 659 est,
2843 593 3128 662 prmaentis
3174 593 3356 648 surculi
3396 596 3628 665 requies,
3659 603 3704 656 de

2170 697 2277 754 qua
2301 684 2379 738 ait
2401 683 2598 739 Paulus
2633 701 2648 738 :
2689 683 2832 754 Ergo
2852 683 3172 753 relinquitur
3195 683 3544 740 sabbatismus
3563 691 3704 760 populi

2169 775 2269 830 Dei
2290 774 2478 847 (Hebr.
2509 774 2607 847 tv),
2665 790 2826 846 quem
2857 775 3035 846 signat
3072 775 3190 831 dies
3230 777 3483 846 septima,
3513 781 3629 848 quia
3649 798 3706 838 se-

2168 869 2335 940 ptima
2363 869 2452 934 die
2496 869 2766 938 requievit
2793 868 2936 924 Deus
2958 869 3026 923 ab
3053 867 3306 924 omnibus
3325 870 3578 940 operibus
3610 875 3706 940 suis,

2169 959 2419 1018 videlicet
2435 959 2761 1024 visibilibus,
2792 967 3081 1030 propterea
3127 968 3257 1014 tunc
3285 961 3618 1031 operationis
3639 981 3708 1021 non

2169 1057 2254 1105 est
2281 1058 2530 1120 tempus:
2567 1059 2624 1104 et
2657 1049 2778 1104 ideo
2821 1063 2922 1104 nee
2946 1064 3135 1118 agrum
3179 1049 3314 1122 legis
3369 1061 3498 1109 tunc
3541 1069 3704 1119 serere,

2169 1153 2269 1195 nec
2289 1138 2654 1207 evangelicam
2667 1138 2879 1194 vineam
2902 1147 3092 1208 putare
3111 1154 3419 1208 possumus.
3445 1142 3587 1214 Ager
3603 1144 3709 1199 enim

2169 1246 2201 1285 a
2231 1229 2390 1287 nobis
2415 1230 2500 1286 lex
2536 1239 2684 1286 recte
2721 1229 3059 1302 intelligitur,
3093 1232 3221 1301 quia
3248 1233 3433 1288 senior
3459 1235 3620 1299 ﬁlius,
3651 1238 3710 1308 qui

2161 1320 2396 1390 iunioris
2414 1321 2593 1392 populi
2616 1320 2841 1376 :emulus
2872 1330 2982 1386 est,
3005 1322 3100 1391 qui
3129 1322 3422 1394 imaginem
3447 1327 3628 1396 populi
3655 1327 3713 1382 lu-

2169 1414 2404 1467 dteorum
2425 1413 2584 1482 gerit,
2611 1413 2677 1466 de
2700 1426 2853 1480 agro,
2881 1411 3135 1467 videlicet
3152 1414 3469 1483 operatione
3491 1415 3639 1486 legis,
3662 1432 3714 1473 re-

2167 1502 2307 1556 verti
2363 1501 2588 1567 dicitur;
2638 1500 2797 1555 vinea
2845 1507 3025 1554 autem
3050 1500 3359 1571 evangelica
3407 1502 3530 1558 sine
3567 1505 3712 1576 aliqua

2168 1594 2442 1649 dubietate
2461 1594 2776 1662 pmdieatio
2803 1601 2908 1659 est,
2937 1592 3186 1648 Christus
3219 1593 3365 1648 enim
3409 1595 3469 1661 ci,
3506 1598 3715 1652 occasio,

2169 1700 2292 1740 nem
2317 1693 2375 1740 et
2411 1685 2694 1740 materiam
2739 1685 2904 1748 dedit,
2961 1684 3054 1755 qui
3084 1685 3261 1740 dixit:
3312 1685 3424 1756 Ego
3447 1703 3563 1742 sum
3603 1690 3712 1752 ritis,

555 1785 886 1855 Locutusque
900 1791 974 1837 est
995 1781 1052 1836 Μ
1057 1798 1202 1852 ogses
1224 1781 1294 1835 ad
1313 1779 1451 1849 filios
1473 1778 1643 1833 Israel
1667 1790 1686 1830 .'
1707 1786 1754 1832 et
1773 1776 2064 1831 eduxerunt
2093 1768 2140 1828 B
2169 1791 2254 1829 vos
2278 1785 2449 1829 autem
2469 1774 2730 1845 palmites,
2759 1786 2808 1829 et
2837 1772 3000 1829 Pater
3018 1792 3161 1830 meus
3187 1776 3421 1846 agricola
3451 1787 3525 1832 est
3560 1780 3714 1848 (Jour.

479 1890 600 1932 eum
620 1875 711 1946 qui
737 1873 1184 1945 blasphemaverat
1209 1881 1359 1926 extra
1383 1879 1582 1935 castra,
1609 1885 1670 1923 ac
1696 1865 1960 1939 lapidibus
1975 1881 2068 1934 op-

471 1973 802 2037 presserunt,
818 1965 1152 2035 feceruntque
1164 1962 1264 2031 ﬁlii
1285 1960 1455 2017 Israel
1477 1961 1611 2015 sicut
1628 1966 1947 2028 praceperat
1961 1955 2068 2010 Do-

475 2053 654 2108 minus
687 2052 883 2122 Moysi.
951 2050 1271 2107 Audivimus
1312 2063 1458 2104 nunc
1504 2044 1962 2118 quemadmodum
1997 2043 2067 2099 de

479 2142 679 2198 castris
705 2141 893 2197 eduxit
913 2156 1041 2196 cum
1091 2140 1185 2210 qui
1228 2137 1652 2209 blasphemavit,
1688 2134 2064 2205 lapidibusque

477 2247 604 2289 eum
649 2232 883 2304 opprimi
934 2231 1230 2302 prmcepit;
1278 2237 1566 2299 propterea
1616 2224 1968 2297 indignationi
2008 2232 2065 2279 et

475 2339 617 2394 opus
644 2324 873 2390 addidit,
923 2331 981 2379 et
1008 2323 1183 2393 legem
1238 2321 1334 2376 tibi
1359 2321 1524 2375 etiam
1549 2317 1920 2388 experimento
1945 2316 2063 2386 ipso

473 2413 860 2470 conﬁrmatam
898 2413 1156 2478 ostendit,
1180 2420 1240 2468 ut
1296 2422 1353 2468 et
1383 2421 1439 2466 tu
1467 2411 1844 2482 blasphemare
1891 2408 2061 2464 Deum

471 2504 718 2568 timeres,
757 2510 815 2558 et
845 2501 1061 2573 fugeres
1100 2502 1234 2558 illud
1260 2502 1454 2558 timens
1485 2501 1696 2571 peccati
1735 2499 2061 2569 magnitudi-

476 2611 627 2662 nem,
656 2595 803 2665 quod
837 2608 950 2649 non
980 2593 1156 2650 solum
1193 2593 1486 2664 principes,
1511 2591 1606 2647 sed
1632 2604 1848 2647 omnem
1878 2587 2061 2644 multi-

476 2687 719 2744 tudinem
743 2683 1020 2740 vindicare
1045 2683 1309 2754 prmeipit.
1383 2680 1699 2738 Communis
1730 2679 1876 2736 enim
1899 2676 2061 2734 debet

472 2795 599 2839 esse
627 2778 878 2836 omnibus
913 2785 1104 2834 contra
1146 2776 1492 2848 blasphemos
1518 2791 1720 2847 pugna,
1759 2773 1887 2844 quia
1911 2787 2060 2828 con.-

471 2871 626 2930 muni
673 2879 862 2928 nostro
902 2868 1255 2934 benefactori,
1289 2867 1562 2924 communi
1584 2873 1785 2921 nostra:
1817 2863 1961 2929 vitae,
1989 2878 2058 2918 ex

473 2976 580 3030 quo
605 2974 798 3016 omnes
823 2967 1017 3014 etesse
1061 2967 1116 3013 et
1143 2957 1281 3014 bene
1312 2972 1432 3013 esse
1461 2956 1744 3020 habemus,
1767 2953 2058 3008 detrahere

475 3060 709 3119 tentant,
725 3050 844 3122 ejus
861 3051 1081 3121 quidem
1104 3050 1287 3121 gloria:
1312 3049 1447 3104 nihil
1465 3056 1739 3111 nocentes,
1756 3062 1855 3102 nos
1873 3055 2054 3101 autem

469 3144 540 3201 ab
566 3159 634 3201 ω
666 3156 920 3214 separare
941 3147 1002 3196 et
1028 3139 1301 3210 expellere
1321 3139 1589 3194 volentes.

1112 3249 1340 3306 CAPUT
1366 3251 1429 3306 V.

469 3347 550 3404 De
582 3345 758 3417 requie
805 3346 930 3400 anni
987 3343 1192 3414 septimi
1236 3352 1350 3412 post
1403 3343 1694 3413 ingressum
1749 3343 1804 3396 in
1859 3353 2054 3396 terram

1129 3424 1390 3468 sanctam.

539 3506 692 3580 (Car.
725 3504 878 3578 xxv.)
920 3504 1250 3574 Locutusque
1271 3513 1346 3558 est
1376 3503 1632 3558 Dominus
1661 3504 1730 3557 ad
1754 3502 1973 3572 Moysen
1998 3505 2054 3557 in

467 3611 644 3658 monte
667 3599 842 3666 Sinai,
873 3599 1050 3653 dicens
1081 3610 1100 3650 :
1131 3597 1364 3667 Loquere
1393 3594 1518 3665 ﬁliis
1533 3594 1724 3661 Israel,
1747 3604 1792 3649 et
1821 3594 1962 3648 dices
1982 3595 2051 3648 ad

467 3712 554 3751 eos
571 3713 590 3762 ,'
612 3693 834 3760 Quando
849 3692 1068 3765 ingressi
1094 3691 1300 3761 {ueritis
1327 3701 1523 3744 terram
1533 3704 1690 3759 quam
1706 3704 1799 3758 ego
1812 3687 1947 3742 dabo
1969 3703 2054 3740 ro-

465 3785 567 3851 bis,
581 3783 869 3839 sabbatizes
883 3782 1157 3850 sabbatum
1171 3780 1416 3836 Domino.
1433 3777 1542 3834 Sea:
1553 3778 1705 3832 armis
1716 3793 1856 3832 seres
1869 3792 2053 3846 agrum

467 3886 641 3941 tuum,
684 3885 733 3928 et
765 3890 856 3928 sea:
879 3874 1032 3928 annis
1059 3871 1267 3942 putabis
1303 3872 1508 3926 vineam
1534 3879 1702 3935 tuam,
1745 3868 2055 3938 colligesque

467 3973 670 4042 fructus
699 3967 814 4038 ejus
846 3979 863 4016 :
900 3965 1118 4036 septimo
1143 3972 1322 4018 autem
1344 3978 1483 4017 anno
1513 3961 1787 4016 sabbatum
1817 3962 1916 4015 erit
1951 3970 2055 4014 ter-

469 4077 563 4127 ra’,
601 4060 935 4131 requietionis
963 4056 1176 4112 Domini
1199 4071 1216 4109 :
1247 4071 1435 4127 agrum
1463 4070 1567 4108 non
1597 4070 1757 4119 seres,
1779 4063 1827 4108 et
1847 4053 2053 4107 vineam

460 4169 570 4208 non
605 4151 835 4222 putabis.
900 4148 1032 4214 Quia
1051 4155 1232 4218 sponte
1255 4146 1418 4217 gignit
1443 4145 1634 4199 humus
1667 4161 1770 4198 non
1792 4154 1970 4208 metes,
2003 4151 2054 4196 et

463 4259 591 4300 uuas
602 4242 955 4315 primitiarunt
970 4248 1185 4294 tuarum
1197 4253 1303 4293 non
1314 4235 1524 4308 colliges
1536 4237 1689 4307 quasi
1702 4235 2016 4290 vindemiam
2029 4251 2050 4292 :

461 4349 635 4389 annus
663 4333 803 4387 enim
825 4328 1166 4402 requietionis
1196 4338 1272 4384 est
1312 4337 1501 4395 terra;
1539 4327 1630 4382 sed
1653 4338 1806 4382 erunt
1837 4327 1976 4382 vobis
1999 4327 2053 4382 in

461 4421 658 4486 cibum,
677 4420 778 4474 tibi
806 4429 854 4474 et
880 4433 1028 4474 servo
1053 4425 1167 4483 tuo,
1188 4416 1399 4474 ancilla:
1423 4424 1472 4471 et
1505 4417 1830 4470 mercenaria
1861 4425 1976 4481 tuo,
2001 4425 2051 4469 et

464 4476 677 4567 aduente
700 4511 790 4582 qui
827 4476 1227 4580 peregrinantur
1250 4509 1392 4578 apud
1427 4518 1476 4562 te
1507 4522 1526 4559 :
1565 4507 1820 4576 jumentis
1855 4476 1972 4562 tuis.
1997 4516 2048 4561 et
2077 4476 2128 4536 Β

460 4602 734 4672 pecoribus
774 4599 952 4655 omnia
1005 4613 1124 4669 qua:
1176 4606 1467 4652 nascuntur
1507 4595 1806 4666 praebebunt
1851 4596 2042 4650 cibum.

463 4691 689 4747 Terram
725 4706 886 4762 quam
929 4699 983 4744 et
1014 4689 1124 4743 Deo
1153 4688 1309 4743 nobis
1329 4688 1459 4742 dare
1479 4686 1678 4755 placet,
1701 4693 1756 4739 et
1786 4685 1941 4739 nobis
1959 4702 2050 4738 ex-

459 4780 610 4851 pedit
630 4782 905 4850 accipere,
933 4795 1001 4835 ex
1023 4793 1131 4849 qua
1159 4793 1339 4832 veram
1373 4778 1538 4830 vitam
1567 4777 1890 4845 conquirere
1926 4791 2049 4846 pos-

459 4887 668 4936 sumus,
694 4871 748 4925 id
766 4879 849 4925 est
876 4870 1344 4924 conversationem
1370 4867 1589 4930 bonam,
1617 4881 1738 4936 qua:
1758 4875 2047 4920 cstsecun-

458 4964 587 5018 dum
622 4961 737 5032 ejus
775 4961 947 5032 legem
984 4969 1147 5029 atque
1201 4959 1454 5014 mandata
1501 4973 1622 5027 quae
1668 4958 1825 5013 nobis
1872 4958 2040 5013 dedit.

460 5052 538 5110 De
559 5069 666 5124 qua
695 5054 772 5108 ait
799 5051 974 5108 David
1002 5070 1015 5104 :
1046 5051 1186 5106 Doce
1216 5067 1298 5106 me
1325 5051 1501 5121 facere
1527 5050 1841 5106 voluntatem
1872 5059 2040 5117 tuam,

457 5146 582 5216 quia
606 5154 662 5198 tu
692 5161 744 5198 es
781 5142 926 5197 Deus
952 5158 1136 5208 meus;
1167 5139 1394 5210 Spiritus
1430 5150 1554 5196 tuus
1585 5150 1798 5196 sanctus
1827 5141 2042 5196 deducet

458 5251 541 5290 me
571 5235 623 5290 in
646 5244 787 5288 terra
813 5241 954 5287 recta
983 5230 1358 5302 (Psal.cxt.n).
1383 5229 1534 5287 llanc
1563 5233 1608 5287 si
1634 5232 2038 5298 intraverimus,

457 5343 555 5384 sex
584 5327 742 5382 annis
774 5339 955 5381 serere
993 5333 1237 5378 nostrum
1265 5338 1472 5392 agrum,
1505 5331 1776 5394 etputare
1806 5326 2037 5391 vincam,

455 5425 513 5473 et
534 5417 788 5490 colligere
812 5414 1024 5470 fruetus
1049 5415 1140 5484 qui
1175 5414 1231 5468 in
1278 5429 1343 5468 ea
1382 5423 1678 5469 nascuntur
1730 5429 2036 5483 possumus,

449 5511 512 5567 id
540 5520 648 5576 est,
683 5523 854 5580 usque
879 5507 1007 5562 dum
1033 5506 1088 5561 in
1117 5506 1218 5560 hac
1238 5506 1349 5560 vita
1377 5514 1434 5560 et
1469 5505 1524 5560 in
1547 5514 1796 5560 creatura
1843 5505 1940 5560 hac
1961 5505 2041 5559 vi-

457 5601 598 5658 sibili
627 5615 836 5665 sumus,
865 5613 1030 5670 quam
1059 5613 1153 5655 sex
1177 5597 1389 5652 dierum
1416 5613 1676 5653 numerus
1702 5606 1847 5652 recte
1880 5599 2040 5670 signi-

458 5693 608 5760 ﬁcat,
633 5693 763 5766 quia
805 5693 857 5747 in
879 5706 974 5748 sex
1002 5691 1190 5748 diebus
1222 5691 1517 5748 constituta
1554 5699 1680 5748 sunt
1707 5706 1827 5761 qua:
1857 5692 2040 5748 viden-

2084 3119 2128 3181 Ι]

2170 1863 2280 1936 xv).
2324 1864 2434 1920 Nec
2461 1879 2590 1936 ergo
2619 1865 2796 1920 colere
2821 1865 3014 1936 legalia
3038 1873 3134 1920 aut
3159 1868 3468 1938 evangelica
3493 1872 3716 1925 mandata

2167 1963 2288 2025 post
2324 1955 2527 2012 exitum
2569 1956 2637 2011 de
2662 1955 2765 2010 hac
2792 1955 2904 2010 vita
2931 1963 3027 2011 aut
3077 1956 3370 2012 transitum
3406 1961 3717 2029 poterimus;

2165 2048 2261 2104 sed
2277 2063 2379 2104 nec
2412 2063 2476 2103 ea
2497 2063 2616 2118 qua:
2636 2057 2829 2118 sponte
2849 2056 3166 2104 nascuntur
3185 2056 3413 2115 metere,
3441 2050 3497 2106 id
3526 2061 3718 2119 est,nec

2165 2150 2496 2207 quaecunque
2523 2137 2788 2193 naturalis
2807 2136 2892 2193 lex
2931 2137 2998 2193 ad
3040 2138 3409 2208 operationem
3437 2140 3720 2199 hominibus

2163 2229 2423 2299 suggerit,
2446 2228 2563 2284 haec
2585 2237 2670 2283 est
2695 2228 2840 2283 enim
2866 2242 2986 2298 qua:
3010 2237 3202 2299 sponte
3223 2229 3485 2301 gignitur,
3508 2233 3632 2302 quia
3651 2249 3720 2288 ex-

2166 2326 2248 2372 tra
2263 2318 2665 2376 meditationem
2689 2319 2952 2374 librorum
2973 2328 3029 2375 et
3051 2333 3268 2376 omnem
3290 2320 3624 2389 doctoralem
3649 2340 3722 2379 au-

2163 2409 2332 2468 ditum
2372 2410 2612 2481 suggerit
2637 2419 2692 2466 et
2707 2411 3025 2466 exhortatur
3043 2425 3165 2482 qua:
3188 2420 3317 2467 sunt
3351 2412 3528 2480 utilia,
3565 2425 3621 2470 et
3650 2431 3722 2472 co-

2162 2501 2450 2574 gitationes
2474 2503 2631 2558 nobis
2651 2501 2967 2573 adjuvantes
2987 2505 3224 2560 animam
3249 2513 3488 2575 prastat.
3515 2505 3621 2563 Sed
3641 2522 3722 2564 nec

2162 2609 2295 2649 uvas
2326 2594 2707 2663 primitiarum,
2741 2595 2856 2651 sive
2882 2604 2944 2651 ut
2968 2595 3346 2667 Septuaginta,
3373 2615 3528 2653 uuam
3553 2603 3724 2655 sancti-

2161 2685 2422 2754 ﬁcationis
2445 2683 2778 2741 vindemiare
2798 2693 2928 2742 tunc
2955 2701 3183 2743 necesse
3203 2688 3489 2744 habemus.
3537 2689 3603 2745 Et
3621 2707 3723 2762 qua

2166 2775 2240 2830 sit
2305 2777 2755 2834 sanctiﬁcationis
2814 2787 2918 2832 uva
2975 2777 3158 2833 sciunt
3209 2777 3302 2848 qui
3371 2779 3561 2836 imbuti
3619 2791 3725 2838 sunt

2161 2866 2364 2924 Christi
2393 2868 2690 2939 mysteriis.
2757 2867 2860 2924 Sed
2879 2879 3030 2924 erunt
3080 2870 3224 2924 vobis
3262 2870 3318 2924 in
3346 2871 3536 2936 cibum,
3559 2873 3644 2926 tibi
3677 2884 3724 2927 et

2159 2975 2304 3013 seruo
2334 2969 2449 3026 tuo,
2479 2959 2688 3014 ancilla:
2716 2969 2767 3014 et
2811 2961 3134 3015 mercenaria
3157 2970 3270 3028 tuo,
3310 2971 3358 3016 et
3405 2963 3609 3017 aduente
3643 2965 3727 3034 qui

2160 3051 2525 3120 peregrinatur
2551 3053 2690 3122 apud
2713 3061 2781 3117 te,
2817 3052 3073 3122 jumentis
3109 3053 3215 3107 tuis
3243 3063 3292 3108 et
3327 3054 3592 3123 pecoribus
3613 3055 3726 3108 tuis.

2160 3139 2506 3212 Quaecunque
2532 3144 2679 3197 enim
2709 3159 2856 3199 nunc
2879 3145 3090 3214 operati
3141 3142 3425 3210 fuerimus,
3450 3147 3629 3201 horum
3657 3147 3727 3200 ibi

2157 3231 2391 3288 fructum
2417 3234 2767 3305 percipimus,
2798 3243 2853 3290 et
2873 3235 3007 3290 illud
3028 3235 3220 3305 psalmi
3247 3236 3403 3290 nobis
3426 3237 3682 3305 aptabitur
3711 3253 3726 3291 :

2155 3323 2309 3380 Beati
2353 3342 2529 3381 omnes
2573 3329 2663 3399 qui
2691 3329 2870 3382 timent
2894 3327 3176 3382 Dominum
3205 3347 3222 3385 :
3255 3327 3460 3384 labores
3495 3345 3728 3383 atansum

2156 3426 2370 3470 tuarum
2403 3417 2527 3487 quia
2551 3418 2919 3483 manducabis,
2949 3417 3130 3474 beatus
3163 3436 3243 3484 es,
3286 3429 3334 3474 et
3366 3420 3494 3474 bene
3521 3420 3608 3472 tibi
3637 3419 3728 3471 erit

2157 3508 2330 3574 (Psal.
2361 3509 2586 3580 cxxvn).
2645 3509 3045 3565 Bealitudinem
3089 3511 3238 3566 enim
3267 3510 3529 3566 describit
3575 3508 3726 3563 futuri

2156 3599 2361 3664 smculi,
2392 3599 2446 3653 in
2473 3614 2580 3670 qua
2609 3599 2826 3654 beatum
2845 3607 2932 3654 est
2958 3614 3084 3655 eum
3105 3600 3326 3669 quidem
3351 3599 3634 3670 quemdam
3656 3597 3728 3652 ci-

2155 3690 2282 3745 bum
2303 3690 2582 3745 invenire:
2625 3688 2821 3744 Beatus
2869 3692 3030 3756 enim,
3060 3690 3150 3746 ille
3191 3691 3287 3756 ait,
3325 3691 3420 3761 qui
3465 3689 3726 3746 comederit

2155 3797 2342 3852 panem
2366 3781 2423 3835 in
2453 3797 2608 3852 regno
2643 3779 2890 3834 ewlomm
2913 3780 3069 3852 (Luc.
3097 3781 3232 3852 xtv).
3271 3780 3442 3836 Multo
3463 3782 3631 3851 magis
3647 3794 3726 3834 au-

2157 3882 2264 3927 tem
2283 3873 2503 3928 beatum
2529 3880 2635 3939 est,
2665 3881 2722 3928 et
2741 3887 2931 3927 servos
2950 3873 3173 3938 habere,
3201 3879 3257 3927 et
3278 3871 3508 3926 ancillas
3533 3879 3590 3926 et
3605 3884 3726 3924 mer-

2155 3965 2422 4030 cenaries,
2453 3972 2508 4019 et
2535 3965 2793 4030 advenas,
2818 3964 3064 4034 iumenta
3093 3973 3150 4020 et
3169 3978 3390 4036 pecora,
3413 3963 3529 4020 sive
3547 3978 3724 4019 secun-

2155 4056 2284 4111 dum
2312 4056 2686 4128 Septuaginta,
2715 4065 2763 4112 et
2792 4056 3004 4112 bestias.
3035 4055 3258 4126 Species
3279 4056 3426 4113 enim
3451 4053 3727 4112 113οῶςεί-

2155 4148 2280 4220 pula
2287 4157 2397 4203 tum
2415 4149 2774 4218 praebentium
2787 4149 2942 4206 nobis
2954 4149 3008 4204 in
3021 4156 3210 4206 sancta
3222 4150 3320 4206 Dei
3333 4149 3728 4207 conversatione

2156 4247 2283 4295 sunt
2305 4238 2555 4306 diversae,
2573 4240 2716 4296 servi
2748 4241 2966 4310 quidem
2991 4249 3045 4298 et
3071 4242 3283 4298 ancillae
3309 4240 3728 4314 quotquotnobis

2156 4330 2226 4386 ad
2251 4328 2626 4400 discipulatum
2659 4331 2983 4402 semetipsos
3011 4332 3374 4400 subdiderint,
3406 4333 3494 4389 vel
3513 4349 3544 4388 a
3579 4331 3726 4388 nobis

2156 4421 2321 4491 empti
2339 4421 2538 4477 fuerint
2554 4422 2621 4478 de
2640 4423 2899 4479 exteriori
2920 4426 3176 4492 servitio;
3203 4427 3527 4482 mercenarii
3559 4436 3726 4482 autem

2154 4510 2346 4576 nostri,
2383 4509 2475 4580 qui
2503 4526 2536 4565 a
2561 4512 2720 4567 nobis
2751 4512 2965 4568 invitati
2989 4522 3137 4579 sunt,
3172 4529 3280 4570 non
3313 4524 3498 4572 tamen
3531 4524 3727 4571 tantum

2151 4603 2378 4674 subjecti
2401 4615 2461 4658 ut
2483 4612 2538 4659 et
2564 4605 2706 4659 servi
2728 4614 2791 4675 et
2815 4606 3023 4662 ancilla:
3041 4608 3391 4664 nominentur
3431 4626 3446 4662 :
3497 4610 3724 4668 adven.

2152 4695 2263 4749 sive
2277 4704 2334 4749 ut
2363 4694 2530 4760 LXX,
2557 4696 2824 4766 inquilini,
2855 4697 3166 4766 adjacentes
3196 4698 3369 4764 nobis,
3396 4715 3573 4770 neque
3591 4700 3725 4755 enim

2151 4784 2404 4839 dixerunt
2431 4787 2742 4854 inquilinos,
2805 4788 2899 4842 sed
2939 4789 3199 4858 inquilino
3227 4787 3498 4858 adjacenti
3539 4790 3608 4845 ad
3661 4798 3723 4850 lc.

2151 4884 2416 4944 quotquot
2444 4875 2498 4929 in
2535 4877 2644 4930 vita
2668 4878 2770 4932 ista
2793 4893 2890 4947 per
2918 4879 3310 4948 philosophiam
3361 4881 3522 4950 quasi
3555 4879 3725 4950 inqui-

2150 4965 2244 5019 lini
2296 4973 2442 5030 sunt,
2472 4980 2578 5020 non
2606 4975 2783 5021 tamen
2811 4968 3176 5024 exterioribus
3205 4969 3476 5037 adjacent,
3502 4971 3596 5027 sed
3631 4985 3722 5024 no-

2149 5058 2253 5122 bis,
2279 5058 2368 5127 qui
2409 5058 2464 5112 in
2503 5069 2704 5116 terram
2727 5061 2926 5118 bonam
2964 5065 3192 5135 ingressi
3229 5082 3438 5133 sumus,
3477 5078 3535 5123 et
3561 5062 3724 5136 possir

2148 5148 2337 5202 demus
2351 5162 2494 5214 eam,
2514 5158 2568 5204 et
2595 5165 2715 5219 quae
2733 5153 2810 5206 ad
2830 5168 2951 5206 eam
2971 5155 3264 5222 pertinent.
3304 5156 3412 5213 Sed
3434 5167 3490 5213 et
3515 5158 3724 5226 siquem

2149 5237 2370 5292 idiotam
2397 5238 2510 5294 sive
2537 5242 2848 5310 popularem
2882 5243 3217 5311 juvabimus,
3260 5247 3316 5301 hi
3338 5249 3485 5303 enim
3509 5255 3634 5303 sunt
3644 5243 3725 5312 ju-

2150 5339 2355 5384 menta.
2394 5329 2619 5402 Insuper
2643 5342 2700 5389 et
2729 5335 2775 5388 si
2806 5349 2966 5404 quem
2989 5336 3283 5392 inﬁdelium
3311 5339 3394 5393 vel
3419 5339 3725 5410 impiorum.

2150 5421 2240 5489 qui
2266 5429 2415 5477 recte
2448 5438 2666 5492 pecora,
2699 5425 2784 5479 vel
2808 5426 2950 5481 sicut
2972 5427 3139 5494 LXX,
3168 5429 3344 5484 bestia:
3385 5430 3731 5485 nominantur

2150 5524 2466 5581 mansuetae,
2494 5515 2756 5573 facientes
2787 5519 3092 5588 relinquere
3121 5521 3306 5588 silvas,
3330 5531 3386 5578 et
3420 5523 3490 5578 ad
3533 5530 3731 5575 terram

2149 5605 2332 5658 venire
2357 5613 2598 5660 nostram
2626 5607 2935 5664 fecerimus.
2967 5609 3276 5666 Secundum
3296 5613 3592 5668 editionem
3608 5617 3734 5661 vero

2145 5692 2311 5761 LXX,
2335 5695 2424 5750 ubi
2448 5695 2686 5768 legitur:
2717 5696 2848 5752 Cum
2893 5700 3199 5756 introieritis
3237 5703 3293 5757 in
3334 5713 3532 5757 terram
3566 5708 3726 5765 quam
