3926 6176
244 278 342 335 59.9

1123 269 1624 329 EXPOSITIONES
1659 269 1729 326 IN
1768 269 2166 330 LEVITICUM.
2206 303 2280 315 —-
2315 273 2447 329 LIB.
2489 274 2602 333 Vll.

3385 278 3492 337 550

241 407 328 461 ego
354 387 490 442 dabo
524 385 691 451 vobis,
715 391 763 439 et
786 383 1089 455 requieverit
1117 391 1257 438 terra
1282 402 1437 456 quam
1459 401 1553 455 ego
1576 384 1713 438 dabo
1727 400 1815 438 ro—
1841 386 1891 446 Α
1917 401 2044 455 agro
2069 387 2358 457 nascentia,
2380 396 2429 442 et
2454 386 2712 455 primitias
2740 386 3009 441 vindemiis
3031 404 3133 442 non
3153 387 3402 461 colligetis
3428 392 3489 446 ob

242 484 311 539 bis
332 481 551 537 sabbata
568 478 781 534 Domini
803 498 823 536 :
854 478 1110 534 sexennis
1131 480 1410 533 semiuabis
1430 495 1619 550 agrum
1642 488 1810 546 tuum,

241 583 283 628 et
308 588 399 626 sea:
424 571 583 624 annis
601 569 810 640 putabis
831 568 1033 622 vineam
1069 578 1238 633 tuam,
1260 578 1310 623 st
1328 569 1664 639 congregabis
1695 569 1811 639 [ru-

238 676 369 720 ctant
397 664 537 734 ejus.
599 661 753 715 Anno
795 671 970 715 autem
1011 661 1227 730 septimo
1247 660 1448 715 sabbati
1484 661 1687 731 requies
1717 661 1817 716 erit

239 768 385 810 teme
402 753 625 808 sabbata
641 751 887 806 Domino.
914 750 1028 823 (Ea;
1041 751 1380 823 Augustino.)
1401 750 1675 818 Quaeritur
1691 767 1819 824 quo-

239 847 393 903 modo
441 843 851 917 intelligendum
895 843 990 909 sit,
1036 859 1156 898 cum
1201 843 1508 899 introieritis
1530 844 1588 899 in
1623 853 1819 899 terram

238 953 387 1010 quam
420 935 563 990 dabo
590 934 756 1000 vobis,
778 944 829 988 et
850 934 1153 1004 requieverit
1178 943 1341 999 terra,
1362 948 1639 988 ualuimus
1658 934 1818 990 semi-

239 1026 380 1080 nobis
412 1040 606 1096 agrum
630 1033 803 1089 tuum,
831 1031 887 1078 et
919 1032 1145 1089 caetera,
1163 1023 1320 1093 quasi
1351 1030 1481 1079 tunc
1522 1022 1642 1079 ﬁeri
1676 1038 1818 1095 pras-

238 1127 445 1191 ceptum
464 1119 537 1173 sit
564 1118 784 1189 quando
827 1126 972 1173 terra
1007 1118 1357 1189 requieverit,
1386 1134 1509 1173 cum
1534 1127 1820 1190 propterea

241 1221 377 1268 terra
422 1210 760 1281 requiescat,
807 1211 1069 1280 quoniam
1105 1209 1209 1265 hoc
1240 1209 1321 1264 ﬁt.
1376 1210 1637 1280 Requiem
1674 1210 1820 1266 enim

240 1307 395 1354 terra:
435 1300 675 1370 septimo
698 1300 884 1369 utique
905 1315 1052 1355 anno
1089 1299 1205 1354 vult
1224 1299 1476 1370 intelligi,
1523 1316 1633 1371 quo
1657 1300 1822 1370 jussit

240 1384 362 1449 nihil
393 1393 455 1447 in
478 1408 542 1449 ea
565 1407 893 1464 quemquam
917 1393 1131 1463 operari
1155 1409 1253 1464 per
1273 1394 1683 1464 agriculturam.
1713 1395 1821 1455 Sed

239 1484 495 1539 nimirum
519 1484 741 1556 longum
770 1485 1104 1557 hyperbaton
1131 1484 1265 1542 facit
1283 1488 1672 1544 obscuritatem
1692 1489 1819 1547 huic

238 1575 414 1630 sensui
450 1591 467 1628 :
500 1575 722 1630 videtur
739 1589 869 1649 ergo
901 1576 991 1631 hic
1017 1578 1296 1633 esselordo
1316 1578 1604 1637 verborum
1640 1599 1653 1634 :
1685 1558 1821 1637 Cum

236 1665 554 1721 introieritis
575 1666 631 1720 in
655 1673 858 1722 terram
888 1682 1048 1737 quam
1075 1683 1176 1740 ego
1199 1669 1339 1725 dabo
1350 1670 1522 1737 vobis,
1539 1678 1596 1726 et
1612 1672 1822 1742 requie—

238 1759 372 1814 verit
409 1766 564 1814 terra
607 1773 772 1829 quam
799 1733 1071 1832 egddabo
1107 1733 1281 1829 vobis,
1325 1733 1552 1819 sabbata
1582 1733 1817 1833 Domini,
1847 1733 1895 1792 Β

237 1865 351 1920 qua
376 1851 449 1905 ab
469 1866 529 1907 se
556 1859 807 1922 surgunt,
835 1867 1026 1924 agrum
1058 1863 1207 1909 tuum
1233 1858 1339 1910 non
1361 1864 1552 1922 metes,
1582 1864 1636 1911 et
1662 1872 1819 1915 uvam

239 1941 690 1999 sanctiﬁcationis
714 1952 820 2000 tua:
836 1959 945 2001 non
966 1946 1328 2003 vindemiabis
1354 1965 1368 2001 :
1395 1963 1569 2005 annus
1603 1950 1821 2021 requie-

239 2030 417 2086 scendi
451 2032 560 2088 erit
587 2040 767 2088 terrm.
819 2032 888 2089 Et
906 2044 1069 2090 erunt
1099 2035 1327 2092 sabbata
1361 2044 1523 2094 terra:
1544 2052 1669 2094 esca
1698 2040 1821 2108 tibi,

236 2130 291 2177 et
304 2137 480 2193 puero
492 2130 608 2190 tuo,
632 2132 688 2177 et
712 2124 903 2194 puellae
926 2132 1052 2192 tum,
1080 2134 1136 2182 et
1156 2129 1497 2185 mercenario
1517 2137 1633 2196 tuo,
1658 2129 1820 2186 etin-

234 2212 440 2283 quilino
458 2213 555 2283 qui
589 2213 877 2283 applicitus
906 2222 990 2271 est
1023 2215 1092 2270 ad
1142 2223 1217 2284 te,
1246 2224 1302 2272 et
1326 2218 1613 2288 pecoribus
1639 2218 1747 2275 tuis
1769 2200 1826 2279 et

236 2300 422 2357 bestiis
440 2317 564 2372 qua:
585 2313 714 2359 sunt
736 2304 788 2359 in
819 2312 968 2361 terra
1000 2313 1116 2373 tua,
1139 2322 1302 2363 omne
1321 2310 1464 2379 quod
1485 2319 1739 2367 nascetur
1754 2326 1822 2369 ex

237 2404 301 2447 eo
318 2392 373 2447 in
397 2407 604 2448 escam.
662 2393 989 2465 lnterposuit
1008 2405 1189 2451 autem
1214 2399 1533 2469 exponendo
1552 2400 1823 2470 quomodo

242 2490 385 2540 terra
427 2479 751 2555 requiescat,
781 2493 839 2541 et
866 2485 944 2541 ait
970 2502 984 2540 :
1016 2484 1125 2541 Sea:
1144 2488 1298 2543 annis
1320 2489 1605 2545 seminabis
1634 2507 1823 2562 agrum

249 2583 418 2639 tuum,
441 2585 487 2629 et
510 2590 600 2630 seu
617 2576 773 2631 anuis
798 2577 1004 2647 putabis
1030 2578 1183 2633 citent
1224 2587 1393 2645 tuam,
1416 2588 1464 2633 et
1485 2579 1823 2651 congregabis

248 2662 475 2732 fructum
499 2665 629 2734 ejus.
682 2666 838 2721 Anno
867 2676 1042 2721 autem
1070 2669 1290 2739 septimo
1319 2669 1574 2734 sabbata,
1623 2671 1823 2741 requies

234 2756 343 2809 erit
371 2765 542 2820 terrae,
573 2756 795 2811 sabbata
820 2757 1052 2812 Domini.
1106 2758 1305 2829 Agrum
1333 2770 1482 2814 tuum
1525 2776 1626 2814 non
1668 2761 1824 2815 semi-

241 2847 407 2912 nabis,
430 2857 480 2901 et
515 2849 673 2902 vitem
704 2857 852 2903 tuam
880 2865 986 2903 non
1024 2849 1251 2919 putabis.
1306 2850 1375 2905 Et
1416 2864 1515 2921 per
1550 2851 1652 2906 hoc
1680 2851 1823 2920 quod

240 2937 330 3000 ait,
376 2955 480 2991 non
506 2940 740 3009 putabis,
780 2954 1000 2995 omnem
1045 2941 1312 2997 culturam
1344 2956 1410 2997 eo
1452 2956 1597 2997 anno
1632 2942 1822 3012 prohi-

239 3025 397 3082 bitam
444 3027 711 3084 debemus
747 3029 1014 3100 accipere.
1076 3028 1261 3100 Neque
1306 3031 1453 3086 enim
1494 3031 1541 3086 si
1585 3031 1820 3101 putanda

236 3130 461 3185 nonest,
524 3122 733 3176 aranda
757 3130 866 3187 est,
919 3131 1011 3177 aut
1057 3122 1402 3179 adminiculis
1423 3124 1819 3193 suspendenda,

239 3208 314 3264 vel
340 3211 627 3279 quodlibet
650 3210 820 3278 aliud,
844 3212 988 3280 quod
1007 3212 1076 3267 ad
1098 3212 1363 3267 culturam
1392 3212 1511 3282 ejus
1530 3214 1822 3283 pertineat,

237 3298 646 3365 ahibendum;
703 3302 799 3356 sed
836 3304 1108 3372 quomodo
1134 3305 1272 3359 solet
1297 3320 1326 3357 a
1368 3314 1522 3373 parte
1543 3313 1715 3361 totum
1737 3306 1824 3361 in-

222 3388 422 3460 Jtelligi,
461 3390 541 3445 ita
588 3406 690 3461 per
718 3393 1052 3461 putationem
1072 3394 1253 3449 omnis
1279 3394 1491 3449 cultura
1519 3394 1822 3467 signiﬁcata

237 3491 344 3546 est;
365 3491 423 3537 et
459 3498 566 3554 per
591 3498 782 3553 agrum
815 3491 979 3554 atque
1002 3485 1237 3552 vineam,
1261 3501 1384 3542 cum
1405 3494 1462 3542 et
1484 3486 1634 3542 illum
1661 3488 1826 3544 semi-

238 3575 370 3641 nari,
389 3582 448 3628 et
476 3576 622 3630 hanc
661 3577 839 3645 putari
878 3578 1174 3646 prohibuit,
1200 3579 1378 3634 omnis
1406 3570 1520 3649 agri
1548 3595 1718 3651 genus
1743 3579 1825 3634 in-

238 3667 586 3739 telligendum
614 3676 720 3724 est.
774 3668 960 3740 Neque
982 3671 1130 3726 enim
1158 3672 1213 3726 in
1247 3671 1446 3728 oliveto
1470 3672 1557 3727 vel
1584 3672 1825 3743 quolibet

234 3756 455 3814 alterius
471 3758 694 3830 generis
720 3775 853 3832 agro
877 3760 1084 3832 aliquid
1112 3763 1442 3833 operandum
1480 3772 1579 3827 est,
1615 3765 1683 3820 de
1704 3764 1826 3833 qui-

237 3845 329 3902 Ilus
373 3849 571 3905 tacuit.
632 3848 790 3917 Quod
823 3865 954 3908 vero
992 3850 1092 3917 ait,
1128 3860 1177 3906 et
1218 3860 1372 3907 erunt
1414 3851 1635 3907 sabbata
1667 3860 1823 3908 terra:

234 3953 345 3993 esca
371 3940 489 4008 tibi,
515 3948 566 3994 et
592 3957 757 4011 puero
782 3951 895 4010 tuo,
922 3953 971 3998 et
1005 3942 1197 4015 puella:
1220 3953 1344 4010 tum,
1367 3951 1425 4000 et
1439 3951 1658 4012 ctetera,
1686 3944 1823 4001 satis

232 4031 462 4099 aperuit,
476 4046 583 4089 nec
597 4032 885 4091 Dominum
908 4036 1024 4107 agri
1039 4034 1374 4106 prohibitum
1391 4037 1538 4093 vesci
1568 4037 1670 4102 eis,
1701 4052 1823 4108 quae

233 4136 338 4177 non
364 4124 617 4181 adhibita
640 4125 851 4182 cultura
876 4127 971 4184 illo
998 4143 1141 4183 anno
1163 4137 1357 4199 sponte
1380 4114 1694 4196 naScantur,
1725 4127 1822 4183 sed

231 4210 440 4271 hctus
460 4216 712 4288 redigere
732 4217 1086 4288 prohibitum.
1139 4217 1233 4274 Sic
1258 4232 1390 4287 ergo
1416 4218 1716 4289 permissus
1735 4225 1823 4275 est

231 4303 436 4376 aliquid
454 4306 586 4362 inde
614 4308 673 4363 in
691 4322 875 4364 escam
896 4323 1133 4376 sumere,
1163 4308 1433 4380 quomodo
1456 4309 1823 4376 trausiens,ut

1916 478 2384 547 sanctiﬁcationens
2405 478 2637 550 jubilazi,
2668 478 2758 532 sed
2785 479 2964 533 statim
2989 478 3163 533 oblata
3188 481 3486 536 comedetis.

1917 569 2068 624 Anno
2086 568 2295 639 jubilazi
2321 568 2518 622 redient
2543 583 2719 622 omnes
2754 566 2823 621 ad
2849 567 3196 638 possessiones
3224 583 3365 623 suas.
3393 566 3493 626 llic

1918 659 2284 731 interrogandi
2326 666 2453 714 sunt
2482 656 2652 713 Judmi
2695 674 2708 712 :
2754 656 2811 712 Si
2852 656 3168 728 septimam,
3213 656 3353 714 sicut
3391 658 3493 731 ipsi

1918 754 2137 821 dicunt,
2163 753 2309 808 diem
2335 752 2612 822 legislator
2642 751 2941 818 honorans,
2974 766 3171 807 vacare
3198 752 3252 806 in
3286 752 3403 822 ipsa
3428 753 3496 809 ab

1917 844 2033 915 agri
2061 841 2318 914 operibus
2344 843 2575 914 aliisque
2609 842 2806 899 talibus
2830 842 3110 913 praecepit,
3141 841 3295 913 cujus
3324 845 3497 915 gratia

1918 943 1973 990 et
1997 934 2445 1005 quinquagesimo
2479 948 2625 989 anno
2659 947 2878 990 cessare
2912 933 2980 988 ab
3015 932 3271 1004 operibus
3297 948 3500 1005 praece-

1917 1025 2034 1094 pit?
2070 1022 2130 1080 Si
2158 1023 2304 1080 enim
2332 1022 2681 1079 hebdomadas
2716 1021 3175 1081 hebdomadarum
3202 1024 3271 1080 ad
3303 1039 3499 1081 novem

1919 1125 1973 1172 et
1993 1118 2350 1188 quadraginta
2368 1116 2643 1172 numerari
2663 1130 2836 1172 annos
2855 1115 3201 1188 colliguntur,
3218 1130 3325 1171 non
3340 1130 3502 1188 opor-

1921 1213 2069 1267 tebat
2110 1211 2617 1282 quinquagesimum
2658 1223 2875 1275 vacare,
2919 1208 3025 1265 nisi
3068 1207 3253 1264 forsan
3295 1208 3501 1281 aliquid

1919 1299 2273 1371 signiﬁcaret,
2299 1308 2352 1353 et
2377 1298 2634 1371 mysteria
2662 1297 2749 1355 lex
2778 1306 3096 1369 exponeret,
3125 1304 3245 1367 quas
3269 1297 3501 1353 necdum

1921 1403 2132 1462 tempus
2162 1398 2279 1446 erat
2314 1398 2499 1461 aperte
2532 1399 2754 1461 propter
2781 1389 3086 1445 auditorum
3128 1387 3504 1446 inﬁrmitatem

1902 1482 2139 1554 aperiri.
2168 1481 2300 1549 Quae
2326 1481 2437 1536 sint
2457 1489 2640 1537 autem
2664 1481 2799 1546 haec,
2824 1479 2949 1535 audi
2975 1493 2990 1534 :
3017 1478 3221 1550 Duplex
3252 1477 3501 1550 quaedam

1921 1571 2149 1627 infertur
2175 1587 2208 1625 a
2237 1571 2610 1626 Dcoomnium
2637 1570 2932 1626 visibilium
2956 1569 3367 1638 consummatio,
3395 1584 3503 1626 una

1920 1664 2138 1734 quidem
2169 1662 2589 1735 uniuscujusque
2618 1671 2863 1717 nostrum
2882 1702 2899 1730 ,
2927 1662 3032 1717 alia
3058 1670 3237 1717 autem
3263 1675 3505 1717 commu-

1922 1754 2008 1808 nis
2043 1752 2266 1809 humani
2301 1752 2540 1824 generis,
2584 1752 2932 1823 ipsorumque
2970 1752 3164 1808 horum
3214 1766 3335 1822 quae
3361 1750 3506 1806 hanc

1921 1862 2041 1917 qua:
2074 1860 2218 1901 nunc
2249 1854 2335 1902 est
2366 1846 2837 1903 conversationem
2867 1844 3222 1901 constituunt.
3269 1842 3377 1899 Sed
3404 1856 3507 1899 nec

1922 1935 2139 2021 quando
2182 1952 2394 2000 omnes,
2430 1943 2486 1992 et
2532 1936 2637 1991 hoc
2676 1935 2839 1990 nimis
2879 1935 3115 1990 scienter
3153 1933 3324 2005 legem
3368 1933 3508 1990 dans

1925 2030 2065 2084 Deus
2099 2027 2258 2083 nobis
2286 2027 2463 2081 innuit
2492 2026 2578 2080 his
2600 2035 2657 2082 et
2681 2024 3055 2095 superioribus
3078 2023 3261 2079 verbis
3288 2041 3301 2078 :
3331 2023 3389 2077 in
3415 2036 3508 2079 su-

1922 2119 2228 2192 perioribus
2263 2116 2516 2187 quidem,
2552 2112 2976 2183 uniuscujusque
3012 2113 3174 2168 linem
3203 2112 3506 2178 insinuans,

1925 2214 2010 2269 his
2037 2220 2218 2268 autem
2251 2209 2776 2267 consummationem
2820 2206 2987 2263 totius
3027 2205 3241 2277 generis
3284 2202 3508 2259 humani

1924 2303 2218 2373 mundique
2244 2300 2489 2357 visibilis.
2525 2298 2842 2354 Numerabis
2876 2313 2997 2368 ergo
3035 2295 3128 2350 tibi
3162 2303 3356 2366 septem
3387 2293 3511 2349 heb-

1922 2397 2179 2454 domadas
2203 2410 2487 2462 annorum,
2517 2394 2655 2459 sive,
2685 2399 2745 2447 ut
2771 2389 3144 2461 Septuaginta,
3174 2395 3368 2458 septem
3387 2401 3510 2456 ergo

1924 2487 2224 2544 numerabis
2262 2484 2354 2540 tibi
2391 2481 2591 2556 requies
2622 2495 2914 2545 annorum;
2953 2476 3172 2532 sabbata
3207 2482 3386 2530 autem
3412 2487 3513 2545 pro

1920 2580 2216 2652 requiebus
2241 2577 2434 2649 reliqui
2459 2577 2817 2646 interpretum
2838 2572 3141 2628 ediderunt.
3168 2568 3237 2623 Et
3256 2567 3387 2639 quid
3407 2568 3512 2622 hoc

1924 2674 2043 2730 est?
2074 2671 2295 2742 Septem
2319 2670 2465 2726 enim
2493 2669 2572 2724 ait
2597 2665 2966 2723 hebdomadas
2993 2676 3259 2719 annorum
3288 2658 3512 2730 septies,

1926 2775 1983 2822 et
2029 2773 2156 2821 sunt
2192 2772 2399 2835 septem
2440 2760 2807 2819 hebdomades
2844 2770 3111 2813 annorum
3155 2751 3512 2824 quadraginta

1925 2870 2119 2912 novem
2146 2855 2302 2921 anni;
2332 2854 2459 2924 quia
2484 2851 2631 2907 enim
2656 2849 2714 2903 in
2741 2846 3078 2903 hebdomade
3104 2845 3311 2901 dierum
3341 2850 3513 2898 totum

1926 2944 2186 3001 saeculum
2215 2943 2511 2998 humanum
2532 2938 2813 3002 dividitur,
2844 2934 3058 3005 quando
3086 2933 3176 2987 hic
3203 2932 3320 3001 ipse
3349 2930 3403 2984 in
3427 2943 3514 2984 se-

1926 3033 2160 3105 metipso
2182 3031 2573 3102 multiplicatus
2602 3027 2787 3093 fuerit,
2815 3034 2872 3081 et
2905 3031 3017 3080 tota
3044 3022 3225 3080 saeculi
3247 3020 3512 3091 completa

1924 3123 2091 3180 fuerit
2117 3122 2446 3189 volubilitas,
2469 3119 2625 3192 cujus
2652 3127 2865 3190 tempus
2881 3115 3108 3172 Creator
3133 3112 3395 3178 deﬁnivit,
3422 3110 3515 3167 diu

1924 3215 2276 3286 semetipsum
2298 3212 2522 3270 volvens
2549 3211 2618 3267 ad
2645 3210 2809 3266 ﬁnem
2837 3206 3104 3281 pervenit.
3131 3205 3200 3261 Et
3223 3211 3515 3276 propterea

1924 3307 2018 3364 ille
2047 3307 2172 3362 linis
2213 3304 2474 3377 temporis
2503 3301 2966 3360 hebdomadarum
3004 3308 3152 3358 recte
3188 3297 3510 3370 appellatur,

1926 3397 2020 3469 qui
2061 3395 2509 3468 quadragesimus
2549 3407 2727 3449 nonus
2773 3405 2952 3450 annus
2993 3397 3096 3447 est.
3150 3387 3257 3444 Sed
3301 3394 3517 3458 oportet

1925 3487 2090 3543 etiam
2121 3494 2436 3557 sequentem
2466 3480 2972 3555 quinquagesimum
2991 3519 3007 3547 ,
3033 3479 3176 3535 sicut
3202 3477 3278 3532 ait
3312 3477 3403 3532 hic
3435 3474 3514 3531 lc-

1923 3578 2166 3651 gislator,
2215 3576 2528 3642 succedere,
2577 3575 2635 3630 in
2685 3587 2795 3643 quo
2836 3579 3175 3627 mortuorum
3220 3567 3281 3624 ﬁt
3327 3583 3513 3623 resur-

1924 3668 2127 3735 rectio;
2172 3674 2296 3739 post
2334 3666 2478 3722 enim
2518 3664 2682 3719 linem
2719 3661 3048 3720 resurrectio
3085 3660 3351 3729 sequitur,
3394 3672 3516 3728 qua:

1926 3758 2198 3830 quomodo
2227 3762 2285 3813 et
2321 3752 2774 3827 quemadmodum
2811 3750 3097 3823 proveniat
3130 3747 3264 3805 dicit
3293 3748 3511 3818 quidem

1925 3847 2157 3914 Paulus,
2203 3844 2457 3903 similiter
2501 3850 2684 3898 autem
2726 3849 2783 3897 et
2830 3839 3108 3911 legislator
3152 3836 3514 3909 praesentibus

1925 3937 2165 3995 subdidit
2182 3936 2388 4002 verbis,
2412 3935 2490 3990 ait
2508 3934 2654 3991 enim
2683 3951 2698 3988 :
2722 3932 2791 3987 Et
2816 3931 3069 4003 clangetis
3096 3929 3314 3986 buccina
3335 3942 3512 3985 mense

1922 4028 2139 4101 septimo
2176 4029 2233 4084 in
2263 4026 2509 4082 universa
2545 4036 2687 4080 terra
2713 4031 2904 4087 vestra,
2941 4019 3089 4074 illam
3129 4019 3312 4075 tubam
3347 4016 3515 4089 signi-

1925 4118 2097 4179 ﬁcans
2138 4119 2206 4174 de
2250 4133 2357 4189 qua
2402 4116 2603 4172 Paulus
2650 4113 2845 4170 scribit
2892 4108 3510 4167 Thessalonicensibus:

1926 4210 2065 4277 Quia
2106 4211 2214 4281 ipse
2252 4208 2510 4262 Dominus
2548 4207 2604 4260 in
2639 4206 2815 4276 jussu,
2842 4204 2896 4257 in
2937 4218 3058 4257 voce
3098 4198 3418 4270 archangeli,
3457 4198 3515 4252 in

1923 4304 2049 4359 tuba
2079 4303 2175 4358 Dei
2202 4301 2477 4357 descendet
2506 4301 2572 4354 de
2596 4299 2745 4367 cmlo,
2779 4307 2829 4353 ct
2863 4296 3057 4352 mortui
3087 4296 3178 4367 qui
3211 4296 3267 4349 in
3300 4293 3510 4350 Christo

230 4391 529 4453 hocsolum
549 4407 772 4469 caperet
796 4400 941 4471 quod
957 4401 1141 4455 statim
1158 4399 1427 4458 vescendo
1449 4407 1816 4465 consumeret,
1842 4420 1898 4481 D
1922 4405 2043 4453 sunt
2070 4404 2337 4466 resurgent
2356 4394 2645 4462 incorrupti
2676 4391 2729 4465 (Ι
2763 4390 2943 4447 Thess.
2980 4388 3090 4462 tv);
3118 4396 3336 4461 oportet
3362 4387 3513 4453 enim

228 4497 347 4542 non
376 4487 525 4561 quod
566 4489 627 4545 in
654 4504 783 4547 usus
823 4500 1134 4562 reponeret.

244 4580 369 4713 ’ᾗ
849 4619 1078 4678 CAPUT
1115 4616 1203 4676 γι.

248 4762 395 4815 iam
416 4712 502 4787 De
532 4730 883 4787 observatione
908 4730 1123 4788 Jubilaei
1151 4740 1197 4786 et
1224 4730 1465 4802 legitimis
1494 4733 1630 4801 ejus.

272 4844 483 4916 lbra.)
527 4845 846 4902 Numerabis
877 4863 1080 4918 quoque
1115 4847 1209 4901 tibi
1245 4855 1436 4917 septem
1465 4845 1818 4900 hebdomadas

227 4950 516 5003 alterum,
559 4939 614 4992 id
652 4948 752 5004 est,
789 4947 982 5009 septem
1019 4941 1224 5010 septies,
1267 4955 1384 5010 qua:
1418 4938 1576 4993 simul
1615 4937 1815 5005 faciunt

226 5046 397 5085 annos
420 5031 778 5101 quadraginta
808 5047 990 5087 novem
1019 5044 1039 5083 .'
1077 5040 1124 5085 et
1151 5030 1359 5101 clanges
1388 5030 1608 5084 buccina
1641 5044 1815 5083 mense

226 5120 451 5187 septimo
485 5118 692 5174 decima
727 5120 813 5175 die
849 5123 1042 5176 mensis
1072 5120 1459 5191 propitiationis
1493 5130 1722 5190 tempore
1757 5120 1811 5172 in

230 5210 473 5265 uniuersa
512 5221 654 5266 terra
694 5223 883 5268 uestra.
924 5211 1389 5285 Sanctiﬁcabisque
1422 5228 1621 5267 annum
1654 5212 1811 5282 quin-

222 5302 611 5372 quagesimum,
637 5312 687 5358 et
719 5303 925 5359 vocabis
950 5304 1299 5360 remissionem
1325 5305 1528 5359 cunctis
1550 5304 1814 5359 habitato-

231 5388 376 5443 ribus
402 5399 560 5445 terra:
586 5400 695 5446 tute
732 5404 750 5442 :
780 5391 891 5462 ipse
921 5403 998 5448 est
1031 5394 1169 5448 enim
1196 5393 1472 5463 jubilteus.
1517 5391 1816 5447 Revertetur

228 5479 387 5537 beato
412 5483 481 5537 ad
502 5484 883 5555 possessionem
907 5501 1081 5552 suam,
1108 5495 1156 5541 et
1178 5487 1533 5558 unusquisque
1560 5486 1720 5540 rediet
1747 5487 1816 5541 ad

232 5569 492 5639 familiam
531 5576 810 5646 pristinam
836 5619 851 5643 ,
891 5579 1015 5649 quia
1048 5577 1297 5648 jubiltrus
1334 5588 1431 5645 est,
1473 5587 1522 5633 et
1559 5580 1818 5649 quinqua-

230 5661 455 5734 ναίω
492 5682 684 5723 anuus.
725 5665 849 5722 Non
886 5669 1066 5725 teretis
1107 5686 1271 5741 neque
1312 5669 1510 5726 metetis
1546 5678 1726 5740 sponte
1762 5669 1816 5722 in

1929 4494 2272 4544 mortuorum
2315 4483 2771 4560 resurrectionem
2801 4481 3157 4538 suscitantem
3182 4496 3277 4539 eos
3300 4495 3510 4555 prace-

1928 4579 2059 4636 dere
2086 4577 2293 4633 tubam.
2332 4575 2487 4632 Unde
2515 4574 2572 4630 in
2616 4574 3030 4646 quadragesimo
3076 4582 3133 4630 et
3169 4589 3313 4631 nono
3343 4588 3508 4639 anno,

1928 4671 1983 4727 in
2020 4685 2130 4741 quo
2164 4682 2506 4725 communem
2544 4667 2779 4722 diximus
2815 4665 3333 4721 consummationem
3368 4663 3509 4731 ﬁeri,

1928 4764 2055 4819 tuba
2084 4762 2209 4818 cani
2244 4760 2504 4832 praecipit.
2543 4758 2611 4813 In
2636 4775 2810 4813 mense
2837 4766 3011 4813 autem
3036 4759 3276 4826 septimo,
3306 4755 3511 4810 decima

1928 4854 2117 4908 mensis
2142 4850 2563 4923 propitiationis
2618 4859 2845 4915 tempore
2908 4847 3114 4916 clanges
3180 4843 3405 4935 bucgtta
3432 4845 3510 4935 Ain

1925 4944 2168 4997 universa
2194 4949 2337 4996 terra
2366 4946 2553 5002 uestra,
2582 4947 2732 4993 recte
2759 4935 3020 5007 praecipit,
3050 4950 3148 5005 per

1924 5048 2049 5089 nem
2089 5029 2464 5094 manifestans,
2497 5027 2624 5099 quia
2656 5034 2880 5098 propter
2899 5025 3194 5083 bonitatem
3223 5039 3353 5095 erga
3383 5012 3521 5090 nos,’

1923 5131 1980 5179 et
2003 5120 2349 5178 clementiam
2377 5133 2504 5190 erga
2527 5132 2686 5173 omne
2716 5132 2887 5189 genus
2918 5117 3233 5181 humanum,
3266 5129 3508 5173 commu-

1922 5214 2009 5269 nis
2037 5208 2454 5268 resurrectionis
2487 5208 2767 5278 dispensat
2801 5206 3123 5279 mysterium
3143 5245 3157 5270 ,
3195 5204 3504 5260 misericor-

1923 5302 2069 5358 diam
2103 5298 2419 5371 impendens
2455 5296 2660 5360 Adam,
2708 5297 2801 5369 qui
2842 5312 2941 5367 per
2986 5295 3402 5352 inobedientiam
3448 5292 3502 5347 in

1922 5400 2125 5446 terram
2150 5390 2347 5447 reverti
2371 5387 2556 5457 jussus
2581 5396 2685 5444 est.
2713 5388 2770 5442 Si
2795 5389 2940 5443 enim
2962 5403 3067 5443 non
3100 5386 3352 5440 misertus
3378 5398 3505 5454 pro-

1922 5482 2213 5553 pitiatusve
2252 5480 2477 5545 fuisset,
2515 5495 2623 5535 non
2664 5495 2788 5534 eum
2831 5496 2861 5534 a
2902 5477 3246 5546 corruptione
3284 5485 3502 5532 terrena

1924 5575 2225 5628 liberasset.
2267 5573 2413 5626 Dixit
2448 5578 2657 5634 autem,
2690 5586 2891 5623 omnem
2926 5582 3149 5630 terram,
3184 5566 3307 5634 quia
3341 5567 3504 5623 totius

1923 5668 2027 5724 crit
2057 5667 2278 5723 humani
2305 5666 2520 5740 generis
2568 5664 2917 5749 resurrectio;
2952 5675 3046 5731 per
3084 5659 3370 5730 septimum
3405 5676 3500 5725 au-
