3918 6180
421 251 520 308 551

1077 240 1137 297 Β.
1181 238 1434 296 RABANI
1474 235 1694 295 MAUIU
1734 233 1997 293 ARCHIE

2102 231 2411 294 MOGUNT.
2453 229 2740 291 OPERUM
2779 231 2959 289 PARS
2996 232 3038 288 ι.

3588 230 3687 289 5ὗὲ

415 373 525 420 tem
563 373 806 417 mensem
849 365 904 414 et
942 355 1208 413 decimam
1244 356 1416 420 diem,
1448 368 1572 410 eum
1601 353 1695 424 qui
1729 354 1845 410 hinc
1873 352 2003 423 egit,
2033 355 2082 415 Α
2111 351 2212 406 hac
2249 352 2357 407 vita
2397 365 2508 407 non
2552 349 2980 419 conquisivimus
3019 348 3076 403 in
3117 346 3316 405 smculo
3356 346 3565 416 futuro,
3605 351 3692 408 sed

414 453 666 511 videlicet
688 450 964 508 Christum
985 488 1001 514 ,
1035 447 1362 518 intelligens,
1393 461 1581 503 mense
1605 445 1748 501 enim
1774 444 2007 514 septimo

415 545 591 610 aetatis
617 540 804 598 mundi
838 540 1018 606 venit,
1057 539 1211 612 cujus
1239 553 1482 594 mensem
1510 538 1744 609 ρι’ἰιιιιιιιι
1773 537 2004 593 dicimus

417 655 542 695 cum
569 638 661 708 qui
690 635 790 691 fuit
819 637 872 690 in
902 633 1182 707 paradiso;
1223 631 1542 697 secundum,
1571 644 1743 700 usque
1772 630 1839 685 ad
1866 629 2007 685 dilu-

417 729 594 792 vium;
634 726 874 789 tcrtium,
899 739 1072 794 usque
1101 723 1168 778 ad
1195 722 1498 778 Abraham:
1529 729 1806 792 quartum,
1833 735 2005 790 usque

417 817 486 873 ad
516 826 728 886 tempus
751 829 860 885 quo
889 814 1206 869 descensum
1232 819 1317 867 est
1351 812 1405 866 in
1431 811 1697 883 Egypto;
1727 811 1999 880 quintum,

417 922 588 977 usque
611 907 677 960 ad
701 903 1066 975 captivitatem
1092 903 1148 958 in
1171 903 1550 974 Babyloniam;
1576 910 1809 968 sextum,
1831 917 2004 973 usque

415 996 484 1051 ad
516 995 804 1051 adventum
835 993 1072 1060 Christi;
1110 993 1428 1064 septimum,
1460 992 1635 1062 ipsum
1668 992 1882 1048 Domini
1907 993 2004 1048 ad-

415 1097 654 1144 ventum.
683 1087 818 1142 Nam
840 1087 942 1142 etsi
971 1103 1078 1143 non
1099 1099 1290 1142 omnes
1312 1085 1397 1141 lue
1425 1083 1781 1141 diﬁ‘erentiam
1807 1099 2000 1155 quam-

414 1178 536 1233 dam
568 1179 709 1233 inter
735 1193 797 1258 se
823 1186 1012 1234 tetates
1039 1178 1273 1243 habent,
1302 1186 1484 1233 tamen
1512 1185 1816 1247 temporum
1846 1177 2000 1246 signa

413 1272 555 1327 sicut
602 1288 822 1329 menses
857 1273 1092 1339 habent;
1143 1272 1239 1328 sed
1285 1271 1549 1327 decimam
1596 1271 1740 1326 diem
1781 1279 2005 1341 propter

412 1363 878 1432 imperfectionem
907 1363 1078 1430 addit,
1109 1363 1384 1434 perfectus
1411 1363 1606 1434 quippe
1632 1377 1892 1418 numerus
1917 1369 2002 1418 est

2107 443 2211 498 frui
2241 444 2326 498 his
2353 458 2476 513 qua:
2500 442 2590 497 hic
2615 441 2826 512 operati
2858 439 3137 495 fuerimus.
3171 438 3431 510 Saluitur
3456 457 3470 494 :

2179 535 2406 604 Quando
2434 535 2619 590 vendes
2647 532 2921 604 quidpiam
2957 532 3058 587 cici
3091 541 3202 595 tuo,
3233 530 3311 588 uel
3346 547 3486 586 emes
3523 532 3588 586 ab
3617 551 3693 599 eo,

2105 648 2170 686 ne
2190 631 2463 689 contristes
2493 629 2712 699 fratrem
2740 639 2912 691 tuum,
2939 625 3030 680 sed
3045 625 3204 696 juxta
3231 640 3510 682 numerum
3536 641 3695 679 anno-

2106 738 2224 775 rum
2249 719 2460 791 jubiltei
2488 736 2624 774 emes
2654 717 2719 771 ab
2745 733 2826 781 eo,
2861 727 2912 771 et
2931 716 3089 786 juxta
3120 717 3550 787 supputationem
3587 717 3693 786 [ru-

2103 827 2227 882 gum
2267 811 2448 866 vendet
2481 810 2596 864 tibi.
2641 807 2853 875 Quanto
2891 808 3010 880 plus
3042 809 3168 864 anni
3205 809 3554 870 remanserint
3589 822 3692 881 post

2095 904 2394 976 jubilteum,
2425 913 2573 959 tanto
2607 903 2792 958 crescit
2815 903 3073 973 pretium;
3102 911 3151 958 et
3176 912 3372 972 quanto
3400 903 3582 958 minus
3607 921 3695 958 nu-

2102 997 2384 1053 meraveris
2409 995 2678 1065 temporis,
2705 1003 2852 1048 tanto
2875 993 3095 1048 minoris
3118 1002 3168 1050 et
3193 993 3385 1064 emptio
3413 995 3693 1060 constabit,

2102 1101 2302 1161 tempus
2331 1089 2473 1144 enim
2499 1086 2713 1158 frugum
2738 1085 2921 1141 vendet
2948 1085 3060 1140 tibi.
3104 1083 3280 1139 Nolite
3306 1085 3537 1156 aﬂligere
3574 1102 3693 1140 con-

2100 1181 2316 1237 tribules
2348 1189 2564 1245 vestros,
2601 1178 2692 1233 sed
2722 1178 2901 1232 timeat
2933 1177 3286 1248 unusquisque
3311 1175 3483 1232 Deum
3517 1193 3694 1243 suum,

2101 1273 2226 1344 quia
2257 1287 2353 1343 ego
2391 1269 2651 1325 Dominus
2689 1267 2833 1323 Deus
2860 1277 3042 1322 vester.
3084 1266 3217 1322 Esse
3244 1265 3484 1334 aliquam
3513 1266 3695 1321 vendi-

2102 1365 2339 1430 tionem,
2393 1359 2550 1430 cujns
2606 1362 2724 1416 sine
2779 1367 3006 1432 argento
3057 1364 3369 1414 contractus
3422 1357 3692 1427 provenit,

411 1449 655 1508 decimus
683 1467 697 1506 :
728 1453 1167 1524 propitiationem
1197 1463 1440 1510 nostram
1467 1470 1566 1525 per
1589 1467 1806 1510 crucem
1839 1463 2001 1526 atque
2101 1465 2290 1530 aperte
2325 1469 2426 1511 nos
2461 1452 2627 1509 Isaias
2664 1451 2870 1516 docuit,
2905 1463 3032 1504 cum
3069 1447 3190 1508 ait:
3231 1445 3424 1504 Omnes
3459 1446 3694 1502 sitientes

409 1547 718 1616 passionem
766 1546 1016 1604 Christus
1063 1548 1294 1621 peregit,
1341 1549 1486 1605 unde
1530 1558 1586 1605 et
1635 1564 1793 1605 ovem
1838 1563 1999 1620 quam
2099 1552 2265 1608 venite
2299 1549 2580 1619 adaqnas,
2615 1554 2663 1600 et
2689 1544 2780 1616 qui
2822 1559 2927 1598 non
2970 1540 3169 1597 habetis
3200 1549 3474 1609 argentum
3511 1553 3694 1609 prope-

411 1637 624 1709 llioyses
654 1639 899 1710 praecipit
927 1640 1216 1707 immolari,
1247 1640 1545 1711 perfectam
1567 1657 1690 1698 esse
1710 1650 1765 1697 et
1788 1643 1998 1698 decima
2102 1653 2236 1708 rate,
2285 1641 2440 1695 emite
2483 1648 2530 1693 et
2557 1637 2813 1693 comedite
2852 1633 2988 1706 (lsa.
3017 1631 3129 1702 ιν).
3171 1631 3402 1703 Pmptcr
3433 1631 3580 1699 quod
3615 1629 3693 1685 sie

412 1730 499 1785 die
525 1732 767 1801 separari
803 1733 1086 1805 prmeepit,
1113 1733 1273 1803 hujus
1301 1743 1578 1806 gerentem
1614 1734 1904 1806 imaginem
1933 1735 2000 1791 de
2028 1712 2074 1772 Β
2102 1733 2316 1790 dicebat
2357 1729 2554 1785 Petrus
2575 1727 2944 1786 condemnans
2975 1725 3258 1788 Simonem
3285 1739 3300 1776 :
3334 1721 3571 1778 Pecunia
3601 1730 3692 1774 tua

409 1838 518 1894 quo
541 1825 698 1882 nobis
724 1841 865 1881 nunc
890 1823 1069 1883 sermo
1089 1836 1189 1892 est.
1215 1825 1354 1895 Quid
1374 1836 1553 1883 autem
1579 1828 1666 1885 his
1686 1829 1929 1884 addidit?

481 1915 952 1989 Sanctiﬁcabisque
981 1935 1179 1973 annum
1217 1920 1703 1992 quinquagesimum
1723 1959 1737 1987 ,
1770 1929 1817 1975 et
1847 1937 1998 1976 voca-

409 2007 487 2061 bis
526 2008 880 2062 remissionem
908 2008 1107 2063 cunctis
1144 2008 1524 2064 habitatoribus
1552 2021 1708 2066 terra:
1743 2019 1868 2064 tute.
1903 2007 1999 2065 Se-

406 2099 686 2172 ptuaginta
720 2109 903 2156 autem
929 2099 1151 2166 addunt,
1183 2117 1355 2156 annus
1382 2101 1703 2156 remissionis
1731 2102 1830 2155 erit
1858 2101 1998 2156 vobis

405 2192 720 2264 signiﬁcatio
760 2192 892 2258 Inec,
931 2201 982 2247 et
1013 2192 1447 2261 sanetificabitur,
1482 2192 1540 2248 id
1569 2201 1682 2257 est,
1714 2192 1770 2246 in
1801 2191 1999 2247 sancti-

406 2283 755 2338 monia-hunc
783 2290 1119 2352 exspectate,
1138 2291 1194 2337 et
1223 2290 1410 2337 sancta
1441 2283 1507 2336 de
1531 2295 1598 2337 eo
1627 2281 1882 2352 cogitate,
1905 2282 1999 2337 sed

405 2378 460 2424 et
483 2369 899 2426 sanctimoniam
926 2371 981 2426 in
1010 2385 1075 2426 eo
1100 2371 1376 2442 eorrigite,
1403 2371 1817 2427 reminiscentes
1847 2371 1998 2428 illum

405 2461 497 2532 qui
529 2462 688 2528 dixit,
714 2461 909 2518 Pacem
937 2465 1213 2534 sequimini
1233 2481 1357 2519 eum
1377 2464 1620 2520 mribus
1641 2475 1689 2520 et
1718 2466 2000 2521 sanctimo-

407 2553 573 2618 niam,
606 2554 719 2608 sine
746 2571 851 2626 qua
883 2553 1060 2608 nullus
1088 2554 1274 2610 videbit
1302 2555 1490 2611 Deum.
1528 2554 1636 2612 Sed
1669 2565 1725 2612 et
1747 2555 2000 2614 omnibus

407 2643 502 2714 qui
533 2651 660 2698 sunt
686 2644 740 2699 in
773 2652 915 2699 terra
961 2645 1338 2700 remissionem
1365 2647 1749 2703 annuntietnus
1776 2646 2000 2719 prolata!

406 2743 598 2790 contra
626 2750 725 2790 nos
751 2743 975 2806 propter
996 2735 1170 2791 kdam
1197 2735 1501 2803 sententiae,
1531 2736 1858 2810 signiﬁcatio
1883 2739 2000 2794 hanc

407 2833 520 2892 est;
545 2825 760 2898 signum
787 2833 876 2880 est
904 2825 1048 2880 enim
1073 2834 1413 2881 mortuorum
1441 2827 1770 2882 resurrectio
1793 2824 1999 2882 Christi

405 2915 672 2980 victoriae,
699 2929 798 2986 per
820 2929 982 2986 quam
1009 2915 1141 2971 vicit
1163 2916 1464 2983 inimicum,
1496 2917 1679 2973 omnia
1704 2917 2000 2986 sulijieiens

406 3003 532 3071 sibi,
576 3011 632 3060 ct
673 3003 958 3068 destruens
1000 3012 1262 3072 mortem,
1297 3006 1753 3076 quemadmodum
1801 3005 2002 3062 Paulus

2101 1835 2272 1880 tecum
2313 1823 2380 1878 sit
2407 1823 2462 1876 in
2495 1819 2862 1892 perditionem,
2892 1817 3014 1888 quia
3045 1817 3243 1874 donum
3285 1811 3380 1867 Dei
3419 1810 3694 1868 a'stimasti

2100 1917 2320 1989 pecunia
2350 1913 2626 1986 possideri.
2661 1911 2867 1966 Bonum
2895 1919 2952 1966 et
2977 1923 3104 1967 vere
3141 1908 3358 1964 beatum
3393 1916 3512 1964 est.
3551 1905 3696 1975 quod

2101 2006 2343 2078 spiritale
2385 2014 2489 2068 est,
2521 2017 2627 2059 non
2661 2010 2842 2056 tamen
2873 1999 3027 2069 cujus
3071 1997 3467 2070 possessionem
3515 1995 3600 2052 fas
3627 1995 3698 2052 sit

2099 2098 2331 2170 pecunia
2361 2093 2606 2165 adipisci.
2635 2090 2822 2148 Talem
2850 2100 2907 2148 ct
2936 2104 3077 2146 nunc
3101 2088 3468 2146 venditionem
3494 2097 3550 2142 et
3583 2101 3698 2156 pos-

2099 2188 2402 2246 sessionem
2423 2183 2722 2258 spiritalem
2745 2182 2831 2238 lex
2856 2180 3124 2253 proponit.
3149 2179 3238 2234 Ait
3261 2178 3441 2235 enim:
3467 2178 3699 2244 Quando

2101 2279 2288 2335 vendes
2307 2276 2577 2350 quidpiam
2605 2274 2704 2329 civi
2733 2283 2850 2338 tuo,
2877 2270 2956 2326 rel
2984 2287 3118 2326 emes
3147 2269 3213 2323 ab
3237 2285 3318 2333 eo,
3359 2267 3414 2322 id
3453 2276 3562 2330 est,
3604 2266 3698 2320 ali-

2099 2383 2268 2440 quam
2289 2366 2627 2431 doctrinam;
2672 2374 2764 2418 aut
2798 2361 3026 2425 dederis,
3063 2371 3153 2414 aut
3195 2359 3478 2428 acceperis,
3507 2357 3562 2414 id
3590 2367 3696 2419 est,

2100 2470 2196 2517 aut
2221 2459 2495 2526 docueris,
2519 2466 2615 2512 aut
2638 2455 2864 2512 edoctus
2894 2453 3064 2509 fueris
3090 2472 3104 2507 :
3131 2453 3246 2508 haec
3271 2460 3354 2508 est
3375 2451 3524 2506 enim
3556 2452 3696 2510 bona

2100 2553 2373 2626 possessio
2415 2564 2539 2622 qua!
2593 2549 2663 2605 ad
2711 2545 3108 2619 possessionem
3155 2543 3321 2600 futuri
3373 2540 3700 2600 transmittit

2097 2646 2305 2704 saeculi.
2337 2643 2484 2701 Bene
2509 2651 2691 2698 autem
2715 2639 3036 2710 conjunxit:
3073 2637 3300 2704 Quando
3328 2636 3521 2690 vendes
3544 2635 3698 2705 quid-

2100 2740 2243 2811 piam
2271 2738 2372 2794 civi
2399 2749 2514 2804 tuo,
2543 2735 2619 2790 vel
2652 2751 2788 2790 emes
2814 2734 2879 2789 ab
2912 2749 3008 2799 eo;
3037 2731 3360 2786 alterutrum
3390 2729 3540 2784 enim
3569 2738 3696 2784 sunt

2103 2830 2326 2895 divitiae,
2351 2828 2674 2885 alterutrum
2705 2824 2997 2896 possessio,
3029 2821 3275 2892 discipuli
3322 2829 3488 2891 atque
3512 2821 3697 2875 docto-

2103 2920 2201 2986 ris,
2249 2919 2394 2990 quod
2433 2917 2774 2973 demonstrat
2816 2913 3015 2970 Paulus
3056 2911 3352 2968 Corinthiis
3396 2911 3694 2968 scribens:

2100 3011 2246 3078 Quia
2273 3011 2445 3083 gloria
2473 3021 2642 3066 vestra
2686 3024 2888 3075 suntus,
2933 3007 3067 3069 sicut
3099 3016 3147 3060 et
3192 3022 3278 3061 vos
3321 3003 3583 3064 nostrain
3617 3002 3702 3056 dic

406 3094 526 3149 ait:
561 3091 842 3165 Oportebat
875 3095 1013 3149 enim
1053 3111 1171 3149 eum
1199 3111 1419 3166 regnare
1444 3096 1608 3152 donec
1634 3106 1795 3168 ponat
1823 3097 2000 3152 inimi-
2026 3079 2071 3143 ο
2099 3079 2300 3157 Christi
2340 3101 2471 3156 Iesu
2509 3099 2592 3172 (ll
2629 3097 2754 3155 Cor.
2799 3096 2864 3170 ι).
2915 3095 2994 3152 Nc
3037 3095 3322 3152 contristet
3362 3109 3498 3164 ergo
3536 3093 3701 3148 Ιιοιιιο

405 3203 494 3241 eos
537 3186 634 3241 sub
682 3186 900 3258 pedibus
929 3187 1059 3254 suis,
1103 3188 1384 3243 novissima
1427 3199 1601 3244 autem
1647 3191 1864 3245 inimica
1909 3191 2000 3246 de-
2093 3194 2352 3260 i'rstrem,
2387 3193 2440 3248 id
2467 3199 2574 3257 est,
2601 3200 2661 3246 ut
2689 3204 2794 3246 non
2820 3203 2985 3260 super
3009 3187 3264 3243 virtutem
3299 3185 3585 3256 discipuhs
3615 3186 3696 3240 in-

405 3287 639 3333 struatur
675 3293 816 3332 mors
853 3276 908 3348 (Ι
938 3276 1063 3333 Cor.
1096 3278 1210 3350 xv).
1251 3277 1376 3334 Sed"
1393 3279 1716 3350 signiﬁcatio
1752 3281 1870 3336 hinc
1901 3295 2001 3352 per
2101 3301 2376 3360 geramus,
2408 3283 2502 3341 sed
2526 3299 2648 3354 quae
2667 3284 2750 3338 eis
2777 3291 2904 3338 sunt
2927 3280 3231 3353 possibilia,
3258 3280 3311 3335 id
3341 3287 3449 3341 est,
3479 3278 3700 3348 virgini-

406 3368 774 3441 ενεηεειῑείιηι
817 3369 1260 3440 Ψωάίοεηῖοηθῐη
1291 3368 1540 3438 ementiri
1572 3369 1825 3428 Christus
1851 3373 1998 3427 enim
2101 3386 2266 3432 tatem
2293 3376 2344 3432 ei
2383 3375 2474 3432 cui
2504 3373 2778 3446 possibilis
2819 3380 2934 3438 est,
2981 3371 3058 3428 illi
3087 3370 3344 3426 videlicet
3369 3370 3439 3426 de
3479 3383 3592 3440 quo
3629 3367 3700 3422 ait

407 3459 703 3516 adveniens
735 3473 856 3515 eam
892 3459 1222 3531 signiﬁcavit
1260 3469 1424 3531 atque
1460 3460 1777 3532 praedicavit
1815 3479 1828 3516 :
1871 3471 1999 3518 tunc
2093 3467 2300 3523 Paulus
2332 3485 2345 3520 :
2381 3465 2486 3534 Qui
2513 3465 2698 3520 statuit
2723 3465 2779 3518 in
2820 3468 2976 3518 corde
2999 3477 3095 3519 suo
3123 3461 3330 3531 ﬁrmus,
3366 3477 3472 3514 non
3500 3459 3699 3514 habens

408 3561 690 3606 revertetur
712 3551 870 3606 homo
891 3551 962 3606 ad
984 3551 1358 3622 possessionem
1379 3568 1554 3619 suam,
1575 3561 1622 3608 et
1645 3554 2001 3625 unusquisque
2102 3558 2482 3621 necessitatem,
2525 3563 2833 3626 potestatem
2872 3562 3047 3610 autem
3073 3550 3225 3606 habet
3251 3567 3365 3605 sua:
3391 3549 3698 3612 uoluntatis,

408 3643 595 3699 redibit
637 3643 706 3697 ad
749 3643 1008 3714 familiam
1048 3646 1347 3715 pristinam.
1381 3643 1472 3702 Vel
1491 3687 1506 3712 ,
1547 3647 1688 3702 sicut
1720 3644 1900 3714 LXX,
1930 3645 1999 3699 ad
2102 3656 2149 3704 et
2180 3651 2280 3702 hoc
2308 3645 2558 3702 indicauit
2587 3645 2642 3698 in
2666 3644 2820 3698 corde
2850 3659 2944 3697 suo
2970 3641 3235 3697 custodire
3261 3640 3511 3711 uirginem
3541 3655 3698 3694 suam

406 3737 634 3808 patriam
663 3754 847 3804 suam;
885 3739 1157 3809 possessio
1185 3740 1328 3794 enim
1368 3747 1554 3796 nostra
1583 3748 1668 3795 εει
1702 3749 1759 3795 et
1793 3739 2001 3795 indem-
2103 3737 2157 3810 (I
2185 3737 2310 3794 Cor.
2334 3737 2467 3809 vn);
2517 3733 2826 3806 coniugium
2855 3735 2906 3790 ei
2947 3734 3039 3804 qui
3066 3748 3175 3790 non
3201 3732 3347 3804 capit
3369 3732 3703 3803 virginitatis

407 3829 522 3900 ptio
551 3827 811 3900 [adoptio]
843 3827 1010 3883 futuri
1039 3828 1240 3893 saeculi,
1272 3827 1398 3898 quia
1428 3827 1576 3882 illam
1614 3843 1721 3884 non
1762 3827 1831 3881 ad
1867 3838 2003 3882 tem-
2101 3830 2359 3898 verbum;
2401 3830 2546 3886 idem
2583 3829 2730 3886 enim
2760 3829 2937 3884 dixit:
2971 3828 3036 3882 iit
3062 3829 3155 3900 qui
3181 3828 3343 3885 tradit
3373 3827 3561 3898 πιιριηί
3591 3828 3697 3882 ι-ῑιι-

410 3934 533 3990 pus,
561 3919 656 3974 sed
685 3920 740 3974 in
773 3928 1090 3990 perpetuum
1113 3919 1472 3989 possidemus,
1500 3927 1556 3974 et
1583 3934 1685 3975 nec
1712 3934 1856 3975 nunc
1881 3920 2002 3989 qui-
2103 3923 2276 3994 ginem
2300 3937 2453 3977 suam
2480 3919 2734 3990 benefacit
2754 3959 2769 3984 ,
2799 3928 2846 3974 et
2882 3919 2971 3990 qui
3003 3935 3104 3972 non
3132 3917 3292 3972 tradit
3318 3916 3507 3970 melius
3533 3915 3700 3986 facit;

411 4008 536 4063 dem
571 4007 753 4078 huius,
793 4023 938 4064 nunc
977 4017 1154 4064 autem
1196 4007 1358 4073 milis,
1390 4008 1485 4063 θεά
1520 4022 1734 4080 semper
1760 4009 2000 4080 €505de
2103 4023 2160 4071 et
2200 4029 2431 4070 rursus:
2462 4012 2524 4069 Si
2550 4013 2667 4080 quis
2690 4021 2864 4068 autem
2907 4021 3108 4082 turpem
3153 4027 3208 4066 se
3233 4010 3397 4065 videri
3429 4009 3698 4064 existimat

409 4107 488 4156 est
524 4097 700 4166 ﬁrma,
743 4107 800 4156 et
836 4115 958 4172 quae
999 4114 1108 4155 non
1150 4100 1321 4170 possit
1360 4097 1560 4154 auferri
1599 4101 1894 4172 possessio,
1934 4099 2002 4156 de
2103 4121 2262 4176 super
2287 4106 2487 4176 virgine
2513 4120 2633 4171 sua,
2669 4103 2812 4174 quod
2834 4104 2898 4157 sit
2921 4101 3284 4174 sttperaduita,
3315 4111 3362 4156 et
3390 4101 3467 4154 ita
3496 4108 3700 4170 oportet

411 4206 515 4262 qua
552 4190 818 4247 Dominus
842 4191 1064 4254 dicebat
1092 4208 1106 4244 :
1149 4189 1522 4245 Thesaurizate
1553 4191 1693 4246 vobis
1728 4190 2001 4246 thesauros
2103 4197 2256 4267 ﬁeri;
2283 4196 2425 4266 quod
2453 4194 2558 4251 uult
2587 4194 2771 4264 faciat,
2800 4211 2901 4249 non
2931 4204 3108 4264 peccat
3154 4194 3199 4250 si
3241 4193 3448 4254 nubat:
3481 4191 3554 4246 Et
3581 4206 3701 4246 rur-

410 4283 466 4338 in
495 4281 641 4350 ctelo,
667 4283 755 4337 ubi
784 4298 878 4338 nec
906 4281 1044 4335 tinea
1073 4297 1167 4335 nec
1193 4295 1371 4351 terugo
1401 4290 1758 4351 corrumpunt,
1787 4297 1880 4334 nec
1910 4279 2000 4350 fu-
2104 4301 2237 4344 sus:
2271 4285 2463 4341 Helius
2491 4294 2567 4341 est
2611 4287 2802 4341 nubere
2829 4302 2988 4357 quam
3013 4286 3119 4339 uri.
3168 4283 3312 4340 ldom
3339 4293 3396 4338 et
3431 4284 3507 4340 de
3549 4283 3700 4340 omni

411 4390 492 4427 res
519 4373 772 4443 eﬂ'odiunt
795 4384 844 4428 et
866 4373 1116 4444 furantur
1139 4371 1354 4444 (Matth.
1380 4371 1475 4445 vr).
1510 4370 1618 4428 Sed
1641 4371 1708 4426 ad
1738 4369 2000 4426 familiam
2029 4426 2076 4447 ἢ
2102 4377 2304 4433 virtute
2341 4391 2462 4433 eam
2489 4391 2613 4447 quae
2655 4377 2948 4432 secundum
2987 4375 3400 4445 possibilitatem
3441 4384 3552 4439 est,
3597 4389 3705 4429 nos

411 4462 696 4533 pristinam
717 4463 978 4529 redimus,
1003 4460 1085 4517 vel
1112 4462 1253 4517 sicut
1279 4461 1651 4533 Septuaginta,
1676 4461 1746 4515 ad
1770 4461 2001 4530 patriam
2024 4460 2077 4486 ν
2103 4471 2217 4540 ipse
2261 4470 2403 4526 Deus
2444 4469 2634 4540 exigit,
2684 4477 2739 4524 οι
2779 4468 2833 4523 in
2874 4467 3152 4524 alterutris
3187 4467 3504 4528 ministrare
3547 4466 3701 4531 mu;

413 4565 646 4610 nostram
683 4555 1116 4620 ambulabimus;
1142 4553 1427 4610 manifesta
1461 4562 1546 4610 est
1579 4554 1722 4608 enim
1753 4551 1998 4621 quaedam
2101 4577 2226 4616 nam
2267 4560 2571 4616 pum-imos
2599 4558 3027 4630 reprehendebat
3069 4567 3130 4613 ut
3169 4567 3293 4628 pote
3335 4557 3524 4629 gravia
3573 4557 3703 4612 aliis

413 4647 709 4700 amantium
756 4645 1174 4715 hospitalitatem
1224 4644 1420 4715 patria,
1467 4645 1580 4700 sive
1625 4642 1857 4709 familia,
1910 4640 1997 4696 eui

2102 4652 2509 4726 praecipientes,
2554 4651 2631 4706 ait
2665 4651 2813 4707 enim
2859 4669 2874 4707 :
2928 4650 3160 4722 Alligant
3203 4665 3363 4704 onera
3413 4651 3606 4718 gravia
3651 4657 3702 4702 et

415 4737 686 4792 Abraham
724 4748 950 4809 praeest,
992 4737 1279 4793 manifesta
1323 4745 1628 4801 castorum,
1669 4735 1755 4790 cui
1793 4734 1997 4805 Ioseph
2099 4742 2493 4813 importabilia,
2559 4744 2831 4813 imponunt
2889 4759 2950 4796 ea
3007 4743 3062 4796 in
3118 4741 3360 4795 humeros
3418 4737 3702 4794 hominum

415 4829 664 4899 princeps
692 4838 808 4895 est;
839 4828 1123 4884 manifesta
1157 4828 1477 4892 zelatorum,
1511 4827 1596 4882 cui
1626 4827 1772 4882 Elias
1794 4827 1997 4896 prima-

415 4929 530 4972 tum
559 4926 739 4974 tenet:
764 4933 992 4990 quarum
1013 4918 1382 4973 haereditatem
1411 4917 1757 4987 percipimus,
1780 4919 1998 4988 quando

413 5014 607 5067 horum
635 5027 755 5082 qua:
784 5010 871 5065 hic
906 5019 1034 5066 sunt
1075 5009 1324 5065 remissio
1351 5017 1407 5064 et
1435 5007 1780 5079 signiﬁcatio,
1809 5017 1996 5063 contra

413 5110 646 5158 mortem
687 5099 912 5155 victoria
956 5107 1176 5171 peracta
1221 5097 1410 5164 fuerit,
1452 5097 1504 5152 in
1552 5097 1998 5169 quinquagesimo

413 5208 576 5260 anno,
605 5194 696 5264 qui
727 5201 848 5262 post
872 5189 1264 5247 hebdomadem
1295 5188 1777 5254 hebdomadarum,
1809 5187 1862 5242 id
1891 5196 1997 5253 est,

412 5294 538 5359 post
560 5299 903 5342 communem
939 5283 1100 5337 ﬁnem
1126 5282 1324 5348 veniet,
1355 5281 1494 5336 sicut
1523 5280 1689 5335 semel
1718 5289 1994 5335 ostensum

412 5382 528 5442 est;
567 5380 697 5428 tunc
725 5387 831 5427 non
865 5379 1092 5442 possunt
1129 5369 1406 5435 seminari,
1433 5384 1608 5440 neque
1644 5369 1771 5423 meti
1801 5378 1991 5439 sponte

415 5466 470 5520 in
499 5480 631 5536 agro
669 5463 978 5528 nascentia;
1019 5477 1120 5516 nec
1153 5461 1421 5532 primitias
1457 5462 1741 5518 vindemiae
1779 5462 1993 5532 colligi;

417 5571 589 5626 neque
626 5556 771 5612 enim
810 5562 1022 5626 tempus
1054 5564 1138 5610 cst
1173 5555 1228 5609 in
1264 5570 1372 5624 quo
1406 5555 1562 5610 nobis
1601 5569 1697 5624 per
1725 5553 1996 5624 operatio-

416 5668 540 5707 nem
579 5652 961 5721 conquiranzus
1000 5649 1234 5722 aliquam
1277 5649 1708 5714 sanctimoniam,
1745 5661 1902 5718 quam
1944 5645 1994 5698 in

2103 4830 2318 4903 (Matth.
2353 4831 2535 4903 xxiii).
2583 4831 2756 4888 Nimis
2793 4847 2924 4904 ergo
2970 4841 3367 4901 consequenter
3414 4829 3704 4902 legislator

2100 4923 2322 4988 addidit,
2361 4923 2455 4977 sed
2485 4923 2647 4993 juxta
2688 4939 2961 4978 numerum
2991 4938 3247 4977 annorum
3273 4921 3505 4992 jubiltei,
3551 4937 3704 4976 enses

2100 5015 2166 5068 ab
2193 5030 2253 5068 eo
2269 5031 2289 5079 ;
2319 5014 2423 5080 vel,
2455 5015 2594 5069 sicut
2619 5013 2787 5080 LXX,
2813 5013 3095 5068 secundum
3121 5028 3398 5068 auaierant
3425 5029 3702 5068 annorum

2098 5111 2211 5173 post
2246 5103 2678 5173 significationem
2706 5103 2991 5173 possidebis
3030 5120 3064 5157 a
3103 5103 3341 5172 proximo
3367 5114 3386 5152 .'
3416 5101 3702 5172 signiﬁca-

2101 5194 2301 5248 tionem
2325 5234 2339 5258 ,
2367 5194 2660 5249 secundum
2691 5195 2834 5264 quod
2867 5193 2980 5262 jam
3009 5194 3208 5248 dictum
3245 5201 3360 5256 est,
3390 5191 3701 5246 adventum

2102 5285 2437 5341 Dominieum
2467 5285 2794 5356 intelligens,
2822 5295 2876 5340 et
2901 5299 3021 5354 qua:
3046 5285 3112 5338 ad
3135 5299 3257 5338 eum
3287 5283 3570 5352 pertinens
3595 5297 3703 5335 an-

2099 5378 2342 5436 nuntiata
2373 5386 2456 5432 est
2484 5377 2790 5449 evangelica
2827 5377 3156 5448 praedicatio,
3192 5391 3313 5446 qua:
3350 5374 3506 5430 nobis
3531 5371 3700 5426 futu-

2101 5487 2218 5526 ram
2263 5478 2451 5525 contra
2497 5480 2726 5524 mortem
2756 5469 3038 5524 victoriam
3058 5509 3073 5532 ,
3122 5467 3471 5537 requiemque
3515 5462 3706 5519 iuuari

2099 5561 2282 5618 saeculi
2311 5561 2658 5631 signiﬁcavit.
2703 5560 2780 5616 Ex
2821 5575 2931 5630 quo
2965 5575 3094 5632 ergo
3124 5557 3450 5629 signiﬁcatio
3479 5559 3603 5609 haec
3637 5556 3708 5609 ﬁt

2100 5668 2258 5708 nemo
2286 5653 2476 5708 durum
2518 5661 2696 5722 portat
2735 5653 2941 5724 jugum,
2988 5667 3087 5708 nec
3127 5665 3264 5706 onus
3304 5662 3469 5717 grave
3505 5647 3713 5717 serit;
