3926 6176
206 320 297 378 δῶ

1072 305 1577 367 EXPOSITIONES
1615 305 1685 365 ιΝ
1724 305 2123 367 LEVITICUM.
2160 339 2230 347 —
2268 308 2399 366 LIB.
2438 308 2548 367 VII.

3356 314 3464 371 554

204 433 287 492 sed
305 427 595 487 secundum
619 439 903 482 numerum
938 439 1225 493 annorum,
1258 425 1312 481 id
1337 433 1442 495 est,
1475 424 1770 483 secundum
1798 423 1852 486 Α
1876 422 2133 494 spiritalis
2176 421 2473 494 Scriptura:
2516 432 2572 481 et
2603 423 2759 481 bona:
2800 426 3230 487 conversationis
3248 471 3264 498 ,
3294 446 3460 503 quam

202 538 341 586 suam
384 522 664 586 virtutem,
710 518 838 590 quia
885 518 1012 573 anni
1058 517 1293 574 hominis
1334 527 1551 574 aetatem
1592 524 1775 573 osten-

202 616 340 681 dunt,
370 626 436 667 ex
464 624 571 683 qua
598 607 919 665 manifestus
947 607 1017 663 sit
1046 608 1194 679 quis,
1232 608 1361 679 quid
1389 608 1560 680 possit
1584 622 1775 664 secun-

200 707 313 763 dum
334 717 562 774 corpus;
593 700 740 773 quod
768 700 942 772 magis
967 700 1265 770 explanans
1305 699 1572 766 subdidit,
1612 700 1774 772 juxta

198 793 602 866 supputationem
649 791 863 862 frugum
904 791 1086 846 vendet
1127 790 1249 856 tibi,
1295 791 1588 853 secundum
1631 789 1775 862 quod

196 885 343 945 habet
376 883 641 938 virtutem
685 878 902 951 operari
942 888 997 936 et
1039 878 1389 945 fructificare,
1425 880 1615 935 reddat
1658 895 1772 935 ma-

197 979 347 1050 gistro
369 977 612 1035 [metum
642 974 958 1045 discipulus.
994 971 1207 1042 Quanto
1246 974 1366 1043 plus
1392 972 1518 1028 anni
1559 987 1773 1029 reman-

196 1071 348 1127 serint
393 1080 521 1143 post
560 1068 882 1142 jubilteum,
938 1074 1087 1124 tanto
1139 1066 1338 1123 crescit
1388 1066 1640 1137 pretium.
1703 1065 1772 1123 Et

197 1169 376 1232 quanto
404 1161 588 1217 minus
621 1158 996 1235 numeraveris
1031 1167 1261 1228 tempus,
1294 1166 1504 1213 tantum
1544 1150 1772 1217 minoris

195 1262 239 1307 et
257 1251 455 1322 eruptio
477 1249 769 1309 constabit.
802 1248 1027 1320 Tempus
1052 1250 1191 1304 enim
1214 1248 1426 1321 frugum
1446 1248 1626 1321 vendet
1654 1248 1767 1302 tibi.

195 1344 244 1401 Si
281 1353 459 1415 potest
503 1343 674 1399 multa
717 1343 963 1415 operari,
1006 1340 1235 1399 multum
1270 1339 1506 1398 fructum
1549 1339 1765 1411 exiges;

193 1436 232 1491 si
255 1444 436 1490 autem
471 1448 667 1505 pauca,
712 1447 940 1504 parvum
969 1447 984 1487 :
1015 1447 1143 1503 nam
1181 1430 1269 1486 hic
1303 1431 1521 1502 quidem
1553 1429 1767 1500 trigesi-

192 1540 347 1591 mum,
369 1523 517 1579 alter
540 1531 726 1578 autem
748 1522 1169 1594 sexagesimum,
1199 1521 1339 1578 alter
1366 1536 1496 1577 vero
1531 1522 1769 1577 centesi-

194 1632 322 1671 mum
346 1615 592 1672 ﬁ'uctum
622 1614 767 1672 ferre
793 1614 1051 1686 exigitur.
1097 1610 1208 1667 Nec
1236 1611 1571 1684 negligenter
1604 1615 1708 1667 hoc
1736 1627 1766 1666 a

192 1705 507 1777 legislatore,
539 1705 637 1763 sed
664 1720 732 1764 ex
758 1719 923 1774 opere
963 1702 1232 1771 studetur,
1263 1718 1388 1759 nam
1419 1704 1497 1758 ait
1520 1703 1716 1759 iterum
1745 1718 1760 1756 :

1878 514 2036 571 nobis
2060 513 2204 572 Deus
2228 516 2508 589 possidere
2532 523 2587 572 et
2608 515 2789 573 colere
2815 517 3081 591 praecipit,
3104 522 3321 593 quando
3342 525 3460 596 ejus

1875 603 2232 663 intentionem
2262 623 2371 663 non
2415 606 2678 664 fuerimus
2720 609 3082 681 transgressi;
3124 616 3255 667 tunc
3294 614 3466 687 gignit

1874 695 2085 754 fructus
2113 714 2240 757 suos
2264 698 2462 770 quibus
2487 714 2773 755 vescamur
2800 714 2972 771 usque
2994 699 3063 755 ad
3087 700 3459 770 saturitatem;

1874 796 1929 844 et
1954 788 2154 847 nullius
2177 789 2438 861 impetum
2464 788 2852 857 formidemus;
2901 788 2994 861 qui
3038 790 3186 847 enim
3230 792 3467 850 custodit

1875 878 2233 937 intentionem
2258 880 2392 955 legis
2421 890 2479 937 et
2516 881 2610 953 qui
2655 889 2931 954 operatur,
2974 882 3065 939 hic
3106 882 3225 955 ejus
3252 884 3467 958 colliget

1874 969 2104 1039 fructus,
2135 982 2190 1029 et
2218 971 2467 1029 comedet
2507 988 2601 1030 eos
2630 973 2698 1028 ad
2732 973 3094 1042 saturitatem,
3123 983 3179 1031 et
3207 974 3326 1032 sine
3356 973 3466 1032 for-

1873 1064 2077 1119 midine
2106 1064 2159 1119 in
2190 1079 2253 1120 ea
2283 1064 2571 1134 inhabitat,
2601 1064 2726 1137 quia
2752 1063 3079 1135 legislatoris
3106 1064 3462 1124 intentionem

1873 1170 1982 1211 non
2008 1154 2425 1229 transgreditur,
2448 1170 2548 1211 nec
2571 1155 2822 1212 conscius
2845 1154 2945 1211 sibi
2968 1164 3052 1211 est
3072 1163 3261 1213 contra
3286 1156 3458 1229 legem

1873 1247 1928 1302 in
1956 1247 2076 1319 lege
2105 1248 2200 1303 Dei
2228 1247 2559 1304 conversari.
2593 1245 2852 1321 Sequitur
2880 1265 2896 1303 :

1945 1356 2100 1425 Quod
2127 1360 2174 1413 si
2203 1357 2443 1414 dixeritis
2470 1372 2488 1411 :
2527 1356 2667 1424 Quid
2695 1359 3023 1415 comedemus
3052 1376 3192 1417 anno
3221 1362 3459 1433 septimo,

1869 1450 1917 1504 si
1946 1465 2053 1506 non
2089 1451 2381 1507 severimus
2413 1465 2576 1522 neque
2613 1448 2973 1522 collegerintus
3004 1451 3181 1524 fruges
3214 1452 3462 1510 nostras?

1870 1540 2022 1619 Dabo
2043 1539 2450 1597 benedictionem
2474 1540 2613 1596 vobis
2640 1557 2780 1596 anno
2801 1551 2969 1608 sexto,
2992 1550 3038 1598 et
3067 1542 3227 1613 faciet
3253 1542 3457 1612 fructus

1867 1631 2039 1685 trium
2060 1648 2354 1697 annorum;
2386 1633 2667 1704 seretisque
2696 1649 2836 1687 anno
2864 1643 3065 1700 octavo,
3103 1642 3152 1689 et
3183 1633 3461 1691 comedetis

1868 1729 2060 1775 veteres
2096 1720 2274 1792 fruges
2318 1738 2481 1793 usque
2521 1722 2590 1776 ad
2636 1738 2832 1778 nonum
2866 1739 3089 1791 annum,
3121 1722 3286 1779 donec
3328 1740 3461 1780 nova

195 1796 354 1852 Νοίίεε
396 1796 624 1889 αριίςετε
667 1793 982 1889 εοηινίθαιξεδ
1026 1802 1240 1889 υεδεζοδν
1268 1795 1360 1889 fed
1390 1795 1568 1889 είζῖιεαί
1597 1810 1765 1850 "nu"
1796 1781 1842 1841 Β
1867 1781 2175 1880 nascantur,
2187 1781 2370 1872 'edetis
2393 1781 2598 1873 ὐειειεαη.
2637 1813 2800 1871 Valde
2828 1813 3051 1883 dignum
3073 1781 3192 1881 est,
3220 1822 3280 1870 ut
3307 1814 3461 1889 prius

191 1888 387 1958 quisque
422 1885 592 1941 Deum
627 1902 783 1941 suum
802 1925 828 1952 ,,
855 1885 980 1955 quia
1009 1900 1101 1956 ego
1131 1883 1387 1941 Dominus
1413 1883 1555 1939 Deus
1581 1896 1762 1940 vester.

193 1977 300 2032 Non
325 1978 515 2049 aﬂiiget
542 1978 700 2032 homo
724 1975 1091 2041 contribulem,
1132 1976 1186 2035 id
1230 1983 1341 2041 est,
1391 1991 1498 2032 non
1528 1976 1578 2032 ei
1604 1990 1766 2057 grave

190 2086 309 2125 onus
348 2070 630 2140 imponat,
661 2077 719 2124 et
762 2082 926 2138 supra
970 2067 1229 2123 virtutem
1268 2067 1385 2139 ejus
1415 2082 1430 2122 :
1462 2067 1552 2123 sed
1586 2069 1766 2123 timeat

190 2161 529 2231 unusquisque
572 2158 742 2214 Deum
787 2174 973 2225 suum,
1021 2159 1114 2228 qui
1160 2156 1321 2225 dicit,
1371 2158 1535 2215 tollite
1571 2159 1765 2231 jugurn

191 2268 366 2317 meum,
402 2252 530 2323 quia
569 2266 729 2305 suave
757 2259 868 2315 est;
910 2258 959 2305 et
990 2265 1120 2304 onus
1154 2266 1357 2319 meum,
1389 2251 1513 2321 quia
1552 2250 1661 2307 leve
1690 2261 1766 2311 est

189 2344 391 2413 (Matth.
420 2344 521 2418 ιι).
559 2344 674 2418 Ego
697 2344 958 2400 Dominus
982 2344 1127 2400 Deus
1161 2356 1347 2413 vester,
1371 2345 1425 2401 id
1446 2354 1549 2413 est,
1580 2347 1674 2418 qui
1699 2347 1769 2405 de

189 2438 483 2508 virginitate
528 2435 788 2508 apostolis
828 2436 1063 2508 prmcepi
1107 2444 1162 2491 et
1205 2436 1319 2492 dixi
1356 2455 1368 2490 :
1416 2435 1542 2493 Non
1589 2454 1767 2493 omnes

185 2527 388 2597 capiunt
428 2527 635 2582 verbum
677 2526 810 2592 hoc,
856 2526 947 2581 sed
1016 2527 1107 2597 qui
1156 2536 1322 2597 potest
1363 2543 1547 2598 capere
1592 2529 1767 2599 capiat

195 2615 405 2688 (Matth.
437 2616 671 2691 xix).Sic
695 2633 1134 2689 unumquemque
1147 2619 1271 2676 inde
1285 2619 1768 2690 exigitsecundum

190 2709 445 2766 virtutem
461 2726 626 2767 suam.
643 2710 715 2767 Et
738 2712 843 2768 hoc
867 2710 1088 2782 quidem
1106 2710 1317 2767 lucrum
1339 2720 1425 2767 est
1443 2710 1771 2782 contempla-

186 2802 342 2860 tionis
363 2804 601 2874 spiritus.
626 2802 802 2859 Habet
827 2813 1010 2860 autem
1031 2814 1088 2860 et
1104 2803 1285 2860 littera
1306 2819 1417 2860 non
1440 2820 1665 2877 parvam
1691 2805 1771 2861 in-

184 2896 525 2957 structionem
549 2914 563 2951 :
590 2896 825 2966 compati
849 2896 994 2953 enim
1019 2897 1288 2968 proximo,
1316 2903 1373 2953 et
1398 2896 1455 2953 in
1479 2895 1769 2953 contracti-

187 2987 273 3043 bus
311 2988 664 3046 sensibilibus
682 3029 701 3056 ,
748 2996 807 3045 et
848 2988 1158 3047 nullatenus
1196 3004 1422 3062 gravem
1458 2990 1768 3061 quempiam

1859 1903 2137 1974 juvemur,
2175 1905 2230 1961 id
2258 1914 2378 1973 est,
2410 1909 2480 1963 de
2518 1906 2757 1964 utilitate
2795 1905 2990 1962 littera:
3029 1906 3135 1963 hoc
3176 1905 3462 1963 intenden-

1866 1996 1996 2053 dum
2018 2005 2132 2065 est,
2162 2006 2328 2069 atque
2356 1997 2668 2068 huiusmodi
2703 1998 2916 2055 lucrum
2943 2000 3293 2065 sectandum;
3329 2001 3459 2056 duo-

1866 2102 1991 2145 rum
2034 2089 2181 2147 enim
2230 2103 2497 2145 annorum
2550 2089 2891 2145 vacationem
2939 2097 3100 2146 terrae
3138 2089 3459 2160 praecipiens

1867 2192 1978 2233 non
2003 2177 2121 2233 vult
2154 2177 2422 2246 deﬁcere,
2468 2192 2644 2248 neque
2680 2178 2995 2234 conturbari
3032 2192 3128 2235 eos
3154 2179 3248 2248 qui
3285 2177 3456 2252 legem

1865 2269 2256 2341 pereipiebaut,
2280 2271 2409 2342 quid
2428 2270 2734 2337 comedam,
2757 2279 2851 2327 aut
2869 2268 3010 2327 unde
3030 2269 3340 2339 comedam,
3363 2273 3459 2329 sed

1867 2361 1946 2417 ait
1982 2380 1996 2416 :
2034 2362 2185 2418 Dabo
2228 2363 2634 2419 benedictionem
2678 2379 2848 2418 meam
2893 2363 3054 2418 vobis.
3086 2362 3260 2430 Quam
3290 2364 3459 2419 vero?

1867 2453 1993 2524 quia
2028 2470 2132 2509 non
2159 2454 2215 2508 in
2242 2455 2358 2513 solo
2389 2468 2523 2524 pane
2557 2453 2677 2509 vivit
2708 2454 2885 2518 homo,
2923 2452 3014 2507 sed
3050 2454 3106 2507 in
3138 2453 3282 2508 omni
3307 2453 3459 2509 verbo

1868 2544 2008 2615 quod
2034 2545 2265 2616 procedit
2289 2545 2355 2601 de
2388 2562 2478 2602 ore
2504 2542 2604 2600 Dei
2624 2543 2851 2617 (Matth.
2883 2543 2983 2615 tv).
3018 2542 3298 2611 Quomodo
3326 2558 3459 2616 ergo

1869 2634 2073 2691 Christi
2108 2636 2422 2693 mandatum
2458 2635 2678 2708 quidam
2725 2645 2987 2707 tanquam
3033 2633 3368 2706 impossibile
3404 2641 3460 2691 et

1867 2726 2202 2785 laboriosum
2245 2737 2503 2786 accusant
2530 2728 2676 2799 quod
2720 2728 2857 2785 dixit
2894 2746 2907 2781 :
2958 2726 3082 2785 Non
3127 2726 3365 2798 cogitetis
3402 2727 3460 2781 in

1868 2820 2121 2876 crastino.
2154 2819 2299 2878 Ecce
2334 2821 2480 2885 enim
2521 2820 2685 2877 etiam
2724 2819 2811 2875 lex
2853 2819 3052 2875 similia
3088 2818 3366 2889 praecipit,
3400 2825 3458 2875 et

1870 2909 1938 2970 de
1974 2910 2201 2982 integris
2241 2911 2417 2969 tribus
2447 2910 2605 2967 annis
2642 2909 2798 2981 jubet
2836 2924 2944 2967 non
2969 2909 3212 2981 cogitare
3239 2923 3335 2965 eos
3362 2909 3458 2981 qui

1868 3002 2129 3060 virtutem
2169 3002 2498 3075 legislatoris
2542 3002 2850 3060 intendunt.
2901 3001 3172 3063 Praucrea
3214 3017 3314 3074 per
3347 3010 3461 3059 tres

185 3095 343 3151 neque
353 3095 648 3137 onerosum
664 3080 781 3137 vult
794 3095 939 3149 esse,
952 3095 1055 3138 nec
1075 3081 1143 3137 de
1160 3095 1458 3153 pauperum
1478 3080 1770 3137 necessita-

1872 3109 2044 3151 annos
2086 3093 2510 3166 uniuscujusque
2544 3102 2796 3152 nostrum
2839 3094 3361 3151 consummationem
3402 3101 3460 3151 et

186 3173 314 3230 tibus
342 3171 647 3244 negotiari,
669 3187 771 3228 nec
804 3174 1024 3229 studere
1051 3188 1150 3230 seu
1176 3172 1438 3231 festinare
1465 3172 1767 3244 possessio-

1870 3199 2215 3243 communem
2244 3185 2668 3252 retributionem.
2687 3200 2808 3256 qua:
2834 3193 2919 3242 est
2943 3193 3066 3256 post
3100 3186 3458 3243 resurrectio-

185 3278 270 3320 nes
293 3279 484 3323 eorum
525 3263 633 3319 sibi
675 3264 1025 3335 conquirere,
1058 3264 1280 3322 domum
1312 3264 1497 3321 domui
1542 3262 1766 3334 conjun-

183 3369 329 3426 gere,
385 3369 583 3426 agrum
632 3369 767 3428 agro
822 3371 1131 3428 apponere;
1191 3355 1287 3413 sed
1338 3356 1579 3413 tribuere
1629 3371 1766 3428 opus

182 3444 530 3513 habentibus,
572 3453 633 3503 et
664 3461 787 3517 qum
824 3446 1087 3519 paulatim
1112 3446 1379 3503 dederunt
1405 3446 1472 3503 de
1500 3445 1767 3503 fructibus

184 3536 443 3606 recipere,
469 3536 567 3607 qui
592 3537 660 3593 de
682 3537 830 3610 agris
855 3537 1202 3608 colliguntur,
1233 3537 1407 3608 ipsum
1443 3536 1590 3593 enim
1616 3536 1766 3593 debi-

184 3634 282 3682 tum
305 3628 553 3695 donare,
581 3635 640 3684 et
668 3642 844 3699 neque
876 3628 983 3685 hoc
1005 3628 1150 3699 quod
1180 3637 1430 3685 mutuum
1465 3628 1650 3684 datum
1670 3635 1767 3701 [est

182 3718 447 3791 recipere,
490 3716 747 3789 perfecta:
787 3720 891 3777 hoc
917 3720 1044 3782 vitae
1073 3728 1193 3785 est,
1221 3734 1385 3790 quam
1428 3734 1536 3774 non
1575 3733 1765 3774 omnes

181 3808 409 3878 capiunt,
435 3809 532 3881 qui
555 3816 740 3866 autem
766 3811 1010 3882 capiunt,
1039 3810 1189 3867 beati
1216 3816 1363 3865 sunt.
1394 3807 1689 3878 Sequitur:

243 3899 426 3957 Facite
446 3911 714 3974 prwcepta
750 3920 889 3970 mea,
929 3914 979 3958 et
1010 3903 1223 3975 judicia
1262 3918 1378 3957 mea
1406 3900 1684 3966 custodite,
1713 3909 1763 3956 et

181 3989 371 4061 inplete
408 4007 497 4058 ea,
533 4001 592 4045 ut
624 3991 863 4047 habitare
893 3991 1103 4061 possitis
1143 3991 1200 4046 in
1237 3998 1380 4045 terra
1421 3988 1615 4060 absque
1652 3986 1763 4045 ulla

177 4096 376 4148 pavore,
425 4090 477 4136 et
521 4082 704 4154 gignat
749 4081 890 4138 vobis
932 4083 1124 4138 humus
1167 4081 1371 4152 fructus
1414 4097 1539 4136 suos
1576 4080 1763 4154 quibus

179 4178 452 4233 cacumini
479 4194 646 4250 usque
675 4176 747 4233 ad
771 4179 1120 4242 saturitatem,
1146 4175 1344 4232 nullius
1376 4176 1624 4248 impetum
1652 4176 1765 4247 for-

181 4270 448 4327 midantes.
477 4270 801 4329 Nullatenus
824 4272 971 4328 enim
1000 4286 1101 4327 nos
1130 4285 1327 4327 vacare
1364 4271 1520 4337 licet,
1560 4269 1763 4326 infirmi

178 4373 354 4419 sumus
383 4378 418 4418 a
451 4363 589 4434 legis
614 4364 954 4434 operatione,
979 4364 1074 4420 sed
1113 4364 1329 4434 operari
1370 4364 1558 4435 procul
1600 4364 1764 4421 dubio

1865 3290 1993 3331 nem
2044 3275 2356 3332 necessario
2409 3274 2780 3346 intelligimus.
2828 3275 2887 3330 lu
2936 3287 3265 3347 unoquoque
3310 3274 3459 3331 enim

1865 3368 2061 3424 horum
2086 3368 2434 3425 comedemus
2461 3382 2798 3439 quaecunque
2823 3368 2913 3424 hic
2933 3367 3142 3439 operati
3174 3366 3456 3424 fuerimus.

1863 3457 2093 3529 Propter
2116 3459 2269 3529 quod
2292 3458 2414 3514 ait:
2451 3456 2605 3525 Quod
2643 3459 2689 3513 si
2718 3458 2958 3513 dixeritis
2987 3472 3005 3511 :
3037 3457 3180 3524 Quid
3219 3457 3461 3514 comede-

1864 3566 1982 3605 mus
2010 3567 2152 3605 anno
2189 3551 2447 3622 septimo?
2488 3551 2549 3607 id
2585 3558 2704 3617 est,
2748 3549 3171 3620 uniuscujusque
3212 3557 3458 3606 nostrum

1863 3640 2415 3706 consummationem;
2464 3639 2811 3697 manifesqu
2853 3647 2940 3695 est
2982 3638 3126 3697 enim
3162 3639 3289 3709 quia
3319 3639 3460 3699 etin

1864 3729 2162 3796 communi,
2192 3729 2249 3784 in
2279 3744 2386 3799 qua
2407 3728 2735 3786 resurrectio
2761 3730 2842 3795 lit,
2873 3736 2931 3784 et
2961 3728 3016 3783 in
3046 3728 3459 3793 retributionem

1863 3821 2113 3881 eumdem
2142 3823 2323 3880 cibum
2361 3821 2703 3893 habebimus.
2746 3823 2888 3880 Audi
2931 3822 3079 3895 quod
3127 3822 3224 3880 tibi
3271 3825 3339 3880 de
3370 3823 3459 3881 his

1864 3915 2008 3971 Deus
2033 3928 2353 3985 responsum
2372 3930 2471 3986 per
2490 3914 2669 3987 legem
2698 3915 2793 3972 dat
2823 3933 2837 3970 :
2865 3914 3016 3970 Dabo
3047 3914 3458 3971 benedictionem

1864 4020 2034 4063 meum
2064 4003 2204 4060 vobis
2232 4021 2372 4061 anno
2401 4014 2571 4073 sexto,
2596 4014 2647 4061 et
2676 4005 2832 4077 faciet
2860 4004 3065 4073 [ructus
3099 4007 3261 4060 trium
3284 4022 3455 4067 anno-

1866 4110 2003 4151 rum.
2042 4093 2353 4153 Benedictio
2391 4095 2570 4155 Patris
2607 4096 2777 4154 Filius
2811 4105 2917 4164 est,
2963 4097 3079 4168 ipse
3114 4098 3260 4154 enim
3289 4096 3459 4152 male-

1864 4186 2069 4243 dictum
2097 4186 2306 4245 illatnm
2335 4187 2466 4244 Adae
2500 4189 2847 4259 disperdidit,
2891 4197 3113 4260 propter
3146 4189 3290 4260 quod
3318 4197 3374 4244 et
3400 4188 3457 4243 in

1865 4289 1931 4330 eo
1953 4283 2207 4345 oportere
2247 4292 2349 4333 nos
2392 4276 2640 4342 benedici
2686 4277 2857 4333 David
2902 4276 3185 4346 psalmista
3230 4284 3288 4332 et
3331 4290 3458 4347 pro-

1862 4368 2027 4437 pheta
2055 4367 2241 4423 docuit
2264 4387 2281 4423 :
2307 4366 2610 4423 Benedictio
2638 4365 2853 4421 Domini
2877 4382 3035 4436 super
3056 4383 3165 4432 vos,
3190 4366 3457 4423 benedixi-

179 4452 331 4509 eliam
373 4455 680 4511 secundum
717 4456 978 4511 virtutem
1008 4455 1156 4522 vult,
1196 4456 1456 4511 virtutem
1485 4456 1631 4511 enim
1666 4471 1765 4511 uo—
1788 4480 1844 4540 D
1867 4473 1983 4511 mus
2028 4456 2171 4511 vobis
2211 4456 2268 4511 in
2314 4457 2524 4511 nomine
2568 4454 2781 4512 Domini
2822 4453 3015 4527 (Psal.
3079 4454 3297 4528 xxvrn).
3347 4454 3457 4513 No-

178 4551 339 4600 stram
366 4546 704 4602 conscientia
726 4554 915 4603 nostra
933 4545 1234 4612 convincit,
1256 4545 1399 4600 sicut
1423 4545 1502 4601 ait
1524 4544 1723 4601 Paulus
1747 4561 1760 4598 :

179 4631 569 4705 Coqitatiomrm
615 4637 835 4692 invicem
884 4635 1248 4692 accusantium
1282 4633 1362 4690 vel
1402 4635 1766 4690 excusantium

178 4723 352 4797 (Ro.
382 4728 473 4799 tr).
509 4726 712 4784 Omnes
734 4744 867 4800 ergo
886 4728 1133 4800 iustitiae
1159 4727 1291 4793 Dei,
1323 4728 1508 4784 omnia
1538 4727 1657 4798 ejus
1676 4726 1767 4797 ju-

179 4815 309 4871 dicia
338 4817 499 4889 prius
527 4816 913 4885 custodiamus,
943 4828 999 4874 et
1025 4826 1213 4889 postea
1242 4816 1542 4885 faciamus;
1578 4827 1765 4875 custo-

178 4908 388 4966 diamus
425 4924 537 4966 non
565 4910 1377 4981 corrumpentes.intentionem
1404 4925 1624 4977 eorum,
1671 4912 1767 4968 sed

179 4998 426 5056 districte
445 4994 819 5057 custodientes
837 5011 896 5056 et
922 4999 1358 5067 immutabiliter,
1381 5000 1548 5057 veluti
1578 5002 1626 5057 si
1644 5003 1769 5073 quis

179 5091 580 5165 eleemosynam
624 5093 843 5164 operari
893 5093 1059 5160 velit,
1109 5109 1218 5149 non
1266 5095 1513 5164 proximo
1563 5110 1767 5152 nocens

176 5193 449 5253 operetur,
497 5198 675 5254 neque
703 5184 750 5240 si
788 5198 994 5255 pauper
1020 5191 1126 5251 est,
1169 5182 1286 5254 ipse
1315 5184 1494 5255 rapiat
1533 5185 1763 5243 divitum

179 5277 457 5343 pecunias,
486 5285 550 5331 ut
579 5276 820 5347 praebeat
862 5275 1223 5347 pauperibus;
1267 5275 1412 5333 Deus
1449 5277 1594 5333 enim
1622 5277 1767 5334 elec-

180 5380 460 5439 mosyuam
484 5384 554 5425 ex
584 5369 794 5441 justiti:
835 5368 1022 5425 offerri
1061 5368 1198 5424 vult.
1236 5367 1352 5424 lloc
1388 5378 1571 5424 autem
1611 5379 1669 5426 et
1714 5370 1769 5425 in

180 5472 506 5533 unoquoque
534 5462 794 5517 mandato
819 5460 1071 5527 dicimus,
1102 5468 1163 5515 ut
1186 5460 1340 5532 prius
1361 5461 1481 5532 ejus
1509 5461 1767 5517 intentio-

180 5563 304 5605 nem
327 5559 384 5607 et
411 5550 578 5609 linem
607 5552 979 5609 custodiamus
1004 5560 1061 5607 et
1087 5552 1167 5608 sic
1200 5551 1254 5606 in
1283 5566 1472 5609 eorum
1497 5552 1769 5622 operatio-

182 5654 305 5695 nem
346 5642 732 5712 proficiamus;
786 5651 915 5699 tunc
955 5644 1103 5700 enim
1151 5643 1206 5699 in
1255 5652 1399 5699 terra
1446 5643 1765 5716 intelligibili

182 5732 516 5792 mulidenter
567 5736 965 5801 habitabimus,
1015 5737 1071 5791 in
1116 5737 1296 5790 divina
1338 5736 1595 5822 (videlicet
1646 5737 1764 5807 lege

1867 4561 1992 4604 men
2016 4548 2232 4604 Domini
2264 4547 2461 4604 Filium
2485 4547 2672 4604 dicens
2699 4547 2999 4614 evidenter,
3030 4548 3158 4618 quia
3194 4548 3458 4620 quemad-

1866 4638 2087 4694 modum
2115 4653 2312 4693 nomen
2342 4636 2656 4693 manifestat
2683 4650 3146 4707 unumquemque,
3172 4637 3336 4693 etiam
3360 4640 3455 4709 qui

1869 4745 1977 4785 non
2003 4729 2244 4794 videtur.
2288 4726 2370 4784 sic
2396 4737 2453 4783 et
2478 4726 2727 4783 Christus
2748 4742 3013 4798 apparens
3043 4729 3294 4800 cognosci
3326 4728 3457 4786 fecit

1868 4818 2085 4874 Patrem
2115 4819 2171 4874 in
2213 4819 2528 4889 semetipso,
2573 4819 2820 4888 quamvis
2863 4818 3211 4876 invisibilem.
3256 4820 3357 4877 ilic
3399 4822 3454 4877 in

1867 4923 2024 4968 sexto
2052 4926 2197 4967 anno
2224 4911 2373 4967 venit
2402 4918 2660 4980 tanquam
2688 4909 2742 4964 in
2766 4908 3119 4980 perfectione,
3142 4911 3281 4967 hanc
3305 4912 3453 4968 enim

1869 5002 2410 5059 senarius'numerus
2452 5000 2758 5075 significat,
2800 5000 2945 5070 quod
2983 5001 3125 5056 utin
3157 5000 3453 5058 novissimo

1870 5100 2114 5164 tempore
2144 5108 2334 5150 rursus
2359 5091 2672 5150 reformatio
2696 5092 3045 5164 proveniret:
3070 5092 3129 5148 in
3158 5091 3310 5162 cujus
3336 5093 3448 5151 die-

1869 5201 1989 5241 rum
2018 5200 2245 5242 numero
2265 5187 2428 5242 homo
2450 5184 2717 5240 formatus
2744 5183 3226 5255 estzquamobrem
3256 5195 3443 5252 quem-

1869 5278 2158 5334 admodum
2187 5276 2529 5335 formationis
2582 5284 2737 5332 sexta
2765 5275 2904 5343 dies,
2932 5275 3013 5331 sic
3065 5281 3251 5330 sextus
3278 5283 3451 5322 annus

1869 5368 2274 5426 reformationis
2327 5376 2475 5425 recte
2531 5366 2848 5439 appellatur.
2906 5364 3060 5433 Quod
3106 5369 3286 5415 autem
3341 5357 3452 5413 illic

1868 5469 2053 5517 sextus
2098 5459 2233 5523 dies,
2280 5466 2467 5515 sextus
2505 5469 2686 5516 autem
2731 5457 2822 5512 hic
2861 5468 3034 5509 annus
3079 5448 3296 5514 dicitur,
3343 5446 3451 5503 hoc

1867 5551 1990 5608 ideo
2023 5551 2085 5606 fit
2129 5551 2259 5623 quia
2302 5550 2471 5607 multa
2511 5549 2655 5605 inter
2694 5544 3072 5602 formationem
3110 5544 3351 5593 nostram
3395 5545 3451 5593 et

1866 5642 2310 5699 reformationem
2340 5649 2643 5710 temporum
2685 5637 3041 5692 decurrerunt
3067 5626 3261 5700 spatia.
3307 5626 3449 5700 Ergo

1868 5751 1976 5790 non
2011 5733 2212 5790 frustra
2255 5733 2392 5789 sexti
2424 5731 2553 5787 anni
2597 5727 2870 5799 lcgislator
2898 5724 3226 5782 mentionem
3273 5720 3432 5781 fecit:
