3926 6176
520 342 628 397 555
1201 341 1261 395 Β.
1305 339 1554 396 RABANI
1595 339 1812 396 MAURI
1851 339 2169 396 ARCHIEP.

2215 340 2519 398 MOGUNT.
2559 345 2842 403 OPERUM
2880 348 3058 404 PARS
3095 349 3134 404 Ι.
3669 348 3765 407 536

514 462 567 517 in
595 459 868 525 boc,enim
891 456 1139 514 Christus
1161 459 1413 524 veniens,
1459 457 1606 512 dedit
1634 456 1789 512 nobis
1819 458 2098 528 acquirere
2127 458 2174 514 Α
2202 461 2339 528 quod
2362 461 2407 513 si
2433 477 2536 515 non
2591 462 2838 517 invenerit
2867 480 3054 518 manus
3078 465 3192 532 ejus
3235 475 3288 517 ut
3319 464 3500 518 reddat
3526 467 3764 535 pretium,

513 551 739 616 fructus,
770 550 967 620 quibus
1003 548 1058 603 in
1085 549 1302 618 propria
1332 557 1642 603 nostrorum
1670 547 2093 618 uniuscujusque

513 638 1009 704 consummatione,
1061 647 1117 692 et
1145 638 1198 692 in
1241 637 1512 691 communi
1567 639 1964 694 resurrectione
2013 647 2095 693 at-

513 748 620 802 que
659 729 1017 788 retributione
1043 727 1240 782 nutriri
1285 728 1576 797 possimus,
1617 737 1884 798 prtestans
1911 729 2094 798 generi

515 825 754 881 humano
794 822 1133 878 abundanter
1171 819 1499 876 fructiﬁcare
1525 820 1773 886 virtutes,
1800 830 1855 875 et
1887 829 2094 876 tantum

514 926 576 974 ut
601 918 655 972 hi
686 917 779 988 qui
807 916 952 970 circa
980 914 1169 969 horam
1195 913 1536 967 undecimam
1573 912 1825 968 conducti
1865 920 1991 967 sunt
2027 912 2095 967 ad

516 1010 883 1082 operandum,
927 1021 1050 1061 cum
1092 1004 1199 1060 illis
1242 1005 1334 1075 qui
1373 1019 1533 1059 mane
1577 1004 1826 1060 conducti
1872 1003 2093 1069 fuerint,

457 1137 466 1154 .
518 1099 724 1156 denarii
756 1096 1061 1167 acciperent
1089 1094 1412 1150 mercedem.
1445 1093 1704 1164 Sequitur
1734 1113 1746 1146 :

590 1190 754 1245 Terra
777 1205 979 1262 quoque
1009 1204 1112 1242 non
1135 1186 1382 1242 vendetur
1409 1186 1464 1239 in
1491 1195 1812 1256 perpetuum,
1835 1186 1960 1255 quia
1983 1201 2097 1239 mea

517 1292 612 1347 est,
653 1291 702 1336 et
730 1297 817 1337 vos
846 1280 1058 1335 aduente
1088 1288 1137 1334 et
1178 1277 1349 1333 coloni
1396 1279 1500 1333 mei
1537 1279 1693 1344 estis;
1742 1278 1879 1332 unde
1909 1287 2097 1331 cuncta

518 1375 659 1445 regio
683 1372 1020 1444 possessionis
1054 1379 1237 1426 vestra:
1269 1369 1364 1425 sub
1404 1368 1772 1439 redemptionis
1802 1368 2098 1422 conditione

517 1467 785 1521 vendetur.
819 1463 928 1537 (Ea:
957 1461 1293 1535 Augustino.)
1330 1458 1400 1514 Et
1427 1470 1566 1515 terra
1590 1477 1690 1514 non
1715 1458 2099 1515 uenundabitur

517 1559 574 1612 in
610 1555 1059 1627 profanationem,
1095 1553 1191 1608 alii
1224 1554 1439 1609 codices
1467 1551 1697 1617 habent,
1729 1553 1783 1605 in
1819 1549 2099 1619 confirma-

518 1651 745 1715 tionem,
786 1662 947 1718 quam
988 1645 1402 1703 mendositatem
1437 1645 1490 1698 in
1533 1641 1808 1698 alterutris
1848 1640 1998 1710 prius
2044 1641 2097 1694 in

519 1739 708 1796 Graeco
763 1738 1020 1794 accidisse
1077 1737 1340 1798 arbitror,
1394 1744 1613 1806 propter
1665 1731 1814 1787 verbi
1866 1731 2097 1786 similem

519 1844 745 1895 sonum;
789 1829 1068 1902 βεϐήλωσις
1094 1827 1237 1882 enim
1278 1824 1580 1897 profanatio
1615 1823 1842 1888 dicitur;
1874 1823 2095 1894 βεϐαἰω-
2125 1807 2172 1866 Β

519 1946 598 1986 σις
655 1914 832 1977 autem
887 1918 1246 1976 conﬁrmatio.
1307 1916 1414 1972 Sed
1479 1915 1568 1970 ille
1629 1929 1820 1970 sensus
1881 1919 2098 1982 apertus

521 2022 634 2080 est,
681 2023 730 2068 et
773 2023 913 2067 terra
957 2026 1060 2065 non
1106 2006 1488 2063 venundabitur
1533 2005 1591 2059 in
1641 2002 2095 2075 profanationem,

522 2106 576 2160 id
623 2111 725 2170 est,
775 2117 846 2158 ne
891 2102 1012 2171 quis
1057 2102 1278 2154 auderet
1331 2105 1532 2153 terram
1596 2109 1758 2166 quam
1815 2093 2022 2162 accepit
2067 2107 2098 2145 a

521 2195 634 2251 Deo
673 2193 907 2250 vendere
946 2189 1207 2262 profanis,
1240 2189 1330 2259 qui
1376 2203 1439 2243 ea
1483 2196 1705 2242 utantur
1745 2185 1813 2240 ad
1854 2185 2100 2254 impieta-

520 2293 632 2341 tem
677 2284 988 2352 cultumque
1016 2282 1236 2336 deorum
1286 2279 1584 2333 alienorum
1613 2285 1778 2346 atque
1816 2274 2094 2330 falsorum.

522 2376 655 2430 Illud
711 2385 891 2430 autem
945 2373 1336 2428 subobscurum
1389 2380 1507 2434 est,
1562 2385 1666 2422 non
1722 2367 2100 2422 venundabitur

523 2476 666 2521 terra
707 2467 763 2519 in
821 2464 1303 2533 confirmationem,
1360 2461 1504 2532 quod
1551 2468 1683 2530 puto
1735 2474 1842 2514 non
1898 2457 2096 2512 intelli-

523 2557 780 2629 gendum,
835 2556 940 2610 nisi
974 2569 1040 2608 ne
1068 2555 1142 2608 ita
1197 2551 1436 2606 venditio
1491 2548 1859 2613 conﬁrmetur,
1890 2557 1950 2602 ut
1977 2563 2097 2602 eam

525 2666 635 2708 non
695 2649 924 2719 recipiat
959 2646 1210 2700 venditor
1261 2652 1501 2712 tempore
1555 2639 1913 2704 remissionis,
1961 2639 2101 2693 sicut

521 2747 855 2813 praeceptum
881 2748 983 2794 est.
1033 2736 1187 2803 Quod
1212 2750 1342 2790 vero
1391 2724 1633 2804 setiuitur
1657 2774 1671 2798 ,
1705 2732 1921 2800 utrique
1977 2745 2100 2785 sen-

523 2834 608 2890 sui
662 2839 842 2903 potest
891 2842 1209 2898 congruere,
1262 2827 1375 2881 sive
1423 2825 1673 2895 legatur:
1706 2821 1777 2876 Et
1811 2831 1950 2876 terra
1996 2836 2099 2874 non

523 2924 908 2980 venundabitur
928 2923 984 2976 in
1020 2920 1464 2991 profanationem,
1511 2918 1622 2972 sive
1657 2917 1712 2970 in
1743 2914 2100 2984 conﬁrmatio-

525 3035 662 3073 nem.
691 3015 921 3072 Secutus
968 3014 1166 3084 quippe
1207 3010 1470 3080 adjunxit,
1514 3009 1632 3064 Mea
1668 3010 1805 3065 enim
1829 3018 1903 3063 est
1934 3018 2097 3073 terra,

522 3119 734 3180 propter
779 3107 915 3178 quod
954 3103 1201 3174 proselyti
1243 3112 1290 3156 et
1339 3102 1525 3156 incola?
1558 3117 1648 3155 vos
1676 3101 1806 3154 estis
1845 3108 1965 3153 ante
1992 3115 2093 3163 me,

525 3159 572 3179 r'
593 3159 717 3180 'r‘“
783 3159 804 3178 ’1
862 3159 865 3160 '
955 3159 966 3174 ι
1128 3159 1152 3172 υ
2081 3159 2088 3163 ν

525 3210 576 3253 et
606 3215 698 3268 per
727 3213 928 3252 omnem
968 3203 1162 3248 terram
1207 3191 1546 3261 possessionis
1596 3199 1779 3244 vestra:
1808 3189 2096 3244 mercedem
2123 3159 2171 3223 δ

527 3286 720 3341 dabitis
733 3294 908 3351 terra,
924 3282 1016 3336 alii
1033 3288 1210 3334 autem
1228 3280 1441 3335 codices
1459 3278 1677 3342 habent,
1697 3277 2099 3346 redemptionem

530 3377 725 3432 dabitis
773 3386 946 3430 ter-rw.
987 3372 1196 3428 Sensus
1228 3386 1358 3442 ergo
1387 3371 1477 3426 hic
1505 3379 1589 3426 est
1626 3389 1639 3424 :
1675 3369 1798 3424 Non
1833 3366 2101 3423 uenunda-

528 3467 671 3521 bitur
722 3477 864 3522 terra
908 3465 964 3519 in
1008 3464 1452 3537 profanationem,
1506 3461 1559 3517 id
1584 3469 1688 3528 est,
1742 3461 1852 3516 illis
1905 3460 1998 3531 qui
2034 3474 2101 3514 ea

527 3568 752 3617 utantur
808 3559 860 3614 in
891 3557 1143 3630 injuriam
1177 3555 1492 3622 Creatoris;
1535 3562 1629 3610 aut
1663 3555 1718 3608 in
1745 3551 2101 3624 conﬁrmatio-

526 3669 662 3720 nem,
695 3652 748 3708 id
775 3659 877 3717 est,
905 3658 966 3706 ut
992 3664 1115 3705 eam
1145 3656 1356 3720 emptor
1384 3654 1645 3718 perpetuo
1673 3643 1971 3716 possideat,
2000 3656 2102 3698 nec

525 3752 675 3800 certo
699 3743 998 3800 secundum
1031 3740 1126 3796 Dei
1155 3747 1488 3810 praeceptum
1517 3736 1806 3792 intervallo
1835 3749 2099 3790 annorum

526 3837 780 3896 restituat
808 3832 1096 3889 venditori.
1125 3830 1247 3886 Mea
1291 3830 1429 3884 enim
1459 3839 1553 3892 est,
1587 3829 1782 3898 inquit,
1809 3838 1974 3894 terra,
2002 3843 2103 3881 un-

528 3929 596 3984 de
637 3926 934 3982 secundum
991 3936 1170 3977 meum
1228 3928 1556 3992 pmceptum
1604 3933 1670 3974 ea
1720 3919 1798 3973 uti
1837 3917 2099 3973 debeatis.

526 4019 704 4088 Atque
727 4025 789 4070 ut
817 4015 1128 4071 ostenderet
1169 4027 1323 4068 suam
1372 4024 1494 4066 esse
1546 4025 1656 4065 non
1680 4009 1940 4080 ipsorum,
1974 4007 2103 4077 quid

529 4111 632 4181 ipsi
665 4111 716 4164 in
763 4124 828 4164 ea
875 4115 1079 4173 essent,
1117 4112 1514 4176 consequenter
1565 4102 1812 4174 adiunxit
1873 4101 2099 4157 dicens:

533 4200 756 4272 Propter
793 4198 933 4270 quod
963 4195 1212 4268 proselyti
1249 4205 1298 4250 et
1334 4193 1521 4250 incola:
1558 4209 1646 4249 cos
1687 4193 1810 4246 estis
1854 4200 1974 4246 ante
1998 4206 2098 4255 me,

525 4293 631 4347 hoc
660 4298 765 4357 est,
819 4287 1065 4360 quamvis
1102 4284 1382 4357 proselyti,
1420 4283 1472 4339 id
1500 4293 1616 4350 est,
1637 4283 1857 4338 adventa
1887 4281 1996 4336 sint
2013 4295 2106 4336 vo-

524 4387 635 4451 bis,
663 4398 782 4454 qua:
827 4397 891 4437 ex
923 4379 1242 4452 alienigenis
1293 4377 1658 4450 adiunguntur
1708 4376 1852 4446 genti
1884 4382 2098 4438 vestrae,

525 4486 585 4531 ut
617 4475 824 4540 incolis,
859 4473 912 4528 id
941 4481 1043 4537 est,
1101 4487 1207 4526 non
1235 4471 1289 4525 in
1343 4479 1488 4525 terra
1518 4469 1732 4540 propria
1777 4475 2060 4522 manentes
2086 4483 2100 4518 :
2131 4509 2182 4566 Β

447 4561 452 4566 ’
527 4577 708 4620 tamen
749 4564 914 4618 Cl.le
964 4577 1062 4616 VOS
1091 4574 1280 4615 omnes
1332 4568 1458 4612 ante
1507 4573 1593 4612 me
1627 4558 1848 4610 advenm
1887 4555 2020 4610 CSllS
2047 4563 2102 4608 ει

525 4654 736 4710 incolae.
790 4651 903 4708 Hoc
951 4650 1092 4706 Deus
1145 4649 1299 4716 dicit,
1333 4649 1450 4704 sive
1492 4645 1768 4708 lsraelitis,
1801 4643 1944 4714 quod
1971 4643 2102 4696 alia-

529 4760 647 4798 rum
685 4745 921 4814 gcntium
952 4751 1154 4796 terram
1193 4754 1327 4810 quas
1351 4736 1575 4808 expulit,
1604 4736 1684 4790 eis
1711 4733 1960 4799 dederit;
1987 4733 2102 4788 sive
2151 4748 2154 4750 ‘

527 4836 674 4890 omni
704 4835 928 4899 homini,
959 4832 1215 4902 quoniam
1253 4839 1380 4886 ante
1407 4831 1577 4884 Deum
1628 4827 1719 4897 qui
1748 4840 1960 4895 semper
1989 4840 2100 4879 ma-

529 4935 644 4991 net,
679 4934 732 4979 ct
755 4925 896 4979 sicut
925 4925 1187 4994 scriptum
1215 4931 1318 4988 est,
1352 4919 1546 4976 ctelum
1577 4927 1631 4973 et
1656 4927 1858 4972 terram
1889 4915 2096 4986 implet,

529 5020 715 5090 utique
742 5020 1034 5088 przescnli'a
1095 5032 1216 5082 sua,
1244 5015 1422 5071 omnis
1456 5015 1615 5069 homo
1645 5012 1854 5066 advena
1893 5018 1975 5066 est
2000 5025 2099 5064 na-

529 5111 750 5175 scendo,
807 5117 861 5164 ct
913 5107 1086 5163 incola
1143 5106 1391 5171 vivendo,
1446 5102 1699 5172 quoniam
1766 5099 2105 5168 compellitur

529 5204 767 5274 migrare
803 5201 1100 5255 moriendo.
1132 5197 1191 5252 Si
1219 5206 1519 5251 attenuatus
1547 5194 1710 5264 frater
1755 5204 1874 5246 tuus
1921 5191 2103 5245 vendi-

530 5294 666 5348 derit
709 5289 1181 5362 posscssiunculam
1228 5304 1402 5351 suam,
1429 5293 1477 5339 et
1518 5284 1739 5337 voluerit
1782 5283 2102 5352 prapinquus

531 5388 668 5457 ejus,
715 5393 879 5454 potest
935 5381 1186 5434 redimere
1215 5378 1360 5449 quod
1402 5377 1490 5430 ille
1527 5375 1853 5439 vendiderat,
1886 5375 1968 5427 sin
2008 5389 2105 5425 au-

534 5489 634 5531 tem
687 5493 789 5529 non
820 5473 1056 5527 habuerit
1083 5471 1399 5539 proximum,
1448 5476 1495 5521 et
1528 5467 1634 5535 ipse
1663 5465 1884 5536 pretium
1923 5462 1991 5515 ad
2029 5479 2107 5514 re-

534 5567 833 5621 dimendum
861 5564 1083 5633 potuerit
1140 5561 1389 5625 invenire,
1440 5557 1877 5627 computabantur
1905 5554 2107 5622 fructus

538 5675 600 5709 er.
627 5675 684 5710 eo
712 5669 934 5726 tempore
987 5654 1122 5722 quod
1151 5651 1398 5708 vendidit,
1450 5659 1494 5702 et
1533 5649 1668 5717 quod
1706 5646 1958 5714 reliquum
2007 5655 2102 5704 est,

543 5748 715 5801 reddet
755 5749 1008 5814 tempori;
1043 5747 1213 5816 sicque
1242 5743 1448 5812 recipiet
1507 5740 1879 5808 possessionem
1931 5751 2105 5800 suam,

2198 553 2399 608 habebit
2426 564 2626 626 emptor
2667 556 2806 626 quod
2835 566 3032 611 emerat
3081 573 3244 628 usque
3273 556 3342 610 ad
3388 574 3586 612 annum
3633 559 3769 628 iubi-

2197 643 2353 697 lteum
2379 658 2396 696 :
2423 644 2480 698 in
2500 645 2612 714 ipso
2660 656 2835 701 autem
2877 649 3046 701 omnis
3073 648 3297 702 venditio
3330 648 3462 702 redit
3487 649 3557 702 ad
3593 648 3769 706 Domi-

2197 749 2323 786 num
2376 743 2424 788 et
2483 751 2830 803 possessorem
2867 737 3168 806 pristinum.
3221 737 3399 808 (lam)
3458 737 3569 809 [Ex
3610 737 3770 810 Hesy-

2195 822 2281 877 chi
2289 822 2358 895 0.]
2413 824 2846 895 Uniuscujusque
2874 841 3004 897 ergo
3030 828 3266 883 hominis
3316 829 3613 899 possessio,
3635 831 3766 885 bona

2198 917 2537 970 conversatio
2565 928 2669 982 est,
2697 933 2859 987 quam
2909 919 3086 975 sortiti
3141 935 3327 976 sumus
3355 935 3387 974 a
3416 920 3548 985 Deo,
3581 922 3649 976 de
3671 937 3768 991 qua

2198 1003 2394 1060 Paulus
2423 1005 2654 1072 dicebat,
2687 1009 3041 1080 unusquisque
3084 1009 3140 1064 in
3167 1027 3273 1080 qua
3318 1011 3586 1065 vocatione
3626 1028 3772 1066 voca-

2198 1103 2283 1148 tus
2327 1104 2420 1160 est,
2448 1094 2660 1163 fratres,
2690 1097 2744 1150 in
2781 1098 2964 1152 eadem
2990 1109 3197 1152 maneat
3245 1097 3298 1170 (Ι
3318 1097 3442 1154 Cor.
3473 1099 3596 1171 vn),
3637 1101 3772 1170 apud

2200 1183 2390 1249 Deum,
2426 1185 2516 1240 hic
2563 1186 2707 1242 enim
2745 1187 3136 1259 virginitatem,
3188 1190 3278 1245 ille
3329 1199 3511 1246 autem
3561 1201 3770 1246 castum

2199 1273 2530 1345 coniugium,
2571 1277 2708 1333 alter
2737 1279 2901 1334 vitam
2926 1279 3172 1351 justitiae,
3202 1279 3340 1337 alius
3389 1290 3578 1337 autem
3604 1282 3767 1338 silen-

2201 1365 2336 1421 tium
2392 1369 2856 1440 remotionemque
2904 1386 3214 1437 causarum,
3269 1372 3360 1428 hic
3387 1374 3770 1438 sacerdotium,

2201 1454 2290 1510 ille
2317 1471 2610 1528 pauperum
2639 1459 3023 1530 patrocinium,
3079 1459 3216 1516 alter
3241 1461 3368 1528 alia,
3401 1463 3774 1533 unusquisque

2199 1549 2494 1604 secundum
2520 1552 2794 1620 propriam
2821 1552 3078 1608 virtutem
3118 1553 3376 1624 possidet,
3411 1554 3508 1610 sed
3559 1555 3774 1626 quando

2197 1656 2298 1710 per
2349 1641 2610 1698 desidiam
2660 1645 3015 1716 cogitationes
3075 1655 3275 1704 nostra:
3337 1648 3624 1704 inﬁrmata:
3661 1650 3776 1705 fue-

2201 1731 2331 1796 rint,
2363 1740 2494 1787 tunc
2519 1749 2586 1788 ex
2612 1744 2766 1804 parte
2795 1736 2861 1790 de
2885 1737 3103 1806 propria
3135 1738 3377 1794 cadimus
3412 1741 3772 1809 possessione.

2201 1820 2258 1878 Si
2289 1833 2589 1880 attenuatus
2647 1827 2814 1897 frater
2858 1838 3000 1895 tuus,
3049 1831 3165 1885 sive
3213 1832 3506 1887 secundum
3546 1831 3778 1903 Septua~

2201 1914 2370 1984 ginta,
2400 1917 2446 1970 si
2475 1917 2545 1970 ad
2565 1928 2922 1987 paupertatem
2967 1922 3255 1990 pervenerit
3308 1921 3474 1991 frater
3513 1933 3654 1990 tuus,
3684 1925 3776 1995 qui

2201 2015 2274 2058 est
2298 2015 2490 2073 tecum,
2546 2007 2771 2064 fratrem
2834 2018 3081 2066 nostrum
3133 2019 3188 2066 et
3216 2011 3308 2083 qui
3362 2013 3640 2068 nobiscum
3667 2024 3776 2083 est,

2202 2097 2468 2153 intellexit
2521 2100 2861 2168 conﬁdelem,
2895 2102 2949 2157 in
3001 2103 3158 2173 cujus
3203 2105 3529 2176 cogitatione
3556 2107 3778 2175 quando

2201 2190 2410 2244 venerit
2447 2201 2726 2260 peccatum
2758 2193 2811 2248 in
2837 2199 3212 2264 paupertatem
3240 2195 3461 2260 labitur,
3491 2205 3547 2252 et
3570 2213 3780 2269 pauper

2200 2293 2328 2334 vere
2358 2291 2462 2346 est,
2485 2283 2579 2352 qui
2609 2283 2825 2340 divitias
2859 2283 3092 2354 perdidit
3119 2284 3408 2355 spiritales,
3437 2286 3615 2342 factus
3646 2304 3779 2358 qua-

2200 2368 2268 2423 lis
2306 2369 2394 2424 ille
2441 2370 2508 2425 de
2563 2386 2670 2440 quo
2700 2372 2868 2427 David
2926 2373 3061 2428 dixit
3095 2389 3109 2426 :
3139 2388 3262 2428 cum
3293 2388 3418 2429 eum
3458 2376 3549 2445 qui
3603 2377 3661 2430 in
3691 2393 3780 2433 co-

2200 2459 2554 2530 gitationibus
2601 2470 2948 2532 peccatorum
3013 2464 3337 2520 constitutus
3374 2475 3492 2520 erat
3541 2481 3779 2536 expone-

2200 2561 2284 2607 ret
2310 2552 2587 2607 hominem
2618 2571 2630 2606 :
2664 2552 2834 2623 Egens
2873 2570 2988 2608 sunt
3018 2571 3134 2625 ego,
3169 2564 3216 2608 et
3242 2556 3295 2610 in
3324 2556 3590 2610 laboribus
3618 2575 3652 2610 α
3677 2558 3775 2625 ju-

2201 2656 2404 2700 ventute
2427 2662 2566 2711 mea,
2593 2646 2856 2701 exaltatus
2886 2657 3060 2702 autem
3086 2648 3394 2702 humiliatus
3434 2665 3553 2702 sum
3578 2658 3626 2703 et
3652 2667 3778 2704 con-

2202 2736 2356 2806 fusus
2410 2735 2586 2808 (Psal.
2623 2739 2893 2810 uxxvu).
2929 2738 3157 2805 Quando
3216 2753 3345 2810 ergo
3374 2740 3467 2795 hic
3507 2741 3600 2810 qui
3657 2741 3782 2795 talis

2200 2836 2304 2892 est,
2341 2837 2546 2898 partem
2599 2829 2830 2899 propria:
2859 2831 3121 2900 bonaeque
3149 2831 3527 2901 possessionis,
3578 2848 3707 2901 qua:
3731 2833 3778 2887 ei

2201 2928 2350 2976 sorte
2404 2921 2699 2976 obvenerat
2755 2923 3080 2988 vendiderit,
3143 2924 3531 2994 cogitationem
3567 2927 3784 2994 peccati

2201 3011 2524 3081 suscipiens,
2537 3012 2723 3068 vendit
2742 3014 2887 3068 enim
2910 3014 3000 3068 hic
3019 3013 3328 3070 adversario
3349 3031 3500 3070 suam
3517 3025 3780 3080 mentem,

2200 3101 2653 3172 quemadmodum
2682 3101 2826 3158 Deus
2861 3102 3062 3159 Judteis
3087 3105 3298 3161 diccbat
3326 3124 3340 3159 :
3383 3105 3520 3160 Ecce
3553 3108 3783 3176 peccatis

2205 3192 2382 3246 vestris
2423 3192 2709 3246 venundati
2736 3193 2857 3248 estis
2903 3194 3038 3264 (Isa.
3079 3196 3233 3268 xxx),
3282 3197 3467 3252 veniet
3505 3195 3688 3254 afﬁnis
3732 3205 3787 3252 et

2202 3281 2537 3353 propinquus
2587 3283 2726 3354 ejus,
2789 3286 3087 3340 secundum
3133 3287 3384 3357 spiritum
3435 3297 3710 3359 cognatus
3733 3295 3787 3343 et

2203 3371 2502 3439 conﬁdelis,
2536 3381 2591 3429 et
2615 3373 2787 3446 legem
2815 3376 3159 3446 cognationis
3182 3377 3438 3447 operibus
3462 3377 3784 3441 estiuidens,

2203 3470 2259 3517 et
2279 3463 2533 3520 liberabit
2587 3466 2952 3524 venditionem
3005 3467 3192 3523 nutris
3237 3468 3342 3535 sui,
3385 3460 3514 3523 illud
3550 3469 3786 3538 impleas

2203 3557 2346 3626 quod
2390 3556 2589 3612 Paulus
2646 3558 2961 3614 scribebat:
2994 3556 3232 3625 Fratres,
3285 3559 3332 3612 si
3379 3560 3787 3628 comprehensus

2204 3648 2362 3719 fuerit
2388 3649 2540 3703 homo
2591 3649 2646 3703 in
2675 3649 2852 3721 aliqua
2881 3650 3092 3718 delicto,
3117 3669 3204 3707 vos
3231 3652 3320 3724 qui
3358 3651 3626 3723 spiritales
3661 3652 3788 3707 estis

2205 3740 2507 3811 hujusmodi
2538 3741 2781 3795 instruite
2808 3743 2863 3796 in
2891 3744 3080 3812 spiritu
3126 3744 3566 3810 mansuetudinis,
3613 3744 3792 3799 consi—

2203 3832 2394 3885 derans
2422 3831 2666 3899 teipsum,
2691 3849 2752 3886 ne
2777 3840 2825 3886 et
2853 3842 2910 3886 tu
2940 3835 3152 3887 tenteris
3175 3850 3192 3897 ;
3222 3833 3355 3888 alter
3374 3833 3598 3888 alterius
3620 3849 3789 3888 onera

2202 3931 2423 3991 portate,
2467 3931 2514 3975 et
2542 3923 2617 3976 sic
2646 3922 2996 3994 adimplebitis
3041 3923 3202 3995 legem
3232 3921 3427 3978 Christi
3455 3921 3660 3994 (Colat.
3685 3923 3790 3992 vt).

2205 4008 2262 4064 Si
2317 4011 2464 4066 enim
2525 4011 2757 4068 invicem
2809 4027 2973 4069 onera
3035 4023 3220 4070 nostra
3282 4014 3788 4077 exhortationibus,

2205 4099 2734 4166 commonitioaibus,
2779 4103 3204 4173 opportunisque
3241 4103 3484 4159 consiliis
3534 4113 3796 4172 portave—

2207 4188 2395 4252 rimus,
2443 4188 2674 4244 liberare
2732 4189 2956 4246 fratrem
2985 4200 3361 4261 apaupertate
3409 4207 3713 4261 possumus
3739 4203 3799 4247 et

2207 4279 2493 4342 redimere,
2533 4294 2692 4349 quam
2726 4280 2838 4349 ipse
2887 4296 2954 4335 ex
3004 4281 3328 4352 negligentia
3378 4281 3798 4350 possessionem

2207 4384 2326 4423 eum
2353 4368 2576 4423 deberet
2613 4370 2876 4435 vendidit,
2909 4379 2963 4426 et
2994 4372 3153 4426 modo
3173 4371 3408 4440 quodam
3456 4370 3517 4424 ﬁt
3545 4385 3804 4426 commu-

2207 4458 2292 4513 nis
2319 4458 2613 4527 possessio,
2652 4459 2695 4512 si
2728 4469 2906 4512 autem
2963 4459 3122 4515 alicui
3154 4476 3260 4514 non
3311 4458 3478 4514 fuerit
3504 4461 3802 4528 proximus

2209 4550 2294 4606 vel
2332 4552 2688 4621 propinquus,
2739 4551 2964 4606 forsitan
2995 4553 3142 4607 enim
3190 4569 3294 4607 non
3322 4552 3561 4606 ostendit
3591 4565 3808 4622 Oppor-

2212 4654 2342 4698 tuno
2373 4651 2609 4712 tempore
2633 4659 2759 4713 erga
2789 4643 2951 4698 alium
2979 4644 3429 4714 compassionem,
3450 4643 3564 4713 ipse
3587 4651 3808 4697 semet-

2211 4735 2384 4805 ipsum
2413 4735 2624 4791 salvare
2659 4735 2838 4800 debet,
2870 4744 2926 4790 et
2951 4737 3222 4805 propriam
3252 4735 3614 4790 substantiam
3649 4733 3811 4788 redi-

2209 4839 2375 4890 mere,
2424 4833 2480 4879 et
2531 4835 2816 4894 propterea
2873 4826 2992 4878 ait:
3023 4823 3117 4878 Sin
3177 4834 3350 4877 autem
3399 4840 3504 4876 non
3545 4821 3812 4876 habuerit

2209 4916 2523 4986 proximum,
2574 4925 2620 4968 et
2654 4916 2762 4985 ipse
2794 4917 3017 4985 pretium
3047 4915 3116 4967 ad
3153 4913 3514 4968 redimendum
3562 4910 3815 4981 potuerit

2208 5005 2458 5068 invenire,
2505 5005 2944 5074 contputabuntur
2981 5003 3185 5072 fructus
3224 5019 3288 5056 ex
3324 5018 3384 5055 eo
3413 5011 3649 5068 tempore
3701 5013 3814 5068 quo

2208 5094 2455 5158 vendidit,
2483 5103 2531 5148 et
2571 5093 2708 5163 quod
2734 5093 2986 5163 reliquum
3012 5101 3106 5156 est,
3139 5091 3314 5144 reddet
3345 5089 3592 5158 emptori,
3616 5087 3819 5155 sicque

2210 5184 2417 5254 recipiet
2443 5183 2821 5253 possessionem
2843 5199 3013 5237 suam.
3046 5183 3180 5248 Quis
3225 5197 3355 5252 ergo
3401 5188 3659 5234 nostrum
3691 5179 3825 5232 ἱειοο

2210 5290 2346 5331 neus
2379 5283 2496 5338 est,
2534 5281 2626 5326 aut
2673 5281 2850 5342 potest
2878 5286 2944 5326 ex
2973 5272 3178 5326 desidia
3207 5280 3302 5325 aut
3335 5269 3606 5339 pravitate
3649 5283 3825 5322 men—

2213 5377 2320 5422 tem
2351 5365 2624 5420 venditam
2665 5364 2918 5428 liberare,
2971 5371 3030 5416 ut
3064 5379 3170 5418 non
3209 5377 3272 5416 ex
3330 5370 3443 5415 toto
3471 5369 3678 5430 pereat
3713 5361 3830 5414 ab-

2207 5459 2495 5519 alienante,
2526 5456 2630 5512 nisi
2657 5457 2768 5510 vita
2797 5457 2938 5510 bona
2967 5464 3023 5509 et
3060 5455 3204 5509 actio
3233 5452 3503 5523 repellens
3534 5465 3832 5518 quaecun-

2209 5565 2312 5619 que
2363 5548 2569 5602 inventi
2609 5545 2870 5600 fuerimus
2900 5545 2954 5599 in
2987 5554 3168 5599 mente
3204 5542 3538 5613 peccantes?
3567 5538 3840 5608 Oportet

2211 5657 2337 5711 ergo
2367 5639 2603 5708 cogitare
2630 5646 2888 5705 quantum
2923 5645 3131 5703 tempus
3159 5633 3446 5704 praedictas
3475 5639 3746 5685 mentes
3779 5632 3838 5686 ei

2211 5735 2304 5802 qui
2329 5731 2462 5788 solet
2487 5743 2581 5784 eas
2611 5726 3026 5797 cogitationibus
3075 5725 3232 5786 malis
3261 5736 3466 5788 emere,
3501 5729 3555 5774 et
3581 5719 3656 5774 in
3701 5736 3848 5785 ser.
