3926 6176
312 322 412 380 557

1192 323 1691 385 EXPOSITIONES
1731 325 1801 382 IN
1841 325 2236 385 LEVITICUM.
2275 361 2345 371 —
2380 330 2510 386 LIB.
2549 329 2660 388 V'll.

3455 338 3560 396 538

312 436 541 492 vitutem
596 434 841 506 redigere
868 437 1293 507 vendiderimus,
1347 449 1400 496 et
1427 441 1471 496 si
1513 440 1663 496 verbi
1690 440 1888 510 gratia,
1917 443 1964 504 Α
1993 440 2122 508 sint,
2153 457 2368 513 semper
2389 445 2580 501 redimi
2613 447 2888 518 praecepit,
2927 463 3085 519 agros
3122 461 3300 508 autem
3327 459 3563 514 vendere

308 525 641 587 desiderium
665 535 908 582 nostrum
952 529 1195 585 avaritia:
1235 531 1507 602 cogitatus
1539 532 1758 598 invasit,
1791 546 1889 586 nos

307 632 701 688 recuperemus
751 627 986 673 mentem
1036 629 1302 686 nostram,
1357 630 1415 676 ut
1447 637 1539 677 835
1569 623 1732 678 etiam
1769 637 1888 691 qua:

305 711 375 768 de
395 711 550 783 justo
576 718 703 764 sunt
735 710 1010 780 pecunias,
1041 720 1096 765 et
1114 713 1483 780 possessiones
1505 713 1883 780 despiciamus,

306 808 352 862 si
382 805 777 877 gastrimargia:
798 804 1168 874 captivitatem
1194 808 1479 877 suggessit,
1509 821 1607 860 nos
1638 805 1888 860 intentio-

305 913 428 953 nem
455 895 649 967 jejunii
679 895 932 960 districti,
964 905 1017 950 et
1037 897 1279 951 omnium
1309 897 1553 951 ciborum
1595 897 1885 951 continen-

307 989 438 1043 tiam
473 999 876 1057 recuperemus,
909 985 988 1041 sic
1019 986 1164 1040 enim
1213 987 1611 1056 possessionem
1642 995 1885 1041 nostram

303 1076 550 1146 recipere
580 1075 772 1145 majori
803 1075 1025 1131 inimico
1072 1091 1234 1146 quem
1286 1078 1644 1132 devicerimus
1692 1093 1886 1147 possu-

301 1185 442 1225 mus.
486 1168 584 1224 Sin
616 1177 796 1223 autem
850 1168 953 1222 hoc
978 1167 1180 1222 factum
1231 1184 1341 1224 non
1371 1168 1551 1234 fuerit,
1584 1169 1715 1240 quid
1762 1183 1886 1224 eve-

298 1263 432 1327 niat,
467 1261 635 1325 disce,
669 1271 715 1314 et
746 1261 791 1314 si
823 1277 927 1314 non
964 1261 1211 1315 invenerit
1239 1279 1424 1316 manus
1467 1262 1583 1332 ejus
1608 1270 1662 1315 ut
1688 1261 1881 1315 reddat

295 1356 527 1426 pretium
554 1366 573 1405 :
610 1359 828 1423 oportet
864 1353 1009 1407 enim
1058 1352 1202 1408 sicut
1245 1353 1502 1419 diximus,
1534 1355 1748 1423 quando
1776 1371 1882 1408 non

296 1443 645 1514 prmveniens
670 1443 792 1511 quis
840 1443 1177 1512 propinquus
1203 1443 1460 1513 spiritalis
1507 1445 1878 1511 commoverit,

295 1533 519 1604 quando
548 1531 719 1586 malas
753 1533 1112 1603 cogitationes
1140 1533 1256 1588 sine
1292 1533 1513 1590 laesione
1545 1535 1878 1605 repellimus,

294 1624 558 1694 subsequi
592 1623 976 1693 cogitationem
1007 1631 1062 1678 et
1089 1624 1357 1679 actionem
1415 1639 1481 1680 ex
1524 1640 1629 1694 qua
1661 1625 1879 1680 liberari

293 1713 594 1784 possimus,
646 1727 978 1781 quaecunque
1018 1714 1219 1782 reperti
1275 1714 1539 1769 fuerimus
1579 1714 1720 1769 male
1749 1714 1878 1768 alie-

295 1819 462 1858 nasse
494 1821 506 1856 :
547 1801 768 1855 Habebit
803 1810 1024 1871 emptor,
1066 1803 1206 1873 quod
1246 1813 1440 1858 emerat
1489 1821 1651 1874 usque
1680 1804 1749 1857 ad
1783 1821 1880 1857 an-

297 1909 424 1946 num
447 1890 731 1961 jubilceum
751 1907 770 1955 ;
805 1891 860 1944 in
882 1891 994 1960 ipso
1031 1893 1168 1946 enim
1191 1893 1356 1946 omnis
1384 1892 1610 1946 venditio
1653 1892 1784 1946 redit
1809 1893 1879 1946 ad

295 1981 576 2035 dominum
599 1989 645 2032 et
676 1980 744 2032 ad
769 1995 1113 2049 possessorem
1136 1980 1434 2051 pristinum.
1467 1980 1523 2035 Si
1555 1996 1684 2052 ergo
1706 1997 1881 2050 neque

292 2087 393 2144 per
424 2071 729 2126 fraternam
752 2071 1075 2136 doctrinam,
1107 2087 1282 2140 neque
1307 2087 1404 2142 per
1436 2071 1671 2140 aliquam
1697 2073 1880 2125 virtu-

296 2173 431 2228 tem,
471 2173 693 2218 nnstras
734 2162 1088 2230 cogitationes
1133 2163 1618 2228 emendaverimns,
1650 2172 1705 2218 et
1728 2177 1878 2218 rece-

292 2256 540 2326 perimus
576 2254 720 2325 quod
746 2254 812 2308 de
833 2263 1019 2310 nostra
1055 2256 1398 2326 possessione
1455 2257 1747 2312 alienatum
1771 2264 1874 2322 est,

299 2345 677 2401 dominabitur
701 2341 815 2412 ejus
840 2345 931 2414 qui
961 2360 1080 2399 eam
1101 2361 1198 2415 per
1231 2345 1610 2416 negligentiam
1635 2355 1874 2400 nostram

291 2438 558 2508 possedit,
599 2452 770 2506 usque
812 2437 880 2492 ad
915 2452 1050 2506 opus
1107 2438 1250 2492 enim
1291 2447 1570 2508 peceatum
1621 2437 1874 2507 perduci-

297 2537 414 2594 tur,
445 2537 503 2582 et
525 2543 633 2582 non
660 2527 822 2581 aliter
846 2527 1238 2598 intelligibilem
1289 2538 1528 2583 nostram
1576 2529 1876 2598 possessio-

300 2637 429 2676 nem
490 2623 799 2691 recipimus,
853 2621 956 2675 nisi
992 2621 1046 2675 in
1105 2629 1344 2689 tempore
1387 2617 1632 2688 jubilzei;
1674 2619 1788 2672 sive
1816 2626 1876 2671 ut

296 2711 683 2782 Septuaginta,
727 2710 1067 2775 remissionis,
1105 2708 1197 2778 qui
1232 2706 1503 2777 perfectus
1557 2714 1642 2760 est
1679 2721 1871 2772 annus,

289 2802 380 2872 qui
409 2815 604 2856 omnes
640 2800 693 2854 in
724 2815 783 2855 se
813 2801 975 2853 horas
1013 2798 1196 2862 habet,
1224 2805 1279 2851 et
1322 2795 1563 2850 omnium
1593 2795 1874 2850 modorum

287 2891 616 2956 circuitum;
643 2898 926 2960 peractum
955 2895 1264 2959 peccatum,
1287 2893 1343 2940 et
1373 2899 1468 2955 per
1492 2884 1717 2938 multum
1745 2892 1876 2939 tem-

283 2998 385 3054 pus
407 2997 664 3048 manens,
714 2998 819 3037 non
852 2982 1009 3038 aliter
1039 2982 1120 3038 fas
1150 2990 1233 3037 est
1281 2980 1500 3052 corrigi,
1549 2990 1605 3034 et
1641 2979 1876 3034 liberare

285 3082 530 3130 mentem
581 3075 636 3128 in
679 3090 782 3144 qua
813 3075 1119 3129 dominatus
1150 3082 1234 3130 est
1263 3073 1330 3139 is,
1363 3073 1456 3142 qui
1507 3071 1649 3128 male
1682 3078 1870 3126 nostra

284 3167 640 3238 conquisivit,
673 3167 777 3222 nisi
804 3182 901 3238 per
924 3166 1222 3236 perfectam
1247 3165 1641 3235 pmnitentiam,
1682 3164 1736 3217 in
1763 3179 1870 3233 qua

278 3257 573 3327 jejunium,
605 3266 662 3314 et
709 3246 886 3314 oratio
940 3265 993 3311 et
1030 3257 1285 3321 cilicium,
1344 3263 1398 3310 et
1446 3255 1788 3326 eleemosyna
1817 3263 1873 3311 et

282 3352 541 3423 lacrymaa
570 3360 907 3422 peraguntur
931 3365 946 3417 ;
975 3364 1075 3419 per
1108 3349 1224 3404 lucc
1258 3348 1402 3404 enim
1432 3347 1682 3404 remissio
1710 3346 1870 3403 nobis

285 3447 443 3519 plena
481 3447 846 3516 conquiritur.

356 3535 466 3602 Qui
492 3535 783 3589 vendiderit
837 3535 1050 3590 domum
1089 3536 1227 3590 intra
1260 3534 1402 3589 urbis
1429 3550 1626 3599 muros,
1665 3531 1872 3587 habebit

284 3627 555 3682 licentiam
609 3627 916 3690 redimendi,
960 3627 1123 3682 donec
1175 3643 1311 3680 unus
1343 3625 1624 3696 impleatur
1673 3640 1866 3678 annus.

289 3714 353 3772 Si
404 3734 514 3772 non
563 3716 862 3781 redemerit,
892 3725 940 3770 et
992 3717 1117 3770 anni
1148 3715 1373 3769 circulus
1418 3715 1578 3784 fuerit
1608 3712 1868 3776 evolutus,

286 3817 490 3880 entptor
516 3807 795 3878 possidebit
827 3823 962 3872 eam,
991 3815 1040 3861 et
1068 3806 1261 3876 posteri
1301 3805 1414 3874 ejus
1442 3805 1497 3857 in
1540 3810 1869 3872 perpetuum,

287 3911 334 3956 et
377 3901 577 3955 redemi
606 3917 711 3955 non
765 3901 972 3970 poterit,
1020 3900 1174 3954 etiam
1210 3898 1263 3951 in
1283 3894 1549 3966 jubilceo:
1586 3893 1668 3947 sin
1696 3901 1871 3946 autem

288 3991 341 4046 in
376 3991 502 4046 villa
533 3990 694 4059 fuerit
716 3991 901 4044 domus
937 4005 1054 4060 qua:
1076 4003 1252 4042 muros
1277 4001 1380 4038 non
1415 3983 1588 4047 habet,
1617 3995 1869 4051 agrorum

281 4081 401 4153 jure
425 4082 714 4147 vendetur;
741 4083 784 4135 si
809 4090 930 4134 ante
958 4079 1218 4148 redempta
1247 4093 1350 4130 non
1377 4075 1556 4145 fuerit,
1581 4074 1634 4126 in
1651 4071 1872 4142 jubila'o

291 4182 576 4227 revertetur
603 4172 673 4225 ad
704 4171 998 4224 dominum.
1031 4169 1198 4222 dides
1224 4165 1521 4220 Levitarum
1550 4179 1668 4230 qua:
1693 4163 1749 4216 in
1777 4177 1872 4214 ur-

295 4267 442 4321 bibus
463 4275 606 4330 sunt,
639 4281 838 4334 semper
879 4270 1096 4332 possunt
1138 4259 1323 4313 redimi
1346 4275 1365 4322 ;
1389 4257 1437 4312 si
1464 4255 1740 4324 redempta:
1769 4267 1873 4306 non

294 4361 516 4428 fuerint,
547 4358 600 4410 in
621 4357 844 4427 jubilreo
872 4363 1192 4409 revertentur
1221 4351 1289 4404 ad
1324 4350 1585 4410 dominos,
1614 4345 1737 4416 quia
1779 4343 1874 4396 do-

294 4468 405 4504 mus
437 4450 646 4503 urbium
679 4447 974 4501 Levitarum
1004 4461 1098 4516 pro
1127 4439 1537 4515 possessionibus
1580 4445 1700 4491 sunt
1736 4435 1873 4488 inter

291 4540 426 4610 filios
458 4537 632 4593 Israel
656 4553 673 4589 :
701 4536 1001 4592 suburbana
1032 4544 1204 4587 autem
1245 4547 1424 4586 eorum
1475 4545 1578 4582 non
1626 4533 1868 4588 veneunt,

290 4632 414 4702 quia
468 4630 722 4700 possessio
778 4627 1091 4698 sempiterna
1121 4633 1217 4678 est.
1257 4621 1316 4677 Si
1349 4622 1417 4676 ad
1445 4634 1609 4674 unum
1655 4617 1758 4670 hoc
1787 4616 1872 4669 in-

292 4724 589 4779 tentionem
636 4715 915 4792 legislator
941 4719 1240 4780 habuisset,
1271 4722 1333 4769 ut
1358 4710 1735 4784 possessiones
1761 4723 1871 4762 non

290 4819 553 4874 caderent
598 4815 664 4868 ab
718 4815 838 4868 aliis
866 4813 931 4867 ad
970 4811 1125 4873 alios,
1177 4818 1295 4864 erat
1325 4808 1521 4877 quippe
1573 4803 1740 4859 etiam
1770 4804 1874 4857 hoc

295 4907 447 4970 utile,
474 4905 598 4975 quia
631 4905 696 4959 de
727 4901 1069 4966 suliicientia,
1128 4899 1428 4954 secundum
1473 4895 1615 4966 quod
1639 4895 1875 4949 divimus

295 4994 375 5052 lex
405 5012 592 5052 curam
625 4995 785 5064 gerit,
816 4993 970 5063 cujus
1001 5001 1157 5062 putas
1188 4989 1264 5044 rei
1289 4987 1482 5060 gratia,
1521 4984 1743 5055 quando
1767 4998 1872 5036 non

296 5086 496 5142 fuerint
533 5087 676 5139 intra
706 5099 926 5146 annum,
963 5083 1106 5137 sicut
1153 5081 1248 5144 ait,
1300 5080 1614 5148 redemptae,
1641 5073 1876 5144 propria:

295 5195 415 5234 esse.
443 5177 878 5247 conquirentium
904 5177 1069 5246 jussu:
1096 5181 1241 5236 sunt,
1271 5171 1366 5226 sed
1404 5185 1505 5224 nec
1532 5169 1636 5222 hoc
1667 5162 1876 5233 simpli-

297 5274 456 5338 citer,
509 5272 604 5327 sed
635 5271 744 5325 imo
772 5269 1021 5324 subtilem
1054 5264 1344 5335 quamdam
1390 5260 1705 5317 custodiens
1736 5257 1876 5312 divi-

297 5365 524 5427 sionem,
577 5374 909 5431 quaecunque
935 5358 1076 5412 enim
1127 5357 1272 5411 intra
1305 5368 1490 5409 muros
1532 5359 1661 5406 sunt
1689 5349 1874 5404 muni-

297 5462 474 5506 tarum
505 5452 810 5513 civitatum,
867 5449 1006 5503 intra
1063 5462 1263 5502 annum
1297 5445 1487 5501 redimi
1538 5442 1876 5498 solummodo

297 5541 504 5604 liceret,
537 5554 871 5610 quaecunque
902 5547 1081 5592 autem
1108 5538 1160 5591 in
1191 5553 1296 5590 non
1330 5534 1578 5598 muralis,
1599 5531 1877 5586 licentiam

299 5633 484 5688 haberi
521 5630 788 5686 liberandi
815 5644 909 5683 eas
935 5643 1149 5697 semper
1171 5625 1439 5695 permisit,
1469 5624 1753 5678 levitarum
1785 5636 1877 5673 au-

303 5732 408 5783 tem
457 5723 670 5788 domos,
720 5721 834 5775 sive
886 5720 939 5773 in
991 5718 1238 5780 muralis,
1272 5716 1385 5770 sive
1437 5716 1488 5767 in
1515 5729 1621 5767 non
1653 5711 1878 5766 muralis

1986 547 2175 587 omnes
2202 533 2500 602 prohibuit.
2542 534 2670 590 Ilmc
2714 545 2892 591 autem
2922 538 3218 606 distinctio,
3249 551 3358 597 tam
3381 545 3558 602 infru-

1987 629 2174 676 ctuosa
2219 631 2303 678 est
2347 625 2412 679 ad
2452 623 2645 680 faciem
2696 625 2892 682 littera:
2944 645 3106 698 quam
3153 633 3408 700 ostendit,
3434 638 3560 705 quia

1985 709 2072 764 lex
2106 711 2209 766 fuit
2231 714 2447 782 quidem
2493 716 2710 785 quando
2763 717 2953 773 habuit
2972 716 3226 786 juvamen
3257 723 3323 776 de
3352 723 3557 792 littera,

1985 816 2093 856 non
2134 811 2310 858 tamen
2365 819 2597 874 semper,
2631 821 2734 861 nec
2768 807 2832 861 de
2879 809 3050 875 omni,
3081 821 3301 880 propter
3333 814 3475 882 quod
3509 817 3559 870 ei

1984 891 2368 964 contemplatio
2433 895 2693 964 spiritalis
2729 899 3035 952 necessaria
3073 910 3180 966 est,
3234 903 3440 958 utilitas
3469 920 3559 958 au-

1985 990 2092 1036 tem
2122 983 2249 1037 hinc
2280 984 2584 1039 intendenti
2613 996 2894 1056 perpetua,
2932 997 2988 1042 et
3017 989 3083 1043 de
3113 991 3260 1044 omni
3308 993 3561 1049 mandato

1983 1070 2118 1140 legis
2148 1073 2412 1140 provenit.
2439 1071 2558 1128 Jam
2588 1089 2730 1129 nunc
2772 1090 2902 1145 ergo
2949 1079 3235 1145 prmsentis
3258 1081 3562 1139 sanctionis

1983 1166 2340 1222 discutiamus
2367 1168 2648 1232 virtutem,
2677 1168 2730 1221 in
2759 1170 3184 1238 przeccdentibus
3220 1173 3560 1244 uniuscujus-

1983 1256 2104 1310 dam
2136 1257 2548 1326 possessionem,
2580 1273 2886 1328 proponens
2911 1260 2986 1313 ait
3011 1261 3153 1314 enim
3182 1279 3194 1314 :
3230 1261 3291 1316 Si
3319 1273 3560 1318 attenua-

1982 1353 2065 1398 tus
2121 1345 2288 1414 frater
2337 1355 2458 1400 tuus
2510 1347 2802 1402 vendiderit
2858 1350 3331 1418 possessiunculam
3382 1369 3555 1418 suam,

1981 1437 2269 1505 specialem
2336 1439 2762 1510 uniuscujusque
2836 1442 3306 1497 conversationem
3369 1446 3558 1514 procul

1980 1526 2144 1582 dubio
2164 1530 2434 1597 exposuit,
2466 1530 2555 1584 hic
2579 1538 2761 1586 autem
2789 1548 2895 1586 non
2914 1532 3025 1602 jam
3055 1533 3120 1587 de
3147 1537 3559 1592 conversatione

1980 1617 2229 1685 speciali,
2257 1618 2348 1672 sed
2383 1621 2550 1674 totius
2587 1619 2881 1691 Synagogze
2905 1622 2990 1676 vel
3019 1623 3271 1678 Ecclesia:
3293 1624 3555 1693 loquitur,

1981 1705 2036 1758 in
2067 1706 2264 1775 quibus
2313 1707 2621 1763 Judmorum
2649 1711 2868 1779 quidem
2904 1710 3184 1784 Svnagoga
3217 1714 3269 1766 in
3303 1730 3368 1769 eo
3413 1716 3557 1783 quod

1905 1782 1953 1841 Β
1981 1806 2166 1851 manet
2191 1813 2364 1866 usque
2389 1815 2535 1854 nunc
2571 1801 2713 1868 apud
2740 1782 3148 1870 conquirentem
3199 1782 3474 1859 inimicum
3504 1815 3559 1861 et

1981 1886 2352 1940 adversarium
2404 1889 2669 1954 serviens,
2741 1890 2998 1947 Ecclesia:
3073 1902 3250 1948 autem
3315 1897 3555 1965 gentium

1980 1974 2379 2042 quodammodo
2431 1976 2737 2031 libertatem
2774 1980 3068 2048 accipiunt,
3101 1983 3196 2036 sed
3247 1992 3302 2038 et
3340 1983 3554 2040 Judaeo-
3581 2037 3588 2052 _,

1979 2080 2100 2118 rum
2141 2065 2509 2135 collegiorum,
2547 2069 2818 2135 quomodo
2856 2071 3101 2138 quaedam
3149 2087 3245 2142 per
3294 2075 3555 2143 quosdam

1980 2157 2346 2229 intelligibiles
2407 2159 2623 2224 levitas,
2675 2159 2729 2213 id
2781 2169 2883 2223 est,
2923 2163 3199 2230 apostolos
3255 2164 3551 2231 salventur,

1979 2248 2140 2304 nimis
2179 2249 2476 2304 secundum
2499 2249 2640 2318 quod
2672 2247 2842 2302 Deum
2883 2250 3039 2304 decet
3063 2253 3285 2320 exponit
3315 2253 3504 2308 dicens
3531 2272 3544 2306 :

1979 2337 2084 2402 Qui
2132 2339 2426 2392 vendiderit
2477 2339 2689 2392 domum
2737 2342 2878 2394 intra
2919 2339 3065 2394 urbis
3109 2357 3308 2407 muros,
3349 2342 3554 2397 habebit

1978 2425 2241 2480 licentiam
2287 2427 2598 2492 redimendi,
2643 2428 2806 2482 donec
2859 2445 2994 2482 unus
3037 2429 3320 2498 impleatur
3361 2447 3554 2488 annus.

1977 2516 2104 2572 llaec
2131 2517 2198 2570 de
2223 2516 2532 2573 Iudaeorum
2593 2518 2876 2588 Synagoga
2917 2519 3296 2588 intelligamus,
3327 2536 3447 2590 qua:
3467 2521 3552 2576 in-

1977 2607 2321 2662 habitabatur
2345 2608 2561 2677 quidem
2594 2626 2607 2661 :
2638 2616 2920 2678 propterea
2961 2609 3106 2663 enim
3139 2623 3259 2663 eam
3284 2608 3426 2664 Deus
3455 2625 3556 2678 per

1943 2722 1950 2724 V
1977 2698 2216 2769 Moysen,
2249 2711 2305 2754 et
2332 2707 2392 2753 ut
2427 2699 2766 2753 habitaretur
2812 2700 3110 2764 constituit,
3149 2699 3276 2754 licet
3298 2700 3412 2772 ipsa
3439 2701 3558 2756 haec

1897 3121 1944 3184 C

1897 4474 1948 4531 D

1977 2804 2085 2845 non
2122 2791 2442 2845 custodierit
2465 2790 2535 2845 ab
2563 2791 2672 2854 his,
2705 2789 2757 2843 in
2805 2790 3002 2859 quibus
3033 2784 3386 2843 inhabit‘anda
3413 2799 3552 2845 erat.

1975 2877 2205 2948 Propter
2240 2878 2384 2948 quod
2437 2887 2493 2933 et
2527 2878 2790 2934 Dominus
2813 2876 3021 2932 Judzeis
3063 2877 3315 2933 dicebat:
3353 2878 3556 2932 Domus

1976 2984 2115 3034 mea,
2148 2969 2336 3024 domus
2387 2970 2646 3023 orationis
2699 2970 2990 3037 vocabitur,
3025 2987 3112 3024 vos
3143 2980 3318 3024 autem
3358 2970 3556 3040 fecistis

1976 3075 2094 3114 eam
2135 3057 2441 3129 speluncam
2486 3057 2750 3113 latronum
2782 3058 3000 3132 (Matth.
3034 3061 3176 3130 nl).
3215 3061 3348 3115 Erat
3372 3071 3555 3116 autem

1973 3149 2030 3205 in
2053 3149 2272 3205 civitate
2295 3157 2509 3204 murata
2533 3149 2588 3204 in
2615 3149 2975 3214 Hierusalem,
3013 3151 3246 3206 habebat
3270 3153 3416 3206 enim
3441 3166 3556 3206 mu-

1973 3257 2098 3297 rum
2152 3241 2370 3311 legem:
2412 3241 2557 3297 hanc
2612 3241 2854 3297 vendidit
2909 3242 3182 3312 quispiam
3214 3257 3322 3296 non
3376 3249 3556 3296 tamen

1971 3335 2105 3391 dicit
2131 3335 2493 3400 venditorem,
2539 3349 2715 3404 neque
2743 3333 3124 3403 propinquum,
3161 3346 3338 3403 neque
3374 3332 3557 3403 proxi-

1975 3441 2154 3489 mum,
2215 3426 2358 3482 sicut
2403 3440 2567 3496 supra
2607 3424 2941 3497 appellavit;
2993 3440 3166 3493 neque
3224 3425 3369 3480 enim
3417 3439 3558 3479 unus

1973 3526 2098 3572 erat
2146 3517 2290 3573 hanc
2315 3517 2580 3584 vendens,
2628 3517 2724 3573 sed
2772 3525 2920 3571 totus
2976 3515 3286 3570 Judazo‘rum
3327 3515 3558 3585 pepulus

1974 3607 2118 3662 male
2144 3608 2335 3662 vivens
2375 3608 2468 3676 qui
2504 3621 2683 3676 neque
2732 3605 2922 3668 frater,
2948 3620 3130 3673 neque
3179 3615 3442 3674 cognatus
3478 3605 3560 3660 di-

1973 3713 2110 3769 gnus
2138 3705 2257 3752 erat
2284 3696 2566 3766 appellari.
2599 3695 2752 3751 Unde
2798 3709 2922 3748 eum
2953 3695 3120 3749 etiam
3169 3693 3426 3763 populum
3455 3693 3558 3748 So-

1973 3790 2257 3844 domorum
2285 3797 2341 3844 et
2366 3787 2683 3844 Gomorrhae
2720 3787 2863 3841 Deus
2890 3801 2989 3856 per
3038 3785 3190 3839 Isaiae
3216 3785 3556 3853 prophetiam

1973 3881 2262 3951 appellavit
2293 3899 2306 3933 :
2337 3879 2550 3944 Audite,
2587 3878 2787 3948 inquit,
2825 3876 3035 3932 verbum
3069 3874 3305 3938 Domini,
3357 3874 3556 3946 princi-

1974 3989 2064 4043 pes
2103 3970 2490 4035 Sodomorum;
2530 3970 2748 4023 auribus
2792 3967 3039 4039 percipite
3073 3965 3233 4036 legem
3266 3963 3364 4020 Dei
3392 3965 3558 4018 nostri

1972 4061 2196 4133 papulas
2225 4058 2534 4114 Gomorrha:
2573 4057 2730 4128 (Isai.
2757 4058 2821 4125 l).
2848 4056 2990 4111 Alibi
3023 4063 3204 4109 autem
3229 4053 3299 4108 ad
3324 4068 3420 4107 eos
3441 4067 3558 4106 rur-

1974 4167 2093 4208 sum
2129 4153 2392 4222 propheta
2440 4151 2654 4205 dicebat
2695 4167 2708 4202 :
2761 4147 2859 4202 Cui
2905 4146 3125 4200 debitori
3173 4144 3378 4198 vendidi
3427 4142 3559 4196 vos?

1972 4259 2088 4297 ecce
2117 4241 2311 4296 uenditi
2352 4241 2476 4294 estis
2502 4241 2558 4292 in
2583 4237 2949 4307 iniquitatibus
3001 4234 3185 4288 vestris
3210 4231 3365 4302 (Isai.
3399 4228 3553 4300 xxx).

1976 4333 2081 4387 Sed
2109 4333 2305 4386 licebat
2329 4331 2408 4384 eis
2444 4331 2586 4384 hanc
2611 4327 2974 4383 venditionem
3014 4323 3282 4378 redimere
3311 4321 3365 4374 in
3389 4335 3554 4386 amne,

1976 4425 2028 4477 in
2059 4439 2167 4491 quo
2198 4421 2449 4476 Christus
2503 4419 2652 4474 omni
2695 4416 2882 4487 generi
2933 4414 3169 4468 humano
3198 4410 3432 4464 maxime
3455 4425 3554 4480 po-

1976 4514 2102 4585 pulo
2150 4511 2461 4566 Judaeorum
2514 4508 2938 4577 redemptionem
2971 4513 3316 4574 peccatorum
3363 4502 3558 4570 ιιι-αξᾱί-

1979 4611 2143 4673 cavit,
2175 4622 2337 4678 quem
2365 4621 2588 4670 annum,
2628 4618 2772 4658 nunc
2801 4601 3018 4671 quidem
3043 4597 3318 4668 legislator
3342 4593 3552 4648 innuit:

1981 4713 2167 4774 aperte
2195 4701 2339 4755 enim
2367 4699 2533 4754 Isaias
2564 4695 2810 4752 exhibuit
2839 4711 2852 4747 :
2896 4691 3123 4764 Spiritus
3160 4687 3372 4742 Domini
3401 4701 3557 4755 super

1981 4810 2080 4856 me,
2119 4811 2179 4848 eo
2219 4791 2358 4863 quod
2387 4791 2537 4844 unxit
2574 4788 2834 4843 Dominus
2875 4800 2978 4849 me,
3013 4781 3082 4835 ad
3134 4776 3556 4833 annuntiandum

1980 4884 2269 4939 mansuetis
2302 4881 2447 4935 misit
2486 4896 2591 4945 me,
2624 4887 2682 4932 ut
2713 4876 2948 4931 mederer
2989 4871 3239 4926 contritas
3292 4866 3470 4930 corde,
3498 4873 3552 4918 ut

1978 4975 2320 5045 pra’dicarem
2363 4970 2578 5040 captivis
2617 4964 3020 5036 indulgentiam,
3078 4969 3125 5013 et
3161 4957 3354 5012 clausis
3399 4969 3554 5045 aper-

1978 5043 2193 5132 tionem,
2230 5075 2286 5118 ut
2319 5064 2662 5134 prtediearem
2713 5073 2910 5112 annum
2962 5049 3271 5124 placabilem
3314 5043 3552 5107 Domini,

1980 5166 2027 5212 et
2055 5157 2194 5210 diem
2226 5154 2442 5209 ultionis
2475 5153 2587 5206 Deo
2614 5159 2810 5204 nostro.
2851 5145 2910 5201 Si
2951 5153 3128 5198 autem
3159 5140 3422 5207 redempta
3448 5149 3556 5186 non

1982 5250 2138 5317 fuerit
2165 5264 2326 5317 usque
2355 5247 2480 5299 dum
2503 5243 2785 5313 impleatur
2809 5253 2999 5300 annus,
3042 5228 3434 5300 conﬁrmabitur
3459 5223 3555 5276 do-

1982 5356 2097 5394 mus
2141 5355 2257 5410 qua:
2286 5346 2360 5392 est
2384 5337 2440 5390 in
2469 5335 2676 5388 civitate
2703 5347 2820 5401 qua:
2844 5329 2996 5382 habet
3023 5338 3199 5378 muros
3229 5317 3328 5410 viri
3351 5322 3553 5410 empto-

1981 5432 2077 5495 ris,
2105 5403 2530 5499 posterorumque
2563 5425 2678 5493 ejus
2703 5423 2758 5474 in
2787 5427 3114 5499 perpetuum,
3139 5419 3186 5463 et
3221 5403 3404 5499 redimi
3448 5419 3554 5456 non

1980 5493 2187 5590 poterit,
2246 5520 2404 5572 etiam
2445 5493 2509 5569 Vin
2554 5512 2772 5583 jubilwo
2826 5507 2982 5580 (Isai.
3017 5498 3150 5566 LXI).
3215 5493 3558 5590 ADontinatu-s

1982 5622 2064 5666 cst
2092 5611 2234 5666 enim
2263 5609 2570 5663 Judteorum
2625 5604 2941 5673 Synagogse,
2993 5591 3083 5661 qui
3123 5585 3254 5639 emit
3286 5599 3405 5640 cunt
3455 5584 3554 5640 iui-

1983 5705 2175 5769 micus,
2210 5712 2264 5757 et
2292 5699 2528 5772 posteris
2556 5697 2671 5766 ejus
2702 5698 2760 5749 in
2784 5695 3100 5761 perpetuum
3131 5697 3143 5745 ‘,
3177 5678 3327 5736 omni
3359 5677 3550 5738 Videli-
