3918 6180
403 291 506 347 559

1045 283 1107 338 Β.
1149 282 1401 340 RABANI
1441 276 1658 336 MAURI
1696 267 2014 332 ARCHIEP.
2055 265 2361 324 MOGUNT.
2403 264 2695 324 OPERUM
2734 263 2915 321 PARS
2952 264 2992 320 I.

3567 253 3664 312 540

403 419 491 468 cet
517 405 772 482 prmseuti
802 413 1061 476 tempore,
1094 404 1200 460 hoc
1227 404 1374 460 enim
1407 400 1706 474 appellatur
1743 413 1838 470 per
1865 398 1983 469 ejus
2005 387 2062 450 Α
2090 385 2304 482 (blatth.
2341 382 2438 482 rx).
2471 383 2677 482 Ilorum
2711 395 2842 482 ergo
2867 381 3010 482 mdes
3038 393 3158 456 qua;
3188 377 3241 482 in
3267 373 3494 482 urbibus
3521 383 3662 441 sunt,

403 514 652 575 posteros
687 500 770 554 vel
794 499 1192 570 generationes,
1245 497 1388 566 quod
1419 494 1770 566 Septuaginta
1798 492 1986 554 edunt,

403 597 531 665 quia
584 590 870 662 prcescntis
919 589 1178 658 temporis
1224 596 1544 658 potestatem
1601 585 1764 640 habet
1793 591 1988 639 contra

405 703 501 743 eos
526 686 619 755 qui
642 680 1044 753 coniunguntur
1071 680 1140 745 ei,
1170 690 1219 733 et
1241 677 1430 735 redimi
1478 694 1584 733 non
1620 676 1807 747 poterit
1831 675 1990 729 etiam

405 779 462 830 in
480 775 721 845 jubilwo,
751 773 864 828 sive
915 780 974 826 ut
1005 770 1381 841 Septuaginta,
1428 768 1483 823 in
1513 768 1837 823 remissione.
1871 763 1989 830 Qua

403 865 728 920 remissione
751 863 774 916 ?
801 862 903 917 nisi
935 863 1119 932 utique
1148 861 1238 914 illa
1265 875 1427 930 quam
1468 859 1548 914 eis
1579 857 1842 914 Dominus
1868 871 1990 910 cru-

407 957 599 1012 ciﬁxus
623 955 760 1011 dixit
784 974 797 1008 :
827 954 1009 1017 Pater,
1039 953 1242 1007 dimitte
1271 951 1398 1018 illis,
1446 951 1574 1022 quia
1601 950 1839 1004 nesciunt
1859 948 1989 1020 quid

407 1048 629 1116 faciunt.
685 1044 794 1101 Sed
838 1054 1125 1116 peccatum
1181 1050 1581 1098 renovaverunt
1643 1048 1767 1112 post
1803 1040 1989 1096 datam

408 1136 779 1191 remissionem
816 1133 1070 1189 malitiosi
1123 1131 1324 1197 etl‘ecti,
1355 1141 1411 1186 et
1436 1131 1716 1201 praeterito
1739 1145 1847 1184 non
1878 1129 1991 1185 suf-

405 1228 620 1282 ﬁciente
681 1236 926 1298 peccato,
995 1225 1320 1280 addiderunt
1377 1224 1484 1280 alia
1529 1224 1804 1280 deteriora
1867 1239 1990 1294 quae

403 1319 548 1374 circa
593 1318 926 1388 sepulcrum,
977 1326 1035 1372 et
1068 1327 1192 1388 post
1237 1315 1719 1380 resurrectionem,
1761 1322 1818 1368 et
1867 1321 1991 1384 post

403 1407 460 1462 in
487 1406 655 1464 caelos
681 1407 1077 1471 ascensionem,
1133 1414 1326 1460 contra
1378 1405 1557 1476 ipsum
1608 1404 1908 1470 Christum,
1935 1411 1991 1460 et

403 1509 595 1556 contra
620 1500 848 1556 chorum
883 1498 1252 1568 apostolorum
1281 1505 1770 1568 praesumpserunt.

477 1589 578 1646 Sin
604 1599 782 1644 autem
811 1590 866 1643 in
887 1589 1012 1643 villa
1064 1589 1224 1659 fuerit
1270 1589 1458 1643 domus
1493 1605 1613 1658 qua:
1663 1605 1846 1642 muros
1883 1604 1990 1643 non

409 1681 583 1746 habet,
621 1697 870 1750 agrorum
902 1681 1025 1750 jure
1069 1681 1340 1745 vendetur,
1365 1681 1411 1733 si
1440 1688 1561 1733 ante
1591 1680 1855 1748 redempta
1885 1695 1989 1733 non

2092 478 2205 532 sive
2226 478 2520 533 secundum
2547 473 2902 546 Septuaginta
2931 473 3125 529 domus
3178 471 3459 526 civitatum
3485 483 3668 523 eorum

2089 569 2460 638 possessiones
2485 574 2751 636 quotquot
2800 579 2894 620 eos
2922 572 3107 619 secuta
3141 569 3289 622 sunt,
3321 559 3424 614 [ide
3450 567 3507 614 et
3551 574 3670 613 con-

2089 658 2418 723 versatione,
2467 655 2692 710 .ludaica
2765 653 2993 725 collegia
3062 661 3215 708 recte
3281 650 3670 720 intelliguntur,

2090 750 2215 821 quia
2255 749 2408 821 prius
2435 757 2661 820 propter
2709 762 2804 803 eos
2835 748 2926 802 ire
2947 754 3006 800 ut
3032 745 3100 800 ad
3145 759 3278 800 oves
3309 759 3432 814 qua:
3459 743 3671 798 fuerant

2089 841 2314 913 perditae
2338 840 2532 895 domus
2560 838 2723 895 Israel
2747 855 2778 894 a
2822 837 3042 893 Christo
3074 837 3214 908 jnssi
3241 846 3388 891 sunt.
3421 834 3567 905 Ergo
3609 835 3673 890 ad

2095 946 2299 992 sortem
2331 949 2520 989 eorum
2546 932 2896 1004 pertinebant
2925 930 3002 986 illi
3033 938 3197 1002 atque
3251 927 3673 1000 possessionem,

2091 1042 2413 1100 semperque
2433 1035 2686 1098 poterant
2709 1026 2901 1082 redimi
2929 1042 2943 1093 ;
2982 1032 3037 1081 et
3068 1025 3170 1080 hoc
3191 1024 3419 1080 historia
3443 1023 3675 1078 Actuum

2092 1121 2460 1192 apostolorum
2505 1119 2923 1184 demonstravit,
2975 1117 3142 1172 multa
3193 1116 3338 1172 enim
3369 1114 3677 1170 Judaeornm

2092 1229 2191 1284 per
2215 1212 2489 1282 apostolos
2530 1212 2598 1266 ab
2625 1225 2813 1266 errore
2844 1209 2980 1263 dixit
3023 1208 3252 1264 liberata
3284 1207 3532 1278 collegia.
3566 1205 3678 1260 Non

2092 1302 2223 1358 solis
2248 1312 2429 1357 autem
2464 1300 2617 1356 licuit
2671 1297 2932 1367 apostolis
2959 1299 3101 1353 hanc
3160 1312 3422 1368 peragere
3471 1297 3680 1351 redem-

2090 1397 2354 1468 ptionem,
2384 1395 2480 1452 sed
2518 1403 2573 1451 et
2611 1393 2890 1464 discipulis
2917 1408 3148 1448 eorum:
3182 1394 3277 1449 sed
3331 1402 3512 1449 tamen
3541 1393 3682 1448 hanc

2092 1488 2390 1545 secundum
2439 1487 2656 1542 illorum
2712 1485 3001 1556 oportebat
3059 1485 3198 1541 eﬂici
3264 1485 3594 1552 doctrinam,
3627 1494 3684 1540 ut

2092 1582 2200 1637 illis
2232 1581 2600 1650 imputaretur
2634 1577 2726 1647 qui
2776 1575 3064 1632 exordium
3117 1576 3261 1634 facto
3305 1576 3680 1648 praebuerunt,

2092 1677 2184 1747 qui
2214 1681 2516 1744 posuerunt
2543 1673 2814 1743 dogmata.
2858 1669 2920 1724 Si
2949 1669 3226 1740 redempta:
3249 1687 3351 1724 non
3375 1669 3597 1739 fuerint,
3631 1671 3684 1722 in

412 1773 593 1842 fuerit,
634 1773 693 1826 in
746 1772 970 1842 jubilceo
1021 1781 1309 1827 revertetur
1348 1771 1420 1826 ad
1458 1771 1752 1826 dominum.
1787 1771 1987 1825 Demos
2015 1777 2062 1838 Β
2081 1765 2306 1838 jubilazo
2335 1772 2651 1818 revertentur
2676 1761 2744 1816 ad
2771 1760 3032 1814 dominos.
3059 1758 3238 1828 Quare
3260 1769 3444 1814 autem
3471 1761 3577 1814 hoc
3607 1759 3687 1814 di-

403 1879 535 1934 ergo
560 1879 680 1934 qua:
725 1864 781 1918 in
808 1864 935 1919 villa
983 1872 1134 1930 sunt,
1166 1864 1306 1932 quod
1329 1863 1586 1920 Ecclesiae
1609 1862 1849 1933 gentium
1894 1861 1987 1916 de-

405 1956 570 2011 beant
615 1955 859 2026 intelligi,
921 1955 1089 2010 Isaias
1133 1955 1290 2011 nobis
1342 1954 1600 2024 propheta
1648 1953 1990 2008 demonstrat

407 2047 594 2102 dicens
623 2063 636 2100 :
672 2045 882 2111 Lauda,
910 2045 1103 2099 sterilis
1143 2061 1260 2115 qua:
1289 2062 1394 2102 non
1416 2045 1582 2115 paris,
1625 2043 1847 2099 decanto
1875 2042 1993 2097 lau-

407 2135 528 2190 dem
559 2145 609 2188 et
635 2135 842 2189 hinnire
865 2151 985 2204 qua:
1009 2151 1114 2189 non
1139 2135 1402 2206 pariebas,
1431 2134 1684 2206 quoniam
1711 2133 1864 2187 multi
1891 2133 1992 2202 ﬁlii

408 2227 626 2281 deserta:
653 2225 824 2294 magis
843 2241 1003 2295 quant
1031 2225 1147 2294 ejus
1173 2240 1290 2296 qua:
1317 2225 1469 2279 habet
1497 2225 1691 2289 virum,
1717 2223 1844 2276 dicit
1875 2209 2005 2276 Do;

405 2317 579 2372 minus
611 2315 766 2385 (lsai.
799 2316 933 2387 uv).
965 2316 1110 2386 Ergo
1138 2331 1258 2386 qua:
1283 2317 1339 2370 in
1367 2315 1511 2382 villa,
1537 2316 1652 2370 sive
1682 2325 1742 2369 ut
1763 2314 1992 2383 Septua-

404 2408 552 2477 ginta
587 2409 641 2461 in
675 2407 812 2462 aulis
844 2416 970 2463 sunt
1005 2408 1219 2474 domus,
1260 2408 1505 2478 gentium
1536 2407 1795 2464 Ecclesiae
1830 2406 1990 2462 intel-

405 2499 666 2569 liguntur.
695 2499 848 2565 Quod
868 2500 1047 2554 adhuc
1094 2499 1310 2568 planius
1336 2499 1392 2553 in
1420 2499 1818 2569 posterioribus
1847 2495 1993 2566 ejus-

404 2591 524 2646 dem
549 2590 844 2660 propbetiae
862 2590 1168 2646 ostenditur
1197 2589 1374 2668 LFige
1411 2606 1515 2645 non
1535 2607 1746 2660 parcas,
1774 2587 1993 2644 eavende

405 2680 559 2750 funes
591 2689 708 2734 tuos
734 2689 782 2735 et
804 2679 1032 2750 pusillos
1059 2690 1178 2735 tuos
1205 2680 1470 2750 conferta,
1517 2679 1691 2734 adhuc
1722 2677 1792 2734 ad
1813 2677 1995 2734 dem-

404 2787 520 2826 ram
554 2780 604 2824 et
633 2771 902 2824 sinistram
937 2770 1176 2836 extende,
1201 2779 1250 2824 et
1294 2786 1470 2826 semen
1495 2779 1645 2824 tuum
1681 2776 1857 2840 gentes
1882 2768 1992 2822 hie-

407 2861 677 2926 reditabit,
704 2869 753 2915 et
797 2861 1033 2915 civitates
1082 2861 1317 2916 desertas
1343 2859 1680 2915 inhabitabit.
1719 2859 1861 2914 Ecce
1899 2857 1994 2916 de-

404 2962 585 3010 sertas
616 2953 868 3008 civitates
913 2953 1032 3009 sine
1082 2969 1260 3020 muro,
1303 2951 1554 3007 videlicet
1599 2967 1696 3007 eas
1721 2967 1843 3022 quae
1865 2958 1994 3007 sunt

403 3046 647 3115 gentium
712 3045 1004 3117 appellavit
1046 3064 1059 3101 :
1103 3061 1280 3116 neque
1331 3047 1480 3102 enim
1532 3045 1807 3101 habebant
1859 3044 1994 3115 legis

2091 1868 2237 1920 ctum
2283 1855 2376 1920 sit,
2410 1853 2694 1924 sequitur:
2724 1851 2864 1917 Quia
2905 1851 3092 1904 domus
3138 1850 3348 1904 urbium
3400 1850 3684 1904 levitarum

2090 1963 2185 2018 pro
2234 1943 2645 2016 possessionibus
2704 1951 2823 1996 sunt
2883 1941 3018 1995 inter
3051 1939 3191 2010 ﬁlios
3248 1939 3439 2005 Israel,
3475 1939 3526 1994 id
3567 1948 3680 2006 est,

2091 2047 2314 2108 pr0pter
2348 2034 2715 2106 apostolorum
2759 2033 3141 2104 cognationem
3187 2051 3199 2086 :
3255 2032 3684 2104 iutelligibilium

2091 2129 2237 2185 enim
2289 2127 2578 2182 levitarum
2634 2124 3004 2194 apostolorum
3053 2124 3327 2194 possessio
3385 2123 3438 2178 in
3494 2123 3684 2178 medio

2094 2219 2330 2274 ﬁliorum
2358 2215 2523 2272 Israel
2559 2223 2696 2280 erat,
2726 2215 2868 2271 sicut
2893 2215 3264 2286 cognovimus,
3313 2215 3444 2284 quia
3482 2214 3684 2282 Petrus

2093 2317 2149 2366 et
2184 2309 2421 2366 Joannes
2447 2317 2654 2378 sortem
2703 2307 3040 2377 apostolatus
3076 2306 3129 2360 in
3158 2305 3543 2377 praedicatione
3602 2321 3689 2362 eo—

2094 2416 2214 2456 rum
2245 2400 2338 2470 qui
2375 2415 2444 2456 ex
2479 2398 2896 2454 circumcisione
2945 2405 3102 2452 erant
3147 2406 3530 2468 perceperunt.
3577 2397 3688 2453 Sed

2094 2500 2150 2545 et
2177 2489 2281 2545 alio
2318 2490 2503 2555 modo,
2533 2487 2792 2560 apostolis
2840 2489 3113 2558 possessio
3149 2489 3201 2542 in
3241 2487 3418 2542 medio
3445 2487 3690 2542 ﬁliorum

2092 2579 2259 2636 Israel
2287 2588 2426 2644 erat,
2465 2577 2938 2635 circumcisionem
2982 2579 3131 2634 enim
3164 2579 3442 2633 habebant
3469 2587 3526 2632 et
3557 2580 3688 2649 ipsi,

2095 2681 2153 2728 et
2185 2672 2484 2728 secundum
2543 2669 2720 2741 legem
2763 2669 2931 2725 Israel
2979 2685 3195 2739 semper
3248 2669 3522 2734 vixerant,
3559 2685 3690 2741 pro.

2095 2770 2220 2835 pter
2265 2761 2408 2832 quod
2444 2769 2719 2816 eteorum
2753 2766 2909 2814 erant
2962 2758 3093 2829 ipsa":
3139 2757 3331 2812 domus
3378 2757 3688 2825 civitatum,

2097 2853 2167 2908 ab
2194 2851 2328 2922 ipsis
2370 2851 2516 2908 enim
2551 2857 2711 2906 erant
2739 2848 3000 2912 liberatae,
3058 2856 3114 2904 et
3145 2849 3460 2927 quiennqqe
3488 2848 3691 2904 salvati

2099 2955 2253 3010 sunt,
2301 2958 2398 3014 per
2423 2959 2518 3000 eos
2553 2943 2749 2998 salvati
2791 2948 2935 2998 sunt.
2973 2941 3042 2996 Et
3069 2957 3194 2996 cum
3239 2940 3444 3012 indigni
3477 2953 3690 3008 essent,

2099 3044 2321 3108 propter
2359 3035 2755 3106 blasphemiam
2810 3050 2975 3105 quam
3026 3035 3424 3090 commiserunt
3472 3034 3525 3090 in
3567 3051 3694 3090 cru-

407 3149 646 3200 murum,
692 3144 750 3190 et
788 3137 1016 3191 deserta:
1037 3145 1194 3191 erant
1221 3151 1409 3192 errore
1448 3136 1736 3200 ulnlornm,
1763 3148 1996 3203 quorum
2020 3123 2068 3186 C
2100 3145 2243 3196 cem,
2269 3137 2323 3184 et
2349 3130 2513 3199 quam
2541 3144 2734 3184 rursus
2779 3136 2904 3201 post
2927 3128 3388 3184 resurrectionem
3422 3143 3694 3198 pansum-

403 3227 600 3282 domus
631 3226 685 3280 in
713 3227 875 3293 villis,
902 3241 1040 3296 quas
1075 3225 1429 3297 Septuaginta
1468 3227 1524 3281 in
1555 3224 1692 3280 aulis
1717 3224 1994 3290 dixerunt,

405 3331 543 3386 quas
590 3324 648 3372 et
702 3331 825 3372 esse
850 3317 1126 3372 Eeclesias
1154 3317 1412 3383 diximus,
1441 3332 1692 3388 agrorum
1715 3315 1845 3386 jure
1873 3329 1997 3368 ven-

407 3407 640 3472 dantur;
667 3406 752 3460 vel
801 3408 1098 3462 secundum
1130 3406 1488 3479 Septuaginta
1519 3407 1590 3462 ad
1627 3422 1816 3478 agrum
1841 3414 1998 3462 terra:

411 3498 833 3554 a’stimabuntur.
871 3498 1036 3571 Cujus
1085 3500 1246 3570 agri?
1274 3499 1425 3556 Illius
1467 3499 1660 3570 utique
1685 3513 1850 3569 quem
1892 3499 1999 3555 Do-

413 3589 592 3645 minus
633 3589 811 3645 dicit:
861 3589 1044 3646 Simile
1086 3600 1162 3647 est
1187 3608 1408 3662 regnum
1461 3590 1710 3646 caelorum
1753 3591 1998 3646 thesauro

411 3679 718 3735 abscondito
745 3681 800 3735 in
821 3699 971 3754 agro,
1003 3699 1155 3754 quem
1179 3683 1272 3754 qui
1294 3683 1488 3738 invenit
1524 3683 1678 3737 homo
1705 3681 1996 3746 abscondit,

405 3783 455 3827 et
479 3790 591 3843 prce
618 3773 812 3844 gaudio
841 3773 987 3829 illius
1017 3775 1179 3840 vadit,
1213 3783 1262 3828 et
1312 3773 1488 3829 vendit
1530 3775 1711 3828 omnia
1754 3788 1872 3843 quae
1903 3771 2000 3826 ha-

406 3864 541 3929 buit,
570 3873 619 3918 et
653 3864 778 3918 emit
823 3880 1011 3934 agrum
1039 3863 1191 3918 illum
1223 3862 1443 3934 (Matth.
1471 3862 1614 3934 xm).
1650 3863 1792 3918 Dicit
1817 3869 1999 3916 autem

405 3967 598 4024 agrum
625 3953 989 4025 evangelium,
1041 3955 1097 4009 in
1127 3968 1236 4024 quo
1265 3955 1578 4018 thesaurus,
1628 3952 1882 4008 Christus
1918 3957 2003 4006 est

406 4046 752 4117 mysterium.
811 4044 984 4115 Hujus
1031 4060 1163 4116 ergo
1223 4045 1340 4116 agri
1387 4044 1511 4115 jure
1561 4044 1884 4108 vendeutur,
1917 4039 2002 4094 vel

407 4135 480 4190 ad
507 4135 652 4190 hunc
675 4150 865 4206 agrum
894 4133 1331 4198 aestimabuntur,
1350 4133 1475 4202 quia
1504 4131 1555 4186 ei
1579 4138 1708 4186 sunt
1733 4129 1997 4200 proxime,

407 4244 516 4284 non
575 4229 702 4300 legi,
739 4227 1094 4300 quamobrem
1149 4241 1363 4297 seraper
1399 4227 1590 4282 redimi
1637 4231 1882 4295 possunt,
1912 4221 1996 4278 vel

402 4319 705 4375 secundum
739 4318 1094 4391 Septuaginta
1126 4319 1369 4376 liberata:
1393 4335 1492 4390 per
1515 4318 1697 4374 omnia
1712 4321 1891 4372 erunt.
1920 4314 2000 4370 Ex

409 4426 516 4480 quo
543 4413 689 4467 enim
716 4411 977 4468 Dominus
1005 4412 1174 4478 venit,
1190 4427 1361 4483 usque
1388 4413 1455 4467 ad
1478 4410 1777 4467 secundum
1799 4408 2002 4463 adven-

2098 3229 2348 3291 pserunt,
2405 3221 2614 3276 honore
2655 3228 2836 3275 tamen
2891 3219 3261 3289 apostolorum
3309 3219 3399 3288 qui
3463 3229 3517 3275 et
3565 3232 3698 3278 ante

2098 3324 2321 3367 crucem
2371 3309 2746 3376 crediderunt,
2779 3319 2835 3364 et
2886 3310 2942 3364 in
2980 3324 3163 3376 cruce,
3208 3308 3292 3364 vel
3346 3309 3514 3364 etiam
3572 3319 3700 3381 post

2100 3416 2320 3456 crucem
2383 3409 2824 3470 permanserunt,
2889 3401 2943 3456 in
2995 3401 3100 3457 ﬁde
3148 3401 3383 3471 suscepti
3441 3411 3596 3478 sunt.
3634 3403 3699 3458 Et

2100 3493 2228 3566 quia
2287 3492 2392 3547 hoc
2419 3507 2608 3548 verum
2658 3498 2759 3556 est,
2821 3491 2971 3549 disce
2999 3493 3067 3548 ab
3095 3491 3234 3548 Isaia
3266 3492 3486 3546 dicente
3517 3510 3532 3547 :
3572 3493 3697 3547 Nisi

2097 3585 2358 3640 Dominus
2405 3585 2727 3638 exercituum
2766 3581 3056 3654 reliquisset
3113 3585 3259 3638 nobis
3306 3600 3506 3648 semen,
3533 3584 3696 3653 quasi

2101 3673 2334 3730 Sodoma
2374 3673 2502 3743 facti
2561 3690 2810 3741 essemus,
2835 3684 2884 3728 et
2933 3675 3087 3745 quasi
3144 3671 3439 3728 Gomorrha
3492 3675 3699 3730 similes

2103 3767 2389 3837 fuissemus
2420 3766 2577 3837 (Isai.
2608 3765 2671 3837 ι).
2701 3766 2759 3822 Si
2787 3769 2932 3824 enim
2966 3783 3073 3824 non
3095 3768 3345 3824 relictum
3373 3776 3524 3824 esset
3569 3784 3701 3839 apo-

2101 3861 2365 3917 stolorum
2418 3874 2625 3927 semen,
2658 3859 2797 3914 nihil
2846 3861 3160 3932 prohiberet
3212 3861 3268 3916 in
3315 3861 3538 3917 modum
3586 3861 3696 3917 Go-

2100 3950 2334 4006 morrhte
2358 3957 2415 4005 et
2441 3948 2692 4014 Sodoma:
2713 3964 2930 4006 omnem
2956 3951 3166 4022 plebem
3185 3949 3470 4008 Iudaicam
3493 3952 3698 4023 perire,

2101 4042 2198 4098 sed
2226 4041 2594 4113 apostolorum
2643 4058 2806 4099 causa
2841 4059 2951 4099 non
2991 4059 3181 4100 omnes
3216 4044 3522 4115 perierunt,
3556 4060 3696 4115 quo-

2102 4147 2224 4186 rum
2248 4131 2476 4188 virtutes
2503 4139 2558 4186 ct
2580 4133 2958 4202 possessiones
2978 4133 3168 4204 quales
3206 4142 3386 4202 erant,
3418 4134 3474 4189 in
3500 4135 3695 4204 paucis

2102 4223 2187 4278 his
2209 4222 2496 4280 considera
2543 4224 2722 4281 verbis
2751 4243 2765 4279 :
2801 4223 3118 4281 Suburbana
3169 4236 3347 4282 autem
3379 4243 3566 4281 eorum
3595 4245 3699 4281 non

2101 4323 2340 4380 veneunt,
2356 4314 2481 4386 quia
2501 4314 2760 4385 possessio
2773 4315 3087 4387 sempiterna
3110 4326 3206 4371 est.
3235 4315 3478 4383 Quorum
3503 4317 3528 4370 ?
3555 4315 3702 4387 Apo-

2101 4404 2363 4460 stolorum
2391 4405 2680 4462 videlicet:
2713 4407 2769 4461 hi
2795 4407 2939 4463 enim
2969 4422 3090 4465 esse
3118 4407 3322 4464 Levita:
3350 4408 3486 4464 dicti
3523 4419 3654 4464 sunt
3683 4426 3698 4473 ;

412 4479 525 4558 tum
550 4505 801 4582 ejus,qper
822 4515 1007 4578 partes
1034 4514 1219 4574 gentes
1241 4479 1602 4568 redimuntur,
1617 4511 1672 4558 et
1687 4518 1787 4573 per
1811 4500 1998 4556 remis-
2024 4479 2077 4539 Ῑ)
2106 4495 2302 4551 borum
2331 4495 2642 4552 suburbana
2685 4496 2800 4553 sive
2826 4497 2944 4569 agri
2996 4514 3105 4554 non
3134 4498 3464 4564 vendantur,
3504 4499 3560 4554 id
3589 4507 3701 4563 est,

411 4595 620 4650 sionem
645 4599 901 4662 evadunt,
925 4611 1092 4667 quam
1113 4595 1229 4665 ipse
1255 4596 1401 4651 omni
1424 4594 1612 4663 generi
1641 4595 1880 4648 humano
1902 4605 2002 4661 per

409 4699 628 4739 crucem
653 4688 989 4755 procuravit,
1018 4701 1154 4741 crux
1188 4686 1336 4741 enim
1366 4693 1452 4740 est
1476 4699 1605 4738 vera
1636 4681 1906 4738 remissio.

485 4775 652 4831 λΕάεδ
678 4778 953 4835 levitarum
995 4796 1113 4849 qum
1134 4780 1190 4834 in
1211 4779 1429 4833 urbibus
1453 4785 1595 4840 sunt,
1649 4789 1852 4845 semper
1883 4789 2002 4844 pos-

411 4875 536 4919 sunt
567 4865 774 4931 redimi,
821 4870 866 4922 si
895 4867 1176 4938 redempta:
1200 4883 1305 4922 non
1346 4866 1564 4936 fuerint,
1593 4866 1650 4918 in
1673 4862 1894 4934 jubilazo
1924 4879 2006 4918 re-

413 4964 677 5010 vertentur
703 4956 771 5009 ad
806 4957 1067 5022 dominos,
1097 4957 1222 5027 quia
1253 4955 1442 5010 domus
1471 4955 1682 5008 urbium
1724 4951 2003 5007 levitarum

413 5066 509 5120 pro
534 5050 941 5119 possessionibus
995 5059 1116 5103 sunt
1146 5051 1283 5104 inter
1307 5048 1448 5119 filios
1503 5046 1693 5103 Israel.
1725 5047 1842 5103 Non
1891 5045 2003 5100 fru-

413 5149 530 5196 stra
563 5139 775 5196 Levitas
805 5140 1073 5210 quispiam
1106 5141 1247 5195 dicat
1282 5138 1542 5210 appellari
1573 5136 1873 5207 apostolos,
1903 5134 1999 5191 sed

415 5230 544 5302 quia
575 5231 642 5286 de
694 5229 900 5286 Levitis
938 5230 1143 5285 dictum
1199 5242 1283 5286 est
1313 5248 1328 5284 :
1362 5229 1430 5284 In
1481 5239 1624 5284 terra
1657 5245 1838 5284 eorum
1867 5226 1999 5282 nihil

419 5323 727 5394 possidebis,
751 5337 844 5375 nec
890 5321 1102 5375 habebis
1153 5331 1356 5391 partem
1391 5321 1529 5374 inter
1554 5337 1662 5384 eos,
1685 5335 1778 5390 ego
1807 5335 1930 5388 pars
1952 5327 2000 5372 et

420 5413 702 5468 hwreditas
732 5423 822 5467 tua
863 5413 919 5466 in
944 5413 1115 5466 medio
1145 5412 1382 5481 ﬁliorum
1411 5410 1604 5475 Israel,
1656 5410 1761 5466 hoc
1815 5419 1999 5465 autem

421 5505 478 5558 in
531 5504 788 5574 apostolis
847 5503 1068 5575 proprie
1123 5503 1404 5573 impletum
1467 5509 1568 5567 est,
1609 5502 1700 5570 qui
1750 5499 2002 5556 dicebant

421 5595 755 5651 conﬁdenter
787 5595 856 5650 ad
885 5596 1170 5652 Dominum
1201 5611 1214 5648 :
1247 5595 1382 5649 Ecce
1421 5610 1514 5649 nos
1546 5592 1848 5664 reliquimus
1892 5608 2003 5646 om-

427 5683 536 5752 nia,
588 5696 636 5740 et
688 5689 851 5742 secuti
907 5703 1089 5744 sumus
1152 5695 1244 5753 te;
1295 5685 1420 5756 quid
1480 5696 1638 5750 putas
1683 5685 1780 5739 erit
1811 5682 2006 5737 nobis?

2106 4585 2552 4640 conversatioues
2599 4592 2656 4640 et
2702 4586 2930 4642 virtutes
2957 4595 3012 4644 et
3060 4587 3344 4653 doctrina),
3401 4588 3522 4643 lnec
3551 4590 3703 4644 enim

2105 4687 2362 4742 agrorum
2385 4675 2503 4730 vice
2525 4674 2796 4740 colebant,
2828 4675 2903 4730 ita
2929 4684 2990 4730 ut
3013 4675 3211 4732 Paulus
3235 4677 3302 4732 de
3329 4678 3409 4733 eis
3447 4679 3703 4734 diceret:

2109 4762 2240 4829 Quis
2265 4767 2521 4837 plantavit
2548 4766 2774 4833 vineam,
2826 4776 2874 4820 et
2922 4767 2986 4821 de
3033 4767 3211 4838 fructu
3256 4768 3372 4840 ejus
3396 4786 3504 4824 non
3525 4771 3648 4826 edet
3680 4772 3707 4824 ?

2105 4858 2160 4930 (1
2185 4858 2309 4914 Cor.
2343 4862 2444 4932 ιι.)
2496 4861 2562 4914 Et
2593 4876 2820 4916 rursus:
2854 4861 3056 4932 Dignus
3093 4871 3167 4916 est
3219 4863 3496 4932 operarius
3550 4881 3696 4918 mer-

2105 4951 2228 5006 cede
2249 4969 2346 5006 sua
2375 4950 2427 5023 (1
2458 4951 2592 5005 Tim.
2633 4951 2711 5023 v).
2744 4953 2811 5006 Et
2854 4967 3072 5008 rursum
3100 4967 3114 5006 :
3148 4952 3405 5023 Nunquid
3440 4953 3507 5007 de
3535 4954 3706 5007 bobus

2108 5058 2239 5095 cura
2286 5051 2360 5095 est
2393 5041 2503 5096 Deo
2527 5042 2553 5096 .7
2581 5042 2663 5096 An
2691 5042 2754 5097 de
2802 5042 2947 5097 nobis
2995 5045 3172 5114 utique
3210 5043 3359 5107 dicit,
3392 5043 3518 5112 quia
3542 5043 3705 5097 debet

2105 5135 2160 5188 in
2206 5150 2294 5205 spe
2332 5135 2421 5204 qui
2449 5144 2566 5188 arat
2595 5151 2771 5200 arare,
2801 5144 2846 5189 et
2893 5135 2986 5206 qui
3013 5135 3234 5188 seminat
3263 5134 3319 5187 in
3366 5150 3458 5204 spe
3489 5134 3706 5203 fructus

2104 5226 2423 5297 percipiendi
2455 5226 2507 5297 (Ι
2533 5226 2654 5282 Cor.
2681 5227 2796 5298 1x)?
2822 5227 2891 5283 Et
2919 5243 3108 5284 rursus
3134 5245 3146 5281 :
3181 5225 3239 5281 Si
3285 5245 3378 5281 nos
3420 5229 3562 5282 vobis
3587 5228 3708 5296 spi-

2069 5321 2075 5327 ’
2108 5315 2283 5369 ritalia
2313 5316 2705 5382 seminavimus,
2739 5334 2985 5387 magnum
3008 5326 3107 5383 est,
3140 5316 3186 5370 si
3239 5328 3406 5370 vestra
3438 5315 3699 5370 carnalia

2107 5406 2414 5460 metamus?
2469 5405 2740 5478 (Ibidem)
2791 5406 2886 5461 Ila:
2940 5422 3070 5478 ergo
3117 5405 3378 5461 doctrinae
3431 5413 3710 5475 separate

2107 5504 2262 5550 erant
2290 5496 2599 5552 civitatibus
2622 5512 2829 5560 eorum,
2863 5512 2982 5566 quae
3023 5506 3073 5550 et
3113 5512 3210 5566 per
3247 5496 3394 5566 ipsos
3420 5494 3704 5550 consiste-

2109 5589 2260 5654 bant,
2291 5597 2346 5642 et
2375 5603 2470 5658 per
2495 5587 2640 5659 ipsos
2685 5587 3055 5654 salvabantur,
3089 5598 3143 5643 et
3174 5586 3332 5642 vendi
3380 5601 3487 5641 non
3534 5593 3708 5654 potcv

2114 5689 2254 5747 rant,
2278 5681 2402 5752 quia
2427 5681 2493 5737 ad
2523 5681 2668 5751 ipsos
2704 5681 2983 5738 dicebatur
3007 5698 3019 5736 :
3053 5676 3230 5734 Gratis
3253 5676 3539 5750 accepistis,
3565 5693 3714 5747 gra-
