  <div class='ocr_page' id='page_1' title='image "/cluster/home/n/w/nwhite01/storage/ocr_20150623/108/hvd.32044054759733/276.png"; bbox 0 0 3926 6176; ppageno 0'>
   <div class='ocr_carea' id='block_1_1' title="bbox 235 268 2667 358">
    <p class='ocr_par' dir='ltr' id='par_1_1' title="bbox 235 268 2667 358">
     <span class='ocr_line' id='line_1_1' title="bbox 235 268 2667 358; baseline 0 -27"><span class='ocrx_word' id='word_1_1' title='bbox 235 272 318 331; x_wconf 69' lang='lat' dir='ltr'><strong>ﬂl</strong></span> <span class='ocrx_word' id='word_1_2' title='bbox 1090 268 1594 333; x_wconf 73' lang='lat' dir='ltr'><strong>EXPOSITIONES</strong></span> <span class='ocrx_word' id='word_1_3' title='bbox 1627 272 1696 330; x_wconf 77' lang='lat' dir='ltr'><strong>IN</strong></span> <span class='ocrx_word' id='word_1_4' title='bbox 1732 268 2132 331; x_wconf 73' lang='lat' dir='ltr'><strong>LEVITICUM.</strong></span> <span class='ocrx_word' id='word_1_5' title='bbox 2172 302 2242 358; x_wconf 68' lang='grc' dir='ltr'><strong>τ-</strong></span> <span class='ocrx_word' id='word_1_6' title='bbox 2277 272 2410 329; x_wconf 72' lang='grc' dir='ltr'><strong>ιω.</strong></span> <span class='ocrx_word' id='word_1_7' title='bbox 2448 272 2561 331; x_wconf 76' lang='lat' dir='ltr'><strong>VII.</strong></span> <span class='ocrx_word' id='word_1_8' title='bbox 2660 296 2667 300; x_wconf 51' lang='lat'><em>‘</em></span> 
     </span>
    </p>
   </div>
   <div class='ocr_carea' id='block_1_2' title="bbox 3352 276 3489 363">
    <p class='ocr_par' dir='ltr' id='par_1_2' title="bbox 3352 276 3489 363">
     <span class='ocr_line' id='line_1_2' title="bbox 3352 276 3489 363; baseline -0.036 -25"><span class='ocrx_word' id='word_1_9' title='bbox 3352 358 3357 363; x_wconf 20' lang='grc' dir='ltr'><strong><em>η</em></strong></span> <span class='ocrx_word' id='word_1_10' title='bbox 3384 276 3489 337; x_wconf 70' lang='lat' dir='ltr'><strong>sia</strong></span> 
     </span>
    </p>
   </div>
   <div class='ocr_carea' id='block_1_3' title="bbox 233 370 3487 460">
    <p class='ocr_par' dir='ltr' id='par_1_3' title="bbox 233 370 3487 460">
     <span class='ocr_line' id='line_1_3' title="bbox 233 370 3487 460; baseline -0.002 -11"><span class='ocrx_word' id='word_1_11' title='bbox 233 395 291 449; x_wconf 80' lang='lat' dir='ltr'><strong>tis</strong></span> <span class='ocrx_word' id='word_1_12' title='bbox 319 391 462 447; x_wconf 71' lang='lat' dir='ltr'><strong>date.</strong></span> <span class='ocrx_word' id='word_1_13' title='bbox 496 388 655 448; x_wconf 78' lang='lat' dir='ltr'><strong>Unde</strong></span> <span class='ocrx_word' id='word_1_14' title='bbox 677 398 733 445; x_wconf 85' lang='lat' dir='ltr'><strong>et</strong></span> <span class='ocrx_word' id='word_1_15' title='bbox 759 387 1038 446; x_wconf 79' lang='lat' dir='ltr'><strong>Simonem</strong></span> <span class='ocrx_word' id='word_1_16' title='bbox 1089 370 1274 447; x_wconf 86' lang='lat' dir='ltr'><strong>emere</strong></span> <span class='ocrx_word' id='word_1_17' title='bbox 1299 390 1568 447; x_wconf 86' lang='lat' dir='ltr'><strong>volentem</strong></span> <span class='ocrx_word' id='word_1_18' title='bbox 1597 389 1798 446; x_wconf 84' lang='lat' dir='ltr'><strong>donum</strong></span> <span class='ocrx_word' id='word_1_19' title='bbox 1826 384 1879 445; x_wconf 85' lang='lat' dir='ltr'><strong>A</strong></span> <span class='ocrx_word' id='word_1_20' title='bbox 1903 383 2044 440; x_wconf 90' lang='lat' dir='ltr'><strong>sicut</strong></span> <span class='ocrx_word' id='word_1_21' title='bbox 2067 399 2229 456; x_wconf 81' lang='lat' dir='ltr'><strong>supra</strong></span> <span class='ocrx_word' id='word_1_22' title='bbox 2253 384 2606 456; x_wconf 80' lang='lat' dir='ltr'><strong>exposuimus</strong></span> <span class='ocrx_word' id='word_1_23' title='bbox 2631 381 2815 454; x_wconf 83' lang='lat' dir='ltr'><strong>lapsus</strong></span> <span class='ocrx_word' id='word_1_24' title='bbox 2843 382 3125 451; x_wconf 84' lang='lat' dir='ltr'><strong>acciderit,</strong></span> <span class='ocrx_word' id='word_1_25' title='bbox 3159 401 3374 460; x_wconf 85' lang='lat' dir='ltr'><strong>semper</strong></span> <span class='ocrx_word' id='word_1_26' title='bbox 3400 399 3487 447; x_wconf 79' lang='lat' dir='ltr'><strong>est</strong></span> 
     </span>
    </p>
   </div>
   <div class='ocr_carea' id='block_1_4' title="bbox 232 479 1800 557">
    <p class='ocr_par' dir='ltr' id='par_1_4' title="bbox 232 479 1800 557">
     <span class='ocr_line' id='line_1_4' title="bbox 232 479 1800 557; baseline -0.003 -17"><span class='ocrx_word' id='word_1_27' title='bbox 232 483 473 557; x_wconf 79' lang='lat' dir='ltr'><strong>Spiritus,</strong></span> <span class='ocrx_word' id='word_1_28' title='bbox 490 481 610 552; x_wconf 81' lang='lat' dir='ltr'><strong>ejus</strong></span> <span class='ocrx_word' id='word_1_29' title='bbox 638 482 891 554; x_wconf 91' lang='lat' dir='ltr'><strong>portione</strong></span> <span class='ocrx_word' id='word_1_30' title='bbox 915 481 1030 538; x_wconf 91' lang='lat' dir='ltr'><strong>sive</strong></span> <span class='ocrx_word' id='word_1_31' title='bbox 1055 491 1205 539; x_wconf 88' lang='lat' dir='ltr'><strong>sorte</strong></span> <span class='ocrx_word' id='word_1_32' title='bbox 1233 482 1487 554; x_wconf 76' lang='lat' dir='ltr'><strong>privavit.</strong></span> <span class='ocrx_word' id='word_1_33' title='bbox 1519 479 1629 555; x_wconf 79' lang='lat' dir='ltr'><strong>(Ea:</strong></span> <span class='ocrx_word' id='word_1_34' title='bbox 1653 481 1800 536; x_wconf 80' lang='lat' dir='ltr'><strong>Ada-</strong></span> 
     </span>
    </p>
   </div>
   <div class='ocr_carea' id='block_1_5' title="bbox 232 570 1802 651">
    <p class='ocr_par' dir='ltr' id='par_1_5' title="bbox 232 570 1802 651">
     <span class='ocr_line' id='line_1_5' title="bbox 232 570 1802 651; baseline -0.006 -16"><span class='ocrx_word' id='word_1_35' title='bbox 232 576 407 651; x_wconf 71' lang='lat' dir='ltr'><strong>m.)</strong></span> <span class='ocrx_word' id='word_1_36' title='bbox 443 574 758 631; x_wconf 89' lang='lat' dir='ltr'><strong>Secundam</strong></span> <span class='ocrx_word' id='word_1_37' title='bbox 808 574 1165 647; x_wconf 85' lang='lat' dir='ltr'><strong>tropologiam</strong></span> <span class='ocrx_word' id='word_1_38' title='bbox 1210 590 1378 641; x_wconf 89' lang='lat' dir='ltr'><strong>vero,</strong></span> <span class='ocrx_word' id='word_1_39' title='bbox 1425 574 1545 630; x_wconf 72' lang='lat' dir='ltr'><strong>base</strong></span> <span class='ocrx_word' id='word_1_40' title='bbox 1594 570 1802 628; x_wconf 87' lang='lat' dir='ltr'><strong>refera-</strong></span> 
     </span>
    </p>
   </div>
   <div class='ocr_carea' id='block_1_6' title="bbox 230 662 1802 736">
    <p class='ocr_par' dir='ltr' id='par_1_6' title="bbox 230 662 1802 736">
     <span class='ocr_line' id='line_1_6' title="bbox 230 662 1802 736; baseline -0.006 -12"><span class='ocrx_word' id='word_1_41' title='bbox 230 684 334 724; x_wconf 85' lang='lat' dir='ltr'><strong>mus</strong></span> <span class='ocrx_word' id='word_1_42' title='bbox 364 666 438 721; x_wconf 87' lang='lat' dir='ltr'><strong>ad</strong></span> <span class='ocrx_word' id='word_1_43' title='bbox 463 681 584 729; x_wconf 82' lang='lat' dir='ltr'><strong>nos,</strong></span> <span class='ocrx_word' id='word_1_44' title='bbox 637 664 834 736; x_wconf 86' lang='lat' dir='ltr'><strong>quibus</strong></span> <span class='ocrx_word' id='word_1_45' title='bbox 886 664 974 720; x_wconf 82' lang='lat' dir='ltr'><strong>lex</strong></span> <span class='ocrx_word' id='word_1_46' title='bbox 1015 662 1219 720; x_wconf 82' lang='lat' dir='ltr'><strong>Christi</strong></span> <span class='ocrx_word' id='word_1_47' title='bbox 1265 663 1311 721; x_wconf 84' lang='lat' dir='ltr'><strong>si</strong></span> <span class='ocrx_word' id='word_1_48' title='bbox 1342 677 1465 720; x_wconf 88' lang='lat' dir='ltr'><strong>eam</strong></span> <span class='ocrx_word' id='word_1_49' title='bbox 1505 675 1802 733; x_wconf 82' lang='lat' dir='ltr'><strong>sequamur</strong></span> 
     </span>
    </p>
   </div>
   <div class='ocr_carea' id='block_1_7' title="bbox 230 752 1801 828">
    <p class='ocr_par' dir='ltr' id='par_1_7' title="bbox 230 752 1801 828">
     <span class='ocr_line' id='line_1_7' title="bbox 230 752 1801 828; baseline -0.006 -13"><span class='ocrx_word' id='word_1_50' title='bbox 230 774 314 815; x_wconf 89' lang='lat' dir='ltr'><strong>nec</strong></span> <span class='ocrx_word' id='word_1_51' title='bbox 337 757 718 828; x_wconf 76' lang='lat' dir='ltr'><strong>possessiones</strong></span> <span class='ocrx_word' id='word_1_52' title='bbox 772 755 830 811; x_wconf 90' lang='lat' dir='ltr'><strong>in</strong></span> <span class='ocrx_word' id='word_1_53' title='bbox 872 763 1043 819; x_wconf 86' lang='lat' dir='ltr'><strong>terra.</strong></span> <span class='ocrx_word' id='word_1_54' title='bbox 1080 770 1183 811; x_wconf 89' lang='lat' dir='ltr'><strong>nec</strong></span> <span class='ocrx_word' id='word_1_55' title='bbox 1232 754 1287 811; x_wconf 92' lang='lat' dir='ltr'><strong>in</strong></span> <span class='ocrx_word' id='word_1_56' title='bbox 1328 752 1557 809; x_wconf 79' lang='lat' dir='ltr'><strong>urbibus</strong></span> <span class='ocrx_word' id='word_1_57' title='bbox 1606 752 1801 808; x_wconf 89' lang='lat' dir='ltr'><strong>domus</strong></span> 
     </span>
    </p>
   </div>
   <div class='ocr_carea' id='block_1_8' title="bbox 230 844 1802 919">
    <p class='ocr_par' dir='ltr' id='par_1_8' title="bbox 230 844 1802 919">
     <span class='ocr_line' id='line_1_8' title="bbox 230 844 1802 919; baseline -0.003 -13"><span class='ocrx_word' id='word_1_58' title='bbox 230 851 422 907; x_wconf 85' lang='lat' dir='ltr'><strong>habere</strong></span> <span class='ocrx_word' id='word_1_59' title='bbox 442 847 734 919; x_wconf 88' lang='lat' dir='ltr'><strong>permittit,</strong></span> <span class='ocrx_word' id='word_1_60' title='bbox 784 854 840 903; x_wconf 89' lang='lat' dir='ltr'><strong>et</strong></span> <span class='ocrx_word' id='word_1_61' title='bbox 866 846 997 919; x_wconf 89' lang='lat' dir='ltr'><strong>quid</strong></span> <span class='ocrx_word' id='word_1_62' title='bbox 1048 846 1172 903; x_wconf 84' lang='lat' dir='ltr'><strong>dico</strong></span> <span class='ocrx_word' id='word_1_63' title='bbox 1211 845 1443 904; x_wconf 73' lang='lat' dir='ltr'><strong>domus?</strong></span> <span class='ocrx_word' id='word_1_64' title='bbox 1489 859 1590 900; x_wconf 91' lang='lat' dir='ltr'><strong>nec</strong></span> <span class='ocrx_word' id='word_1_65' title='bbox 1617 844 1802 917; x_wconf 88' lang='lat' dir='ltr'><strong>plures</strong></span> 
     </span>
    </p>
   </div>
   <div class='ocr_carea' id='block_1_9' title="bbox 232 937 1798 1011">
    <p class='ocr_par' dir='ltr' id='par_1_9' title="bbox 232 937 1798 1011">
     <span class='ocr_line' id='line_1_9' title="bbox 232 937 1798 1011; baseline 0 -17"><span class='ocrx_word' id='word_1_66' title='bbox 232 940 454 1005; x_wconf 80' lang='lat' dir='ltr'><strong>tunicas,</strong></span> <span class='ocrx_word' id='word_1_67' title='bbox 484 952 591 995; x_wconf 89' lang='lat' dir='ltr'><strong>nec</strong></span> <span class='ocrx_word' id='word_1_68' title='bbox 632 937 857 994; x_wconf 84' lang='lat' dir='ltr'><strong>multam</strong></span> <span class='ocrx_word' id='word_1_69' title='bbox 888 939 1139 995; x_wconf 86' lang='lat' dir='ltr'><strong>concedit</strong></span> <span class='ocrx_word' id='word_1_70' title='bbox 1166 939 1446 1011; x_wconf 89' lang='lat' dir='ltr'><strong>possidere</strong></span> <span class='ocrx_word' id='word_1_71' title='bbox 1472 938 1757 1009; x_wconf 85' lang='lat' dir='ltr'><strong>pecuniam</strong></span> <span class='ocrx_word' id='word_1_72' title='bbox 1782 957 1798 994; x_wconf 89' lang='lat'><strong>:</strong></span> 
     </span>
    </p>
   </div>
   <div class='ocr_carea' id='block_1_10' title="bbox 231 1029 1803 1100">
    <p class='ocr_par' dir='ltr' id='par_1_10' title="bbox 231 1029 1803 1100">
     <span class='ocr_line' id='line_1_10' title="bbox 231 1029 1803 1100; baseline 0 -15"><span class='ocrx_word' id='word_1_73' title='bbox 231 1029 484 1086; x_wconf 72' lang='lat' dir='ltr'><strong>Habentes</strong></span> <span class='ocrx_word' id='word_1_74' title='bbox 514 1030 676 1096; x_wconf 83' lang='lat' dir='ltr'><strong>enim,</strong></span> <span class='ocrx_word' id='word_1_75' title='bbox 719 1030 918 1100; x_wconf 85' lang='lat' dir='ltr'><strong>inquit,</strong></span> <span class='ocrx_word' id='word_1_76' title='bbox 947 1031 1137 1086; x_wconf 82' lang='lat' dir='ltr'><strong>rictum</strong></span> <span class='ocrx_word' id='word_1_77' title='bbox 1161 1040 1209 1086; x_wconf 85' lang='lat' dir='ltr'><strong>et</strong></span> <span class='ocrx_word' id='word_1_78' title='bbox 1268 1032 1531 1099; x_wconf 83' lang='lat' dir='ltr'><strong>vestitum,</strong></span> <span class='ocrx_word' id='word_1_79' title='bbox 1566 1031 1648 1086; x_wconf 80' lang='lat' dir='ltr'><strong>his</strong></span> <span class='ocrx_word' id='word_1_80' title='bbox 1678 1041 1803 1087; x_wconf 85' lang='lat' dir='ltr'><strong>con-</strong></span> 
     </span>
    </p>
   </div>
   <div class='ocr_carea' id='block_1_11' title="bbox 229 1118 1802 1195">
    <p class='ocr_par' dir='ltr' id='par_1_11' title="bbox 229 1118 1802 1195">
     <span class='ocr_line' id='line_1_11' title="bbox 229 1118 1802 1195; baseline 0.003 -20"><span class='ocrx_word' id='word_1_81' title='bbox 229 1120 337 1175; x_wconf 76' lang='lat' dir='ltr'><strong>tenti</strong></span> <span class='ocrx_word' id='word_1_82' title='bbox 388 1134 578 1174; x_wconf 73' lang='lat' dir='ltr'><strong>sumus</strong></span> <span class='ocrx_word' id='word_1_83' title='bbox 629 1118 683 1193; x_wconf 87' lang='grc' dir='ltr'><strong>(ι</strong></span> <span class='ocrx_word' id='word_1_84' title='bbox 713 1119 851 1175; x_wconf 81' lang='lat' dir='ltr'><strong>Tim.</strong></span> <span class='ocrx_word' id='word_1_85' title='bbox 876 1119 977 1193; x_wconf 70' lang='grc' dir='ltr'><strong>γι).</strong></span> <span class='ocrx_word' id='word_1_86' title='bbox 1018 1120 1301 1190; x_wconf 82' lang='lat' dir='ltr'><strong>Quomodo</strong></span> <span class='ocrx_word' id='word_1_87' title='bbox 1347 1136 1479 1195; x_wconf 87' lang='lat' dir='ltr'><strong>ergo</strong></span> <span class='ocrx_word' id='word_1_88' title='bbox 1503 1138 1602 1179; x_wconf 90' lang='lat' dir='ltr'><strong>nos</strong></span> <span class='ocrx_word' id='word_1_89' title='bbox 1642 1123 1802 1179; x_wconf 87' lang='lat' dir='ltr'><strong>datas</strong></span> 
     </span>
    </p>
   </div>
   <div class='ocr_carea' id='block_1_12' title="bbox 230 1210 1797 1287">
    <p class='ocr_par' dir='ltr' id='par_1_12' title="bbox 230 1210 1797 1287">
     <span class='ocr_line' id='line_1_12' title="bbox 230 1210 1797 1287; baseline 0.004 -22"><span class='ocrx_word' id='word_1_90' title='bbox 230 1210 564 1266; x_wconf 82' lang='lat' dir='ltr'><strong>dedomibus</strong></span> <span class='ocrx_word' id='word_1_91' title='bbox 609 1211 726 1267; x_wconf 85' lang='lat' dir='ltr'><strong>sive</strong></span> <span class='ocrx_word' id='word_1_92' title='bbox 773 1211 919 1269; x_wconf 86' lang='lat' dir='ltr'><strong>intra</strong></span> <span class='ocrx_word' id='word_1_93' title='bbox 951 1214 1227 1271; x_wconf 86' lang='lat' dir='ltr'><strong>civitatem</strong></span> <span class='ocrx_word' id='word_1_94' title='bbox 1270 1223 1541 1271; x_wconf 85' lang='lat' dir='ltr'><strong>muratam</strong></span> <span class='ocrx_word' id='word_1_95' title='bbox 1582 1216 1797 1287; x_wconf 87' lang='lat' dir='ltr'><strong>positis,</strong></span> 
     </span>
    </p>
   </div>
   <div class='ocr_carea' id='block_1_13' title="bbox 231 1300 1801 1374">
    <p class='ocr_par' dir='ltr' id='par_1_13' title="bbox 231 1300 1801 1374">
     <span class='ocr_line' id='line_1_13' title="bbox 231 1300 1801 1374; baseline 0.004 -15"><span class='ocrx_word' id='word_1_96' title='bbox 231 1300 326 1359; x_wconf 62' lang='lat' dir='ltr'><strong>ﬁve</strong></span> <span class='ocrx_word' id='word_1_97' title='bbox 350 1303 417 1358; x_wconf 84' lang='lat' dir='ltr'><strong>in</strong></span> <span class='ocrx_word' id='word_1_98' title='bbox 448 1303 586 1359; x_wconf 85' lang='lat' dir='ltr'><strong>vicis</strong></span> <span class='ocrx_word' id='word_1_99' title='bbox 614 1305 811 1374; x_wconf 84' lang='lat' dir='ltr'><strong>quibus</strong></span> <span class='ocrx_word' id='word_1_100' title='bbox 858 1306 1003 1362; x_wconf 88' lang='lat' dir='ltr'><strong>muri</strong></span> <span class='ocrx_word' id='word_1_101' title='bbox 1046 1322 1154 1363; x_wconf 90' lang='lat' dir='ltr'><strong>non</strong></span> <span class='ocrx_word' id='word_1_102' title='bbox 1208 1316 1337 1363; x_wconf 90' lang='lat' dir='ltr'><strong>sunt</strong></span> <span class='ocrx_word' id='word_1_103' title='bbox 1386 1308 1801 1365; x_wconf 79' lang='lat' dir='ltr'><strong>observabimus</strong></span> 
     </span>
    </p>
   </div>
   <div class='ocr_carea' id='block_1_14' title="bbox 231 1393 1801 1471">
    <p class='ocr_par' dir='ltr' id='par_1_14' title="bbox 231 1393 1801 1471">
     <span class='ocr_line' id='line_1_14' title="bbox 231 1393 1801 1471; baseline 0.007 -23"><span class='ocrx_word' id='word_1_104' title='bbox 231 1394 407 1466; x_wconf 78' lang='lat' dir='ltr'><strong>leges?</strong></span> <span class='ocrx_word' id='word_1_105' title='bbox 457 1393 776 1451; x_wconf 78' lang='lat' dir='ltr'><strong>invenimus</strong></span> <span class='ocrx_word' id='word_1_106' title='bbox 826 1397 881 1451; x_wconf 90' lang='lat' dir='ltr'><strong>in</strong></span> <span class='ocrx_word' id='word_1_107' title='bbox 934 1397 1056 1453; x_wconf 87' lang='lat' dir='ltr'><strong>aliis</strong></span> <span class='ocrx_word' id='word_1_108' title='bbox 1114 1396 1410 1470; x_wconf 71' lang='lat' dir='ltr'><strong>Scriptum</strong></span> <span class='ocrx_word' id='word_1_109' title='bbox 1446 1398 1600 1465; x_wconf 90' lang='lat' dir='ltr'><strong>locis,</strong></span> <span class='ocrx_word' id='word_1_110' title='bbox 1657 1396 1801 1471; x_wconf 74' lang='lat' dir='ltr'><strong>quad</strong></span> 
     </span>
    </p>
   </div>
   <div class='ocr_carea' id='block_1_15' title="bbox 230 1486 1801 1560">
    <p class='ocr_par' dir='ltr' id='par_1_15' title="bbox 230 1486 1801 1560">
     <span class='ocr_line' id='line_1_15' title="bbox 230 1486 1801 1560; baseline 0.004 -17"><span class='ocrx_word' id='word_1_111' title='bbox 230 1502 393 1543; x_wconf 82' lang='lat' dir='ltr'><strong>sermo</strong></span> <span class='ocrx_word' id='word_1_112' title='bbox 451 1486 670 1543; x_wconf 70' lang='lat' dir='ltr'><strong>divinus</strong></span> <span class='ocrx_word' id='word_1_113' title='bbox 718 1488 925 1560; x_wconf 84' lang='lat' dir='ltr'><strong>majore</strong></span> <span class='ocrx_word' id='word_1_114' title='bbox 970 1489 1203 1559; x_wconf 90' lang='lat' dir='ltr'><strong>quodam</strong></span> <span class='ocrx_word' id='word_1_115' title='bbox 1243 1499 1589 1547; x_wconf 85' lang='lat' dir='ltr'><strong>sacramento</strong></span> <span class='ocrx_word' id='word_1_116' title='bbox 1626 1489 1801 1549; x_wconf 83' lang='lat' dir='ltr'><strong>nomi-</strong></span> 
     </span>
    </p>
   </div>
   <div class='ocr_carea' id='block_1_16' title="bbox 228 1577 1802 1653">
    <p class='ocr_par' dir='ltr' id='par_1_16' title="bbox 228 1577 1802 1653">
     <span class='ocr_line' id='line_1_16' title="bbox 228 1577 1802 1653; baseline 0.004 -22"><span class='ocrx_word' id='word_1_117' title='bbox 228 1586 306 1631; x_wconf 80' lang='lat' dir='ltr'><strong>nat</strong></span> <span class='ocrx_word' id='word_1_118' title='bbox 342 1577 596 1644; x_wconf 85' lang='lat' dir='ltr'><strong>domum,</strong></span> <span class='ocrx_word' id='word_1_119' title='bbox 644 1585 705 1633; x_wconf 91' lang='lat' dir='ltr'><strong>ut</strong></span> <span class='ocrx_word' id='word_1_120' title='bbox 754 1593 880 1635; x_wconf 86' lang='lat' dir='ltr'><strong>cum</strong></span> <span class='ocrx_word' id='word_1_121' title='bbox 929 1578 1062 1635; x_wconf 88' lang='lat' dir='ltr'><strong>dicit</strong></span> <span class='ocrx_word' id='word_1_122' title='bbox 1097 1580 1165 1636; x_wconf 89' lang='lat' dir='ltr'><strong>de</strong></span> <span class='ocrx_word' id='word_1_123' title='bbox 1200 1578 1391 1648; x_wconf 87' lang='lat' dir='ltr'><strong>Jacob,</strong></span> <span class='ocrx_word' id='word_1_124' title='bbox 1420 1591 1477 1637; x_wconf 90' lang='lat' dir='ltr'><strong>et</strong></span> <span class='ocrx_word' id='word_1_125' title='bbox 1504 1581 1659 1653; x_wconf 89' lang='lat' dir='ltr'><strong>quasi</strong></span> <span class='ocrx_word' id='word_1_126' title='bbox 1699 1594 1802 1652; x_wconf 89' lang='lat' dir='ltr'><strong>pro</strong></span> 
     </span>
    </p>
   </div>
   <div class='ocr_carea' id='block_1_17' title="bbox 229 1665 1801 1743">
    <p class='ocr_par' dir='ltr' id='par_1_17' title="bbox 229 1665 1801 1743">
     <span class='ocr_line' id='line_1_17' title="bbox 229 1665 1801 1743; baseline 0.003 -22"><span class='ocrx_word' id='word_1_127' title='bbox 229 1666 374 1723; x_wconf 72' lang='lat' dir='ltr'><strong>laude</strong></span> <span class='ocrx_word' id='word_1_128' title='bbox 424 1665 744 1739; x_wconf 58' lang='lat' dir='ltr'><strong>eiusponit</strong></span> <span class='ocrx_word' id='word_1_129' title='bbox 772 1686 787 1724; x_wconf 87' lang='lat'><strong>:</strong></span> <span class='ocrx_word' id='word_1_130' title='bbox 815 1667 951 1723; x_wconf 82' lang='lat' dir='ltr'><strong>Erat</strong></span> <span class='ocrx_word' id='word_1_131' title='bbox 997 1671 1158 1739; x_wconf 85' lang='lat' dir='ltr'><strong>enim,</strong></span> <span class='ocrx_word' id='word_1_132' title='bbox 1208 1670 1402 1743; x_wconf 85' lang='lat' dir='ltr'><strong>inquit,</strong></span> <span class='ocrx_word' id='word_1_133' title='bbox 1456 1671 1623 1726; x_wconf 82' lang='lat' dir='ltr'><strong>Jacob</strong></span> <span class='ocrx_word' id='word_1_134' title='bbox 1647 1671 1801 1727; x_wconf 77' lang='lat' dir='ltr'><strong>homo</strong></span> 
     </span>
    </p>
   </div>
   <div class='ocr_carea' id='block_1_18' title="bbox 1908 474 3486 546">
    <p class='ocr_par' dir='ltr' id='par_1_18' title="bbox 1908 474 3486 546">
     <span class='ocr_line' id='line_1_18' title="bbox 1908 474 3486 546; baseline 0.005 -14"><span class='ocrx_word' id='word_1_135' title='bbox 1908 475 2263 546; x_wconf 81' lang='lat' dir='ltr'><strong>recuperandi</strong></span> <span class='ocrx_word' id='word_1_136' title='bbox 2285 474 2532 531; x_wconf 85' lang='lat' dir='ltr'><strong>facultas.</strong></span> <span class='ocrx_word' id='word_1_137' title='bbox 2566 474 2639 532; x_wconf 85' lang='lat' dir='ltr'><strong>Ut</strong></span> <span class='ocrx_word' id='word_1_138' title='bbox 2666 474 2818 531; x_wconf 85' lang='lat' dir='ltr'><strong>verbi</strong></span> <span class='ocrx_word' id='word_1_139' title='bbox 2842 476 3018 546; x_wconf 85' lang='lat' dir='ltr'><strong>gratia</strong></span> <span class='ocrx_word' id='word_1_140' title='bbox 3046 477 3222 533; x_wconf 90' lang='lat' dir='ltr'><strong>dicam</strong></span> <span class='ocrx_word' id='word_1_141' title='bbox 3256 498 3270 535; x_wconf 89' lang='lat'><strong>:</strong></span> <span class='ocrx_word' id='word_1_142' title='bbox 3303 480 3360 537; x_wconf 83' lang='lat' dir='ltr'><strong>Si</strong></span> <span class='ocrx_word' id='word_1_143' title='bbox 3386 500 3486 541; x_wconf 91' lang='lat' dir='ltr'><strong>nos</strong></span> 
     </span>
    </p>
   </div>
   <div class='ocr_carea' id='block_1_19' title="bbox 1907 568 3490 640">
    <p class='ocr_par' dir='ltr' id='par_1_19' title="bbox 1907 568 3490 640">
     <span class='ocr_line' id='line_1_19' title="bbox 1907 568 3490 640; baseline 0.004 -15"><span class='ocrx_word' id='word_1_144' title='bbox 1907 568 2088 640; x_wconf 84' lang='lat' dir='ltr'><strong>aliqua</strong></span> <span class='ocrx_word' id='word_1_145' title='bbox 2121 569 2278 640; x_wconf 89' lang='lat' dir='ltr'><strong>culpa</strong></span> <span class='ocrx_word' id='word_1_146' title='bbox 2312 568 2538 625; x_wconf 84' lang='lat' dir='ltr'><strong>moralis</strong></span> <span class='ocrx_word' id='word_1_147' title='bbox 2570 568 2843 624; x_wconf 76' lang='lat' dir='ltr'><strong>invenerit</strong></span> <span class='ocrx_word' id='word_1_148' title='bbox 2878 582 2998 640; x_wconf 78' lang='lat' dir='ltr'><strong>quae</strong></span> <span class='ocrx_word' id='word_1_149' title='bbox 3031 584 3139 625; x_wconf 90' lang='lat' dir='ltr'><strong>non</strong></span> <span class='ocrx_word' id='word_1_150' title='bbox 3175 571 3231 626; x_wconf 92' lang='lat' dir='ltr'><strong>in</strong></span> <span class='ocrx_word' id='word_1_151' title='bbox 3265 573 3490 631; x_wconf 87' lang='lat' dir='ltr'><strong>crimine</strong></span> 
     </span>
    </p>
   </div>
   <div class='ocr_carea' id='block_1_20' title="bbox 1906 655 3486 734">
    <p class='ocr_par' dir='ltr' id='par_1_20' title="bbox 1906 655 3486 734">
     <span class='ocr_line' id='line_1_20' title="bbox 1906 655 3486 734; baseline 0.002 -14"><span class='ocrx_word' id='word_1_152' title='bbox 1906 663 2145 730; x_wconf 87' lang='lat' dir='ltr'><strong>mortali,</strong></span> <span class='ocrx_word' id='word_1_153' title='bbox 2182 679 2291 719; x_wconf 91' lang='lat' dir='ltr'><strong>non</strong></span> <span class='ocrx_word' id='word_1_154' title='bbox 2319 663 2375 718; x_wconf 90' lang='lat' dir='ltr'><strong>in</strong></span> <span class='ocrx_word' id='word_1_155' title='bbox 2401 661 2738 734; x_wconf 80' lang='lat' dir='ltr'><strong>blasphemia</strong></span> <span class='ocrx_word' id='word_1_156' title='bbox 2773 661 2935 728; x_wconf 79' lang='lat' dir='ltr'><strong>ﬁdei,</strong></span> <span class='ocrx_word' id='word_1_157' title='bbox 2962 655 3086 734; x_wconf 69' lang='lat' dir='ltr'><strong>qua:</strong></span> <span class='ocrx_word' id='word_1_158' title='bbox 3118 678 3277 721; x_wconf 89' lang='lat' dir='ltr'><strong>muro</strong></span> <span class='ocrx_word' id='word_1_159' title='bbox 3313 666 3486 723; x_wconf 86' lang='lat' dir='ltr'><strong>eccle-</strong></span> 
     </span>
    </p>
   </div>
   <div class='ocr_carea' id='block_1_21' title="bbox 1907 755 3486 828">
    <p class='ocr_par' dir='ltr' id='par_1_21' title="bbox 1907 755 3486 828">
     <span class='ocr_line' id='line_1_21' title="bbox 1907 755 3486 828; baseline 0.003 -15"><span class='ocrx_word' id='word_1_160' title='bbox 1907 756 2112 813; x_wconf 86' lang='lat' dir='ltr'><strong>siastici</strong></span> <span class='ocrx_word' id='word_1_161' title='bbox 2139 765 2195 814; x_wconf 88' lang='lat' dir='ltr'><strong>et</strong></span> <span class='ocrx_word' id='word_1_162' title='bbox 2223 755 2506 828; x_wconf 83' lang='lat' dir='ltr'><strong>apostolici</strong></span> <span class='ocrx_word' id='word_1_163' title='bbox 2536 756 2805 828; x_wconf 77' lang='lat' dir='ltr'><strong>dogmatis</strong></span> <span class='ocrx_word' id='word_1_164' title='bbox 2836 756 3013 813; x_wconf 88' lang='lat' dir='ltr'><strong>cincta</strong></span> <span class='ocrx_word' id='word_1_165' title='bbox 3042 765 3157 824; x_wconf 90' lang='lat' dir='ltr'><strong>est,</strong></span> <span class='ocrx_word' id='word_1_166' title='bbox 3188 757 3283 815; x_wconf 90' lang='lat' dir='ltr'><strong>sed</strong></span> <span class='ocrx_word' id='word_1_167' title='bbox 3318 759 3403 816; x_wconf 87' lang='lat' dir='ltr'><strong>vel</strong></span> <span class='ocrx_word' id='word_1_168' title='bbox 3431 761 3486 817; x_wconf 91' lang='lat' dir='ltr'><strong>in</strong></span> 
     </span>
    </p>
   </div>
   <div class='ocr_carea' id='block_1_22' title="bbox 1908 850 3491 920">
    <p class='ocr_par' dir='ltr' id='par_1_22' title="bbox 1908 850 3491 920">
     <span class='ocr_line' id='line_1_22' title="bbox 1908 850 3491 920; baseline 0 -10"><span class='ocrx_word' id='word_1_169' title='bbox 1908 850 2176 910; x_wconf 76' lang='lat' dir='ltr'><strong>sermonis</strong></span> <span class='ocrx_word' id='word_1_170' title='bbox 2201 852 2287 909; x_wconf 94' lang='lat' dir='ltr'><strong>vel</strong></span> <span class='ocrx_word' id='word_1_171' title='bbox 2317 852 2371 909; x_wconf 91' lang='lat' dir='ltr'><strong>in</strong></span> <span class='ocrx_word' id='word_1_172' title='bbox 2400 868 2614 909; x_wconf 90' lang='lat' dir='ltr'><strong>morum</strong></span> <span class='ocrx_word' id='word_1_173' title='bbox 2640 852 2774 911; x_wconf 87' lang='lat' dir='ltr'><strong>vitio</strong></span> <span class='ocrx_word' id='word_1_174' title='bbox 2802 855 3086 920; x_wconf 84' lang='lat' dir='ltr'><strong>consistat,</strong></span> <span class='ocrx_word' id='word_1_175' title='bbox 3117 855 3222 917; x_wconf 87' lang='lat' dir='ltr'><strong>hoc</strong></span> <span class='ocrx_word' id='word_1_176' title='bbox 3251 864 3336 911; x_wconf 90' lang='lat' dir='ltr'><strong>est</strong></span> <span class='ocrx_word' id='word_1_177' title='bbox 3357 871 3491 911; x_wconf 87' lang='lat' dir='ltr'><strong>vcn-</strong></span> 
     </span>
    </p>
   </div>
   <div class='ocr_carea' id='block_1_23' title="bbox 1908 946 3493 1022">
    <p class='ocr_par' dir='ltr' id='par_1_23' title="bbox 1908 946 3493 1022">
     <span class='ocr_line' id='line_1_23' title="bbox 1908 946 3493 1022; baseline 0 -18"><span class='ocrx_word' id='word_1_178' title='bbox 1908 947 2110 1004; x_wconf 87' lang='lat' dir='ltr'><strong>didisse</strong></span> <span class='ocrx_word' id='word_1_179' title='bbox 2135 946 2353 1007; x_wconf 91' lang='lat' dir='ltr'><strong>domum</strong></span> <span class='ocrx_word' id='word_1_180' title='bbox 2382 964 2503 1020; x_wconf 75' lang='lat' dir='ltr'><strong>quze</strong></span> <span class='ocrx_word' id='word_1_181' title='bbox 2532 949 2587 1004; x_wconf 89' lang='lat' dir='ltr'><strong>in</strong></span> <span class='ocrx_word' id='word_1_182' title='bbox 2622 964 2755 1022; x_wconf 86' lang='lat' dir='ltr'><strong>agro</strong></span> <span class='ocrx_word' id='word_1_183' title='bbox 2776 957 2881 1016; x_wconf 89' lang='lat' dir='ltr'><strong>est,</strong></span> <span class='ocrx_word' id='word_1_184' title='bbox 2906 949 2990 1011; x_wconf 85' lang='lat' dir='ltr'><strong>vel</strong></span> <span class='ocrx_word' id='word_1_185' title='bbox 3020 949 3073 1004; x_wconf 93' lang='lat' dir='ltr'><strong>in</strong></span> <span class='ocrx_word' id='word_1_186' title='bbox 3108 946 3229 1006; x_wconf 86' lang='lat' dir='ltr'><strong>vico</strong></span> <span class='ocrx_word' id='word_1_187' title='bbox 3258 950 3344 1005; x_wconf 91' lang='lat' dir='ltr'><strong>cui</strong></span> <span class='ocrx_word' id='word_1_188' title='bbox 3375 966 3493 1004; x_wconf 85' lang='lat' dir='ltr'><strong>mu-</strong></span> 
     </span>
    </p>
   </div>
   <div class='ocr_carea' id='block_1_24' title="bbox 1908 1034 3489 1112">
    <p class='ocr_par' dir='ltr' id='par_1_24' title="bbox 1908 1034 3489 1112">
     <span class='ocr_line' id='line_1_24' title="bbox 1908 1034 3489 1112; baseline 0 -19"><span class='ocrx_word' id='word_1_189' title='bbox 1908 1034 2003 1101; x_wconf 85' lang='lat' dir='ltr'><strong>rus</strong></span> <span class='ocrx_word' id='word_1_190' title='bbox 2024 1052 2132 1094; x_wconf 91' lang='lat' dir='ltr'><strong>non</strong></span> <span class='ocrx_word' id='word_1_191' title='bbox 2155 1047 2271 1106; x_wconf 88' lang='lat' dir='ltr'><strong>est;</strong></span> <span class='ocrx_word' id='word_1_192' title='bbox 2303 1040 2421 1098; x_wconf 71' lang='lat' dir='ltr'><strong>haec</strong></span> <span class='ocrx_word' id='word_1_193' title='bbox 2449 1053 2578 1111; x_wconf 86' lang='lat' dir='ltr'><strong>ergo</strong></span> <span class='ocrx_word' id='word_1_194' title='bbox 2608 1040 2867 1103; x_wconf 87' lang='lat' dir='ltr'><strong>venditio,</strong></span> <span class='ocrx_word' id='word_1_195' title='bbox 2899 1048 2954 1095; x_wconf 90' lang='lat' dir='ltr'><strong>et</strong></span> <span class='ocrx_word' id='word_1_196' title='bbox 2978 1040 3284 1112; x_wconf 72' lang='lat' dir='ltr'><strong>huiusmodi</strong></span> <span class='ocrx_word' id='word_1_197' title='bbox 3312 1039 3489 1110; x_wconf 86' lang='lat' dir='ltr'><strong>culpa,</strong></span> 
     </span>
    </p>
   </div>
   <div class='ocr_carea' id='block_1_25' title="bbox 1908 1129 3494 1203">
    <p class='ocr_par' dir='ltr' id='par_1_25' title="bbox 1908 1129 3494 1203">
     <span class='ocr_line' id='line_1_25' title="bbox 1908 1129 3494 1203; baseline -0.003 -15"><span class='ocrx_word' id='word_1_198' title='bbox 1908 1144 2124 1202; x_wconf 87' lang='lat' dir='ltr'><strong>semper</strong></span> <span class='ocrx_word' id='word_1_199' title='bbox 2166 1131 2407 1202; x_wconf 88' lang='lat' dir='ltr'><strong>reparari</strong></span> <span class='ocrx_word' id='word_1_200' title='bbox 2445 1138 2645 1203; x_wconf 80' lang='lat' dir='ltr'><strong>potest,</strong></span> <span class='ocrx_word' id='word_1_201' title='bbox 2687 1145 2788 1186; x_wconf 89' lang='lat' dir='ltr'><strong>nec</strong></span> <span class='ocrx_word' id='word_1_202' title='bbox 2813 1129 3102 1201; x_wconf 86' lang='lat' dir='ltr'><strong>aliquando</strong></span> <span class='ocrx_word' id='word_1_203' title='bbox 3138 1129 3232 1186; x_wconf 89' lang='lat' dir='ltr'><strong>tibi</strong></span> <span class='ocrx_word' id='word_1_204' title='bbox 3270 1131 3494 1185; x_wconf 86' lang='lat' dir='ltr'><strong>interdi-</strong></span> 
     </span>
    </p>
   </div>
   <div class='ocr_carea' id='block_1_26' title="bbox 1908 1223 3488 1296">
    <p class='ocr_par' dir='ltr' id='par_1_26' title="bbox 1908 1223 3488 1296">
     <span class='ocr_line' id='line_1_26' title="bbox 1908 1223 3488 1296; baseline -0.003 -18"><span class='ocrx_word' id='word_1_205' title='bbox 1908 1223 2051 1279; x_wconf 88' lang='lat' dir='ltr'><strong>citur</strong></span> <span class='ocrx_word' id='word_1_206' title='bbox 2080 1225 2147 1283; x_wconf 88' lang='lat' dir='ltr'><strong>de</strong></span> <span class='ocrx_word' id='word_1_207' title='bbox 2175 1224 2480 1282; x_wconf 87' lang='lat' dir='ltr'><strong>commissis</strong></span> <span class='ocrx_word' id='word_1_208' title='bbox 2505 1223 2813 1296; x_wconf 74' lang='lat' dir='ltr'><strong>huiusmodi</strong></span> <span class='ocrx_word' id='word_1_209' title='bbox 2851 1223 3241 1295; x_wconf 72' lang='lat' dir='ltr'><strong>ptenitndinem</strong></span> <span class='ocrx_word' id='word_1_210' title='bbox 3281 1237 3488 1293; x_wconf 78' lang='lat' dir='ltr'><strong>gerere,</strong></span> 
     </span>
    </p>
   </div>
   <div class='ocr_carea' id='block_1_27' title="bbox 1908 1311 3495 1401">
    <p class='ocr_par' dir='ltr' id='par_1_27' title="bbox 1908 1311 3495 1401">
     <span class='ocr_line' id='line_1_27' title="bbox 1908 1311 3495 1401; baseline -0.003 -32"><span class='ocrx_word' id='word_1_211' title='bbox 1908 1313 1963 1372; x_wconf 87' lang='lat' dir='ltr'><strong>in</strong></span> <span class='ocrx_word' id='word_1_212' title='bbox 1999 1316 2343 1401; x_wconf 83' lang='lat' dir='ltr'><strong>gravioribus</strong></span> <span class='ocrx_word' id='word_1_213' title='bbox 2380 1316 2525 1371; x_wconf 84' lang='lat' dir='ltr'><strong>enim</strong></span> <span class='ocrx_word' id='word_1_214' title='bbox 2561 1312 2900 1375; x_wconf 88' lang='lat' dir='ltr'><strong>criminibus,</strong></span> <span class='ocrx_word' id='word_1_215' title='bbox 2932 1313 3037 1368; x_wconf 88' lang='lat' dir='ltr'><strong>hoc</strong></span> <span class='ocrx_word' id='word_1_216' title='bbox 3064 1321 3166 1378; x_wconf 90' lang='lat' dir='ltr'><strong>est,</strong></span> <span class='ocrx_word' id='word_1_217' title='bbox 3213 1312 3267 1366; x_wconf 92' lang='lat' dir='ltr'><strong>in</strong></span> <span class='ocrx_word' id='word_1_218' title='bbox 3307 1311 3495 1366; x_wconf 84' lang='lat' dir='ltr'><strong>infide-</strong></span> 
     </span>
    </p>
   </div>
   <div class='ocr_carea' id='block_1_28' title="bbox 1909 1401 3492 1478">
    <p class='ocr_par' dir='ltr' id='par_1_28' title="bbox 1909 1401 3492 1478">
     <span class='ocr_line' id='line_1_28' title="bbox 1909 1401 3492 1478; baseline -0.003 -19"><span class='ocrx_word' id='word_1_219' title='bbox 1909 1403 2061 1465; x_wconf 88' lang='lat' dir='ltr'><strong>litate</strong></span> <span class='ocrx_word' id='word_1_220' title='bbox 2079 1420 2453 1478; x_wconf 85' lang='lat' dir='ltr'><strong>perseverare,</strong></span> <span class='ocrx_word' id='word_1_221' title='bbox 2471 1404 2633 1461; x_wconf 90' lang='lat' dir='ltr'><strong>corde</strong></span> <span class='ocrx_word' id='word_1_222' title='bbox 2656 1403 3018 1475; x_wconf 82' lang='lat' dir='ltr'><strong>impaenitenti</strong></span> <span class='ocrx_word' id='word_1_223' title='bbox 3044 1418 3215 1473; x_wconf 88' lang='lat' dir='ltr'><strong>usque</strong></span> <span class='ocrx_word' id='word_1_224' title='bbox 3242 1403 3308 1457; x_wconf 89' lang='lat' dir='ltr'><strong>ad</strong></span> <span class='ocrx_word' id='word_1_225' title='bbox 3330 1401 3492 1456; x_wconf 85' lang='lat' dir='ltr'><strong>finem</strong></span> 
     </span>
    </p>
   </div>
   <div class='ocr_carea' id='block_1_29' title="bbox 1908 1493 3496 1569">
    <p class='ocr_par' dir='ltr' id='par_1_29' title="bbox 1908 1493 3496 1569">
     <span class='ocr_line' id='line_1_29' title="bbox 1908 1493 3496 1569; baseline -0.002 -19"><span class='ocrx_word' id='word_1_226' title='bbox 1908 1496 2034 1552; x_wconf 73' lang='lat' dir='ltr'><strong>vita:</strong></span> <span class='ocrx_word' id='word_1_227' title='bbox 2059 1497 2114 1553; x_wconf 91' lang='lat' dir='ltr'><strong>in</strong></span> <span class='ocrx_word' id='word_1_228' title='bbox 2141 1496 2422 1569; x_wconf 88' lang='lat' dir='ltr'><strong>iniquitate</strong></span> <span class='ocrx_word' id='word_1_229' title='bbox 2445 1495 2741 1569; x_wconf 88' lang='lat' dir='ltr'><strong>perdurare</strong></span> <span class='ocrx_word' id='word_1_230' title='bbox 2766 1537 2780 1562; x_wconf 93' lang='lat'><strong>,</strong></span> <span class='ocrx_word' id='word_1_231' title='bbox 2804 1504 2860 1552; x_wconf 87' lang='lat' dir='ltr'><strong>et</strong></span> <span class='ocrx_word' id='word_1_232' title='bbox 2892 1498 2957 1551; x_wconf 85' lang='lat' dir='ltr'><strong>de</strong></span> <span class='ocrx_word' id='word_1_233' title='bbox 2985 1493 3357 1550; x_wconf 84' lang='lat' dir='ltr'><strong>misericordia</strong></span> <span class='ocrx_word' id='word_1_234' title='bbox 3379 1509 3496 1547; x_wconf 88' lang='lat' dir='ltr'><strong>om-</strong></span> 
     </span>
    </p>
   </div>
   <div class='ocr_carea' id='block_1_30' title="bbox 1909 1584 3495 1661">
    <p class='ocr_par' dir='ltr' id='par_1_30' title="bbox 1909 1584 3495 1661">
     <span class='ocr_line' id='line_1_30' title="bbox 1909 1584 3495 1661; baseline -0.003 -17"><span class='ocrx_word' id='word_1_235' title='bbox 1909 1588 2176 1661; x_wconf 86' lang='lat' dir='ltr'><strong>nipotenti</strong></span> <span class='ocrx_word' id='word_1_236' title='bbox 2205 1590 2301 1645; x_wconf 89' lang='lat' dir='ltr'><strong>Dei</strong></span> <span class='ocrx_word' id='word_1_237' title='bbox 2326 1588 2637 1659; x_wconf 90' lang='lat' dir='ltr'><strong>desperare,</strong></span> <span class='ocrx_word' id='word_1_238' title='bbox 2662 1587 2804 1659; x_wconf 90' lang='lat' dir='ltr'><strong>quod</strong></span> <span class='ocrx_word' id='word_1_239' title='bbox 2825 1595 2909 1642; x_wconf 92' lang='lat' dir='ltr'><strong>cst</strong></span> <span class='ocrx_word' id='word_1_240' title='bbox 2938 1586 3270 1658; x_wconf 77' lang='lat' dir='ltr'><strong>blasphemia</strong></span> <span class='ocrx_word' id='word_1_241' title='bbox 3293 1585 3345 1639; x_wconf 90' lang='lat' dir='ltr'><strong>in</strong></span> <span class='ocrx_word' id='word_1_242' title='bbox 3373 1584 3495 1655; x_wconf 84' lang='lat' dir='ltr'><strong>Spi-</strong></span> 
     </span>
    </p>
   </div>
   <div class='ocr_carea' id='block_1_31' title="bbox 1910 1674 3495 1749">
    <p class='ocr_par' dir='ltr' id='par_1_31' title="bbox 1910 1674 3495 1749">
     <span class='ocr_line' id='line_1_31' title="bbox 1910 1674 3495 1749; baseline -0.002 -18"><span class='ocrx_word' id='word_1_243' title='bbox 1910 1676 2074 1732; x_wconf 85' lang='lat' dir='ltr'><strong>ritum</strong></span> <span class='ocrx_word' id='word_1_244' title='bbox 2120 1686 2387 1742; x_wconf 90' lang='lat' dir='ltr'><strong>sanctum,</strong></span> <span class='ocrx_word' id='word_1_245' title='bbox 2429 1677 2562 1749; x_wconf 86' lang='lat' dir='ltr'><strong>quid</strong></span> <span class='ocrx_word' id='word_1_246' title='bbox 2600 1677 2666 1733; x_wconf 91' lang='lat' dir='ltr'><strong>de</strong></span> <span class='ocrx_word' id='word_1_247' title='bbox 2693 1679 2797 1733; x_wconf 89' lang='lat' dir='ltr'><strong>hoc</strong></span> <span class='ocrx_word' id='word_1_248' title='bbox 2822 1676 3167 1733; x_wconf 86' lang='lat' dir='ltr'><strong>sentiendum</strong></span> <span class='ocrx_word' id='word_1_249' title='bbox 3192 1675 3298 1740; x_wconf 90' lang='lat' dir='ltr'><strong>sit,</strong></span> <span class='ocrx_word' id='word_1_250' title='bbox 3327 1674 3495 1743; x_wconf 77' lang='lat' dir='ltr'><strong>ipsius</strong></span> 
     </span>
    </p>
   </div>
   <div class='ocr_carea' id='block_1_32' title="bbox 226 1755 3490 1842">
    <p class='ocr_par' dir='ltr' id='par_1_32' title="bbox 226 1755 3490 1842">
     <span class='ocr_line' id='line_1_32' title="bbox 226 1755 3490 1842; baseline -0.002 -14"><span class='ocrx_word' id='word_1_251' title='bbox 226 1756 442 1827; x_wconf 68' lang='grc' dir='ltr'><strong>κίπιριεε</strong></span> <span class='ocrx_word' id='word_1_252' title='bbox 467 1757 716 1813; x_wconf 55' lang='lat' dir='ltr'><strong>hama?&quot;</strong></span> <span class='ocrx_word' id='word_1_253' title='bbox 748 1758 962 1812; x_wconf 53' lang='lat' dir='ltr'><strong>domum</strong></span> <span class='ocrx_word' id='word_1_254' title='bbox 1001 1758 1154 1826; x_wconf 76' lang='lat' dir='ltr'><strong>(Gen.</strong></span> <span class='ocrx_word' id='word_1_255' title='bbox 1192 1760 1344 1834; x_wconf 79' lang='lat' dir='ltr'><strong>xxv).</strong></span> <span class='ocrx_word' id='word_1_256' title='bbox 1380 1760 1450 1816; x_wconf 86' lang='lat' dir='ltr'><strong>Et</strong></span> <span class='ocrx_word' id='word_1_257' title='bbox 1478 1760 1678 1816; x_wconf 89' lang='lat' dir='ltr'><strong>iterum</strong></span> <span class='ocrx_word' id='word_1_258' title='bbox 1714 1760 1801 1816; x_wconf 87' lang='lat' dir='ltr'><strong>in-</strong></span> <span class='ocrx_word' id='word_1_259' title='bbox 1829 1755 1880 1816; x_wconf 85' lang='grc' dir='ltr'><strong>Β</strong></span> <span class='ocrx_word' id='word_1_260' title='bbox 1905 1768 2157 1824; x_wconf 87' lang='lat' dir='ltr'><strong>veritatis</strong></span> <span class='ocrx_word' id='word_1_261' title='bbox 2206 1769 2475 1825; x_wconf 86' lang='lat' dir='ltr'><strong>sententia</strong></span> <span class='ocrx_word' id='word_1_262' title='bbox 2524 1771 2582 1828; x_wconf 90' lang='lat' dir='ltr'><strong>in</strong></span> <span class='ocrx_word' id='word_1_263' title='bbox 2605 1769 2900 1842; x_wconf 85' lang='lat' dir='ltr'><strong>Evangelio</strong></span> <span class='ocrx_word' id='word_1_264' title='bbox 2950 1769 3107 1826; x_wconf 87' lang='lat' dir='ltr'><strong>nobis</strong></span> <span class='ocrx_word' id='word_1_265' title='bbox 3156 1767 3490 1824; x_wconf 83' lang='lat' dir='ltr'><strong>manifestat.</strong></span> 
     </span>
    </p>
   </div>
   <div class='ocr_carea' id='block_1_33' title="bbox 228 1846 1802 1922">
    <p class='ocr_par' dir='ltr' id='par_1_33' title="bbox 228 1846 1802 1922">
     <span class='ocr_line' id='line_1_33' title="bbox 228 1846 1802 1922; baseline 0.001 -19"><span class='ocrx_word' id='word_1_266' title='bbox 228 1848 371 1903; x_wconf 79' lang='lat' dir='ltr'><strong>venio</strong></span> <span class='ocrx_word' id='word_1_267' title='bbox 412 1848 485 1905; x_wconf 83' lang='lat' dir='ltr'><strong>de</strong></span> <span class='ocrx_word' id='word_1_268' title='bbox 535 1846 924 1906; x_wconf 87' lang='lat' dir='ltr'><strong>obstetricibus</strong></span> <span class='ocrx_word' id='word_1_269' title='bbox 974 1849 1330 1907; x_wconf 73' lang='lat' dir='ltr'><strong>Hebraeorum</strong></span> <span class='ocrx_word' id='word_1_270' title='bbox 1379 1852 1690 1922; x_wconf 88' lang='lat' dir='ltr'><strong>scriptum:</strong></span> <span class='ocrx_word' id='word_1_271' title='bbox 1730 1848 1802 1905; x_wconf 78' lang='lat' dir='ltr'><strong>Et</strong></span> 
     </span>
    </p>
   </div>
   <div class='ocr_carea' id='block_1_34' title="bbox 228 1942 1804 2015">
    <p class='ocr_par' dir='ltr' id='par_1_34' title="bbox 228 1942 1804 2015">
     <span class='ocr_line' id='line_1_34' title="bbox 228 1942 1804 2015; baseline 0.003 -19"><span class='ocrx_word' id='word_1_272' title='bbox 228 1943 356 2013; x_wconf 72' lang='lat' dir='ltr'><strong>quia,</strong></span> <span class='ocrx_word' id='word_1_273' title='bbox 389 1942 597 2012; x_wconf 85' lang='lat' dir='ltr'><strong>inquit,</strong></span> <span class='ocrx_word' id='word_1_274' title='bbox 629 1943 881 1998; x_wconf 75' lang='lat' dir='ltr'><strong>timebant</strong></span> <span class='ocrx_word' id='word_1_275' title='bbox 903 1943 1076 2000; x_wconf 83' lang='lat' dir='ltr'><strong>Deum</strong></span> <span class='ocrx_word' id='word_1_276' title='bbox 1111 1945 1411 2000; x_wconf 84' lang='lat' dir='ltr'><strong>obstetrices</strong></span> <span class='ocrx_word' id='word_1_277' title='bbox 1442 1944 1673 2015; x_wconf 74' lang='lat' dir='ltr'><strong>fecerunt</strong></span> <span class='ocrx_word' id='word_1_278' title='bbox 1699 1943 1804 2000; x_wconf 96' lang='lat' dir='ltr'><strong>sibi</strong></span> 
     </span>
    </p>
   </div>
   <div class='ocr_carea' id='block_1_35' title="bbox 231 2030 1805 2108">
    <p class='ocr_par' dir='ltr' id='par_1_35' title="bbox 231 2030 1805 2108">
     <span class='ocr_line' id='line_1_35' title="bbox 231 2030 1805 2108; baseline 0.004 -21"><span class='ocrx_word' id='word_1_279' title='bbox 231 2031 398 2088; x_wconf 79' lang='lat' dir='ltr'><strong>domos</strong></span> <span class='ocrx_word' id='word_1_280' title='bbox 434 2030 591 2106; x_wconf 80' lang='lat' dir='ltr'><strong>(Gen.</strong></span> <span class='ocrx_word' id='word_1_281' title='bbox 636 2033 699 2106; x_wconf 83' lang='grc' dir='ltr'><strong>ι).</strong></span> <span class='ocrx_word' id='word_1_282' title='bbox 729 2034 986 2091; x_wconf 78' lang='lat' dir='ltr'><strong>Videmus</strong></span> <span class='ocrx_word' id='word_1_283' title='bbox 1047 2051 1178 2108; x_wconf 81' lang='lat' dir='ltr'><strong>ergo</strong></span> <span class='ocrx_word' id='word_1_284' title='bbox 1225 2038 1368 2106; x_wconf 83' lang='lat' dir='ltr'><strong>quod</strong></span> <span class='ocrx_word' id='word_1_285' title='bbox 1419 2036 1805 2093; x_wconf 86' lang='lat' dir='ltr'><strong>obstetricibus</strong></span> 
     </span>
    </p>
   </div>
   <div class='ocr_carea' id='block_1_36' title="bbox 229 2125 1801 2197">
    <p class='ocr_par' dir='ltr' id='par_1_36' title="bbox 229 2125 1801 2197">
     <span class='ocr_line' id='line_1_36' title="bbox 229 2125 1801 2197; baseline 0.003 -16"><span class='ocrx_word' id='word_1_286' title='bbox 229 2126 434 2197; x_wconf 86' lang='lat' dir='ltr'><strong>quidem</strong></span> <span class='ocrx_word' id='word_1_287' title='bbox 474 2125 851 2193; x_wconf 84' lang='lat' dir='ltr'><strong>faciendorum</strong></span> <span class='ocrx_word' id='word_1_288' title='bbox 884 2129 1170 2185; x_wconf 81' lang='lat' dir='ltr'><strong>domorum</strong></span> <span class='ocrx_word' id='word_1_289' title='bbox 1224 2143 1389 2188; x_wconf 89' lang='lat' dir='ltr'><strong>causa</strong></span> <span class='ocrx_word' id='word_1_290' title='bbox 1423 2128 1587 2184; x_wconf 87' lang='lat' dir='ltr'><strong>fuerit</strong></span> <span class='ocrx_word' id='word_1_291' title='bbox 1633 2129 1801 2185; x_wconf 85' lang='lat' dir='ltr'><strong>timor</strong></span> 
     </span>
    </p>
   </div>
   <div class='ocr_carea' id='block_1_37' title="bbox 233 2216 1804 2291">
    <p class='ocr_par' dir='ltr' id='par_1_37' title="bbox 233 2216 1804 2291">
     <span class='ocr_line' id='line_1_37' title="bbox 233 2216 1804 2291; baseline 0.003 -19"><span class='ocrx_word' id='word_1_292' title='bbox 233 2217 354 2275; x_wconf 83' lang='lat' dir='ltr'><strong>Dei:</strong></span> <span class='ocrx_word' id='word_1_293' title='bbox 391 2216 566 2275; x_wconf 77' lang='lat' dir='ltr'><strong>Jaeob</strong></span> <span class='ocrx_word' id='word_1_294' title='bbox 609 2233 739 2276; x_wconf 87' lang='lat' dir='ltr'><strong>vero</strong></span> <span class='ocrx_word' id='word_1_295' title='bbox 776 2219 1095 2291; x_wconf 85' lang='lat' dir='ltr'><strong>simplicitas</strong></span> <span class='ocrx_word' id='word_1_296' title='bbox 1120 2228 1177 2277; x_wconf 92' lang='lat' dir='ltr'><strong>et</strong></span> <span class='ocrx_word' id='word_1_297' title='bbox 1224 2221 1539 2278; x_wconf 87' lang='lat' dir='ltr'><strong>innocentia</strong></span> <span class='ocrx_word' id='word_1_298' title='bbox 1580 2237 1804 2281; x_wconf 88' lang='lat' dir='ltr'><strong>causam</strong></span> 
     </span>
    </p>
   </div>
   <div class='ocr_carea' id='block_1_38' title="bbox 232 2307 1804 2382">
    <p class='ocr_par' dir='ltr' id='par_1_38' title="bbox 232 2307 1804 2382">
     <span class='ocr_line' id='line_1_38' title="bbox 232 2307 1804 2382; baseline 0.002 -17"><span class='ocrx_word' id='word_1_299' title='bbox 232 2308 455 2375; x_wconf 86' lang='lat' dir='ltr'><strong>dederit,</strong></span> <span class='ocrx_word' id='word_1_300' title='bbox 490 2317 554 2364; x_wconf 89' lang='lat' dir='ltr'><strong>ut</strong></span> <span class='ocrx_word' id='word_1_301' title='bbox 578 2307 853 2366; x_wconf 88' lang='lat' dir='ltr'><strong>habitaret</strong></span> <span class='ocrx_word' id='word_1_302' title='bbox 904 2310 1124 2376; x_wconf 83' lang='lat' dir='ltr'><strong>domum</strong></span> <span class='ocrx_word' id='word_1_303' title='bbox 1150 2327 1165 2377; x_wconf 91' lang='lat'><strong>;</strong></span> <span class='ocrx_word' id='word_1_304' title='bbox 1195 2311 1430 2382; x_wconf 91' lang='lat' dir='ltr'><strong>denique</strong></span> <span class='ocrx_word' id='word_1_305' title='bbox 1476 2310 1643 2377; x_wconf 82' lang='lat' dir='ltr'><strong>Esau,</strong></span> <span class='ocrx_word' id='word_1_306' title='bbox 1674 2312 1804 2382; x_wconf 89' lang='lat' dir='ltr'><strong>quia</strong></span> 
     </span>
    </p>
   </div>
   <div class='ocr_carea' id='block_1_39' title="bbox 231 2398 1804 2475">
    <p class='ocr_par' dir='ltr' id='par_1_39' title="bbox 231 2398 1804 2475">
     <span class='ocr_line' id='line_1_39' title="bbox 231 2398 1804 2475; baseline 0.003 -20"><span class='ocrx_word' id='word_1_307' title='bbox 231 2400 393 2456; x_wconf 78' lang='lat' dir='ltr'><strong>malus</strong></span> <span class='ocrx_word' id='word_1_308' title='bbox 419 2398 547 2467; x_wconf 85' lang='lat' dir='ltr'><strong>fuit,</strong></span> <span class='ocrx_word' id='word_1_309' title='bbox 579 2416 689 2456; x_wconf 90' lang='lat' dir='ltr'><strong>non</strong></span> <span class='ocrx_word' id='word_1_310' title='bbox 737 2410 824 2467; x_wconf 88' lang='lat' dir='ltr'><strong>est</strong></span> <span class='ocrx_word' id='word_1_311' title='bbox 854 2403 1120 2473; x_wconf 91' lang='lat' dir='ltr'><strong>scriptum</strong></span> <span class='ocrx_word' id='word_1_312' title='bbox 1158 2402 1227 2459; x_wconf 88' lang='lat' dir='ltr'><strong>de</strong></span> <span class='ocrx_word' id='word_1_313' title='bbox 1265 2418 1331 2459; x_wconf 91' lang='lat' dir='ltr'><strong>eo</strong></span> <span class='ocrx_word' id='word_1_314' title='bbox 1365 2403 1494 2475; x_wconf 90' lang='lat' dir='ltr'><strong>quia</strong></span> <span class='ocrx_word' id='word_1_315' title='bbox 1521 2404 1804 2460; x_wconf 87' lang='lat' dir='ltr'><strong>habitave—</strong></span> 
     </span>
    </p>
   </div>
   <div class='ocr_carea' id='block_1_40' title="bbox 231 2490 1803 2567">
    <p class='ocr_par' dir='ltr' id='par_1_40' title="bbox 231 2490 1803 2567">
     <span class='ocr_line' id='line_1_40' title="bbox 231 2490 1803 2567; baseline 0.003 -20"><span class='ocrx_word' id='word_1_316' title='bbox 231 2492 299 2547; x_wconf 95' lang='lat' dir='ltr'><strong>rit</strong></span> <span class='ocrx_word' id='word_1_317' title='bbox 323 2493 563 2560; x_wconf 88' lang='lat' dir='ltr'><strong>domum,</strong></span> <span class='ocrx_word' id='word_1_318' title='bbox 602 2508 705 2550; x_wconf 92' lang='lat' dir='ltr'><strong>uec</strong></span> <span class='ocrx_word' id='word_1_319' title='bbox 752 2494 821 2550; x_wconf 90' lang='lat' dir='ltr'><strong>de</strong></span> <span class='ocrx_word' id='word_1_320' title='bbox 853 2490 961 2557; x_wconf 89' lang='lat' dir='ltr'><strong>alio</strong></span> <span class='ocrx_word' id='word_1_321' title='bbox 1004 2493 1186 2565; x_wconf 88' lang='lat' dir='ltr'><strong>aliquo</strong></span> <span class='ocrx_word' id='word_1_322' title='bbox 1232 2494 1495 2567; x_wconf 89' lang='lat' dir='ltr'><strong>scriptum</strong></span> <span class='ocrx_word' id='word_1_323' title='bbox 1518 2502 1624 2561; x_wconf 85' lang='lat' dir='ltr'><strong>est,</strong></span> <span class='ocrx_word' id='word_1_324' title='bbox 1677 2495 1803 2567; x_wconf 86' lang='lat' dir='ltr'><strong>quia</strong></span> 
     </span>
    </p>
   </div>
   <div class='ocr_carea' id='block_1_41' title="bbox 233 2581 1806 2655">
    <p class='ocr_par' dir='ltr' id='par_1_41' title="bbox 233 2581 1806 2655">
     <span class='ocr_line' id='line_1_41' title="bbox 233 2581 1806 2655; baseline 0.003 -19"><span class='ocrx_word' id='word_1_325' title='bbox 233 2581 577 2638; x_wconf 74' lang='lat' dir='ltr'><strong>aediﬁcaverit</strong></span> <span class='ocrx_word' id='word_1_326' title='bbox 600 2583 702 2639; x_wconf 88' lang='lat' dir='ltr'><strong>sibi</strong></span> <span class='ocrx_word' id='word_1_327' title='bbox 732 2584 977 2650; x_wconf 90' lang='lat' dir='ltr'><strong>domum,</strong></span> <span class='ocrx_word' id='word_1_328' title='bbox 1011 2584 1105 2655; x_wconf 89' lang='lat' dir='ltr'><strong>qui</strong></span> <span class='ocrx_word' id='word_1_329' title='bbox 1136 2599 1245 2641; x_wconf 91' lang='lat' dir='ltr'><strong>non</strong></span> <span class='ocrx_word' id='word_1_330' title='bbox 1272 2584 1528 2649; x_wconf 83' lang='lat' dir='ltr'><strong>habuerit</strong></span> <span class='ocrx_word' id='word_1_331' title='bbox 1551 2586 1806 2640; x_wconf 88' lang='lat' dir='ltr'><strong>timorem</strong></span> 
     </span>
    </p>
   </div>
   <div class='ocr_carea' id='block_1_42' title="bbox 234 2672 1807 2746">
    <p class='ocr_par' dir='ltr' id='par_1_42' title="bbox 234 2672 1807 2746">
     <span class='ocr_line' id='line_1_42' title="bbox 234 2672 1807 2746; baseline 0.002 -19"><span class='ocrx_word' id='word_1_332' title='bbox 234 2672 329 2728; x_wconf 88' lang='lat' dir='ltr'><strong>Dei</strong></span> <span class='ocrx_word' id='word_1_333' title='bbox 352 2690 367 2741; x_wconf 91' lang='lat'><strong>;</strong></span> <span class='ocrx_word' id='word_1_334' title='bbox 395 2687 514 2743; x_wconf 69' lang='lat' dir='ltr'><strong>quae</strong></span> <span class='ocrx_word' id='word_1_335' title='bbox 536 2681 617 2730; x_wconf 87' lang='lat' dir='ltr'><strong>est</strong></span> <span class='ocrx_word' id='word_1_336' title='bbox 640 2689 772 2746; x_wconf 86' lang='lat' dir='ltr'><strong>ergo</strong></span> <span class='ocrx_word' id='word_1_337' title='bbox 799 2674 906 2730; x_wconf 90' lang='lat' dir='ltr'><strong>ista</strong></span> <span class='ocrx_word' id='word_1_338' title='bbox 947 2674 1183 2731; x_wconf 81' lang='lat' dir='ltr'><strong>domus?</strong></span> <span class='ocrx_word' id='word_1_339' title='bbox 1210 2681 1267 2731; x_wconf 92' lang='lat' dir='ltr'><strong>et</strong></span> <span class='ocrx_word' id='word_1_340' title='bbox 1310 2674 1469 2746; x_wconf 89' lang='lat' dir='ltr'><strong>quale</strong></span> <span class='ocrx_word' id='word_1_341' title='bbox 1516 2673 1807 2737; x_wconf 65' lang='lat' dir='ltr'><strong>aedificium</strong></span> 
     </span>
    </p>
   </div>
   <div class='ocr_carea' id='block_1_43' title="bbox 228 2763 1805 2838">
    <p class='ocr_par' dir='ltr' id='par_1_43' title="bbox 228 2763 1805 2838">
     <span class='ocr_line' id='line_1_43' title="bbox 228 2763 1805 2838; baseline 0.003 -20"><span class='ocrx_word' id='word_1_342' title='bbox 228 2764 354 2819; x_wconf 81' lang='lat' dir='ltr'><strong>est?</strong></span> <span class='ocrx_word' id='word_1_343' title='bbox 382 2763 580 2832; x_wconf 82' lang='lat' dir='ltr'><strong>Paulus</strong></span> <span class='ocrx_word' id='word_1_344' title='bbox 607 2765 886 2837; x_wconf 88' lang='lat' dir='ltr'><strong>apostolus</strong></span> <span class='ocrx_word' id='word_1_345' title='bbox 915 2767 1141 2837; x_wconf 78' lang='lat' dir='ltr'><strong>exponit</strong></span> <span class='ocrx_word' id='word_1_346' title='bbox 1184 2767 1427 2838; x_wconf 89' lang='lat' dir='ltr'><strong>apertius</strong></span> <span class='ocrx_word' id='word_1_347' title='bbox 1478 2780 1604 2822; x_wconf 90' lang='lat' dir='ltr'><strong>cum</strong></span> <span class='ocrx_word' id='word_1_348' title='bbox 1634 2764 1805 2823; x_wconf 89' lang='lat' dir='ltr'><strong>dicit:</strong></span> 
     </span>
    </p>
   </div>
   <div class='ocr_carea' id='block_1_44' title="bbox 236 2852 1807 2927">
    <p class='ocr_par' dir='ltr' id='par_1_44' title="bbox 236 2852 1807 2927">
     <span class='ocr_line' id='line_1_44' title="bbox 236 2852 1807 2927; baseline 0.003 -19"><span class='ocrx_word' id='word_1_349' title='bbox 236 2852 455 2910; x_wconf 73' lang='lat' dir='ltr'><strong>Domum</strong></span> <span class='ocrx_word' id='word_1_350' title='bbox 476 2856 729 2912; x_wconf 77' lang='lat' dir='ltr'><strong>habmus</strong></span> <span class='ocrx_word' id='word_1_351' title='bbox 776 2874 879 2912; x_wconf 88' lang='lat' dir='ltr'><strong>non</strong></span> <span class='ocrx_word' id='word_1_352' title='bbox 907 2856 1269 2927; x_wconf 77' lang='lat' dir='ltr'><strong>manufactam</strong></span> <span class='ocrx_word' id='word_1_353' title='bbox 1297 2867 1550 2912; x_wconf 77' lang='lat' dir='ltr'><strong>wtcrnam</strong></span> <span class='ocrx_word' id='word_1_354' title='bbox 1580 2857 1637 2911; x_wconf 87' lang='lat' dir='ltr'><strong>in</strong></span> <span class='ocrx_word' id='word_1_355' title='bbox 1666 2856 1807 2913; x_wconf 73' lang='lat' dir='ltr'><strong>caelis</strong></span> 
     </span>
    </p>
   </div>
   <div class='ocr_carea' id='block_1_45' title="bbox 227 2943 1808 3021">
    <p class='ocr_par' dir='ltr' id='par_1_45' title="bbox 227 2943 1808 3021">
     <span class='ocr_line' id='line_1_45' title="bbox 227 2943 1808 3021; baseline 0.004 -22"><span class='ocrx_word' id='word_1_356' title='bbox 227 2943 305 3016; x_wconf 85' lang='lat' dir='ltr'><strong>(ll</strong></span> <span class='ocrx_word' id='word_1_357' title='bbox 320 2944 444 3001; x_wconf 86' lang='lat' dir='ltr'><strong>Cor.</strong></span> <span class='ocrx_word' id='word_1_358' title='bbox 464 2946 544 3017; x_wconf 72' lang='grc' dir='ltr'><strong>γ).</strong></span> <span class='ocrx_word' id='word_1_359' title='bbox 576 2945 707 3003; x_wconf 62' lang='lat' dir='ltr'><strong>Hice</strong></span> <span class='ocrx_word' id='word_1_360' title='bbox 725 2955 811 3003; x_wconf 90' lang='lat' dir='ltr'><strong>est</strong></span> <span class='ocrx_word' id='word_1_361' title='bbox 828 2949 1167 3018; x_wconf 81' lang='lat' dir='ltr'><strong>ergo‘domus</strong></span> <span class='ocrx_word' id='word_1_362' title='bbox 1180 2963 1345 3021; x_wconf 89' lang='lat' dir='ltr'><strong>quam</strong></span> <span class='ocrx_word' id='word_1_363' title='bbox 1364 2947 1636 3005; x_wconf 75' lang='lat' dir='ltr'><strong>aedificare</strong></span> <span class='ocrx_word' id='word_1_364' title='bbox 1648 2963 1808 3006; x_wconf 90' lang='lat' dir='ltr'><strong>nemo</strong></span> 
     </span>
    </p>
   </div>
   <div class='ocr_carea' id='block_1_46' title="bbox 226 3037 1801 3111">
    <p class='ocr_par' dir='ltr' id='par_1_46' title="bbox 226 3037 1801 3111">
     <span class='ocr_line' id='line_1_46' title="bbox 226 3037 1801 3111; baseline 0.003 -20"><span class='ocrx_word' id='word_1_365' title='bbox 226 3045 412 3106; x_wconf 87' lang='lat' dir='ltr'><strong>potest,</strong></span> <span class='ocrx_word' id='word_1_366' title='bbox 439 3037 548 3093; x_wconf 89' lang='lat' dir='ltr'><strong>nisi</strong></span> <span class='ocrx_word' id='word_1_367' title='bbox 569 3037 761 3093; x_wconf 85' lang='lat' dir='ltr'><strong>timeat</strong></span> <span class='ocrx_word' id='word_1_368' title='bbox 781 3037 988 3105; x_wconf 88' lang='lat' dir='ltr'><strong>Deum;</strong></span> <span class='ocrx_word' id='word_1_369' title='bbox 1025 3040 1142 3095; x_wconf 61' lang='lat' dir='ltr'><strong>haec</strong></span> <span class='ocrx_word' id='word_1_370' title='bbox 1165 3046 1250 3095; x_wconf 90' lang='lat' dir='ltr'><strong>est</strong></span> <span class='ocrx_word' id='word_1_371' title='bbox 1271 3039 1465 3095; x_wconf 90' lang='lat' dir='ltr'><strong>domus</strong></span> <span class='ocrx_word' id='word_1_372' title='bbox 1505 3053 1669 3111; x_wconf 87' lang='lat' dir='ltr'><strong>quam</strong></span> <span class='ocrx_word' id='word_1_373' title='bbox 1702 3054 1801 3095; x_wconf 79' lang='lat' dir='ltr'><strong>ex-</strong></span> 
     </span>
    </p>
   </div>
   <div class='ocr_carea' id='block_1_47' title="bbox 225 3116 1810 3202">
    <p class='ocr_par' dir='ltr' id='par_1_47' title="bbox 225 3116 1810 3202">
     <span class='ocr_line' id='line_1_47' title="bbox 225 3116 1810 3202; baseline 0.004 -21"><span class='ocrx_word' id='word_1_374' title='bbox 225 3136 426 3184; x_wconf 84' lang='lat' dir='ltr'><strong>struere</strong></span> <span class='ocrx_word' id='word_1_375' title='bbox 442 3170 467 3197; x_wconf 80' lang='lat'><strong>,</strong></span> <span class='ocrx_word' id='word_1_376' title='bbox 494 3128 584 3183; x_wconf 90' lang='lat' dir='ltr'><strong>vel</strong></span> <span class='ocrx_word' id='word_1_377' title='bbox 602 3128 1022 3184; x_wconf 89' lang='lat' dir='ltr'><strong>habitarenemo</strong></span> <span class='ocrx_word' id='word_1_378' title='bbox 1033 3137 1234 3200; x_wconf 88' lang='lat' dir='ltr'><strong>potest,</strong></span> <span class='ocrx_word' id='word_1_379' title='bbox 1249 3129 1354 3186; x_wconf 87' lang='lat' dir='ltr'><strong>nisi</strong></span> <span class='ocrx_word' id='word_1_380' title='bbox 1388 3129 1443 3186; x_wconf 92' lang='lat' dir='ltr'><strong>in</strong></span> <span class='ocrx_word' id='word_1_381' title='bbox 1464 3116 1810 3202; x_wconf 72' lang='lat' dir='ltr'><strong>simplicitate</strong></span> 
     </span>
    </p>
   </div>
   <div class='ocr_carea' id='block_1_48' title="bbox 227 3218 1807 3292">
    <p class='ocr_par' dir='ltr' id='par_1_48' title="bbox 227 3218 1807 3292">
     <span class='ocr_line' id='line_1_48' title="bbox 227 3218 1807 3292; baseline 0.001 -17"><span class='ocrx_word' id='word_1_382' title='bbox 227 3221 411 3276; x_wconf 85' lang='lat' dir='ltr'><strong>mentis</strong></span> <span class='ocrx_word' id='word_1_383' title='bbox 423 3228 480 3275; x_wconf 90' lang='lat' dir='ltr'><strong>et</strong></span> <span class='ocrx_word' id='word_1_384' title='bbox 494 3219 737 3292; x_wconf 86' lang='lat' dir='ltr'><strong>puritate</strong></span> <span class='ocrx_word' id='word_1_385' title='bbox 750 3220 950 3276; x_wconf 86' lang='lat' dir='ltr'><strong>cordis.</strong></span> <span class='ocrx_word' id='word_1_386' title='bbox 980 3218 1087 3277; x_wconf 92' lang='lat' dir='ltr'><strong>Sed</strong></span> <span class='ocrx_word' id='word_1_387' title='bbox 1104 3220 1375 3291; x_wconf 87' lang='lat' dir='ltr'><strong>quomodo</strong></span> <span class='ocrx_word' id='word_1_388' title='bbox 1387 3221 1635 3278; x_wconf 88' lang='lat' dir='ltr'><strong>accidere</strong></span> <span class='ocrx_word' id='word_1_389' title='bbox 1647 3221 1807 3289; x_wconf 87' lang='lat' dir='ltr'><strong>solet,</strong></span> 
     </span>
    </p>
   </div>
   <div class='ocr_carea' id='block_1_49' title="bbox 225 3311 1810 3384">
    <p class='ocr_par' dir='ltr' id='par_1_49' title="bbox 225 3311 1810 3384">
     <span class='ocr_line' id='line_1_49' title="bbox 225 3311 1810 3384; baseline 0.002 -17"><span class='ocrx_word' id='word_1_390' title='bbox 225 3313 456 3370; x_wconf 85' lang='lat' dir='ltr'><strong>utetiam</strong></span> <span class='ocrx_word' id='word_1_391' title='bbox 482 3312 579 3384; x_wconf 91' lang='lat' dir='ltr'><strong>qui</strong></span> <span class='ocrx_word' id='word_1_392' title='bbox 599 3311 741 3369; x_wconf 86' lang='lat' dir='ltr'><strong>bene</strong></span> <span class='ocrx_word' id='word_1_393' title='bbox 778 3312 1151 3381; x_wconf 61' lang='lat' dir='ltr'><strong>aedificaverit,</strong></span> <span class='ocrx_word' id='word_1_394' title='bbox 1177 3321 1232 3369; x_wconf 90' lang='lat' dir='ltr'><strong>et</strong></span> <span class='ocrx_word' id='word_1_395' title='bbox 1263 3313 1481 3370; x_wconf 90' lang='lat' dir='ltr'><strong>domum</strong></span> <span class='ocrx_word' id='word_1_396' title='bbox 1508 3314 1614 3373; x_wconf 88' lang='lat' dir='ltr'><strong>cibi</strong></span> <span class='ocrx_word' id='word_1_397' title='bbox 1641 3313 1810 3370; x_wconf 69' lang='lat' dir='ltr'><strong>coale-</strong></span> 
     </span>
    </p>
   </div>
   <div class='ocr_carea' id='block_1_50' title="bbox 226 3403 1811 3478">
    <p class='ocr_par' dir='ltr' id='par_1_50' title="bbox 226 3403 1811 3478">
     <span class='ocr_line' id='line_1_50' title="bbox 226 3403 1811 3478; baseline 0.001 -17"><span class='ocrx_word' id='word_1_398' title='bbox 226 3414 350 3462; x_wconf 89' lang='lat' dir='ltr'><strong>stem</strong></span> <span class='ocrx_word' id='word_1_399' title='bbox 361 3408 507 3464; x_wconf 88' lang='lat' dir='ltr'><strong>bene</strong></span> <span class='ocrx_word' id='word_1_400' title='bbox 527 3406 759 3478; x_wconf 88' lang='lat' dir='ltr'><strong>agendo,</strong></span> <span class='ocrx_word' id='word_1_401' title='bbox 775 3411 826 3462; x_wconf 90' lang='lat' dir='ltr'><strong>el</strong></span> <span class='ocrx_word' id='word_1_402' title='bbox 849 3403 989 3462; x_wconf 90' lang='lat' dir='ltr'><strong>bene</strong></span> <span class='ocrx_word' id='word_1_403' title='bbox 1010 3406 1242 3463; x_wconf 82' lang='lat' dir='ltr'><strong>vivendo</strong></span> <span class='ocrx_word' id='word_1_404' title='bbox 1270 3421 1337 3463; x_wconf 89' lang='lat' dir='ltr'><strong>ac</strong></span> <span class='ocrx_word' id='word_1_405' title='bbox 1357 3415 1506 3464; x_wconf 90' lang='lat' dir='ltr'><strong>recte</strong></span> <span class='ocrx_word' id='word_1_406' title='bbox 1539 3407 1811 3463; x_wconf 90' lang='lat' dir='ltr'><strong>credendo</strong></span> 
     </span>
    </p>
   </div>
   <div class='ocr_carea' id='block_1_51' title="bbox 228 3494 1811 3566">
    <p class='ocr_par' dir='ltr' id='par_1_51' title="bbox 228 3494 1811 3566">
     <span class='ocr_line' id='line_1_51' title="bbox 228 3494 1811 3566; baseline 0.001 -15"><span class='ocrx_word' id='word_1_407' title='bbox 228 3496 616 3562; x_wconf 79' lang='lat' dir='ltr'><strong>construxerit,</strong></span> <span class='ocrx_word' id='word_1_408' title='bbox 632 3496 877 3552; x_wconf 90' lang='lat' dir='ltr'><strong>incurrat</strong></span> <span class='ocrx_word' id='word_1_409' title='bbox 888 3494 1116 3564; x_wconf 84' lang='lat' dir='ltr'><strong>alicujus</strong></span> <span class='ocrx_word' id='word_1_410' title='bbox 1126 3496 1335 3566; x_wconf 88' lang='lat' dir='ltr'><strong>peccati</strong></span> <span class='ocrx_word' id='word_1_411' title='bbox 1348 3496 1588 3552; x_wconf 90' lang='lat' dir='ltr'><strong>debitum</strong></span> <span class='ocrx_word' id='word_1_412' title='bbox 1600 3503 1656 3552; x_wconf 91' lang='lat' dir='ltr'><strong>et</strong></span> <span class='ocrx_word' id='word_1_413' title='bbox 1667 3497 1811 3552; x_wconf 88' lang='lat' dir='ltr'><strong>hanc</strong></span> 
     </span>
    </p>
   </div>
   <div class='ocr_carea' id='block_1_52' title="bbox 228 3587 1814 3660">
    <p class='ocr_par' dir='ltr' id='par_1_52' title="bbox 228 3587 1814 3660">
     <span class='ocr_line' id='line_1_52' title="bbox 228 3587 1814 3660; baseline -0.001 -15"><span class='ocrx_word' id='word_1_414' title='bbox 228 3603 258 3645; x_wconf 83' lang='lat' dir='ltr'><strong>a</strong></span> <span class='ocrx_word' id='word_1_415' title='bbox 280 3588 658 3646; x_wconf 83' lang='lat' dir='ltr'><strong>crudelissimo</strong></span> <span class='ocrx_word' id='word_1_416' title='bbox 683 3587 976 3644; x_wconf 84' lang='lat' dir='ltr'><strong>feueratori</strong></span> <span class='ocrx_word' id='word_1_417' title='bbox 992 3588 1288 3647; x_wconf 71' lang='lat' dir='ltr'><strong>venundari</strong></span> <span class='ocrx_word' id='word_1_418' title='bbox 1305 3600 1552 3660; x_wconf 79' lang='lat' dir='ltr'><strong>cogatur,</strong></span> <span class='ocrx_word' id='word_1_419' title='bbox 1579 3603 1643 3644; x_wconf 91' lang='lat' dir='ltr'><strong>ac</strong></span> <span class='ocrx_word' id='word_1_420' title='bbox 1662 3587 1814 3644; x_wconf 88' lang='lat' dir='ltr'><strong>labo—</strong></span> 
     </span>
    </p>
   </div>
   <div class='ocr_carea' id='block_1_53' title="bbox 230 3677 1811 3750">
    <p class='ocr_par' dir='ltr' id='par_1_53' title="bbox 230 3677 1811 3750">
     <span class='ocr_line' id='line_1_53' title="bbox 230 3677 1811 3750; baseline -0.001 -15"><span class='ocrx_word' id='word_1_421' title='bbox 230 3694 308 3735; x_wconf 83' lang='lat' dir='ltr'><strong>res</strong></span> <span class='ocrx_word' id='word_1_422' title='bbox 337 3695 471 3735; x_wconf 85' lang='lat' dir='ltr'><strong>suos</strong></span> <span class='ocrx_word' id='word_1_423' title='bbox 501 3677 888 3734; x_wconf 76' lang='lat' dir='ltr'><strong>transfundere</strong></span> <span class='ocrx_word' id='word_1_424' title='bbox 918 3681 969 3733; x_wconf 90' lang='lat' dir='ltr'><strong>in</strong></span> <span class='ocrx_word' id='word_1_425' title='bbox 1001 3678 1196 3744; x_wconf 89' lang='lat' dir='ltr'><strong>alium,</strong></span> <span class='ocrx_word' id='word_1_426' title='bbox 1227 3679 1405 3750; x_wconf 86' lang='lat' dir='ltr'><strong>pictas</strong></span> <span class='ocrx_word' id='word_1_427' title='bbox 1434 3687 1491 3739; x_wconf 88' lang='lat' dir='ltr'><strong>et</strong></span> <span class='ocrx_word' id='word_1_428' title='bbox 1524 3679 1811 3737; x_wconf 90' lang='lat' dir='ltr'><strong>clementia</strong></span> 
     </span>
    </p>
   </div>
   <div class='ocr_carea' id='block_1_54' title="bbox 224 3766 1812 3847">
    <p class='ocr_par' dir='ltr' id='par_1_54' title="bbox 224 3766 1812 3847">
     <span class='ocr_line' id='line_1_54' title="bbox 224 3766 1812 3847; baseline 0.002 -23"><span class='ocrx_word' id='word_1_429' title='bbox 224 3770 547 3843; x_wconf 65' lang='lat' dir='ltr'><strong>legislatoris</strong></span> <span class='ocrx_word' id='word_1_430' title='bbox 572 3771 835 3837; x_wconf 87' lang='lat' dir='ltr'><strong>occurrit,</strong></span> <span class='ocrx_word' id='word_1_431' title='bbox 867 3766 930 3827; x_wconf 80' lang='lat' dir='ltr'><strong>ut</strong></span> <span class='ocrx_word' id='word_1_432' title='bbox 962 3773 1106 3827; x_wconf 89' lang='lat' dir='ltr'><strong>intra</strong></span> <span class='ocrx_word' id='word_1_433' title='bbox 1128 3781 1348 3835; x_wconf 85' lang='lat' dir='ltr'><strong>certum</strong></span> <span class='ocrx_word' id='word_1_434' title='bbox 1374 3779 1588 3847; x_wconf 84' lang='lat' dir='ltr'><strong>tempus</strong></span> <span class='ocrx_word' id='word_1_435' title='bbox 1614 3770 1812 3828; x_wconf 86' lang='lat' dir='ltr'><strong>redimi</strong></span> 
     </span>
    </p>
   </div>
   <div class='ocr_carea' id='block_1_55' title="bbox 222 3861 1811 3936">
    <p class='ocr_par' dir='ltr' id='par_1_55' title="bbox 222 3861 1811 3936">
     <span class='ocr_line' id='line_1_55' title="bbox 222 3861 1811 3936; baseline -0.001 -17"><span class='ocrx_word' id='word_1_436' title='bbox 222 3864 423 3932; x_wconf 86' lang='lat' dir='ltr'><strong>possit:</strong></span> <span class='ocrx_word' id='word_1_437' title='bbox 451 3861 513 3919; x_wconf 87' lang='lat' dir='ltr'><strong>Si</strong></span> <span class='ocrx_word' id='word_1_438' title='bbox 565 3871 741 3917; x_wconf 83' lang='lat' dir='ltr'><strong>tamen</strong></span> <span class='ocrx_word' id='word_1_439' title='bbox 793 3862 1068 3929; x_wconf 74' lang='lat' dir='ltr'><strong>inuenerit,</strong></span> <span class='ocrx_word' id='word_1_440' title='bbox 1106 3862 1307 3934; x_wconf 86' lang='lat' dir='ltr'><strong>inquit,</strong></span> <span class='ocrx_word' id='word_1_441' title='bbox 1332 3879 1522 3921; x_wconf 83' lang='lat' dir='ltr'><strong>manus</strong></span> <span class='ocrx_word' id='word_1_442' title='bbox 1568 3872 1661 3917; x_wconf 82' lang='lat' dir='ltr'><strong>tua</strong></span> <span class='ocrx_word' id='word_1_443' title='bbox 1688 3878 1811 3936; x_wconf 88' lang='lat' dir='ltr'><strong>pre-</strong></span> 
     </span>
    </p>
   </div>
   <div class='ocr_carea' id='block_1_56' title="bbox 219 3955 1812 4030">
    <p class='ocr_par' dir='ltr' id='par_1_56' title="bbox 219 3955 1812 4030">
     <span class='ocr_line' id='line_1_56' title="bbox 219 3955 1812 4030; baseline 0.001 -20"><span class='ocrx_word' id='word_1_444' title='bbox 219 3958 343 4012; x_wconf 73' lang='lat' dir='ltr'><strong>tium</strong></span> <span class='ocrx_word' id='word_1_445' title='bbox 400 3957 553 4030; x_wconf 83' lang='lat' dir='ltr'><strong>quod</strong></span> <span class='ocrx_word' id='word_1_446' title='bbox 597 3957 877 4026; x_wconf 65' lang='lat' dir='ltr'><strong>restituas.</strong></span> <span class='ocrx_word' id='word_1_447' title='bbox 936 3956 1106 4026; x_wconf 85' lang='lat' dir='ltr'><strong>Quale</strong></span> <span class='ocrx_word' id='word_1_448' title='bbox 1155 3957 1427 4028; x_wconf 83' lang='lat' dir='ltr'><strong>pretium?</strong></span> <span class='ocrx_word' id='word_1_449' title='bbox 1469 3955 1812 4013; x_wconf 72' lang='lat' dir='ltr'><strong>Ptenitentize</strong></span> 
     </span>
    </p>
   </div>
   <div class='ocr_carea' id='block_1_57' title="bbox 219 4032 1810 4121">
    <p class='ocr_par' dir='ltr' id='par_1_57' title="bbox 219 4032 1810 4121">
     <span class='ocr_line' id='line_1_57' title="bbox 219 4032 1810 4121; baseline -0.002 -16"><span class='ocrx_word' id='word_1_450' title='bbox 219 4046 329 4105; x_wconf 78' lang='lat' dir='ltr'><strong>sine</strong></span> <span class='ocrx_word' id='word_1_451' title='bbox 360 4049 535 4108; x_wconf 86' lang='lat' dir='ltr'><strong>dubio</strong></span> <span class='ocrx_word' id='word_1_452' title='bbox 573 4047 833 4121; x_wconf 85' lang='lat' dir='ltr'><strong>lacrymis</strong></span> <span class='ocrx_word' id='word_1_453' title='bbox 871 4056 1294 4121; x_wconf 75' lang='lat' dir='ltr'><strong>congregatum,</strong></span> <span class='ocrx_word' id='word_1_454' title='bbox 1343 4056 1401 4107; x_wconf 87' lang='lat' dir='ltr'><strong>et</strong></span> <span class='ocrx_word' id='word_1_455' title='bbox 1433 4048 1714 4116; x_wconf 90' lang='lat' dir='ltr'><strong>manibus,</strong></span> <span class='ocrx_word' id='word_1_456' title='bbox 1755 4032 1810 4103; x_wconf 79' lang='lat' dir='ltr'><strong>id</strong></span> 
     </span>
    </p>
   </div>
   <div class='ocr_carea' id='block_1_58' title="bbox 215 4139 1808 4211">
    <p class='ocr_par' dir='ltr' id='par_1_58' title="bbox 215 4139 1808 4211">
     <span class='ocr_line' id='line_1_58' title="bbox 215 4139 1808 4211; baseline 0 -16"><span class='ocrx_word' id='word_1_457' title='bbox 215 4149 316 4208; x_wconf 88' lang='lat' dir='ltr'><strong>est,</strong></span> <span class='ocrx_word' id='word_1_458' title='bbox 356 4141 556 4207; x_wconf 76' lang='lat' dir='ltr'><strong>labore</strong></span> <span class='ocrx_word' id='word_1_459' title='bbox 578 4139 708 4196; x_wconf 90' lang='lat' dir='ltr'><strong>boni</strong></span> <span class='ocrx_word' id='word_1_460' title='bbox 736 4140 918 4211; x_wconf 89' lang='lat' dir='ltr'><strong>operis</strong></span> <span class='ocrx_word' id='word_1_461' title='bbox 950 4139 1252 4197; x_wconf 86' lang='lat' dir='ltr'><strong>inventum.</strong></span> <span class='ocrx_word' id='word_1_462' title='bbox 1278 4141 1467 4201; x_wconf 80' lang='lat' dir='ltr'><strong>Annus</strong></span> <span class='ocrx_word' id='word_1_463' title='bbox 1495 4150 1678 4197; x_wconf 88' lang='lat' dir='ltr'><strong>autem</strong></span> <span class='ocrx_word' id='word_1_464' title='bbox 1700 4142 1808 4196; x_wconf 89' lang='lat' dir='ltr'><strong>iste</strong></span> 
     </span>
    </p>
   </div>
   <div class='ocr_carea' id='block_1_59' title="bbox 218 4232 1810 4306">
    <p class='ocr_par' dir='ltr' id='par_1_59' title="bbox 218 4232 1810 4306">
     <span class='ocr_line' id='line_1_59' title="bbox 218 4232 1810 4306; baseline 0.003 -21"><span class='ocrx_word' id='word_1_465' title='bbox 218 4232 446 4306; x_wconf 79' lang='lat' dir='ltr'><strong>intelligi</strong></span> <span class='ocrx_word' id='word_1_466' title='bbox 475 4240 679 4305; x_wconf 87' lang='lat' dir='ltr'><strong>potest,</strong></span> <span class='ocrx_word' id='word_1_467' title='bbox 709 4247 869 4303; x_wconf 87' lang='lat' dir='ltr'><strong>quem</strong></span> <span class='ocrx_word' id='word_1_468' title='bbox 896 4232 1047 4288; x_wconf 86' lang='lat' dir='ltr'><strong>venit</strong></span> <span class='ocrx_word' id='word_1_469' title='bbox 1072 4247 1268 4289; x_wconf 89' lang='lat' dir='ltr'><strong>vocare</strong></span> <span class='ocrx_word' id='word_1_470' title='bbox 1304 4234 1567 4293; x_wconf 87' lang='lat' dir='ltr'><strong>Dominus</strong></span> <span class='ocrx_word' id='word_1_471' title='bbox 1603 4247 1810 4289; x_wconf 87' lang='lat' dir='ltr'><strong>annum</strong></span> 
     </span>
    </p>
   </div>
   <div class='ocr_carea' id='block_1_60' title="bbox 217 4322 1806 4398">
    <p class='ocr_par' dir='ltr' id='par_1_60' title="bbox 217 4322 1806 4398">
     <span class='ocr_line' id='line_1_60' title="bbox 217 4322 1806 4398; baseline 0.001 -19"><span class='ocrx_word' id='word_1_472' title='bbox 217 4335 528 4398; x_wconf 83' lang='lat' dir='ltr'><strong>acceptum,</strong></span> <span class='ocrx_word' id='word_1_473' title='bbox 552 4340 663 4396; x_wconf 92' lang='lat' dir='ltr'><strong>quo</strong></span> <span class='ocrx_word' id='word_1_474' title='bbox 684 4324 924 4389; x_wconf 85' lang='lat' dir='ltr'><strong>dimittat</strong></span> <span class='ocrx_word' id='word_1_475' title='bbox 959 4322 1267 4381; x_wconf 87' lang='lat' dir='ltr'><strong>eonfractos</strong></span> <span class='ocrx_word' id='word_1_476' title='bbox 1303 4323 1362 4381; x_wconf 92' lang='lat' dir='ltr'><strong>in</strong></span> <span class='ocrx_word' id='word_1_477' title='bbox 1405 4323 1806 4388; x_wconf 85' lang='lat' dir='ltr'><strong>remissionem,</strong></span> 
     </span>
    </p>
   </div>
   <div class='ocr_carea' id='block_1_61' title="bbox 1903 1857 3494 1937">
    <p class='ocr_par' dir='ltr' id='par_1_61' title="bbox 1903 1857 3494 1937">
     <span class='ocr_line' id='line_1_61' title="bbox 1903 1857 3494 1937; baseline -0.001 -22"><span class='ocrx_word' id='word_1_478' title='bbox 1903 1858 2010 1915; x_wconf 81' lang='lat' dir='ltr'><strong>ista</strong></span> <span class='ocrx_word' id='word_1_479' title='bbox 2068 1875 2197 1916; x_wconf 90' lang='lat' dir='ltr'><strong>vero</strong></span> <span class='ocrx_word' id='word_1_480' title='bbox 2245 1861 2555 1917; x_wconf 89' lang='lat' dir='ltr'><strong>communia</strong></span> <span class='ocrx_word' id='word_1_481' title='bbox 2604 1877 2725 1932; x_wconf 69' lang='lat' dir='ltr'><strong>quae</strong></span> <span class='ocrx_word' id='word_1_482' title='bbox 2777 1860 3096 1931; x_wconf 87' lang='lat' dir='ltr'><strong>frequenter</strong></span> <span class='ocrx_word' id='word_1_483' title='bbox 3142 1857 3494 1937; x_wconf 87' lang='lat' dir='ltr'><strong>incurrimus,</strong></span> 
     </span>
    </p>
   </div>
   <div class='ocr_carea' id='block_1_62' title="bbox 1904 1949 3495 2025">
    <p class='ocr_par' dir='ltr' id='par_1_62' title="bbox 1904 1949 3495 2025">
     <span class='ocr_line' id='line_1_62' title="bbox 1904 1949 3495 2025; baseline -0.002 -17"><span class='ocrx_word' id='word_1_484' title='bbox 1904 1967 2120 2025; x_wconf 89' lang='lat' dir='ltr'><strong>semper</strong></span> <span class='ocrx_word' id='word_1_485' title='bbox 2143 1953 2521 2022; x_wconf 80' lang='lat' dir='ltr'><strong>pomitentiam</strong></span> <span class='ocrx_word' id='word_1_486' title='bbox 2550 1954 2838 2025; x_wconf 87' lang='lat' dir='ltr'><strong>recipiunt,</strong></span> <span class='ocrx_word' id='word_1_487' title='bbox 2867 1961 2921 2009; x_wconf 89' lang='lat' dir='ltr'><strong>et</strong></span> <span class='ocrx_word' id='word_1_488' title='bbox 2945 1953 3062 2008; x_wconf 90' lang='lat' dir='ltr'><strong>sine</strong></span> <span class='ocrx_word' id='word_1_489' title='bbox 3094 1949 3495 2007; x_wconf 88' lang='lat' dir='ltr'><strong>intermissione</strong></span> 
     </span>
    </p>
   </div>
   <div class='ocr_carea' id='block_1_63' title="bbox 1906 2039 3496 2112">
    <p class='ocr_par' dir='ltr' id='par_1_63' title="bbox 1906 2039 3496 2112">
     <span class='ocr_line' id='line_1_63' title="bbox 1906 2039 3496 2112; baseline -0.002 -16"><span class='ocrx_word' id='word_1_490' title='bbox 1906 2040 2266 2099; x_wconf 89' lang='lat' dir='ltr'><strong>redimuntur.</strong></span> <span class='ocrx_word' id='word_1_491' title='bbox 2327 2041 2482 2109; x_wconf 83' lang='lat' dir='ltr'><strong>Quod</strong></span> <span class='ocrx_word' id='word_1_492' title='bbox 2509 2043 2556 2097; x_wconf 87' lang='lat' dir='ltr'><strong>si</strong></span> <span class='ocrx_word' id='word_1_493' title='bbox 2582 2041 2925 2098; x_wconf 72' lang='lat' dir='ltr'><strong>sacerdotalis</strong></span> <span class='ocrx_word' id='word_1_494' title='bbox 2956 2042 3141 2112; x_wconf 72' lang='lat' dir='ltr'><strong>fuerit,</strong></span> <span class='ocrx_word' id='word_1_495' title='bbox 3165 2039 3361 2112; x_wconf 89' lang='lat' dir='ltr'><strong>inquit,</strong></span> <span class='ocrx_word' id='word_1_496' title='bbox 3391 2040 3496 2094; x_wconf 76' lang='lat' dir='ltr'><strong>ista</strong></span> 
     </span>
    </p>
   </div>
   <div class='ocr_carea' id='block_1_64' title="bbox 1905 2130 3499 2205">
    <p class='ocr_par' dir='ltr' id='par_1_64' title="bbox 1905 2130 3499 2205">
     <span class='ocr_line' id='line_1_64' title="bbox 1905 2130 3499 2205; baseline -0.001 -17"><span class='ocrx_word' id='word_1_497' title='bbox 1905 2131 2092 2190; x_wconf 80' lang='lat' dir='ltr'><strong>domus</strong></span> <span class='ocrx_word' id='word_1_498' title='bbox 2133 2132 2210 2191; x_wconf 78' lang='lat' dir='ltr'><strong>vel</strong></span> <span class='ocrx_word' id='word_1_499' title='bbox 2244 2133 2453 2189; x_wconf 75' lang='lat' dir='ltr'><strong>lwitica</strong></span> <span class='ocrx_word' id='word_1_500' title='bbox 2492 2133 2785 2205; x_wconf 74' lang='lat' dir='ltr'><strong>ubicunque</strong></span> <span class='ocrx_word' id='word_1_501' title='bbox 2819 2132 3003 2203; x_wconf 80' lang='lat' dir='ltr'><strong>fuerit,</strong></span> <span class='ocrx_word' id='word_1_502' title='bbox 3038 2131 3143 2187; x_wconf 81' lang='lat' dir='ltr'><strong>sive</strong></span> <span class='ocrx_word' id='word_1_503' title='bbox 3178 2132 3234 2186; x_wconf 85' lang='lat' dir='ltr'><strong>in</strong></span> <span class='ocrx_word' id='word_1_504' title='bbox 3290 2130 3499 2186; x_wconf 83' lang='lat' dir='ltr'><strong>civitate</strong></span> 
     </span>
    </p>
   </div>
   <div class='ocr_carea' id='block_1_65' title="bbox 1904 2220 3498 2297">
    <p class='ocr_par' dir='ltr' id='par_1_65' title="bbox 1904 2220 3498 2297">
     <span class='ocr_line' id='line_1_65' title="bbox 1904 2220 3498 2297; baseline -0.003 -16"><span class='ocrx_word' id='word_1_505' title='bbox 1904 2225 2014 2281; x_wconf 78' lang='lat' dir='ltr'><strong>sive</strong></span> <span class='ocrx_word' id='word_1_506' title='bbox 2040 2225 2095 2280; x_wconf 88' lang='lat' dir='ltr'><strong>in</strong></span> <span class='ocrx_word' id='word_1_507' title='bbox 2126 2241 2255 2297; x_wconf 88' lang='lat' dir='ltr'><strong>agro</strong></span> <span class='ocrx_word' id='word_1_508' title='bbox 2281 2241 2484 2297; x_wconf 81' lang='lat' dir='ltr'><strong>semper</strong></span> <span class='ocrx_word' id='word_1_509' title='bbox 2515 2224 2668 2280; x_wconf 83' lang='lat' dir='ltr'><strong>habet</strong></span> <span class='ocrx_word' id='word_1_510' title='bbox 2710 2223 3108 2294; x_wconf 84' lang='lat' dir='ltr'><strong>redemptorem.</strong></span> <span class='ocrx_word' id='word_1_511' title='bbox 3149 2220 3207 2278; x_wconf 86' lang='lat' dir='ltr'><strong>In</strong></span> <span class='ocrx_word' id='word_1_512' title='bbox 3235 2222 3341 2277; x_wconf 91' lang='lat' dir='ltr'><strong>hoc</strong></span> <span class='ocrx_word' id='word_1_513' title='bbox 3377 2220 3498 2277; x_wconf 85' lang='lat' dir='ltr'><strong>loco</strong></span> 
     </span>
    </p>
   </div>
   <div class='ocr_carea' id='block_1_66' title="bbox 1908 2308 3494 2382">
    <p class='ocr_par' dir='ltr' id='par_1_66' title="bbox 1908 2308 3494 2382">
     <span class='ocr_line' id='line_1_66' title="bbox 1908 2308 3494 2382; baseline -0.006 -9"><span class='ocrx_word' id='word_1_514' title='bbox 1908 2313 2320 2373; x_wconf 78' lang='lat' dir='ltr'><strong>sacerdotalem</strong></span> <span class='ocrx_word' id='word_1_515' title='bbox 2360 2328 2580 2370; x_wconf 88' lang='lat' dir='ltr'><strong>sensum</strong></span> <span class='ocrx_word' id='word_1_516' title='bbox 2645 2319 2701 2368; x_wconf 88' lang='lat' dir='ltr'><strong>et</strong></span> <span class='ocrx_word' id='word_1_517' title='bbox 2750 2312 3026 2374; x_wconf 87' lang='lat' dir='ltr'><strong>leviticam</strong></span> <span class='ocrx_word' id='word_1_518' title='bbox 3085 2308 3494 2382; x_wconf 83' lang='lat' dir='ltr'><strong>intelligentiam</strong></span> 
     </span>
    </p>
   </div>
   <div class='ocr_carea' id='block_1_67' title="bbox 1907 2401 3496 2481">
    <p class='ocr_par' dir='ltr' id='par_1_67' title="bbox 1907 2401 3496 2481">
     <span class='ocr_line' id='line_1_67' title="bbox 1907 2401 3496 2481; baseline -0.004 -18"><span class='ocrx_word' id='word_1_519' title='bbox 1907 2421 2125 2481; x_wconf 87' lang='lat' dir='ltr'><strong>quaero;</strong></span> <span class='ocrx_word' id='word_1_520' title='bbox 2160 2422 2268 2463; x_wconf 93' lang='lat' dir='ltr'><strong>non</strong></span> <span class='ocrx_word' id='word_1_521' title='bbox 2295 2406 2441 2463; x_wconf 88' lang='lat' dir='ltr'><strong>enim</strong></span> <span class='ocrx_word' id='word_1_522' title='bbox 2468 2404 2697 2461; x_wconf 90' lang='lat' dir='ltr'><strong>inferior</strong></span> <span class='ocrx_word' id='word_1_523' title='bbox 2720 2421 2841 2460; x_wconf 90' lang='lat' dir='ltr'><strong>esse</strong></span> <span class='ocrx_word' id='word_1_524' title='bbox 2866 2404 3028 2461; x_wconf 88' lang='lat' dir='ltr'><strong>debet</strong></span> <span class='ocrx_word' id='word_1_525' title='bbox 3061 2402 3278 2461; x_wconf 89' lang='lat' dir='ltr'><strong>auditor</strong></span> <span class='ocrx_word' id='word_1_526' title='bbox 3301 2401 3496 2456; x_wconf 87' lang='lat' dir='ltr'><strong>horum</strong></span> 
     </span>
    </p>
   </div>
   <div class='ocr_carea' id='block_1_68' title="bbox 1907 2492 3496 2569">
    <p class='ocr_par' dir='ltr' id='par_1_68' title="bbox 1907 2492 3496 2569">
     <span class='ocr_line' id='line_1_68' title="bbox 1907 2492 3496 2569; baseline -0.007 -13"><span class='ocrx_word' id='word_1_527' title='bbox 1907 2499 1954 2556; x_wconf 91' lang='lat' dir='ltr'><strong>si</strong></span> <span class='ocrx_word' id='word_1_528' title='bbox 1990 2498 2108 2555; x_wconf 88' lang='lat' dir='ltr'><strong>fieri</strong></span> <span class='ocrx_word' id='word_1_529' title='bbox 2147 2506 2357 2569; x_wconf 88' lang='lat' dir='ltr'><strong>potest,</strong></span> <span class='ocrx_word' id='word_1_530' title='bbox 2399 2495 2492 2552; x_wconf 92' lang='lat' dir='ltr'><strong>illo</strong></span> <span class='ocrx_word' id='word_1_531' title='bbox 2532 2497 2651 2568; x_wconf 91' lang='lat' dir='ltr'><strong>ipso</strong></span> <span class='ocrx_word' id='word_1_532' title='bbox 2676 2495 2767 2567; x_wconf 89' lang='lat' dir='ltr'><strong>qui</strong></span> <span class='ocrx_word' id='word_1_533' title='bbox 2802 2494 2922 2550; x_wconf 74' lang='lat' dir='ltr'><strong>inec</strong></span> <span class='ocrx_word' id='word_1_534' title='bbox 2954 2494 3175 2566; x_wconf 87' lang='lat' dir='ltr'><strong>scripsit</strong></span> <span class='ocrx_word' id='word_1_535' title='bbox 3203 2500 3258 2549; x_wconf 91' lang='lat' dir='ltr'><strong>et</strong></span> <span class='ocrx_word' id='word_1_536' title='bbox 3294 2492 3496 2551; x_wconf 79' lang='lat' dir='ltr'><strong>sanxit.</strong></span> 
     </span>
    </p>
   </div>
   <div class='ocr_carea' id='block_1_69' title="bbox 1907 2583 3499 2661">
    <p class='ocr_par' dir='ltr' id='par_1_69' title="bbox 1907 2583 3499 2661">
     <span class='ocr_line' id='line_1_69' title="bbox 1907 2583 3499 2661; baseline -0.006 -14"><span class='ocrx_word' id='word_1_537' title='bbox 1907 2590 2047 2660; x_wconf 82' lang='lat' dir='ltr'><strong>Quid</strong></span> <span class='ocrx_word' id='word_1_538' title='bbox 2084 2598 2171 2646; x_wconf 89' lang='lat' dir='ltr'><strong>est</strong></span> <span class='ocrx_word' id='word_1_539' title='bbox 2202 2603 2334 2661; x_wconf 90' lang='lat' dir='ltr'><strong>ergo</strong></span> <span class='ocrx_word' id='word_1_540' title='bbox 2368 2587 2515 2660; x_wconf 88' lang='lat' dir='ltr'><strong>quod</strong></span> <span class='ocrx_word' id='word_1_541' title='bbox 2547 2586 2803 2649; x_wconf 85' lang='lat' dir='ltr'><strong>sacerdos</strong></span> <span class='ocrx_word' id='word_1_542' title='bbox 2839 2593 2895 2645; x_wconf 88' lang='lat' dir='ltr'><strong>et</strong></span> <span class='ocrx_word' id='word_1_543' title='bbox 2925 2584 3112 2652; x_wconf 86' lang='lat' dir='ltr'><strong>levita,</strong></span> <span class='ocrx_word' id='word_1_544' title='bbox 3149 2583 3343 2640; x_wconf 88' lang='lat' dir='ltr'><strong>domus</strong></span> <span class='ocrx_word' id='word_1_545' title='bbox 3386 2593 3499 2637; x_wconf 77' lang='lat' dir='ltr'><strong>suae</strong></span> 
     </span>
    </p>
   </div>
   <div class='ocr_carea' id='block_1_70' title="bbox 1908 2673 3502 2752">
    <p class='ocr_par' dir='ltr' id='par_1_70' title="bbox 1908 2673 3502 2752">
     <span class='ocr_line' id='line_1_70' title="bbox 1908 2673 3502 2752; baseline -0.006 -13"><span class='ocrx_word' id='word_1_546' title='bbox 1908 2696 2124 2752; x_wconf 87' lang='lat' dir='ltr'><strong>semper</strong></span> <span class='ocrx_word' id='word_1_547' title='bbox 2160 2680 2364 2737; x_wconf 84' lang='lat' dir='ltr'><strong>habent</strong></span> <span class='ocrx_word' id='word_1_548' title='bbox 2404 2677 2868 2751; x_wconf 86' lang='lat' dir='ltr'><strong>redemptionem?</strong></span> <span class='ocrx_word' id='word_1_549' title='bbox 2907 2685 2965 2733; x_wconf 89' lang='lat' dir='ltr'><strong>et</strong></span> <span class='ocrx_word' id='word_1_550' title='bbox 2990 2677 3300 2747; x_wconf 89' lang='lat' dir='ltr'><strong>ubicunque</strong></span> <span class='ocrx_word' id='word_1_551' title='bbox 3336 2673 3502 2730; x_wconf 90' lang='lat' dir='ltr'><strong>fuerit</strong></span> 
     </span>
    </p>
   </div>
   <div class='ocr_carea' id='block_1_71' title="bbox 1907 2766 3501 2843">
    <p class='ocr_par' dir='ltr' id='par_1_71' title="bbox 1907 2766 3501 2843">
     <span class='ocr_line' id='line_1_71' title="bbox 1907 2766 3501 2843; baseline -0.006 -12"><span class='ocrx_word' id='word_1_552' title='bbox 1907 2773 2072 2831; x_wconf 87' lang='lat' dir='ltr'><strong>habet</strong></span> <span class='ocrx_word' id='word_1_553' title='bbox 2100 2772 2552 2843; x_wconf 90' lang='lat' dir='ltr'><strong>redemptionem,</strong></span> <span class='ocrx_word' id='word_1_554' title='bbox 2591 2771 2892 2841; x_wconf 77' lang='lat' dir='ltr'><strong>Spiritalem</strong></span> <span class='ocrx_word' id='word_1_555' title='bbox 2929 2768 3363 2841; x_wconf 85' lang='lat' dir='ltr'><strong>intelligentiam.</strong></span> <span class='ocrx_word' id='word_1_556' title='bbox 3392 2766 3501 2822; x_wconf 89' lang='lat' dir='ltr'><strong>Sa-</strong></span> 
     </span>
    </p>
   </div>
   <div class='ocr_carea' id='block_1_72' title="bbox 1909 2858 3503 2928">
    <p class='ocr_par' dir='ltr' id='par_1_72' title="bbox 1909 2858 3503 2928">
     <span class='ocr_line' id='line_1_72' title="bbox 1909 2858 3503 2928; baseline -0.008 -6"><span class='ocrx_word' id='word_1_557' title='bbox 1909 2866 2104 2923; x_wconf 84' lang='lat' dir='ltr'><strong>cerdos</strong></span> <span class='ocrx_word' id='word_1_558' title='bbox 2129 2879 2287 2920; x_wconf 90' lang='lat' dir='ltr'><strong>mens</strong></span> <span class='ocrx_word' id='word_1_559' title='bbox 2330 2863 2443 2919; x_wconf 91' lang='lat' dir='ltr'><strong>Deo</strong></span> <span class='ocrx_word' id='word_1_560' title='bbox 2482 2869 2803 2919; x_wconf 87' lang='lat' dir='ltr'><strong>consecrata</strong></span> <span class='ocrx_word' id='word_1_561' title='bbox 2838 2858 3068 2926; x_wconf 87' lang='lat' dir='ltr'><strong>dicitur;</strong></span> <span class='ocrx_word' id='word_1_562' title='bbox 3110 2866 3165 2914; x_wconf 91' lang='lat' dir='ltr'><strong>et</strong></span> <span class='ocrx_word' id='word_1_563' title='bbox 3200 2858 3360 2912; x_wconf 86' lang='lat' dir='ltr'><strong>levita</strong></span> <span class='ocrx_word' id='word_1_564' title='bbox 3403 2871 3503 2928; x_wconf 84' lang='lat' dir='ltr'><strong>ap-</strong></span> 
     </span>
    </p>
   </div>
   <div class='ocr_carea' id='block_1_73' title="bbox 1907 2945 3503 3033">
    <p class='ocr_par' dir='ltr' id='par_1_73' title="bbox 1907 2945 3503 3033">
     <span class='ocr_line' id='line_1_73' title="bbox 1907 2945 3503 3033; baseline -0.008 -22"><span class='ocrx_word' id='word_1_565' title='bbox 1907 2955 2141 3033; x_wconf 87' lang='lat' dir='ltr'><strong>pellatur</strong></span> <span class='ocrx_word' id='word_1_566' title='bbox 2172 2954 2221 3011; x_wconf 89' lang='lat' dir='ltr'><strong>is</strong></span> <span class='ocrx_word' id='word_1_567' title='bbox 2253 2954 2347 3025; x_wconf 88' lang='lat' dir='ltr'><strong>qui</strong></span> <span class='ocrx_word' id='word_1_568' title='bbox 2392 2951 2760 3009; x_wconf 88' lang='lat' dir='ltr'><strong>indesinenter</strong></span> <span class='ocrx_word' id='word_1_569' title='bbox 2800 2949 3010 3006; x_wconf 88' lang='lat' dir='ltr'><strong>assistit</strong></span> <span class='ocrx_word' id='word_1_570' title='bbox 3043 2947 3186 3014; x_wconf 89' lang='lat' dir='ltr'><strong>Dco,</strong></span> <span class='ocrx_word' id='word_1_571' title='bbox 3222 2954 3279 3004; x_wconf 92' lang='lat' dir='ltr'><strong>et</strong></span> <span class='ocrx_word' id='word_1_572' title='bbox 3315 2945 3503 3001; x_wconf 89' lang='lat' dir='ltr'><strong>volun-</strong></span> 
     </span>
    </p>
   </div>
   <div class='ocr_carea' id='block_1_74' title="bbox 1909 3036 3505 3117">
    <p class='ocr_par' dir='ltr' id='par_1_74' title="bbox 1909 3036 3505 3117">
     <span class='ocr_line' id='line_1_74' title="bbox 1909 3036 3505 3117; baseline -0.008 -13"><span class='ocrx_word' id='word_1_573' title='bbox 1909 3048 2012 3104; x_wconf 89' lang='lat' dir='ltr'><strong>tati</strong></span> <span class='ocrx_word' id='word_1_574' title='bbox 2062 3045 2180 3117; x_wconf 86' lang='lat' dir='ltr'><strong>ejus</strong></span> <span class='ocrx_word' id='word_1_575' title='bbox 2212 3045 2506 3102; x_wconf 89' lang='lat' dir='ltr'><strong>ministrat.</strong></span> <span class='ocrx_word' id='word_1_576' title='bbox 2542 3039 2821 3100; x_wconf 77' lang='lat' dir='ltr'><strong>Perfectio</strong></span> <span class='ocrx_word' id='word_1_577' title='bbox 2847 3055 2976 3112; x_wconf 88' lang='lat' dir='ltr'><strong>ergo</strong></span> <span class='ocrx_word' id='word_1_578' title='bbox 3009 3039 3065 3094; x_wconf 91' lang='lat' dir='ltr'><strong>in</strong></span> <span class='ocrx_word' id='word_1_579' title='bbox 3095 3036 3373 3094; x_wconf 87' lang='lat' dir='ltr'><strong>intellectu</strong></span> <span class='ocrx_word' id='word_1_580' title='bbox 3392 3077 3408 3103; x_wconf 95' lang='lat'><strong>,</strong></span> <span class='ocrx_word' id='word_1_581' title='bbox 3446 3043 3505 3092; x_wconf 89' lang='lat' dir='ltr'><strong>et</strong></span> 
     </span>
    </p>
   </div>
   <div class='ocr_carea' id='block_1_75' title="bbox 1835 3102 3504 3213">
    <p class='ocr_par' dir='ltr' id='par_1_75' title="bbox 1835 3102 3504 3213">
     <span class='ocr_line' id='line_1_75' title="bbox 1835 3102 3504 3213; baseline -0.01 -14"><span class='ocrx_word' id='word_1_582' title='bbox 1835 3102 1882 3167; x_wconf 66' lang='grc' dir='ltr'>Ο</span> <span class='ocrx_word' id='word_1_583' title='bbox 1912 3102 2159 3213; x_wconf 52' lang='lat' dir='ltr'><strong>cpere&#39;in</strong></span> <span class='ocrx_word' id='word_1_584' title='bbox 2195 3138 2302 3194; x_wconf 85' lang='lat' dir='ltr'><strong>fide</strong></span> <span class='ocrx_word' id='word_1_585' title='bbox 2326 3145 2383 3194; x_wconf 90' lang='lat' dir='ltr'><strong>et</strong></span> <span class='ocrx_word' id='word_1_586' title='bbox 2409 3135 2621 3193; x_wconf 88' lang='lat' dir='ltr'><strong>actibus</strong></span> <span class='ocrx_word' id='word_1_587' title='bbox 2641 3132 2895 3193; x_wconf 86' lang='lat' dir='ltr'><strong>sacerdos</strong></span> <span class='ocrx_word' id='word_1_588' title='bbox 2910 3102 3205 3188; x_wconf 63' lang='lat' dir='ltr'><strong>et‘Levites</strong></span> <span class='ocrx_word' id='word_1_589' title='bbox 3236 3128 3504 3200; x_wconf 91' lang='lat' dir='ltr'><strong>accipien-</strong></span> 
     </span>
    </p>
   </div>
   <div class='ocr_carea' id='block_1_76' title="bbox 1910 3219 3504 3301">
    <p class='ocr_par' dir='ltr' id='par_1_76' title="bbox 1910 3219 3504 3301">
     <span class='ocr_line' id='line_1_76' title="bbox 1910 3219 3504 3301; baseline -0.007 -14"><span class='ocrx_word' id='word_1_590' title='bbox 1910 3230 2011 3287; x_wconf 90' lang='lat' dir='ltr'><strong>dus</strong></span> <span class='ocrx_word' id='word_1_591' title='bbox 2037 3236 2140 3296; x_wconf 91' lang='lat' dir='ltr'><strong>est,</strong></span> <span class='ocrx_word' id='word_1_592' title='bbox 2169 3227 2299 3284; x_wconf 88' lang='lat' dir='ltr'><strong>huic</strong></span> <span class='ocrx_word' id='word_1_593' title='bbox 2330 3227 2515 3296; x_wconf 86' lang='lat' dir='ltr'><strong>itaque</strong></span> <span class='ocrx_word' id='word_1_594' title='bbox 2540 3222 2798 3301; x_wconf 64' lang='lat' dir='ltr'><strong>perfectae</strong></span> <span class='ocrx_word' id='word_1_595' title='bbox 2834 3222 3004 3280; x_wconf 91' lang='lat' dir='ltr'><strong>menti</strong></span> <span class='ocrx_word' id='word_1_596' title='bbox 3037 3222 3084 3280; x_wconf 87' lang='lat' dir='ltr'><strong>si</strong></span> <span class='ocrx_word' id='word_1_597' title='bbox 3120 3221 3380 3278; x_wconf 89' lang='lat' dir='ltr'><strong>acciderit</strong></span> <span class='ocrx_word' id='word_1_598' title='bbox 3405 3219 3504 3277; x_wconf 89' lang='lat' dir='ltr'><strong>ali-</strong></span> 
     </span>
    </p>
   </div>
   <div class='ocr_carea' id='block_1_77' title="bbox 1909 3313 3501 3393">
    <p class='ocr_par' dir='ltr' id='par_1_77' title="bbox 1909 3313 3501 3393">
     <span class='ocr_line' id='line_1_77' title="bbox 1909 3313 3501 3393; baseline -0.006 -18"><span class='ocrx_word' id='word_1_599' title='bbox 1909 3318 2126 3393; x_wconf 88' lang='lat' dir='ltr'><strong>quando</strong></span> <span class='ocrx_word' id='word_1_600' title='bbox 2160 3319 2379 3379; x_wconf 90' lang='lat' dir='ltr'><strong>domum</strong></span> <span class='ocrx_word' id='word_1_601' title='bbox 2408 3332 2573 3389; x_wconf 88' lang='lat' dir='ltr'><strong>quam</strong></span> <span class='ocrx_word' id='word_1_602' title='bbox 2600 3316 2768 3373; x_wconf 86' lang='lat' dir='ltr'><strong>habet</strong></span> <span class='ocrx_word' id='word_1_603' title='bbox 2792 3330 2902 3372; x_wconf 88' lang='lat' dir='ltr'><strong>non</strong></span> <span class='ocrx_word' id='word_1_604' title='bbox 2934 3313 3305 3373; x_wconf 85' lang='lat' dir='ltr'><strong>manufactam</strong></span> <span class='ocrx_word' id='word_1_605' title='bbox 3339 3316 3501 3368; x_wconf 70' lang='lat' dir='ltr'><strong>teter-</strong></span> 
     </span>
    </p>
   </div>
   <div class='ocr_carea' id='block_1_78' title="bbox 1910 3400 3503 3476">
    <p class='ocr_par' dir='ltr' id='par_1_78' title="bbox 1910 3400 3503 3476">
     <span class='ocr_line' id='line_1_78' title="bbox 1910 3400 3503 3476; baseline -0.007 -9"><span class='ocrx_word' id='word_1_606' title='bbox 1910 3426 2038 3467; x_wconf 90' lang='lat' dir='ltr'><strong>nam</strong></span> <span class='ocrx_word' id='word_1_607' title='bbox 2090 3411 2146 3466; x_wconf 90' lang='lat' dir='ltr'><strong>iu</strong></span> <span class='ocrx_word' id='word_1_608' title='bbox 2203 3409 2356 3467; x_wconf 83' lang='lat' dir='ltr'><strong>ctelis</strong></span> <span class='ocrx_word' id='word_1_609' title='bbox 2411 3407 2681 3476; x_wconf 90' lang='lat' dir='ltr'><strong>vendere,</strong></span> <span class='ocrx_word' id='word_1_610' title='bbox 2731 3414 2788 3462; x_wconf 87' lang='lat' dir='ltr'><strong>et</strong></span> <span class='ocrx_word' id='word_1_611' title='bbox 2829 3421 3026 3465; x_wconf 85' lang='lat' dir='ltr'><strong>manus</strong></span> <span class='ocrx_word' id='word_1_612' title='bbox 3080 3403 3305 3462; x_wconf 86' lang='lat' dir='ltr'><strong>alterius</strong></span> <span class='ocrx_word' id='word_1_613' title='bbox 3347 3400 3503 3466; x_wconf 86' lang='lat' dir='ltr'><strong>dare,</strong></span> 
     </span>
    </p>
   </div>
   <div class='ocr_carea' id='block_1_79' title="bbox 1910 3490 3507 3573">
    <p class='ocr_par' dir='ltr' id='par_1_79' title="bbox 1910 3490 3507 3573">
     <span class='ocr_line' id='line_1_79' title="bbox 1910 3490 3507 3573; baseline -0.009 -14"><span class='ocrx_word' id='word_1_614' title='bbox 1910 3502 2055 3559; x_wconf 90' lang='lat' dir='ltr'><strong>sicut</strong></span> <span class='ocrx_word' id='word_1_615' title='bbox 2099 3501 2327 3573; x_wconf 90' lang='lat' dir='ltr'><strong>contigit</strong></span> <span class='ocrx_word' id='word_1_616' title='bbox 2369 3498 2661 3573; x_wconf 87' lang='lat' dir='ltr'><strong>aliquando</strong></span> <span class='ocrx_word' id='word_1_617' title='bbox 2716 3511 2917 3569; x_wconf 90' lang='lat' dir='ltr'><strong>magno</strong></span> <span class='ocrx_word' id='word_1_618' title='bbox 2964 3494 3289 3567; x_wconf 75' lang='lat' dir='ltr'><strong>patriarchae</strong></span> <span class='ocrx_word' id='word_1_619' title='bbox 3335 3490 3507 3548; x_wconf 87' lang='lat' dir='ltr'><strong>David</strong></span> 
     </span>
    </p>
   </div>
   <div class='ocr_carea' id='block_1_80' title="bbox 1910 3584 3502 3654">
    <p class='ocr_par' dir='ltr' id='par_1_80' title="bbox 1910 3584 3502 3654">
     <span class='ocr_line' id='line_1_80' title="bbox 1910 3584 3502 3654; baseline -0.009 -5"><span class='ocrx_word' id='word_1_620' title='bbox 1910 3607 2036 3649; x_wconf 89' lang='lat' dir='ltr'><strong>cum</strong></span> <span class='ocrx_word' id='word_1_621' title='bbox 2093 3591 2160 3646; x_wconf 91' lang='lat' dir='ltr'><strong>de</strong></span> <span class='ocrx_word' id='word_1_622' title='bbox 2217 3597 2364 3647; x_wconf 88' lang='lat' dir='ltr'><strong>tecto</strong></span> <span class='ocrx_word' id='word_1_623' title='bbox 2428 3604 2528 3643; x_wconf 90' lang='lat' dir='ltr'><strong>suo</strong></span> <span class='ocrx_word' id='word_1_624' title='bbox 2585 3587 2733 3649; x_wconf 71' lang='lat' dir='ltr'><strong>Uria:</strong></span> <span class='ocrx_word' id='word_1_625' title='bbox 2788 3585 2947 3647; x_wconf 83' lang='lat' dir='ltr'><strong>Ethei</strong></span> <span class='ocrx_word' id='word_1_626' title='bbox 2994 3584 3207 3654; x_wconf 79' lang='lat' dir='ltr'><strong>aspexit</strong></span> <span class='ocrx_word' id='word_1_627' title='bbox 3254 3596 3502 3647; x_wconf 83' lang='lat' dir='ltr'><strong>uxorem,</strong></span> 
     </span>
    </p>
   </div>
   <div class='ocr_carea' id='block_1_81' title="bbox 1910 3671 3503 3746">
    <p class='ocr_par' dir='ltr' id='par_1_81' title="bbox 1910 3671 3503 3746">
     <span class='ocr_line' id='line_1_81' title="bbox 1910 3671 3503 3746; baseline -0.009 -8"><span class='ocrx_word' id='word_1_628' title='bbox 1910 3681 2095 3741; x_wconf 88' lang='lat' dir='ltr'><strong>statim</strong></span> <span class='ocrx_word' id='word_1_629' title='bbox 2145 3694 2267 3736; x_wconf 91' lang='lat' dir='ltr'><strong>eam</strong></span> <span class='ocrx_word' id='word_1_630' title='bbox 2322 3677 2589 3743; x_wconf 87' lang='lat' dir='ltr'><strong>redimit,</strong></span> <span class='ocrx_word' id='word_1_631' title='bbox 2662 3676 2846 3735; x_wconf 85' lang='lat' dir='ltr'><strong>statim</strong></span> <span class='ocrx_word' id='word_1_632' title='bbox 2902 3681 3194 3746; x_wconf 88' lang='lat' dir='ltr'><strong>reparatur</strong></span> <span class='ocrx_word' id='word_1_633' title='bbox 3232 3712 3248 3738; x_wconf 95' lang='lat'><strong>,</strong></span> <span class='ocrx_word' id='word_1_634' title='bbox 3314 3671 3503 3726; x_wconf 87' lang='lat' dir='ltr'><strong>statim</strong></span> 
     </span>
    </p>
   </div>
   <div class='ocr_carea' id='block_1_82' title="bbox 1910 3761 3506 3837">
    <p class='ocr_par' dir='ltr' id='par_1_82' title="bbox 1910 3761 3506 3837">
     <span class='ocr_line' id='line_1_82' title="bbox 1910 3761 3506 3837; baseline -0.008 -10"><span class='ocrx_word' id='word_1_635' title='bbox 1910 3771 2056 3828; x_wconf 86' lang='lat' dir='ltr'><strong>enim</strong></span> <span class='ocrx_word' id='word_1_636' title='bbox 2087 3770 2217 3825; x_wconf 91' lang='lat' dir='ltr'><strong>dicit</strong></span> <span class='ocrx_word' id='word_1_637' title='bbox 2244 3784 2259 3824; x_wconf 91' lang='lat'><strong>:</strong></span> <span class='ocrx_word' id='word_1_638' title='bbox 2294 3766 2551 3835; x_wconf 83' lang='lat' dir='ltr'><strong>Peccavi;</strong></span> <span class='ocrx_word' id='word_1_639' title='bbox 2582 3767 2694 3825; x_wconf 88' lang='lat' dir='ltr'><strong>imo</strong></span> <span class='ocrx_word' id='word_1_640' title='bbox 2723 3782 2856 3824; x_wconf 89' lang='lat' dir='ltr'><strong>vero</strong></span> <span class='ocrx_word' id='word_1_641' title='bbox 2887 3764 3091 3837; x_wconf 88' lang='lat' dir='ltr'><strong>aliquid</strong></span> <span class='ocrx_word' id='word_1_642' title='bbox 3119 3764 3297 3820; x_wconf 89' lang='lat' dir='ltr'><strong>adhuc</strong></span> <span class='ocrx_word' id='word_1_643' title='bbox 3338 3761 3506 3819; x_wconf 89' lang='lat' dir='ltr'><strong>subli-</strong></span> 
     </span>
    </p>
   </div>
   <div class='ocr_carea' id='block_1_83' title="bbox 1910 3850 3504 3928">
    <p class='ocr_par' dir='ltr' id='par_1_83' title="bbox 1910 3850 3504 3928">
     <span class='ocr_line' id='line_1_83' title="bbox 1910 3850 3504 3928; baseline -0.008 -7"><span class='ocrx_word' id='word_1_644' title='bbox 1910 3863 2054 3922; x_wconf 83' lang='lat' dir='ltr'><strong>mius</strong></span> <span class='ocrx_word' id='word_1_645' title='bbox 2097 3862 2152 3921; x_wconf 89' lang='lat' dir='ltr'><strong>in</strong></span> <span class='ocrx_word' id='word_1_646' title='bbox 2200 3859 2307 3916; x_wconf 90' lang='lat' dir='ltr'><strong>hoc</strong></span> <span class='ocrx_word' id='word_1_647' title='bbox 2359 3873 2523 3914; x_wconf 86' lang='lat' dir='ltr'><strong>sensu</strong></span> <span class='ocrx_word' id='word_1_648' title='bbox 2581 3857 2842 3914; x_wconf 88' lang='lat' dir='ltr'><strong>debemus</strong></span> <span class='ocrx_word' id='word_1_649' title='bbox 2884 3855 3173 3928; x_wconf 88' lang='lat' dir='ltr'><strong>inspicere.</strong></span> <span class='ocrx_word' id='word_1_650' title='bbox 3224 3850 3504 3921; x_wconf 82' lang='lat' dir='ltr'><strong>Quomodo</strong></span> 
     </span>
    </p>
   </div>
   <div class='ocr_carea' id='block_1_84' title="bbox 1919 3943 3504 4016">
    <p class='ocr_par' dir='ltr' id='par_1_84' title="bbox 1919 3943 3504 4016">
     <span class='ocr_line' id='line_1_84' title="bbox 1919 3943 3504 4016; baseline -0.009 -4"><span class='ocrx_word' id='word_1_651' title='bbox 1919 3955 2111 4012; x_wconf 90' lang='lat' dir='ltr'><strong>domus</strong></span> <span class='ocrx_word' id='word_1_652' title='bbox 2153 3950 2495 4011; x_wconf 84' lang='lat' dir='ltr'><strong>sacerdotum</strong></span> <span class='ocrx_word' id='word_1_653' title='bbox 2535 3956 2591 4009; x_wconf 88' lang='lat' dir='ltr'><strong>et</strong></span> <span class='ocrx_word' id='word_1_654' title='bbox 2625 3948 2933 4016; x_wconf 81' lang='lat' dir='ltr'><strong>levitarum,</strong></span> <span class='ocrx_word' id='word_1_655' title='bbox 2984 3947 3037 4003; x_wconf 91' lang='lat' dir='ltr'><strong>id</strong></span> <span class='ocrx_word' id='word_1_656' title='bbox 3080 3953 3182 4014; x_wconf 90' lang='lat' dir='ltr'><strong>est,</strong></span> <span class='ocrx_word' id='word_1_657' title='bbox 3234 3943 3504 4016; x_wconf 89' lang='lat' dir='ltr'><strong>perfecta-</strong></span> 
     </span>
    </p>
   </div>
   <div class='ocr_carea' id='block_1_85' title="bbox 1909 4043 3501 4123">
    <p class='ocr_par' dir='ltr' id='par_1_85' title="bbox 1909 4043 3501 4123">
     <span class='ocr_line' id='line_1_85' title="bbox 1909 4043 3501 4123; baseline -0.009 -18"><span class='ocrx_word' id='word_1_658' title='bbox 1909 4056 2031 4104; x_wconf 87' lang='lat' dir='ltr'><strong>rum</strong></span> <span class='ocrx_word' id='word_1_659' title='bbox 2052 4046 2314 4103; x_wconf 89' lang='lat' dir='ltr'><strong>mentium</strong></span> <span class='ocrx_word' id='word_1_660' title='bbox 2335 4060 2550 4123; x_wconf 86' lang='lat' dir='ltr'><strong>semper</strong></span> <span class='ocrx_word' id='word_1_661' title='bbox 2571 4043 2766 4102; x_wconf 88' lang='lat' dir='ltr'><strong>delicta</strong></span> <span class='ocrx_word' id='word_1_662' title='bbox 2792 4043 3154 4107; x_wconf 86' lang='lat' dir='ltr'><strong>redimantur,</strong></span> <span class='ocrx_word' id='word_1_663' title='bbox 3180 4051 3501 4109; x_wconf 87' lang='lat' dir='ltr'><strong>semperque</strong></span> 
     </span>
    </p>
   </div>
   <div class='ocr_carea' id='block_1_86' title="bbox 1908 4128 3502 4211">
    <p class='ocr_par' dir='ltr' id='par_1_86' title="bbox 1908 4128 3502 4211">
     <span class='ocr_line' id='line_1_86' title="bbox 1908 4128 3502 4211; baseline -0.008 -17"><span class='ocrx_word' id='word_1_664' title='bbox 1908 4147 2227 4211; x_wconf 84' lang='lat' dir='ltr'><strong>purgentur,</strong></span> <span class='ocrx_word' id='word_1_665' title='bbox 2269 4138 2316 4194; x_wconf 89' lang='lat' dir='ltr'><strong>si</strong></span> <span class='ocrx_word' id='word_1_666' title='bbox 2360 4137 2578 4207; x_wconf 87' lang='lat' dir='ltr'><strong>quando</strong></span> <span class='ocrx_word' id='word_1_667' title='bbox 2627 4134 2942 4208; x_wconf 89' lang='lat' dir='ltr'><strong>Scripturas</strong></span> <span class='ocrx_word' id='word_1_668' title='bbox 2990 4131 3203 4188; x_wconf 85' lang='lat' dir='ltr'><strong>divinas</strong></span> <span class='ocrx_word' id='word_1_669' title='bbox 3246 4128 3502 4201; x_wconf 87' lang='lat' dir='ltr'><strong>legimus,</strong></span> 
     </span>
    </p>
   </div>
   <div class='ocr_carea' id='block_1_87' title="bbox 1908 4219 3505 4290">
    <p class='ocr_par' dir='ltr' id='par_1_87' title="bbox 1908 4219 3505 4290">
     <span class='ocr_line' id='line_1_87' title="bbox 1908 4219 3505 4290; baseline -0.007 -6"><span class='ocrx_word' id='word_1_670' title='bbox 1908 4235 1966 4284; x_wconf 92' lang='lat' dir='ltr'><strong>et</strong></span> <span class='ocrx_word' id='word_1_671' title='bbox 1993 4236 2304 4285; x_wconf 79' lang='lat' dir='ltr'><strong>Sanctorum</strong></span> <span class='ocrx_word' id='word_1_672' title='bbox 2321 4225 2547 4281; x_wconf 90' lang='lat' dir='ltr'><strong>Patrum</strong></span> <span class='ocrx_word' id='word_1_673' title='bbox 2588 4224 2644 4279; x_wconf 89' lang='lat' dir='ltr'><strong>in</strong></span> <span class='ocrx_word' id='word_1_674' title='bbox 2678 4224 2764 4279; x_wconf 91' lang='lat' dir='ltr'><strong>his</strong></span> <span class='ocrx_word' id='word_1_675' title='bbox 2802 4223 2993 4278; x_wconf 90' lang='lat' dir='ltr'><strong>delicta</strong></span> <span class='ocrx_word' id='word_1_676' title='bbox 3032 4219 3213 4290; x_wconf 90' lang='lat' dir='ltr'><strong>aliqua</strong></span> <span class='ocrx_word' id='word_1_677' title='bbox 3246 4231 3505 4274; x_wconf 88' lang='lat' dir='ltr'><strong>recense-</strong></span> 
     </span>
    </p>
   </div>
   <div class='ocr_carea' id='block_1_88' title="bbox 1910 4309 3512 4390">
    <p class='ocr_par' dir='ltr' id='par_1_88' title="bbox 1910 4309 3512 4390">
     <span class='ocr_line' id='line_1_88' title="bbox 1910 4309 3512 4390; baseline -0.01 -11"><span class='ocrx_word' id='word_1_678' title='bbox 1910 4339 2053 4390; x_wconf 90' lang='lat' dir='ltr'><strong>mus,</strong></span> <span class='ocrx_word' id='word_1_679' title='bbox 2074 4321 2119 4377; x_wconf 92' lang='lat' dir='ltr'><strong>si</strong></span> <span class='ocrx_word' id='word_1_680' title='bbox 2142 4319 2441 4377; x_wconf 90' lang='lat' dir='ltr'><strong>secundum</strong></span> <span class='ocrx_word' id='word_1_681' title='bbox 2468 4316 2698 4390; x_wconf 89' lang='lat' dir='ltr'><strong>apostoli</strong></span> <span class='ocrx_word' id='word_1_682' title='bbox 2716 4314 2869 4371; x_wconf 88' lang='lat' dir='ltr'><strong>Pauli</strong></span> <span class='ocrx_word' id='word_1_683' title='bbox 2891 4312 3219 4370; x_wconf 89' lang='lat' dir='ltr'><strong>sententiam</strong></span> <span class='ocrx_word' id='word_1_684' title='bbox 3243 4309 3512 4376; x_wconf 62' lang='lat' dir='ltr'><strong>dicimus,</strong></span> 
     </span>
    </p>
   </div>
   <div class='ocr_carea' id='block_1_89' title="bbox 217 4398 3515 4510">
    <p class='ocr_par' dir='ltr' id='par_1_89' title="bbox 217 4398 3515 4510">
     <span class='ocr_line' id='line_1_89' title="bbox 217 4398 3515 4510; baseline -0.006 -39"><span class='ocrx_word' id='word_1_685' title='bbox 217 4425 270 4471; x_wconf 86' lang='lat' dir='ltr'><strong>et</strong></span> <span class='ocrx_word' id='word_1_686' title='bbox 295 4418 542 4481; x_wconf 76' lang='lat' dir='ltr'><strong>salutem</strong></span> <span class='ocrx_word' id='word_1_687' title='bbox 588 4414 783 4480; x_wconf 86' lang='lat' dir='ltr'><strong>delicta</strong></span> <span class='ocrx_word' id='word_1_688' title='bbox 839 4430 936 4470; x_wconf 86' lang='lat' dir='ltr'><strong>sua</strong></span> <span class='ocrx_word' id='word_1_689' title='bbox 962 4414 1346 4500; x_wconf 82' lang='lat' dir='ltr'><strong>confitentibus</strong></span> <span class='ocrx_word' id='word_1_690' title='bbox 1395 4414 1638 4484; x_wconf 83' lang='lat' dir='ltr'><strong>praebeat</strong></span> <span class='ocrx_word' id='word_1_691' title='bbox 1670 4411 1804 4485; x_wconf 81' lang='lat' dir='ltr'><strong>(Isa.</strong></span> <span class='ocrx_word' id='word_1_692' title='bbox 1832 4448 1888 4510; x_wconf 71' lang='grc' dir='ltr'><strong><em>Β</em></strong></span> <span class='ocrx_word' id='word_1_693' title='bbox 1914 4413 2052 4485; x_wconf 81' lang='lat' dir='ltr'><strong>Quia</strong></span> <span class='ocrx_word' id='word_1_694' title='bbox 2078 4412 2189 4466; x_wconf 71' lang='lat' dir='ltr'><strong>lucc</strong></span> <span class='ocrx_word' id='word_1_695' title='bbox 2223 4409 2402 4464; x_wconf 85' lang='lat' dir='ltr'><strong>omnia</strong></span> <span class='ocrx_word' id='word_1_696' title='bbox 2439 4408 2497 4463; x_wconf 89' lang='lat' dir='ltr'><strong>in</strong></span> <span class='ocrx_word' id='word_1_697' title='bbox 2537 4406 2726 4508; x_wconf 42' lang='lat' dir='ltr'><strong>ﬁgura.</strong></span> <span class='ocrx_word' id='word_1_698' title='bbox 2742 4402 3106 4508; x_wconf 69' lang='lat' dir='ltr'><strong>contingebant</strong></span> <span class='ocrx_word' id='word_1_699' title='bbox 3137 4398 3515 4510; x_wconf 50' lang='lat' dir='ltr'><strong>illis,ﬂscript‘ar</strong></span> 
     </span>
    </p>
   </div>
   <div class='ocr_carea' id='block_1_90' title="bbox 215 4496 1807 4583">
    <p class='ocr_par' dir='ltr' id='par_1_90' title="bbox 215 4496 1807 4583">
     <span class='ocr_line' id='line_1_90' title="bbox 215 4496 1807 4583; baseline -0.004 -17"><span class='ocrx_word' id='word_1_700' title='bbox 215 4512 344 4583; x_wconf 78' lang='lat' dir='ltr'><strong>ut).</strong></span> <span class='ocrx_word' id='word_1_701' title='bbox 379 4506 549 4578; x_wconf 85' lang='lat' dir='ltr'><strong>Quod</strong></span> <span class='ocrx_word' id='word_1_702' title='bbox 579 4516 766 4565; x_wconf 88' lang='lat' dir='ltr'><strong>autem</strong></span> <span class='ocrx_word' id='word_1_703' title='bbox 788 4506 921 4569; x_wconf 83' lang='lat' dir='ltr'><strong>dicit</strong></span> <span class='ocrx_word' id='word_1_704' title='bbox 941 4496 1159 4564; x_wconf 88' lang='lat' dir='ltr'><strong>domum</strong></span> <span class='ocrx_word' id='word_1_705' title='bbox 1181 4506 1234 4561; x_wconf 90' lang='lat' dir='ltr'><strong>in</strong></span> <span class='ocrx_word' id='word_1_706' title='bbox 1266 4505 1488 4561; x_wconf 85' lang='lat' dir='ltr'><strong>civitate</strong></span> <span class='ocrx_word' id='word_1_707' title='bbox 1514 4513 1807 4573; x_wconf 82' lang='lat' dir='ltr'><strong>moratam,</strong></span> 
     </span>
    </p>
   </div>
   <div class='ocr_carea' id='block_1_91' title="bbox 214 4594 1811 4673">
    <p class='ocr_par' dir='ltr' id='par_1_91' title="bbox 214 4594 1811 4673">
     <span class='ocr_line' id='line_1_91' title="bbox 214 4594 1811 4673; baseline -0.003 -19"><span class='ocrx_word' id='word_1_708' title='bbox 214 4613 363 4661; x_wconf 86' lang='lat' dir='ltr'><strong>recte</strong></span> <span class='ocrx_word' id='word_1_709' title='bbox 391 4609 463 4661; x_wconf 83' lang='lat' dir='ltr'><strong>ut</strong></span> <span class='ocrx_word' id='word_1_710' title='bbox 494 4614 597 4673; x_wconf 85' lang='lat' dir='ltr'><strong>ego</strong></span> <span class='ocrx_word' id='word_1_711' title='bbox 621 4599 882 4665; x_wconf 87' lang='lat' dir='ltr'><strong>arbitror,</strong></span> <span class='ocrx_word' id='word_1_712' title='bbox 923 4598 1117 4657; x_wconf 88' lang='lat' dir='ltr'><strong>domus</strong></span> <span class='ocrx_word' id='word_1_713' title='bbox 1155 4613 1275 4668; x_wconf 66' lang='lat' dir='ltr'><strong>quae</strong></span> <span class='ocrx_word' id='word_1_714' title='bbox 1304 4597 1362 4657; x_wconf 83' lang='lat' dir='ltr'><strong>in</strong></span> <span class='ocrx_word' id='word_1_715' title='bbox 1387 4595 1541 4653; x_wconf 81' lang='lat' dir='ltr'><strong>caelis</strong></span> <span class='ocrx_word' id='word_1_716' title='bbox 1564 4602 1651 4651; x_wconf 88' lang='lat' dir='ltr'><strong>est</strong></span> <span class='ocrx_word' id='word_1_717' title='bbox 1678 4594 1811 4652; x_wconf 90' lang='lat' dir='ltr'><strong>dici-</strong></span> 
     </span>
    </p>
   </div>
   <div class='ocr_carea' id='block_1_92' title="bbox 212 4687 1811 4761">
    <p class='ocr_par' dir='ltr' id='par_1_92' title="bbox 212 4687 1811 4761">
     <span class='ocr_line' id='line_1_92' title="bbox 212 4687 1811 4761; baseline -0.003 -14"><span class='ocrx_word' id='word_1_718' title='bbox 212 4700 323 4760; x_wconf 88' lang='lat' dir='ltr'><strong>tur,</strong></span> <span class='ocrx_word' id='word_1_719' title='bbox 366 4694 431 4750; x_wconf 87' lang='lat' dir='ltr'><strong>in</strong></span> <span class='ocrx_word' id='word_1_720' title='bbox 465 4691 689 4749; x_wconf 84' lang='lat' dir='ltr'><strong>civitate</strong></span> <span class='ocrx_word' id='word_1_721' title='bbox 717 4696 933 4745; x_wconf 89' lang='lat' dir='ltr'><strong>murata</strong></span> <span class='ocrx_word' id='word_1_722' title='bbox 957 4687 1309 4761; x_wconf 88' lang='lat' dir='ltr'><strong>intelligitur,</strong></span> <span class='ocrx_word' id='word_1_723' title='bbox 1344 4701 1534 4747; x_wconf 90' lang='lat' dir='ltr'><strong>murus</strong></span> <span class='ocrx_word' id='word_1_724' title='bbox 1557 4695 1642 4742; x_wconf 88' lang='lat' dir='ltr'><strong>est</strong></span> <span class='ocrx_word' id='word_1_725' title='bbox 1665 4687 1811 4743; x_wconf 88' lang='lat' dir='ltr'><strong>enim</strong></span> 
     </span>
    </p>
   </div>
   <div class='ocr_carea' id='block_1_93' title="bbox 213 4779 1808 4854">
    <p class='ocr_par' dir='ltr' id='par_1_93' title="bbox 213 4779 1808 4854">
     <span class='ocr_line' id='line_1_93' title="bbox 213 4779 1808 4854; baseline -0.003 -14"><span class='ocrx_word' id='word_1_726' title='bbox 213 4783 602 4854; x_wconf 82' lang='lat' dir='ltr'><strong>hujuscemodi</strong></span> <span class='ocrx_word' id='word_1_727' title='bbox 650 4783 923 4850; x_wconf 87' lang='lat' dir='ltr'><strong>domibus,</strong></span> <span class='ocrx_word' id='word_1_728' title='bbox 973 4781 1148 4853; x_wconf 89' lang='lat' dir='ltr'><strong>ipsum</strong></span> <span class='ocrx_word' id='word_1_729' title='bbox 1196 4780 1319 4839; x_wconf 66' lang='lat' dir='ltr'><strong>celi</strong></span> <span class='ocrx_word' id='word_1_730' title='bbox 1374 4779 1808 4847; x_wconf 83' lang='lat' dir='ltr'><strong>firmamentum;</strong></span> 
     </span>
    </p>
   </div>
   <div class='ocr_carea' id='block_1_94' title="bbox 211 4872 1811 4946">
    <p class='ocr_par' dir='ltr' id='par_1_94' title="bbox 211 4872 1811 4946">
     <span class='ocr_line' id='line_1_94' title="bbox 211 4872 1811 4946; baseline -0.003 -13"><span class='ocrx_word' id='word_1_731' title='bbox 211 4878 304 4933; x_wconf 78' lang='lat' dir='ltr'><strong>sed</strong></span> <span class='ocrx_word' id='word_1_732' title='bbox 351 4878 531 4935; x_wconf 85' lang='lat' dir='ltr'><strong>talem</strong></span> <span class='ocrx_word' id='word_1_733' title='bbox 561 4876 784 4933; x_wconf 85' lang='lat' dir='ltr'><strong>domum</strong></span> <span class='ocrx_word' id='word_1_734' title='bbox 812 4874 923 4931; x_wconf 81' lang='lat' dir='ltr'><strong>rari</strong></span> <span class='ocrx_word' id='word_1_735' title='bbox 965 4874 1167 4946; x_wconf 87' lang='lat' dir='ltr'><strong>quique</strong></span> <span class='ocrx_word' id='word_1_736' title='bbox 1205 4873 1409 4931; x_wconf 89' lang='lat' dir='ltr'><strong>habere</strong></span> <span class='ocrx_word' id='word_1_737' title='bbox 1442 4881 1691 4943; x_wconf 86' lang='lat' dir='ltr'><strong>possunt,</strong></span> <span class='ocrx_word' id='word_1_738' title='bbox 1733 4872 1811 4929; x_wconf 90' lang='lat' dir='ltr'><strong>illi</strong></span> 
     </span>
    </p>
   </div>
   <div class='ocr_carea' id='block_1_95' title="bbox 217 4963 1811 5039">
    <p class='ocr_par' dir='ltr' id='par_1_95' title="bbox 217 4963 1811 5039">
     <span class='ocr_line' id='line_1_95' title="bbox 217 4963 1811 5039; baseline -0.003 -17"><span class='ocrx_word' id='word_1_739' title='bbox 217 4967 476 5026; x_wconf 59' lang='lat' dir='ltr'><strong>[causis</strong></span> <span class='ocrx_word' id='word_1_740' title='bbox 500 4967 596 5039; x_wconf 87' lang='lat' dir='ltr'><strong>qui</strong></span> <span class='ocrx_word' id='word_1_741' title='bbox 623 4982 786 5038; x_wconf 89' lang='lat' dir='ltr'><strong>super</strong></span> <span class='ocrx_word' id='word_1_742' title='bbox 810 4976 1010 5022; x_wconf 86' lang='lat' dir='ltr'><strong>terram</strong></span> <span class='ocrx_word' id='word_1_743' title='bbox 1038 4967 1405 5031; x_wconf 85' lang='lat' dir='ltr'><strong>ambulantes,</strong></span> <span class='ocrx_word' id='word_1_744' title='bbox 1439 4963 1811 5021; x_wconf 87' lang='lat' dir='ltr'><strong>conversatio-</strong></span> 
     </span>
    </p>
   </div>
   <div class='ocr_carea' id='block_1_96' title="bbox 213 5053 1811 5128">
    <p class='ocr_par' dir='ltr' id='par_1_96' title="bbox 213 5053 1811 5128">
     <span class='ocr_line' id='line_1_96' title="bbox 213 5053 1811 5128; baseline -0.006 -11"><span class='ocrx_word' id='word_1_745' title='bbox 213 5076 337 5117; x_wconf 84' lang='lat' dir='ltr'><strong>nem</strong></span> <span class='ocrx_word' id='word_1_746' title='bbox 371 5061 588 5119; x_wconf 79' lang='lat' dir='ltr'><strong>habent</strong></span> <span class='ocrx_word' id='word_1_747' title='bbox 617 5059 672 5115; x_wconf 88' lang='lat' dir='ltr'><strong>in</strong></span> <span class='ocrx_word' id='word_1_748' title='bbox 703 5059 895 5126; x_wconf 84' lang='lat' dir='ltr'><strong>ccelis;</strong></span> <span class='ocrx_word' id='word_1_749' title='bbox 928 5067 986 5114; x_wconf 92' lang='lat' dir='ltr'><strong>et</strong></span> <span class='ocrx_word' id='word_1_750' title='bbox 1012 5058 1079 5114; x_wconf 93' lang='lat' dir='ltr'><strong>de</strong></span> <span class='ocrx_word' id='word_1_751' title='bbox 1107 5058 1306 5128; x_wconf 86' lang='lat' dir='ltr'><strong>quibus</strong></span> <span class='ocrx_word' id='word_1_752' title='bbox 1335 5056 1467 5113; x_wconf 90' lang='lat' dir='ltr'><strong>dicit</strong></span> <span class='ocrx_word' id='word_1_753' title='bbox 1498 5053 1811 5127; x_wconf 85' lang='lat' dir='ltr'><strong>Apostolus,</strong></span> 
     </span>
    </p>
   </div>
   <div class='ocr_carea' id='block_1_97' title="bbox 213 5143 1812 5221">
    <p class='ocr_par' dir='ltr' id='par_1_97' title="bbox 213 5143 1812 5221">
     <span class='ocr_line' id='line_1_97' title="bbox 213 5143 1812 5221; baseline -0.005 -15"><span class='ocrx_word' id='word_1_754' title='bbox 213 5150 311 5206; x_wconf 79' lang='lat' dir='ltr'><strong>Dei</strong></span> <span class='ocrx_word' id='word_1_755' title='bbox 330 5149 631 5220; x_wconf 67' lang='lat' dir='ltr'><strong>adiﬁcatio</strong></span> <span class='ocrx_word' id='word_1_756' title='bbox 654 5149 779 5206; x_wconf 86' lang='lat' dir='ltr'><strong>estis</strong></span> <span class='ocrx_word' id='word_1_757' title='bbox 802 5148 851 5221; x_wconf 84' lang='grc' dir='ltr'><strong>(Ι</strong></span> <span class='ocrx_word' id='word_1_758' title='bbox 880 5145 1004 5204; x_wconf 83' lang='lat' dir='ltr'><strong>Cor.</strong></span> <span class='ocrx_word' id='word_1_759' title='bbox 1040 5144 1146 5220; x_wconf 79' lang='lat' dir='ltr'><strong>in).</strong></span> <span class='ocrx_word' id='word_1_760' title='bbox 1175 5145 1373 5203; x_wconf 66' lang='lat' dir='ltr'><strong>Caeteri</strong></span> <span class='ocrx_word' id='word_1_761' title='bbox 1394 5154 1575 5201; x_wconf 87' lang='lat' dir='ltr'><strong>autem</strong></span> <span class='ocrx_word' id='word_1_762' title='bbox 1599 5144 1651 5199; x_wconf 90' lang='lat' dir='ltr'><strong>in</strong></span> <span class='ocrx_word' id='word_1_763' title='bbox 1678 5143 1812 5198; x_wconf 83' lang='lat' dir='ltr'><strong>vicis</strong></span> 
     </span>
    </p>
   </div>
   <div class='ocr_carea' id='block_1_98' title="bbox 210 5234 1813 5311">
    <p class='ocr_par' dir='ltr' id='par_1_98' title="bbox 210 5234 1813 5311">
     <span class='ocr_line' id='line_1_98' title="bbox 210 5234 1813 5311; baseline -0.005 -12"><span class='ocrx_word' id='word_1_764' title='bbox 210 5241 431 5299; x_wconf 81' lang='lat' dir='ltr'><strong>habent</strong></span> <span class='ocrx_word' id='word_1_765' title='bbox 459 5242 669 5304; x_wconf 89' lang='lat' dir='ltr'><strong>domos.</strong></span> <span class='ocrx_word' id='word_1_766' title='bbox 702 5240 902 5311; x_wconf 86' lang='lat' dir='ltr'><strong>quibus</strong></span> <span class='ocrx_word' id='word_1_767' title='bbox 924 5254 1030 5294; x_wconf 90' lang='lat' dir='ltr'><strong>non</strong></span> <span class='ocrx_word' id='word_1_768' title='bbox 1051 5246 1137 5295; x_wconf 88' lang='lat' dir='ltr'><strong>est</strong></span> <span class='ocrx_word' id='word_1_769' title='bbox 1158 5253 1346 5295; x_wconf 87' lang='lat' dir='ltr'><strong>murus</strong></span> <span class='ocrx_word' id='word_1_770' title='bbox 1372 5255 1385 5291; x_wconf 91' lang='lat'><strong>:</strong></span> <span class='ocrx_word' id='word_1_771' title='bbox 1412 5245 1495 5292; x_wconf 85' lang='lat' dir='ltr'><strong>est</strong></span> <span class='ocrx_word' id='word_1_772' title='bbox 1525 5243 1704 5291; x_wconf 89' lang='lat' dir='ltr'><strong>tamen</strong></span> <span class='ocrx_word' id='word_1_773' title='bbox 1732 5234 1813 5291; x_wconf 91' lang='lat' dir='ltr'><strong>eis</strong></span> 
     </span>
    </p>
   </div>
   <div class='ocr_carea' id='block_1_99' title="bbox 209 5326 1814 5403">
    <p class='ocr_par' dir='ltr' id='par_1_99' title="bbox 209 5326 1814 5403">
     <span class='ocr_line' id='line_1_99' title="bbox 209 5326 1814 5403; baseline -0.004 -17"><span class='ocrx_word' id='word_1_774' title='bbox 209 5333 487 5402; x_wconf 73' lang='lat' dir='ltr'><strong>adiacens</strong></span> <span class='ocrx_word' id='word_1_775' title='bbox 510 5348 639 5403; x_wconf 84' lang='lat' dir='ltr'><strong>ager</strong></span> <span class='ocrx_word' id='word_1_776' title='bbox 664 5331 960 5397; x_wconf 87' lang='lat' dir='ltr'><strong>fecundus,</strong></span> <span class='ocrx_word' id='word_1_777' title='bbox 992 5330 1101 5393; x_wconf 85' lang='lat' dir='ltr'><strong>illis</strong></span> <span class='ocrx_word' id='word_1_778' title='bbox 1127 5328 1376 5385; x_wconf 81' lang='lat' dir='ltr'><strong>fortassis</strong></span> <span class='ocrx_word' id='word_1_779' title='bbox 1405 5328 1497 5397; x_wconf 90' lang='lat' dir='ltr'><strong>qui</strong></span> <span class='ocrx_word' id='word_1_780' title='bbox 1528 5327 1631 5383; x_wconf 88' lang='lat' dir='ltr'><strong>sibi</strong></span> <span class='ocrx_word' id='word_1_781' title='bbox 1659 5326 1814 5382; x_wconf 86' lang='lat' dir='ltr'><strong>habi—</strong></span> 
     </span>
    </p>
   </div>
   <div class='ocr_carea' id='block_1_100' title="bbox 211 5418 1813 5496">
    <p class='ocr_par' dir='ltr' id='par_1_100' title="bbox 211 5418 1813 5496">
     <span class='ocr_line' id='line_1_100' title="bbox 211 5418 1813 5496; baseline -0.005 -14"><span class='ocrx_word' id='word_1_782' title='bbox 211 5425 471 5482; x_wconf 77' lang='lat' dir='ltr'><strong>taculum</strong></span> <span class='ocrx_word' id='word_1_783' title='bbox 508 5431 817 5496; x_wconf 66' lang='lat' dir='ltr'><strong>praeparant</strong></span> <span class='ocrx_word' id='word_1_784' title='bbox 866 5424 923 5480; x_wconf 90' lang='lat' dir='ltr'><strong>in</strong></span> <span class='ocrx_word' id='word_1_785' title='bbox 970 5432 1117 5480; x_wconf 87' lang='lat' dir='ltr'><strong>terra</strong></span> <span class='ocrx_word' id='word_1_786' title='bbox 1156 5421 1478 5485; x_wconf 83' lang='lat' dir='ltr'><strong>viventium,</strong></span> <span class='ocrx_word' id='word_1_787' title='bbox 1526 5426 1581 5474; x_wconf 91' lang='lat' dir='ltr'><strong>et</strong></span> <span class='ocrx_word' id='word_1_788' title='bbox 1622 5420 1676 5473; x_wconf 91' lang='lat' dir='ltr'><strong>in</strong></span> <span class='ocrx_word' id='word_1_789' title='bbox 1722 5418 1813 5474; x_wconf 90' lang='lat' dir='ltr'><strong>illa</strong></span> 
     </span>
    </p>
   </div>
   <div class='ocr_carea' id='block_1_101' title="bbox 210 5510 1810 5587">
    <p class='ocr_par' dir='ltr' id='par_1_101' title="bbox 210 5510 1810 5587">
     <span class='ocr_line' id='line_1_101' title="bbox 210 5510 1810 5587; baseline -0.004 -17"><span class='ocrx_word' id='word_1_790' title='bbox 210 5526 373 5572; x_wconf 79' lang='lat' dir='ltr'><strong>terra</strong></span> <span class='ocrx_word' id='word_1_791' title='bbox 433 5533 597 5587; x_wconf 87' lang='lat' dir='ltr'><strong>quam</strong></span> <span class='ocrx_word' id='word_1_792' title='bbox 635 5514 936 5572; x_wconf 88' lang='lat' dir='ltr'><strong>mansuetis</strong></span> <span class='ocrx_word' id='word_1_793' title='bbox 972 5514 1238 5571; x_wconf 88' lang='lat' dir='ltr'><strong>Dominus</strong></span> <span class='ocrx_word' id='word_1_794' title='bbox 1278 5510 1548 5583; x_wconf 87' lang='lat' dir='ltr'><strong>promittit</strong></span> <span class='ocrx_word' id='word_1_795' title='bbox 1582 5510 1810 5565; x_wconf 88' lang='lat' dir='ltr'><strong>dicens:</strong></span> 
     </span>
    </p>
   </div>
   <div class='ocr_carea' id='block_1_102' title="bbox 204 5599 1814 5679">
    <p class='ocr_par' dir='ltr' id='par_1_102' title="bbox 204 5599 1814 5679">
     <span class='ocr_line' id='line_1_102' title="bbox 204 5599 1814 5679; baseline -0.004 -18"><span class='ocrx_word' id='word_1_796' title='bbox 204 5603 373 5661; x_wconf 77' lang='lat' dir='ltr'><strong>Beati</strong></span> <span class='ocrx_word' id='word_1_797' title='bbox 423 5606 575 5663; x_wconf 77' lang='lat' dir='ltr'><strong>mites</strong></span> <span class='ocrx_word' id='word_1_798' title='bbox 605 5645 622 5670; x_wconf 89' lang='lat'><strong>,</strong></span> <span class='ocrx_word' id='word_1_799' title='bbox 660 5605 909 5679; x_wconf 77' lang='lat' dir='ltr'><strong>quoniam</strong></span> <span class='ocrx_word' id='word_1_800' title='bbox 947 5604 1046 5676; x_wconf 82' lang='lat' dir='ltr'><strong>ipsi</strong></span> <span class='ocrx_word' id='word_1_801' title='bbox 1084 5604 1441 5661; x_wconf 76' lang='lat' dir='ltr'><strong>hwrcditatcm</strong></span> <span class='ocrx_word' id='word_1_802' title='bbox 1480 5599 1814 5673; x_wconf 80' lang='lat' dir='ltr'><strong>possidebunt</strong></span> 
     </span>
    </p>
   </div>
   <div class='ocr_carea' id='block_1_103' title="bbox 207 5692 1813 5769">
    <p class='ocr_par' dir='ltr' id='par_1_103' title="bbox 207 5692 1813 5769">
     <span class='ocr_line' id='line_1_103' title="bbox 207 5692 1813 5769; baseline -0.004 -15"><span class='ocrx_word' id='word_1_803' title='bbox 207 5710 429 5754; x_wconf 74' lang='lat' dir='ltr'><strong>terram</strong></span> <span class='ocrx_word' id='word_1_804' title='bbox 457 5696 674 5769; x_wconf 68' lang='lat' dir='ltr'><strong>(Matth.</strong></span> <span class='ocrx_word' id='word_1_805' title='bbox 698 5697 774 5769; x_wconf 86' lang='lat' dir='ltr'><strong>v).</strong></span> <span class='ocrx_word' id='word_1_806' title='bbox 807 5699 944 5755; x_wconf 83' lang='lat' dir='ltr'><strong>Istas</strong></span> <span class='ocrx_word' id='word_1_807' title='bbox 967 5712 1101 5766; x_wconf 85' lang='lat' dir='ltr'><strong>ergo</strong></span> <span class='ocrx_word' id='word_1_808' title='bbox 1124 5698 1336 5763; x_wconf 88' lang='lat' dir='ltr'><strong>domos,</strong></span> <span class='ocrx_word' id='word_1_809' title='bbox 1366 5695 1413 5752; x_wconf 91' lang='lat' dir='ltr'><strong>si</strong></span> <span class='ocrx_word' id='word_1_810' title='bbox 1441 5694 1583 5752; x_wconf 88' lang='lat' dir='ltr'><strong>forte</strong></span> <span class='ocrx_word' id='word_1_811' title='bbox 1613 5692 1813 5763; x_wconf 87' lang='lat' dir='ltr'><strong>aliquis</strong></span> 
     </span>
    </p>
   </div>
   <div class='ocr_carea' id='block_1_104' title="bbox 1913 4487 3497 4573">
    <p class='ocr_par' dir='ltr' id='par_1_104' title="bbox 1913 4487 3497 4573">
     <span class='ocr_line' id='line_1_104' title="bbox 1913 4487 3497 4573; baseline -0.011 -13"><span class='ocrx_word' id='word_1_812' title='bbox 1913 4513 2034 4560; x_wconf 80' lang='lat' dir='ltr'><strong>sunt</strong></span> <span class='ocrx_word' id='word_1_813' title='bbox 2054 4511 2227 4558; x_wconf 80' lang='lat' dir='ltr'><strong>autem</strong></span> <span class='ocrx_word' id='word_1_814' title='bbox 2243 4510 2455 4573; x_wconf 77' lang='lat' dir='ltr'><strong>propter</strong></span> <span class='ocrx_word' id='word_1_815' title='bbox 2468 4495 2923 4555; x_wconf 84' lang='lat' dir='ltr'><strong>commonitionem</strong></span> <span class='ocrx_word' id='word_1_816' title='bbox 2942 4503 3176 4549; x_wconf 84' lang='lat' dir='ltr'><strong>nostram</strong></span> <span class='ocrx_word' id='word_1_817' title='bbox 3196 4489 3251 4564; x_wconf 88' lang='grc' dir='ltr'><strong>(Ι</strong></span> <span class='ocrx_word' id='word_1_818' title='bbox 3273 4488 3397 4546; x_wconf 82' lang='lat' dir='ltr'><strong>Cor.</strong></span> <span class='ocrx_word' id='word_1_819' title='bbox 3418 4487 3497 4561; x_wconf 65' lang='grc' dir='ltr'><strong>ι).</strong></span> 
     </span>
    </p>
   </div>
   <div class='ocr_carea' id='block_1_105' title="bbox 1914 4579 3501 4661">
    <p class='ocr_par' dir='ltr' id='par_1_105' title="bbox 1914 4579 3501 4661">
     <span class='ocr_line' id='line_1_105' title="bbox 1914 4579 3501 4661; baseline -0.011 -10"><span class='ocrx_word' id='word_1_820' title='bbox 1914 4593 2030 4651; x_wconf 80' lang='lat' dir='ltr'><strong>Hoc</strong></span> <span class='ocrx_word' id='word_1_821' title='bbox 2076 4592 2237 4648; x_wconf 84' lang='lat' dir='ltr'><strong>modo</strong></span> <span class='ocrx_word' id='word_1_822' title='bbox 2280 4602 2496 4661; x_wconf 90' lang='lat' dir='ltr'><strong>semper</strong></span> <span class='ocrx_word' id='word_1_823' title='bbox 2541 4587 2736 4644; x_wconf 90' lang='lat' dir='ltr'><strong>domus</strong></span> <span class='ocrx_word' id='word_1_824' title='bbox 2778 4599 2967 4641; x_wconf 90' lang='lat' dir='ltr'><strong>eorum</strong></span> <span class='ocrx_word' id='word_1_825' title='bbox 3013 4581 3320 4649; x_wconf 90' lang='lat' dir='ltr'><strong>redimitur,</strong></span> <span class='ocrx_word' id='word_1_826' title='bbox 3371 4579 3501 4651; x_wconf 90' lang='lat' dir='ltr'><strong>quia</strong></span> 
     </span>
    </p>
   </div>
   <div class='ocr_carea' id='block_1_106' title="bbox 1880 4672 3499 4758">
    <p class='ocr_par' dir='ltr' id='par_1_106' title="bbox 1880 4672 3499 4758">
     <span class='ocr_line' id='line_1_106' title="bbox 1880 4672 3499 4758; baseline -0.009 -15"><span class='ocrx_word' id='word_1_827' title='bbox 1880 4672 2130 4758; x_wconf 53' lang='lat' dir='ltr'><strong>&#39;sempcr</strong></span> <span class='ocrx_word' id='word_1_828' title='bbox 2175 4700 2275 4755; x_wconf 88' lang='lat' dir='ltr'><strong>pro</strong></span> <span class='ocrx_word' id='word_1_829' title='bbox 2318 4681 2492 4754; x_wconf 90' lang='lat' dir='ltr'><strong>culpis</strong></span> <span class='ocrx_word' id='word_1_830' title='bbox 2525 4695 2714 4737; x_wconf 91' lang='lat' dir='ltr'><strong>eorum</strong></span> <span class='ocrx_word' id='word_1_831' title='bbox 2757 4677 3008 4751; x_wconf 84' lang='lat' dir='ltr'><strong>purgatio</strong></span> <span class='ocrx_word' id='word_1_832' title='bbox 3048 4683 3105 4731; x_wconf 91' lang='lat' dir='ltr'><strong>et</strong></span> <span class='ocrx_word' id='word_1_833' title='bbox 3143 4673 3439 4733; x_wconf 84' lang='lat' dir='ltr'><strong>satisfactio</strong></span> <span class='ocrx_word' id='word_1_834' title='bbox 3467 4688 3499 4728; x_wconf 91' lang='lat' dir='ltr'><strong>a</strong></span> 
     </span>
    </p>
   </div>
   <div class='ocr_carea' id='block_1_107' title="bbox 1914 4762 3501 4841">
    <p class='ocr_par' dir='ltr' id='par_1_107' title="bbox 1914 4762 3501 4841">
     <span class='ocr_line' id='line_1_107' title="bbox 1914 4762 3501 4841; baseline -0.014 -5"><span class='ocrx_word' id='word_1_835' title='bbox 1914 4776 2227 4841; x_wconf 85' lang='lat' dir='ltr'><strong>doctoribus</strong></span> <span class='ocrx_word' id='word_1_836' title='bbox 2264 4774 2553 4830; x_wconf 82' lang='lat' dir='ltr'><strong>adhibetur</strong></span> <span class='ocrx_word' id='word_1_837' title='bbox 2584 4768 2995 4827; x_wconf 83' lang='lat' dir='ltr'><strong>ostendentibus</strong></span> <span class='ocrx_word' id='word_1_838' title='bbox 3020 4782 3090 4823; x_wconf 80' lang='lat' dir='ltr'><strong>ex</strong></span> <span class='ocrx_word' id='word_1_839' title='bbox 3120 4765 3315 4826; x_wconf 90' lang='lat' dir='ltr'><strong>divinis</strong></span> <span class='ocrx_word' id='word_1_840' title='bbox 3353 4762 3501 4820; x_wconf 79' lang='lat' dir='ltr'><strong>Scri-</strong></span> 
     </span>
    </p>
   </div>
   <div class='ocr_carea' id='block_1_108' title="bbox 1914 4854 3508 4941">
    <p class='ocr_par' dir='ltr' id='par_1_108' title="bbox 1914 4854 3508 4941">
     <span class='ocr_line' id='line_1_108' title="bbox 1914 4854 3508 4941; baseline -0.009 -17"><span class='ocrx_word' id='word_1_841' title='bbox 1914 4868 2110 4941; x_wconf 89' lang='lat' dir='ltr'><strong>pturis,</strong></span> <span class='ocrx_word' id='word_1_842' title='bbox 2155 4864 2360 4921; x_wconf 82' lang='lat' dir='ltr'><strong>fortnas</strong></span> <span class='ocrx_word' id='word_1_843' title='bbox 2388 4862 2555 4919; x_wconf 88' lang='lat' dir='ltr'><strong>fuisse</strong></span> <span class='ocrx_word' id='word_1_844' title='bbox 2593 4862 2712 4918; x_wconf 84' lang='lat' dir='ltr'><strong>haec</strong></span> <span class='ocrx_word' id='word_1_845' title='bbox 2751 4867 2808 4916; x_wconf 91' lang='lat' dir='ltr'><strong>et</strong></span> <span class='ocrx_word' id='word_1_846' title='bbox 2848 4858 3112 4932; x_wconf 87' lang='lat' dir='ltr'><strong>imagines</strong></span> <span class='ocrx_word' id='word_1_847' title='bbox 3139 4872 3323 4914; x_wconf 88' lang='lat' dir='ltr'><strong>rerum</strong></span> <span class='ocrx_word' id='word_1_848' title='bbox 3350 4854 3508 4911; x_wconf 73' lang='lat' dir='ltr'><strong>futu-</strong></span> 
     </span>
    </p>
   </div>
   <div class='ocr_carea' id='block_1_109' title="bbox 1914 4950 3513 5028">
    <p class='ocr_par' dir='ltr' id='par_1_109' title="bbox 1914 4950 3513 5028">
     <span class='ocr_line' id='line_1_109' title="bbox 1914 4950 3513 5028; baseline -0.006 -15"><span class='ocrx_word' id='word_1_849' title='bbox 1914 4975 2131 5024; x_wconf 89' lang='lat' dir='ltr'><strong>rarum;</strong></span> <span class='ocrx_word' id='word_1_850' title='bbox 2162 4972 2271 5013; x_wconf 88' lang='lat' dir='ltr'><strong>non</strong></span> <span class='ocrx_word' id='word_1_851' title='bbox 2301 4955 2497 5028; x_wconf 90' lang='lat' dir='ltr'><strong>quibus</strong></span> <span class='ocrx_word' id='word_1_852' title='bbox 2534 4962 2898 5025; x_wconf 86' lang='lat' dir='ltr'><strong>arguerentur</strong></span> <span class='ocrx_word' id='word_1_853' title='bbox 2924 4950 3118 5008; x_wconf 88' lang='lat' dir='ltr'><strong>delicta</strong></span> <span class='ocrx_word' id='word_1_854' title='bbox 3158 4958 3513 5015; x_wconf 69' lang='lat' dir='ltr'><strong>sanctorum,</strong></span> 
     </span>
    </p>
   </div>
   <div class='ocr_carea' id='block_1_110' title="bbox 1912 5041 3513 5121">
    <p class='ocr_par' dir='ltr' id='par_1_110' title="bbox 1912 5041 3513 5121">
     <span class='ocr_line' id='line_1_110' title="bbox 1912 5041 3513 5121; baseline -0.009 -14"><span class='ocrx_word' id='word_1_855' title='bbox 1912 5050 2006 5107; x_wconf 87' lang='lat' dir='ltr'><strong>sed</strong></span> <span class='ocrx_word' id='word_1_856' title='bbox 2029 5047 2227 5121; x_wconf 88' lang='lat' dir='ltr'><strong>quibus</strong></span> <span class='ocrx_word' id='word_1_857' title='bbox 2252 5046 2630 5103; x_wconf 88' lang='lat' dir='ltr'><strong>ostenderetur</strong></span> <span class='ocrx_word' id='word_1_858' title='bbox 2650 5052 2967 5114; x_wconf 84' lang='lat' dir='ltr'><strong>peccatores</strong></span> <span class='ocrx_word' id='word_1_859' title='bbox 2987 5042 3185 5113; x_wconf 88' lang='lat' dir='ltr'><strong>impios</strong></span> <span class='ocrx_word' id='word_1_860' title='bbox 3208 5041 3263 5096; x_wconf 92' lang='lat' dir='ltr'><strong>in</strong></span> <span class='ocrx_word' id='word_1_861' title='bbox 3290 5047 3513 5113; x_wconf 71' lang='lat' dir='ltr'><strong>partem.</strong></span> 
     </span>
    </p>
   </div>
   <div class='ocr_carea' id='block_1_111' title="bbox 1911 5135 3515 5209">
    <p class='ocr_par' dir='ltr' id='par_1_111' title="bbox 1911 5135 3515 5209">
     <span class='ocr_line' id='line_1_111' title="bbox 1911 5135 3515 5209; baseline -0.006 -11"><span class='ocrx_word' id='word_1_862' title='bbox 1911 5151 2248 5209; x_wconf 80' lang='lat' dir='ltr'><strong>sanctorum,</strong></span> <span class='ocrx_word' id='word_1_863' title='bbox 2287 5139 2711 5209; x_wconf 86' lang='lat' dir='ltr'><strong>societatemque</strong></span> <span class='ocrx_word' id='word_1_864' title='bbox 2736 5136 3023 5196; x_wconf 76' lang='lat' dir='ltr'><strong>conscissi.</strong></span> <span class='ocrx_word' id='word_1_865' title='bbox 3055 5135 3343 5208; x_wconf 90' lang='lat' dir='ltr'><strong>Nunquam</strong></span> <span class='ocrx_word' id='word_1_866' title='bbox 3367 5148 3515 5204; x_wconf 68' lang='lat' dir='ltr'><strong>ergo</strong></span> 
     </span>
    </p>
   </div>
   <div class='ocr_carea' id='block_1_112' title="bbox 1913 5223 3510 5303">
    <p class='ocr_par' dir='ltr' id='par_1_112' title="bbox 1913 5223 3510 5303">
     <span class='ocr_line' id='line_1_112' title="bbox 1913 5223 3510 5303; baseline -0.008 -14"><span class='ocrx_word' id='word_1_867' title='bbox 1913 5231 2271 5290; x_wconf 87' lang='lat' dir='ltr'><strong>sacerdotalis</strong></span> <span class='ocrx_word' id='word_1_868' title='bbox 2312 5228 2587 5303; x_wconf 88' lang='lat' dir='ltr'><strong>possessio</strong></span> <span class='ocrx_word' id='word_1_869' title='bbox 2621 5244 2652 5283; x_wconf 85' lang='lat' dir='ltr'><strong>a</strong></span> <span class='ocrx_word' id='word_1_870' title='bbox 2688 5228 2970 5285; x_wconf 89' lang='lat' dir='ltr'><strong>sacerdote</strong></span> <span class='ocrx_word' id='word_1_871' title='bbox 3004 5237 3307 5298; x_wconf 90' lang='lat' dir='ltr'><strong>separatur,</strong></span> <span class='ocrx_word' id='word_1_872' title='bbox 3334 5223 3510 5278; x_wconf 69' lang='lat' dir='ltr'><strong>etiam</strong></span> 
     </span>
    </p>
   </div>
   <div class='ocr_carea' id='block_1_113' title="bbox 1916 5318 3511 5400">
    <p class='ocr_par' dir='ltr' id='par_1_113' title="bbox 1916 5318 3511 5400">
     <span class='ocr_line' id='line_1_113' title="bbox 1916 5318 3511 5400; baseline -0.011 -14"><span class='ocrx_word' id='word_1_873' title='bbox 1916 5329 1961 5387; x_wconf 89' lang='lat' dir='ltr'><strong>si</strong></span> <span class='ocrx_word' id='word_1_874' title='bbox 1989 5328 2056 5384; x_wconf 90' lang='lat' dir='ltr'><strong>ad</strong></span> <span class='ocrx_word' id='word_1_875' title='bbox 2081 5336 2292 5400; x_wconf 90' lang='lat' dir='ltr'><strong>tempus</strong></span> <span class='ocrx_word' id='word_1_876' title='bbox 2313 5326 2480 5385; x_wconf 83' lang='lat' dir='ltr'><strong>fuerit</strong></span> <span class='ocrx_word' id='word_1_877' title='bbox 2501 5324 2679 5387; x_wconf 82' lang='lat' dir='ltr'><strong>ablata</strong></span> <span class='ocrx_word' id='word_1_878' title='bbox 2700 5364 2716 5390; x_wconf 85' lang='lat'><strong>,</strong></span> <span class='ocrx_word' id='word_1_879' title='bbox 2745 5324 2910 5380; x_wconf 88' lang='lat' dir='ltr'><strong>etiam</strong></span> <span class='ocrx_word' id='word_1_880' title='bbox 2937 5323 2982 5379; x_wconf 88' lang='lat' dir='ltr'><strong>si</strong></span> <span class='ocrx_word' id='word_1_881' title='bbox 3015 5321 3178 5377; x_wconf 84' lang='lat' dir='ltr'><strong>fuerit</strong></span> <span class='ocrx_word' id='word_1_882' title='bbox 3203 5318 3511 5385; x_wconf 72' lang='lat' dir='ltr'><strong>distracta;</strong></span> 
     </span>
    </p>
   </div>
   <div class='ocr_carea' id='block_1_114' title="bbox 1916 5402 3514 5487">
    <p class='ocr_par' dir='ltr' id='par_1_114' title="bbox 1916 5402 3514 5487">
     <span class='ocr_line' id='line_1_114' title="bbox 1916 5402 3514 5487; baseline -0.008 -13"><span class='ocrx_word' id='word_1_883' title='bbox 1916 5432 2130 5487; x_wconf 87' lang='lat' dir='ltr'><strong>semper</strong></span> <span class='ocrx_word' id='word_1_884' title='bbox 2167 5415 2481 5480; x_wconf 87' lang='lat' dir='ltr'><strong>redimitur,</strong></span> <span class='ocrx_word' id='word_1_885' title='bbox 2515 5427 2731 5484; x_wconf 87' lang='lat' dir='ltr'><strong>semper</strong></span> <span class='ocrx_word' id='word_1_886' title='bbox 2764 5418 3081 5483; x_wconf 89' lang='lat' dir='ltr'><strong>reparatur;</strong></span> <span class='ocrx_word' id='word_1_887' title='bbox 3116 5406 3263 5462; x_wconf 90' lang='lat' dir='ltr'><strong>velut</strong></span> <span class='ocrx_word' id='word_1_888' title='bbox 3283 5404 3330 5460; x_wconf 91' lang='lat' dir='ltr'><strong>si</strong></span> <span class='ocrx_word' id='word_1_889' title='bbox 3353 5402 3514 5461; x_wconf 81' lang='lat' dir='ltr'><strong>dice-</strong></span> 
     </span>
    </p>
   </div>
   <div class='ocr_carea' id='block_1_115' title="bbox 1918 5496 3512 5578">
    <p class='ocr_par' dir='ltr' id='par_1_115' title="bbox 1918 5496 3512 5578">
     <span class='ocr_line' id='line_1_115' title="bbox 1918 5496 3512 5578; baseline -0.007 -13"><span class='ocrx_word' id='word_1_890' title='bbox 1918 5518 2042 5565; x_wconf 88' lang='lat' dir='ltr'><strong>ret:</strong></span> <span class='ocrx_word' id='word_1_891' title='bbox 2067 5508 2315 5564; x_wconf 82' lang='lat' dir='ltr'><strong>Charitas</strong></span> <span class='ocrx_word' id='word_1_892' title='bbox 2336 5522 2457 5578; x_wconf 72' lang='lat' dir='ltr'><strong>qua:</strong></span> <span class='ocrx_word' id='word_1_893' title='bbox 2483 5503 2721 5577; x_wconf 82' lang='lat' dir='ltr'><strong>perfecta</strong></span> <span class='ocrx_word' id='word_1_894' title='bbox 2747 5510 2834 5559; x_wconf 90' lang='lat' dir='ltr'><strong>est</strong></span> <span class='ocrx_word' id='word_1_895' title='bbox 2858 5503 3034 5561; x_wconf 81' lang='lat' dir='ltr'><strong>omnia</strong></span> <span class='ocrx_word' id='word_1_896' title='bbox 3067 5499 3290 5571; x_wconf 82' lang='lat' dir='ltr'><strong>patitur,</strong></span> <span class='ocrx_word' id='word_1_897' title='bbox 3321 5496 3512 5554; x_wconf 57' lang='lat' dir='ltr'><strong>omni:</strong></span> 
     </span>
    </p>
   </div>
   <div class='ocr_carea' id='block_1_116' title="bbox 1915 5584 3508 5671">
    <p class='ocr_par' dir='ltr' id='par_1_116' title="bbox 1915 5584 3508 5671">
     <span class='ocr_line' id='line_1_116' title="bbox 1915 5584 3508 5671; baseline -0.007 -17"><span class='ocrx_word' id='word_1_898' title='bbox 1915 5608 2122 5671; x_wconf 82' lang='lat' dir='ltr'><strong>sperat,</strong></span> <span class='ocrx_word' id='word_1_899' title='bbox 2172 5597 2351 5653; x_wconf 80' lang='lat' dir='ltr'><strong>omnia</strong></span> <span class='ocrx_word' id='word_1_900' title='bbox 2392 5594 2580 5653; x_wconf 75' lang='lat' dir='ltr'><strong>tolerat</strong></span> <span class='ocrx_word' id='word_1_901' title='bbox 2623 5606 2642 5647; x_wconf 88' lang='lat'><strong><em>:</em></strong></span> <span class='ocrx_word' id='word_1_902' title='bbox 2695 5592 2927 5649; x_wconf 81' lang='lat' dir='ltr'><strong>charitas</strong></span> <span class='ocrx_word' id='word_1_903' title='bbox 2985 5604 3253 5660; x_wconf 82' lang='lat' dir='ltr'><strong>nunquam</strong></span> <span class='ocrx_word' id='word_1_904' title='bbox 3303 5584 3508 5643; x_wconf 68' lang='lat' dir='ltr'><strong>excidit</strong></span> 
     </span>
    </p>
   </div>
   <div class='ocr_carea' id='block_1_117' title="bbox 1918 5677 3497 5762">
    <p class='ocr_par' dir='ltr' id='par_1_117' title="bbox 1918 5677 3497 5762">
     <span class='ocr_line' id='line_1_117' title="bbox 1918 5677 3497 5762; baseline -0.006 -18"><span class='ocrx_word' id='word_1_905' title='bbox 1918 5690 1941 5762; x_wconf 93' lang='lat'><strong>(</strong></span> <span class='ocrx_word' id='word_1_906' title='bbox 1966 5688 1993 5743; x_wconf 81' lang='grc'><em>1</em></span> <span class='ocrx_word' id='word_1_907' title='bbox 2016 5687 2121 5745; x_wconf 86' lang='lat' dir='ltr'><strong>Cor</strong></span> <span class='ocrx_word' id='word_1_908' title='bbox 2146 5687 2290 5761; x_wconf 77' lang='grc' dir='ltr'><strong>ιω).</strong></span> <span class='ocrx_word' id='word_1_909' title='bbox 2312 5686 2405 5746; x_wconf 90' lang='lat' dir='ltr'><strong>Sic</strong></span> <span class='ocrx_word' id='word_1_910' title='bbox 2425 5700 2557 5758; x_wconf 85' lang='lat' dir='ltr'><strong>ergo</strong></span> <span class='ocrx_word' id='word_1_911' title='bbox 2576 5690 2631 5741; x_wconf 92' lang='lat' dir='ltr'><strong>et</strong></span> <span class='ocrx_word' id='word_1_912' title='bbox 2658 5680 2932 5754; x_wconf 85' lang='lat' dir='ltr'><strong>possessio</strong></span> <span class='ocrx_word' id='word_1_913' title='bbox 2948 5695 3011 5736; x_wconf 86' lang='lat' dir='ltr'><strong>ac</strong></span> <span class='ocrx_word' id='word_1_914' title='bbox 3045 5677 3249 5736; x_wconf 82' lang='lat' dir='ltr'><strong>domus</strong></span> <span class='ocrx_word' id='word_1_915' title='bbox 3265 5683 3497 5737; x_wconf 76' lang='lat' dir='ltr'><strong>cuncto-</strong></span> 
     </span>
    </p>
   </div>
  </div>
