3926 6176
413 267 518 325 543

1049 261 1111 321 Β.
1153 261 1404 318 RABAN]
1445 263 1662 320 MAURI
1701 262 2020 320 ARCIIIEP.
2063 261 2371 320 MOGUNT.
2414 263 2699 322 OPERUM
2732 265 2914 324 PARS
2950 267 2991 323 ι.

3554 277 3652 331 5H

409 397 532 441 rum
562 393 835 450 nunquam
867 376 1032 443 cadit,
1070 391 1349 449 nunquam
1383 375 1659 441 aufertur,
1704 389 1980 445 nunquam
2012 376 2058 434 A
2087 373 2155 427 ad
2181 374 2338 429 ﬁdem
2359 376 2536 442 venit;
2567 377 2858 446 inquilinus
2876 386 3054 433 autem
3083 388 3287 445 noster,
3309 381 3400 450 qui
3428 385 3654 441 necdum

408 475 480 530 ab
522 487 708 528 eorum
735 469 859 539 jure
897 475 1201 540 separatur.
1241 467 1520 536 Quomodo
1556 468 1701 523 enim
1741 469 1984 536 separari

409 579 440 620 a
493 561 869 618 sacerdotibus
926 561 1120 616 domus
1159 567 1372 631 potest,
1419 573 1540 628 quae
1583 557 1848 612 mdiﬁeata
1903 566 1989 611 est

411 670 576 724 supra
617 653 1022 708 fundamentum
1071 651 1438 723 apostolorum
1483 660 1540 706 et
1578 652 1984 721 prophetarum,

413 748 466 803 in
490 761 594 817 qua
615 754 694 800 est
720 745 832 814 ipse
855 743 1124 814 augularis
1144 743 1279 812 lapis
1297 740 1454 797 Jesus
1473 741 1750 796 Christus?
1770 740 1985 811 (Ephes.

414 838 499 909 ιι.)
519 837 673 905 Quod
694 846 872 891 autem
895 836 1066 906 possit
1081 835 1369 904 aliquando
1400 834 1590 889 domus
1613 835 1716 888 ista
1738 833 1985 899 distrahi,

413 931 519 984 hoc
553 937 653 991 est,
688 927 992 997 hujusmodi
1023 924 1312 980 tediﬁeatio
1342 925 1577 979 incidere
1599 925 1654 978 in
1683 932 1987 994 peccatum,

305 1011 313 1020 ’
412 1019 539 1072 audi
586 1017 887 1088 apostolum
917 1015 1174 1082 Paulum,
1223 1029 1331 1084 quo
1356 1015 1515 1068 modo
1549 1023 1603 1069 et
1640 1013 1765 1068 alibi
1810 1014 1940 1068 dicit
1972 1033 1985 1069 :

418 1104 485 1158 Ut
525 1107 729 1176 sapiens
772 1107 1084 1159 architectus
1114 1105 1532 1174 fundamentum,
1574 1105 1768 1175 inquit,
1814 1105 1987 1176 posui,

414 1197 552 1251 alius
592 1197 1008 1268 superadiﬁcat;
1038 1197 1406 1267 :unusquisque
1440 1205 1612 1249 autem
1653 1195 1818 1248 videat
1863 1212 1992 1265 quo-

412 1290 567 1342 modo
617 1289 999 1360 superwdiﬁcet
1031 1301 1049 1340 :
1077 1287 1476 1357 fundamentum
1499 1287 1634 1340 enim
1663 1286 1813 1340 aliud
1843 1303 1990 1342 nemo

411 1389 576 1448 potest
602 1396 792 1448 ponere
812 1388 1009 1448 praeter
1027 1379 1081 1431 id
1099 1378 1238 1446 quod
1251 1379 1476 1447 positum
1503 1387 1595 1442 est,
1624 1378 1712 1447 qui
1739 1388 1811 1431 est
1834 1377 1988 1431 Chriv

412 1479 525 1521 stus
566 1468 740 1521 Jesus.
789 1467 848 1523 Si
883 1469 996 1539 quis
1035 1478 1209 1522 autem
1257 1485 1417 1538 supra
1462 1467 1861 1537 fundamentum
1895 1469 1991 1523 hoc

414 1559 642 1635 a'diﬁcat
671 1575 879 1623 aurum,
912 1570 1206 1629 argentum,
1229 1559 1428 1630 lapides
1465 1560 1740 1630 pretiosos,
1770 1560 1990 1630 lignum,

413 1650 611 1719 fenum,
641 1651 888 1720 stipulam
923 1650 974 1723 (I
1009 1651 1132 1706 Cor.
1166 1652 1270 1721 ιιι).
1310 1651 1475 1707 Vides
1503 1667 1632 1723 ergo
1659 1653 1785 1722 quia
1815 1662 1993 1724 potest

2086 466 2356 534 propriam
2385 467 2605 522 domum
2632 468 2794 522 habet
2813 508 2828 533 ,
2860 468 2955 522 sed
2985 477 3166 524 nostra
3204 470 3570 530 admonitione
3602 485 3658 532 et

2086 553 2326 626 diligenti
2379 557 2730 616 instructione
2778 567 2899 628 eget
2948 567 3007 613 ut
3053 568 3395 631 protegatur,
3442 573 3499 619 et
3551 581 3656 624 non

2087 648 2534 716 quemadmodum
2563 651 2680 705 sine
2726 651 2886 706 domo
2941 653 3044 707 huc
3080 661 3135 707 et
3173 653 3301 708 illuc
3345 665 3532 720 erret;
3580 660 3658 716 sic

2087 753 2217 808 ergo
2243 739 2566 794 auxiliamur
2592 741 2804 797 inﬁrmo
2835 741 2991 796 fratri
3018 753 3077 796 ut
3103 743 3248 797 vivat
3276 745 3582 811 nobiscum,
3607 759 3658 804 et

2089 832 2395 887 nullatenus
2439 834 2724 898 moriatur,
2776 850 2808 889 a
2856 835 3266 890 conversatione
3313 836 3406 890 Dei
3457 837 3658 893 alienus

2088 923 2332 989 effectus,
2371 925 2556 980 vivens
2585 925 2884 990 nobiscum,
2917 925 2970 979 id
2997 935 3098 990 est,
3128 941 3227 996 per
3251 942 3352 982 nos
3376 939 3431 982 et
3451 943 3551 998 per
3570 945 3660 982 no—

2090 1021 2258 1068 stram
2300 1013 2635 1080 doctrinam,
2679 1015 3130 1084 quemadmodum
3170 1016 3494 1086 quibusdam
3529 1018 3664 1074 cibis

2089 1102 2246 1159 bonis
2289 1103 2643 1160 confortatus.
2691 1105 2915 1175 Oportet
2966 1115 3148 1162 autem
3186 1107 3235 1162 ei
3273 1108 3414 1163 sicut
3453 1108 3664 1165 inﬁrmo

2091 1203 2552 1268 condescendere,
2585 1213 2640 1258 et
2667 1204 2872 1259 mederi
2911 1220 3031 1274 quae
3073 1203 3369 1259 secundum
3405 1206 3666 1260 virtutem

2091 1289 2206 1359 ejus
2239 1300 2383 1352 sunt.
2413 1292 2702 1362 Propterea
2737 1295 2996 1360 subdidit,
3033 1311 3095 1348 ne
3125 1295 3354 1365 accipias
3387 1312 3584 1350 usuras
3606 1296 3666 1350 ab

2091 1396 2172 1446 eo,
2203 1397 2294 1435 nec
2323 1382 2552 1454 amplius
2581 1400 2738 1454 quam
2761 1384 2969 1448 dedisti,
2999 1399 3069 1438 ne
3096 1383 3234 1439 forte
3270 1399 3395 1440 cum
3419 1385 3669 1442 inﬁrmus

2093 1467 2269 1524 factus
2292 1471 2380 1535 sit,
2411 1479 2467 1526 et
2488 1487 2518 1526 a
2544 1471 2710 1543 priori
2732 1472 2915 1543 regula
2945 1473 3277 1540 imminutus,
3305 1473 3672 1530 abundantius

2094 1557 2163 1613 ab
2195 1574 2260 1614 eo
2291 1560 2552 1616 virtutum
2590 1562 2956 1632 operationem
2991 1563 3290 1633 exigamus,
3332 1563 3428 1618 sed
3471 1579 3669 1633 provo-

2095 1667 2278 1708 cemus
2302 1668 2424 1708 eum
2465 1668 2789 1723 manumque
2825 1652 2944 1722 ejus
2969 1661 3028 1707 ut
3056 1654 3253 1708 inﬁrmi
3280 1662 3668 1721 sustentemus,

414 1755 579 1810 supra
621 1739 1029 1796 fundamentum
1059 1741 1260 1796 Christi
1288 1741 1546 1796 aediﬁcari
1575 1742 1717 1813 ligna
1739 1785 1752 1809 ,
1786 1743 1990 1812 fenum,
2022 1762 2068 1822 Β
2097 1750 2367 1811 caputque
2403 1757 2525 1798 eum
2553 1741 2921 1797 tantummodo
2948 1742 3081 1814 legis
3107 1751 3161 1796 et
3186 1742 3493 1797 divinorum
3521 1759 3671 1800 mau-

414 1829 700 1897 stipulam,
744 1831 848 1886 hoc
878 1839 961 1885 est
998 1845 1162 1901 opera
1195 1832 1424 1902 peccati,
1465 1847 1584 1901 qua:
1612 1832 1702 1900 qui
1737 1832 1988 1899 :ediﬁcat,

413 1919 531 1974 sine
564 1920 728 1975 dubio
769 1921 1011 1975 vendidit
1057 1921 1271 1976 domum
1309 1935 1462 1976 suam
1501 1920 1729 1990 emptori
1757 1922 1992 1990 pessimo

415 2011 652 2076 diabolo,
679 2028 707 2066 a
734 2029 842 2082 quo
874 2013 1240 2083 unusquisque
1263 2013 1603 2082 peccantium
1628 2013 1833 2082 peccati
1866 2029 1992 2084 pre-

414 2103 549 2156 tium
575 2103 927 2173 consequitur
948 2145 962 2169 ,
995 2103 1424 2158 satisfactionem
1461 2103 1713 2158 desiderii
1742 2104 1849 2168 sui,
1889 2104 1994 2159 hoc

415 2195 460 2250 si
492 2194 630 2250 ferte
667 2196 961 2252 incurrerit
998 2197 1210 2267 aliquis,
1243 2195 1384 2265 quod
1415 2195 1573 2260 absit,
1604 2195 1712 2249 cito
1741 2195 1992 2262 redimat,

413 2287 524 2342 cito
564 2298 780 2357 reparet
806 2289 935 2342 dum
963 2297 1172 2359 tempus
1199 2296 1282 2343 est
1311 2287 1596 2358 reparandi
1617 2328 1632 2351 ,
1661 2288 1784 2342 dum
1815 2288 1993 2356 potni-

415 2379 600 2433 tentia:
621 2378 769 2434 locus
784 2379 1256 2449 est,depreeantes
1283 2381 1335 2434 in
1355 2394 1658 2444 commune,
1684 2394 1752 2433 ne
1779 2387 1994 2433 aeterna:

418 2469 612 2525 domus
641 2471 972 2526 habitatione
1009 2471 1340 2538 fraudemur,
1381 2473 1475 2527 sed
1514 2471 1658 2541 digni
1699 2472 1998 2528 habeamur

418 2561 582 2632 recipi
608 2563 662 2617 in
691 2572 894 2618 aeterna
921 2563 1286 2620 tabernacula.

1023 2651 1248 2708 CAPUT
1279 2652 1385 2706 Vll.

810 2743 888 2798 De
923 2745 1097 2798 usuris
1129 2762 1230 2800 non
1265 2744 1601 2815 accipiendis.

2093 1833 2360 1899 datorum,
2391 1831 2443 1888 id
2467 1841 2572 1898 est,
2598 1843 2658 1888 ut
2676 1848 2781 1889 non
2809 1841 2998 1903 peccet
3018 1832 3326 1902 exigentes;
3356 1849 3488 1904 ergo
3511 1835 3673 1889 nimis

2093 1923 2396 1978 necessarie
2431 1924 2654 1988 addidit,
2685 1924 2808 1977 time
2841 1922 3007 1977 Deum
3050 1932 3221 1990 tuum,
3248 1931 3322 1991 et,
3353 1942 3446 1994 ego
3489 1925 3675 1979 Domi-

2093 2031 2190 2068 nus
2211 2013 2348 2068 Deus
2373 2024 2551 2069 vester.
2573 2013 2738 2086 Cujus
2759 2013 2947 2084 jugum
2969 2029 3132 2070 suave
3150 2024 3254 2080 est,
3282 2017 3371 2084 qui
3395 2016 3675 2071 hominem

2093 2105 2267 2159 modis
2301 2105 2555 2160 omnibus
2595 2105 2812 2174 quidem
2851 2119 2960 2160 non
2997 2120 3228 2175 peccare
3275 2105 3463 2177 exigit,
3504 2107 3675 2161 virtu-

2094 2200 2177 2248 tes
2216 2202 2395 2248 autem
2435 2193 2604 2264 exigit
2641 2193 2936 2248 secundum
2970 2193 3404 2263 possibilitatem.
3447 2193 3677 2265 Propter

2093 2283 2236 2353 quod
2277 2283 2344 2339 de
2385 2285 2692 2354 virginitate
2739 2283 3005 2348 sanciens,
3057 2301 3158 2338 non
3211 2301 3388 2339 omnes
3438 2286 3677 2354 capiunt,

2095 2375 2287 2445 inquit.
2317 2375 2422 2432 Sed
2445 2377 2586 2432 etde
2611 2391 2718 2431 non
2746 2377 3070 2446 possidendo
3097 2378 3299 2433 docens
3327 2397 3340 2432 :
3376 2378 3440 2434 Si
3467 2380 3578 2445 vis,
3603 2380 3679 2433 in-

2094 2466 2230 2534 quit,
2271 2467 2528 2536 perfectus
2558 2484 2667 2522 esse
2709 2465 2925 2538 (Matth.
2969 2467 3117 2540 xix);
3151 2468 3206 2522 in
3234 2469 3493 2524 mandato
3533 2485 3675 2539 prte-

2096 2558 2233 2614 dixit
2282 2577 2294 2613 :
2330 2559 2396 2615 'Si
2439 2577 2561 2630 ergo
2605 2560 2771 2630 frater
2807 2569 2927 2614 tuus
2970 2561 3088 2614 vivit
3129 2560 3270 2630 apud
3296 2569 3368 2626 te,
3391 2563 3676 2628 pecuniam

2095 2663 2241 2706 tuam
2280 2670 2382 2707 non
2420 2652 2568 2707 dabis
2599 2653 2668 2706 ad
2698 2670 2946 2718 usuram,
2989 2662 3038 2708 et
3095 2653 3306 2724 frugum
3345 2652 3679 2722 superabun-

2094 2745 2332 2799 dantiam
2370 2761 2473 2800 non
2504 2746 2693 2816 exiges.
2729 2743 2834 2800 Sed
2860 2744 3084 2799 Paulum
3113 2744 3325 2799 imitare
3351 2745 3633 2798 dicentem
3659 2762 3675 2798 :

488 2833 664 2905 (Ιιιιιι.)
691 2831 749 2888 Si
773 2844 1076 2889 attenuatus
1105 2835 1260 2904 fuerit
1289 2835 1454 2904 frater
1483 2844 1602 2888 tuus
1625 2877 1638 2901 ,
1667 2845 1714 2889 et
1757 2835 1997 2905 inﬁrmus
2098 2833 2296 2890 Factus
2334 2853 2450 2890 sum
2499 2836 2721 2905 inﬁrmis
2763 2835 3003 2904 inﬁrmus
3030 2834 3082 2907 (l
3113 2834 3236 2890 Cor.
3281 2833 3378 2905 Ix).
3407 2833 3563 2888 Nihil
3592 2849 3680 2890 eos

415 2941 600 2991 manu,
640 2935 686 2979 et
722 2928 1008 2996 susceperis
1049 2945 1167 2982 eum
1205 2929 1358 2999 quasi
1398 2929 1649 2982 advenam
1685 2939 1733 2982 et
1771 2931 2000 3000 peregri-
2098 2928 2165 2984 ad
2193 2929 2408 2983 virtutis
2437 2930 2699 2984 rationem
2735 2928 2919 3000 exigas
2945 2927 3065 2998 plus
3095 2943 3124 2981 a
3153 2928 3333 2997 priore
3361 2927 3592 2982 virtute.
3623 2925 3680 2981 Si

418 3032 567 3081 num,
603 3025 649 3070 et
680 3017 864 3071 vixerit
900 3027 1089 3083 tecum,
1131 3036 1192 3072 ne
1222 3019 1447 3088 accipias
1479 3036 1666 3073 usuras
1702 3020 1765 3074 ab
1794 3037 1873 3084 eo,
1909 3035 1999 3074 nec
2100 3029 2283 3077 autem
2312 3020 2460 3074 dicas
2499 3006 2724 3075 forsitan
2753 3035 2847 3074 eos
2869 3035 3048 3091 posse,
3090 3019 3184 3074 sed
3215 3018 3458 3073 inﬁrmos
3483 3033 3549 3073 se
3590 3017 3682 3072 ﬁn-

416 3107 640 3178 amplius
687 3126 845 3178 quam
890 3109 1123 3176 dedisti;
1155 3111 1277 3165 time
1312 3111 1476 3165 Deum
1515 3122 1686 3176 tuum,
1740 3122 1794 3165 ut
1837 3113 1998 3165 vivere
2025 3112 2070 3174 C
2101 3123 2257 3179 gere,
2293 3111 2396 3164 hoc
2413 3109 2527 3179 jam
2558 3126 2662 3166 non
2707 3120 2790 3165 est
2831 3119 3001 3173 tuum,
3044 3109 3137 3163 sed
3174 3108 3314 3162 illius
3345 3115 3427 3162 est
3453 3109 3553 3176 qui
3587 3107 3682 3162 scit

417 3198 579 3266 possit
609 3197 776 3266 frater
811 3208 932 3252 tuus
971 3200 1112 3270 apud
1145 3210 1212 3264 te,
1242 3201 1514 3270 pecuniam
1551 3210 1695 3255 tuam
1724 3219 1826 3255 non
1847 3201 1995 3255 dabis

416 3289 466 3342 ei
515 3289 583 3342 ad
622 3305 872 3354 usuram,
923 3299 970 3344 et
1019 3291 1229 3361 frugum
1273 3309 1429 3362 super
1468 3291 1844 3347 abundantiam
1893 3311 1996 3348 non

416 3377 590 3446 exiges
622 3391 640 3427 .'
670 3395 761 3448 ego
796 3377 1056 3434 Dominus
1103 3381 1241 3436 Deus
1285 3392 1448 3435 uester
1493 3383 1581 3452 qui
1619 3383 1780 3436 eduxi
1814 3401 1899 3437 vos
1934 3384 1998 3438 de

416 3479 559 3523 terra
601 3470 822 3541 ngypti
846 3513 860 3537 ,
900 3483 956 3526 ut
997 3473 1178 3528 darem
1220 3474 1361 3527 vobis
1400 3483 1594 3528 terrent
1634 3472 1907 3538 Chanaan,
1949 3487 1997 3530 et

419 3577 580 3616 essem
596 3572 756 3618 vester
772 3565 931 3620 Deus.
958 3565 1065 3638 (Ea:
1081 3564 1385 3636 Hesychia.)
1407 3565 1464 3621 In
1484 3567 1734 3636 praesenti
1765 3566 1880 3635 lege
1892 3569 1998 3624 duo

421 3662 546 3708 sunt
572 3669 692 3723 qua:
711 3657 898 3711 mirari
916 3657 1237 3729 legislatoris
1251 3665 1515 3726 oporteat,
1550 3655 1598 3710 id
1615 3666 1716 3721 cst,
1735 3659 1997 3727 sapientia

422 3749 477 3796 ct
502 3752 675 3812 pietas
703 3761 717 3798 :
749 3747 1012 3815 sapientia
1035 3746 1277 3816 quidem,
1301 3747 1427 3817 quia
1452 3762 1572 3816 quae
1599 3757 1727 3803 sunt
1748 3749 1996 3803 sublimia

419 3846 518 3901 per
544 3846 606 3886 ea
636 3849 756 3903 quae
779 3836 1031 3891 videntur
1053 3836 1277 3891 humilia
1317 3837 1564 3907 exponit;
1603 3838 1777 3906 pietas
1818 3847 1998 3892 autem

421 3936 542 3990 quae
566 3932 649 3978 est
687 3925 740 3978 in
765 3927 1009 3980 custodia
1038 3927 1230 3982 littera:
1256 3934 1312 3982 et
1335 3928 1808 3998 contemplationis
1839 3929 1999 3999 spiri-

421 4011 565 4066 talis.
589 4012 793 4068 Littera
817 4016 860 4070 si
877 4017 1090 4085 quidem
1113 4017 1367 4087 pauperis
1379 4017 1547 4086 exigit
1567 4018 1996 4083 subventionem,

423 4109 476 4156 et
513 4118 687 4173 neque
722 4104 893 4160 claudi
923 4122 1049 4176 erga
1090 4121 1214 4162 eum
1249 4108 1456 4163 viscera
1495 4107 1698 4177 petenti
1732 4117 1996 4176 mutuum,

427 4208 526 4248 nec
586 4195 849 4266 negotiari
903 4197 970 4253 de
1022 4208 1339 4270 paupertate
1395 4199 1511 4268 ejus
1559 4201 2000 4272 superabundan-

421 4283 552 4338 tiam
587 4287 851 4357 exigendo
873 4329 888 4354 ,
938 4297 994 4344 et
1031 4306 1249 4346 usuram
1285 4292 1651 4362 percipiendo,
1688 4301 1743 4347 et
1789 4291 1997 4347 lucrum

423 4374 487 4428 de
517 4374 718 4444 pietate
745 4378 1030 4448 captando.
1061 4379 1294 4450 Spiritus
1321 4389 1499 4436 autem
1517 4397 1755 4452 anagoge
1775 4381 1999 4436 demon-

422 4471 558 4516 strat
593 4467 862 4534 quomodo
899 4477 1148 4539 oporteat
1195 4471 1270 4525 uti
1304 4471 1384 4526 eis
1429 4473 1520 4541 qui
1562 4473 1650 4527 illa
1679 4482 1998 4544 paupertate

415 4568 682 4626 pauperes
705 4558 832 4614 facti
855 4571 998 4625 sunt,
1026 4562 1092 4617 de
1113 4578 1217 4633 qua
1243 4563 1410 4618 David
1427 4565 1698 4619 clamabat
1723 4583 1734 4618 :
1762 4564 1876 4618 Cito
1905 4582 1999 4620 nos

421 4647 663 4718 anticipet
695 4651 1052 4706 misericordia
1085 4663 1198 4717 tua,
1230 4654 1352 4723 quia
1377 4671 1630 4726 pauperes
1662 4654 1787 4723 facti
1817 4671 1998 4710 sumus

424 4741 577 4795 nimis
607 4739 780 4811 (Psal.
822 4742 1070 4813 Lxxvtn).
1121 4742 1212 4798 Sic
1250 4759 1377 4814 ergo
1421 4742 1712 4798 secundum
1751 4742 1995 4797 ordinem

422 4833 509 4888 bis
535 4848 655 4902 qua:
683 4833 824 4888 dicta
853 4842 978 4888 sunt
1008 4833 1335 4889 intendimus
1367 4851 1380 4888 :
1416 4832 1475 4888 Si
1502 4841 1801 4886 attenuatus
1836 4831 1995 4901 fuerit

421 4923 590 4995 frater
621 4932 740 4976 tuus
761 4933 806 4976 et
835 4924 1075 4991 inﬁrmus
1097 4941 1274 4989 manu,
1307 4935 1354 4978 et
1381 4923 1667 4993 susceperis
1692 4939 1810 4975 eum
1839 4921 1993 4991 quasi

417 5013 675 5067 advenam
717 5022 764 5066 et
805 5015 1152 5084 peregrinum,
1203 5024 1251 5068 et
1304 5014 1484 5068 vixerit
1532 5022 1720 5078 tecum,
1771 5011 1991 5068 fratrem

417 5105 840 5175 uniuscujusque
857 5106 944 5161 hic
963 5107 1224 5177 aqualem
1246 5107 1505 5177 dignitate
1518 5112 1572 5160 et
1587 5104 1996 5161 conversatione

421 5197 580 5252 dicit:
601 5197 688 5252 hic
715 5196 761 5251 si
788 5197 840 5250 in
865 5199 1176 5266 operatione
1204 5197 1459 5251 virtutum
1485 5194 1786 5249 inﬁrmatus
1813 5195 1994 5261 fuerit,

421 5289 524 5344 hoc
565 5297 646 5344 est
691 5289 834 5344 enim
862 5289 1121 5343 inﬁrmari
1151 5305 1334 5353 manu,
1371 5296 1589 5358 propter
1624 5287 1767 5356 quod
1805 5286 1998 5356 Aquila

419 5382 468 5435 si
496 5381 774 5446 excederit,
813 5381 1004 5450 inquit,
1043 5381 1209 5449 frater
1249 5388 1369 5432 tuus
1403 5386 1452 5432 et
1485 5377 1766 5447 culpaverit
1809 5394 1997 5430 manus

417 5471 537 5542 ejus
560 5482 745 5536 tecum,
783 5471 1032 5524 auxiliari
1057 5470 1130 5534 ei,
1155 5467 1450 5524 secundum
1477 5466 1617 5521 LXX
1646 5468 1996 5537 interpretum

423 5576 642 5616 sensum
688 5577 786 5615 nos
833 5568 1087 5629 tanquam
1123 5558 1396 5629 proselyto
1448 5567 1503 5611 et
1557 5558 1818 5628 iuquilino
1859 5558 1992 5611 vult.

425 5649 733 5720 l‘roselytus
764 5660 943 5708 autem
979 5661 1163 5707 noster
1195 5652 1306 5707 sive
1335 5650 1535 5706 advena
1573 5657 1675 5716 est,
1714 5648 1804 5719 qui
1849 5663 1990 5702 nunc

2098 3200 2226 3269 quid
2254 3215 2380 3254 vere
2417 3216 2720 3270 possumus,
2749 3201 2840 3270 qui
2867 3200 3002 3255 dixit
3047 3200 3113 3253 ad
3152 3199 3336 3263 illum,
3375 3199 3467 3267 qui
3507 3198 3683 3252 talen-

2099 3299 2210 3345 tum
2241 3292 2521 3347 abscondit
2561 3309 2574 3345 :
2613 3291 2900 3361 Oportebat
2945 3301 2993 3344 te
3033 3291 3160 3344 dare
3192 3290 3466 3360 pecuniam
3509 3306 3680 3344 meam

2099 3381 2487 3447 nummulariis,
2519 3390 2565 3435 et
2593 3397 2684 3451 ego
2707 3382 2909 3435 veniens
2939 3399 3055 3435 cum
3079 3382 3253 3434 usuris
3278 3381 3454 3450 utique
3477 3381 3682 3451 exegis-

2097 3491 2203 3527 sem
2243 3490 2356 3527 eam
2387 3473 2538 3546 (Luc.
2582 3473 2718 3541 xix).
2758 3474 2825 3527 Et
2859 3489 2963 3528 non
3010 3481 3094 3528 est
3135 3473 3531 3529 condemnatus
3561 3473 3680 3542 quia

2098 3577 2316 3616 usuram
2353 3577 2457 3616 non
2486 3563 2692 3631 accepit
2713 3603 2726 3627 ,
2759 3561 2852 3617 sed
2881 3565 3004 3632 quia
3033 3563 3314 3633 pecuniam
3347 3578 3458 3616 non
3491 3563 3680 3626 dedit;

2097 3652 2413 3721 sibimetipsi
2435 3654 2578 3707 enim
2600 3653 2986 3723 paterfamilias
3009 3656 3348 3711 exactionem
3373 3656 3682 3711 reservavit

2098 3758 2296 3797 usune.
2337 3743 2469 3799 Vide
2508 3759 2635 3813 ergo
2668 3760 2828 3813 quam
2858 3745 3261 3802 conclusionem
3291 3747 3565 3802 mandato
3592 3747 3686 3802 ad-

2099 3831 2234 3886 didit
2265 3853 2278 3888 :
2315 3833 2424 3904 Ego
2466 3835 2724 3890 Dominus
2760 3835 2899 3890 Deus
2947 3846 3136 3899 vester,
3169 3836 3258 3907 qui
3297 3837 3456 3890 eduxi
3500 3854 3596 3892 vos
3623 3838 3684 3890 de

2099 3932 2240 3980 terra
2290 3925 2530 3996 /Egypti,
2564 3936 2617 3980 ut
2659 3927 2838 3981 darem
2887 3927 3023 3981 vobis
3071 3937 3265 3981 terram
3301 3926 3591 3993 Chanaan,
3629 3938 3681 3981 ut

2098 4033 2260 4070 essem
2285 4027 2445 4070 vester
2477 4016 2631 4070 Deus.
2663 4016 2729 4070 Et
2751 4017 2876 4086 quid
2905 4017 2956 4070 in
2983 4016 3232 4086 prcesenti
3259 4015 3376 4069 loco
3402 4014 3514 4070 hoc
3536 4031 3681 4071 com-

2099 4121 2400 4161 memorare
2423 4107 2693 4176 legislator
2713 4108 2893 4178 eguit?
2920 4106 3024 4162 Sed
3055 4107 3232 4162 modis
3259 4106 3518 4161 omnibus
3551 4105 3682 4160 illud

2099 4193 2471 4248 demonstrare
2518 4193 2734 4258 volens,
2773 4195 2897 4262 quia
2937 4192 3387 4263 quemadmodum
3417 4193 3681 4262 populum

2101 4281 2165 4336 de
2192 4289 2333 4336 terra
2363 4281 2601 4354 Egypti,
2643 4294 2698 4338 et
2742 4284 2808 4338 de
2840 4285 3035 4354 p0pulo
3066 4283 3338 4352 peccatori
3368 4283 3584 4349 eduxit,
3629 4289 3685 4338 et

2102 4372 2154 4425 in
2186 4381 2384 4427 terram
2408 4372 2663 4427 Chanaan
2695 4373 2916 4428 alterius
2944 4373 3124 4444 populi
3150 4388 3339 4427 rursus
3362 4374 3677 4442 peccatoris

2023 4449 2080 4512 Π
2101 4464 2416 4530 introduxit,
2454 4467 2547 4520 sed
2579 4466 2728 4520 illinc
2755 4466 2972 4536 quidem
3003 4482 3096 4521 eos
3125 4466 3330 4529 eduxit,
3354 4473 3415 4519 ut
3437 4479 3553 4520 non
3581 4466 3682 4521 sub

2099 4553 2472 4626 Egyptiorum
2488 4555 2531 4610 si
2549 4556 2721 4611 adhuc
2737 4565 2934 4610 terram
2950 4556 3260 4610 habitarent
3275 4556 3520 4610 dominio
3536 4565 3687 4610 tene-

2101 4653 2306 4710 rentur,
2339 4645 2393 4699 in
2432 4654 2630 4699 terram
2671 4652 2846 4698 autem
2885 4639 3310 4698 Chananmorum
3351 4644 3682 4700 introduxit.

2099 4737 2222 4805 quia
2237 4737 2474 4807 expulsis
2486 4737 2735 4807 gentibus
2763 4752 2869 4790 non
2887 4735 3161 4805 erantjam
3177 4737 3230 4790 in
3251 4751 3438 4790 eorum
3455 4736 3691 4790 servitio

2101 4828 2506 4896 redigendi,sed
2533 4835 2586 4881 et
2608 4835 2750 4880 terra
2774 4827 3064 4881 emundata
3096 4827 3317 4882 carebat
3339 4826 3503 4880 malis
3533 4826 3692 4880 habi-

2101 4917 2387 4980 tatoribus,
2437 4918 2518 4971 sic
2572 4931 2671 4971 nos
2717 4918 2858 4972 Dens
2893 4918 2992 4972 sub
3032 4916 3402 4971 dominatione
3455 4917 3688 4984 quidem

2100 5007 2266 5078 redigi
2281 5016 2622 5076 peccatorum
2639 5023 2742 5062 non
2759 5008 2981 5077 patitur,
2998 5007 3089 5062 sed
3108 5021 3281 5076 neque
3297 5021 3487 5060 eorum
3508 5008 3691 5062 socie-

2103 5108 2289 5164 tatem,
2326 5100 2642 5169 usquedum
2661 5107 2784 5153 sunt
2807 5107 3120 5168 peccatores
3141 5097 3415 5166 amplecti.
3448 5097 3690 5163 Quando

2101 5199 2280 5246 autem
2301 5206 2487 5246 eorum
2515 5200 2661 5246 terra
2687 5191 2973 5246 emundata
2990 5190 3168 5253 fuerit,
3188 5189 3433 5259 przecipit
3449 5204 3583 5242 cum
3609 5188 3691 5242 eis

2102 5297 2244 5348 esse,
2261 5291 2316 5337 et
2337 5283 2494 5337 simul
2515 5282 2778 5345 habitare,
2803 5291 2857 5336 et
2872 5282 3000 5336 dare
3014 5281 3094 5335 eis
3106 5289 3351 5334 nostram
3366 5279 3689 5349 pecuniam.

2685 5390 2912 5446 CAPUT
2944 5388 3073 5444 Vlll.

2104 5482 2340 5547 Qualiter
2361 5483 2578 5537 tractari
2613 5482 2793 5536 debeat
2830 5483 2873 5603 is
2910 5482 2999 5564 qui
3037 5497 3101 5534 ex
3125 5480 3251 5549 ﬁliis
3283 5479 3451 5533 Israel
3486 5479 3694 5532 seruiet

2797 5571 2828 5603 a
2852 5563 2967 5603 teri.

2797 5563 2967 5605 atteri.

2175 5643 2348 5714 (lBlD.)
2391 5642 2446 5698 Si
2492 5653 2792 5713 paupertate
2832 5641 3128 5712 compulsus
3175 5639 3455 5694 vendiderit
3488 5653 3558 5690 se
3594 5636 3698 5688 tibi
