3918 6180
270 327 360 383 '15

1157 320 1661 380 EXPOSITIONES
1691 321 1758 377 IN
1797 319 2191 377 LEVI'I‘ICUM.
2241 347 2298 360 -
2336 316 2463 374 LIB.
2504 319 2613 376 VII.

3393 321 3498 376 546

263 443 420 510 frater
451 444 575 490 titus
592 474 608 500 ,
643 449 744 488 non
765 448 884 487 eum
910 433 1174 503 opprimes
1199 433 1447 487 servitute
1478 431 1820 502 famulorum,
1851 434 1900 492 Α
1925 431 2019 486 bet
2037 441 2094 487 et
2115 432 2360 502 operari,
2387 431 2441 486 id
2471 440 2584 496 est,
2633 432 2702 486 ad
2727 439 2939 486 nostras
2967 432 3376 492 exhortationes
3408 453 3496 493 re—

260 526 343 583 sed
361 525 512 595 quasi
525 521 883 577 mercenarius
898 531 948 578 et
969 521 1182 576 colonus
1202 523 1334 587 erit;
1359 539 1520 591 usque
1533 522 1600 576 ad
1625 537 1822 576 annum

259 616 524 686 "bilicum
563 613 865 683 operabitur
908 615 1051 684 apud
1092 623 1142 668 te
1165 654 1182 679 ,
1228 624 1276 668 et
1315 625 1492 684 postea
1533 613 1826 684 egredietur

261 723 372 762 cum
405 704 581 759 liberis
607 704 742 769 suis,
767 713 814 757 et
855 713 1136 764 revertetur
1157 703 1226 757 ad
1250 705 1608 774 cognationem
1637 719 1790 756 suam
1807 742 1823 767 ,

259 806 304 850 et
337 795 407 848 ad
448 794 825 865 possessionem
861 803 1071 864 patrum
1103 810 1353 859 suorum,
1395 795 1495 848 mei
1529 793 1668 847 enim
1693 793 1825 847 servi

261 894 393 945 sunt,
434 893 484 938 et
513 900 607 954 ego
635 883 795 937 eduxi
823 899 910 938 eos
936 883 1000 937 de
1026 894 1168 938 terra
1196 883 1436 955 diggpti.
1477 882 1598 938 Non
1621 884 1826 937 veniant

259 973 548 1028 conditione
583 989 890 1039 servorum;
920 991 982 1028 ne
1015 975 1214 1046 aﬂligas
1239 991 1357 1027 eum
1390 991 1481 1047 per
1517 976 1824 1044 potentiam,

260 1069 342 1118 sed
391 1065 606 1119 metuito
639 1064 805 1119 Deum
850 1074 1017 1118 tuum.
1064 1064 1228 1119 Multa
1269 1064 1451 1118 littera
1481 1065 1596 1133 ipsa
1627 1064 1826 1135 pietate

259 1155 409 1232 plena
462 1163 577 1221 est;
627 1155 722 1210 sed
770 1155 941 1210 multo
987 1170 1160 1226 magis
1198 1155 1456 1225 spiritalis
1501 1154 1825 1209 intellectus.

260 1251 523 1316 Quantum
545 1249 695 1302 enim
725 1248 947 1304 libertas
968 1249 1162 1304 anima:
1188 1248 1381 1303 melior
1401 1256 1484 1302 est
1508 1265 1536 1302 a
1575 1247 1828 1302 libertate

259 1339 519 1410 corporis,
551 1347 761 1393 tantum
784 1339 1042 1408 spiritalis
1073 1339 1458 1409 contemplatio
1480 1339 1566 1394 his
1595 1339 1684 1408 qui
1712 1338 1829 1409 ejus

258 1437 482 1499 possunt
506 1427 716 1484 fructus
748 1429 1026 1500 percipere
1066 1430 1296 1485 clariora
1336 1431 1502 1484 donat
1541 1445 1703 1499 quam
1734 1430 1826 1484 lit-

259 1530 395 1582 tera,
437 1519 563 1588 quia
599 1519 779 1573 littera
826 1520 1042 1588 quidem
1088 1519 1392 1574 nullatenus
1439 1536 1538 1575 nos
1580 1521 1666 1576 his
1708 1535 1829 1590 quae

258 1608 516 1664 fratribus
551 1610 809 1664 eveniunt
833 1611 980 1664 abuti
1018 1611 1150 1675 vult,
1192 1611 1243 1665 id
1283 1620 1398 1676 est,
1434 1612 1823 1678 conﬁdelibus;

255 1700 346 1754 sed
382 1698 466 1753 vel
498 1699 544 1754 si
572 1699 692 1768 quis
722 1714 909 1753 eorum
952 1699 1106 1754 nobis
1143 1699 1390 1755 venditus
1425 1701 1604 1764 fuerit,
1639 1717 1667 1754 a
1697 1717 1830 1771 qna-

1928 521 2190 590 gulasque
2229 521 2374 585 vitai,
2394 529 2450 576 et
2475 519 2745 590 exempla,
2777 536 2896 590 quae
2925 536 2956 575 a
2986 521 3141 577 nobis
3168 527 3499 594 susceperit;

1927 627 2050 682 spes
2073 622 2254 668 tamen
2300 622 2384 668 est
2406 628 2530 669 eum
2560 614 2626 670 ad
2670 627 2826 668 suam
2855 628 3133 668 recurrere
3162 615 3502 684 dignitatem,

1925 705 2142 772 quando
2188 706 2453 776 integram
2489 714 2544 761 et
2570 706 2863 776 perfectam
2905 705 3078 777 egerit
3107 709 3501 776 paenitentiam.

1927 794 2041 851 Hoc
2065 796 2208 850 enim
2241 797 2593 852 manifestans
2615 796 2891 867 legislator
2911 798 3150 852 subdidit
3185 816 3198 852 :
3236 797 3409 869 Usque
3433 801 3502 854 ad

1927 901 2123 942 annum
2151 885 2427 956 jubilreum
2461 887 2764 957 operabitur
2799 887 2943 958 apud
2979 897 3046 941 te.
3077 887 3213 954 Quia
3237 899 3360 959 post
3386 906 3508 961 per—

1929 976 2128 1032 tectam
2176 979 2584 1048 paenitentiam,
2645 979 2788 1034 sicut
2843 980 3050 1050 integre
3112 982 3402 1037 mundatus
3457 992 3512 1037 et

1927 1077 2211 1139 propterea
2260 1070 2532 1139 perfectus
2570 1071 2784 1139 operari
2835 1078 2892 1125 et
2933 1071 3074 1141 apud
3113 1087 3172 1126 se
3215 1081 3411 1141 potest,
3455 1082 3513 1129 et

1929 1169 2116 1228 postea
2143 1161 2468 1230 egredietur,
2498 1161 2635 1215 sicut
2664 1160 2817 1214 aiunt
2846 1160 3216 1231 Septuaginta,
3247 1163 3302 1216 in
3328 1165 3514 1217 remis-

1929 1248 2096 1313 sione,
2119 1267 2236 1304 cum
2258 1250 2432 1305 liberis
2457 1252 2600 1316 suis;
2629 1266 2733 1306 non
2761 1251 2906 1305 solus
2931 1252 3074 1306 enim
3101 1251 3214 1320 ipse
3241 1253 3376 1306 liber
3398 1253 3512 1308 elli-

1930 1340 2088 1403 citur,
2119 1339 2211 1394 sed
2239 1349 2292 1393 et
2311 1356 2431 1409 quae
2456 1341 2525 1395 ab
2549 1356 2614 1395 eo
2638 1341 2832 1410 genitae
2863 1340 3076 1395 fuerant
3105 1341 3334 1396 virtutes
3360 1352 3513 1398 ante—

1931 1443 2092 1497 quam
2115 1431 2214 1486 sub
2230 1431 2590 1499 venditipnem
2609 1431 2814 1500 peccati
2841 1432 3194 1501 redigeretur.
3221 1432 3513 1502 Propterea

1931 1528 1979 1572 et
2015 1528 2297 1575 revertetur
2325 1521 2394 1574 ad
2423 1522 2780 1590 cognationem
2811 1537 2999 1586 suam,
3041 1532 3088 1576 et
3123 1523 3193 1575 ad
3229 1525 3517 1592 possessio-

1934 1623 2050 1662 nem
2097 1619 2308 1679 patrum
2347 1626 2596 1674 suorum,
2643 1611 2909 1681 recipiens
2949 1613 3379 1669 conversationis
3405 1630 3518 1670 sor-

1939 1706 2072 1762 tem,
2096 1706 2149 1754 et
2170 1711 2377 1768 partem
2399 1702 2606 1772 gratim,
2631 1718 2750 1772 quae
2772 1704 2838 1758 ab
2856 1704 3010 1759 initio
3030 1713 3176 1760 sorte
3201 1715 3519 1776 perceperat

257 1788 388 1844 libet
423 1787 747 1843 humilitatis
778 1790 1119 1855 necessitate,
1148 1789 1450 1844 nullatenus
1473 1791 1540 1844 ab
1565 1805 1631 1845 eo
1661 1792 1833 1846 servi-
1863 1782 1908 1841 Β
1937 1803 1968 1841 a
1993 1788 2124 1854 Deo,
2153 1790 2244 1857 qui
2275 1792 2490 1861 proprie
2519 1805 2704 1848 noster
2733 1805 2888 1862 pater
2917 1804 3020 1860 est,
3047 1797 3114 1851 de
3138 1811 3245 1866 quo
3275 1801 3353 1853 ait
3371 1799 3517 1854 Pau-

261 1878 390 1933 tium
416 1879 560 1932 servi
583 1879 881 1949 exigamus.
915 1879 1084 1946 Quem
1114 1880 1258 1934 enim
1287 1880 1453 1935 semel
1485 1880 1706 1934 fratrem
1736 1896 1834 1950 per

256 1969 601 2038 adoptionem
644 1968 849 2024 Christi
901 1971 1218 2038 habuimus,
1262 1973 1534 2041 quomodo
1581 1973 1834 2044 deinceps

255 2073 474 2114 servum
505 2073 659 2113 suum
695 2059 1049 2114 habebimus?
1083 2059 1235 2117 Unde
1269 2069 1324 2116 et
1360 2060 1557 2117 Paulus
1592 2063 1834 2119 scribens

255 2147 319 2203 de
371 2148 628 2205 Onesimo
677 2149 746 2202 ad
791 2147 1164 2205 Philemonem
1213 2151 1429 2205 dicebat
1479 2168 1494 2204 :
1549 2150 1834 2222 Propterea

256 2241 467 2294 recessit
493 2241 562 2294 ad
595 2241 802 2306 horam,
828 2251 883 2294 ut
915 2250 1169 2294 internum
1199 2242 1474 2313 reciperes,
1508 2259 1612 2297 non
1629 2245 1749 2314 jam
1778 2253 1836 2297 ut

254 2347 484 2395 servum,
512 2331 602 2384 sed
636 2346 732 2400 pro
763 2347 912 2385 servo
943 2331 1160 2400 fratrm
1194 2332 1583 2399 charissimam,
1607 2334 1836 2388 maxime

256 2427 415 2491 mihi,
451 2436 648 2497 quanto
677 2426 846 2496 magis
880 2436 1055 2480 autem
1095 2427 1188 2480 tibi
1213 2435 1259 2484 et
1290 2427 1346 2482 in
1379 2443 1535 2482 carne
1567 2436 1618 2482 et
1643 2429 1696 2482 in
1727 2428 1838 2503 D_o-

255 2515 418 2569 mino.
450 2514 517 2568 Et
551 2531 738 2570 rursus
764 2533 776 2568 :
811 2514 914 2581 Qui
941 2525 1115 2570 autem
1143 2516 1323 2585 ﬁdeles
1354 2517 1547 2573 habent
1574 2517 1833 2584 dominos,

256 2623 354 2664 non
389 2607 680 2677 despiciant
707 2607 831 2677 quia
862 2608 1055 2678 fratres
1082 2617 1204 2662 sunt
1237 2608 1290 2681 (I
1325 2608 1461 2662 Tim.
1487 2609 1584 2679 v1).
1615 2609 1839 2679 Insuper

255 2703 440 2750 autem
471 2704 528 2749 et
566 2693 802 2765 Spiritus
848 2698 1107 2766 praecepit
1133 2698 1295 2752 etiam
1321 2697 1462 2752 aliud
1493 2698 1708 2768 quando
1741 2697 1839 2760 ali-

253 2802 417 2858 quem
453 2786 681 2842 fratrum
731 2797 783 2842 et
819 2789 1080 2859 aequalem
1123 2790 1280 2844 nobis
1309 2791 1589 2844 vocatione
1619 2799 1674 2844 et
1703 2804 1837 2844 con-

255 2879 564 2934 versatione
601 2878 875 2933 venditum
904 2920 920 2946 ,
964 2879 1306 2934 humiliatum
1353 2889 1534 2934 tamen
1573 2881 1629 2934 in
1672 2879 1840 2934 virtu-

259 2968 434 3032 tibus,
465 2967 520 3022 id
559 2976 662 3034 est,
695 2968 1026 3024 infirmatum
1057 2969 1594 3039 deprehenderimus,
1619 2979 1672 3024 et
1699 2970 1841 3024 hunc

257 3061 692 3117 converterimus
725 3062 1158 3132 correptionibus
1191 3064 1543 3118 exhortantes
1567 3103 1581 3129 ,
1611 3063 1839 3118 nullate-

1935 1875 2020 1931 lus
2056 1895 2068 1930 :
2109 1875 2248 1942 Quia
2273 1891 2446 1952 autem
2479 1882 2602 1936 estis
2627 1883 2747 1950 ﬁlii,
2787 1885 2930 1938 misit
2969 1885 3226 1941 Dominus
3260 1885 3516 1958 Spiritum

1938 1964 2069 2018 Filii
2111 1968 2193 2020 sui
2224 1969 2279 2022 in
2304 1970 2546 2025 cordibus
2586 1974 2768 2026 vestris
2798 1975 3143 2042 clamantem,
3175 1976 3321 2032 Abba
3355 1977 3520 2034 Pater

1938 2055 2137 2126 (Galat.
2164 2056 2258 2128 tv).
2289 2057 2398 2113 Cur
2431 2068 2610 2115 autem
2638 2062 2753 2116 haec
2775 2065 3027 2118 sanciens
3062 2065 3204 2121 Deus
3227 2076 3372 2123 tanta
3401 2069 3516 2139 pie-

1940 2154 2048 2200 tate
2069 2155 2274 2213 utatur,
2302 2148 2414 2218 ipse
2439 2149 2573 2218 legis
2595 2151 2986 2207 demonstravit
3007 2155 3187 2209 verbis
3209 2173 3222 2208 :
3245 2155 3354 2208 Mei
3380 2157 3520 2210 enim

1938 2235 2071 2289 servi
2112 2246 2258 2302 sunt,
2303 2247 2351 2292 et
2392 2255 2484 2308 ego
2519 2240 2678 2294 eduxi
2716 2257 2804 2295 eos
2853 2241 2916 2296 de
2951 2251 3094 2297 terra
3141 2243 3382 2316 /Egypti.
3451 2245 3523 2303 Ut

1937 2339 2068 2396 ergo
2100 2327 2191 2396 qui
2220 2329 2389 2383 semel
2421 2328 2536 2398 ejus
2560 2329 2687 2386 facti
2724 2339 2852 2387 sunt
2875 2333 3042 2399 servi,
3067 2342 3125 2390 et
3160 2349 3259 2403 per
3285 2351 3409 2391 eum
3431 2337 3519 2391 in-

1940 2413 2200 2485 telligibili
2225 2417 2484 2472 servitute
2507 2419 2726 2490 Egypti
2754 2431 3073 2489 caruerunt,
3099 2425 3240 2479 hanc
3273 2441 3368 2482 eos
3400 2442 3525 2496 per-

1940 2503 2066 2559 dere
2092 2505 2409 2576 dignitatem
2438 2525 2546 2563 non
2569 2510 2703 2578 vult,
2735 2526 2836 2568 nec
2863 2514 2988 2582 quia
3010 2513 3078 2568 ad
3105 2515 3380 2570 modicum
3402 2518 3523 2587 quis

1940 2593 2120 2664 lapsus
2141 2606 2246 2663 est,
2273 2608 2558 2668 propterea
2589 2617 2713 2657 eum
2742 2603 2797 2658 in
2817 2614 3137 2674 perpetuum
3166 2608 3393 2675 perdere
3421 2624 3517 2663 an-

1941 2686 2146 2755 tiquam
2184 2689 2502 2759 dignitatem
2538 2693 2831 2759 desiderat,
2875 2694 3103 2765 ideoque
3137 2696 3215 2750 ait
3245 2712 3260 2750 :
3293 2697 3419 2753 Non
3451 2716 3528 2755 ve-

1943 2787 2098 2828 neant
2142 2780 2439 2834 conditione
2491 2799 2780 2836 servorum.
2837 2783 3048 2838 Similia
3095 2785 3281 2841 dicens
3310 2786 3523 2845 Paulo:

1943 2864 2122 2920 Pretio
2145 2870 2298 2939 empti
2329 2872 2450 2925 estis
2487 2886 2506 2924 :
2531 2873 2690 2928 nolite
2719 2875 2838 2944 ﬁeri
2864 2877 2999 2930 servi
3022 2875 3292 2931 hominum
3322 2878 3373 2952 (1
3397 2879 3523 2934 Cor.

1942 2958 2039 3026 ιχ).
2070 2957 2174 3013 Sed
2197 2970 2250 3014 et
2283 2961 2385 3015 hoc
2423 2963 2626 3018 addidit
2658 2982 2672 3018 :
2708 2965 2786 3020 Ne
2825 2965 3030 3037 afﬂigas
3059 2983 3183 3024 eum
3203 2983 3302 3038 per
3337 2978 3527 3040 poten—

1943 3049 2097 3116 tiam,
2116 3051 2208 3105 SClI
2234 3054 2459 3108 metuito
2474 3055 2642 3110 Deum
2665 3065 2834 3112 tuum.
2852 3058 3077 3128 Oportet
3093 3060 3236 3116 enim
3254 3062 3526 3118 moderari

258 3165 356 3205 nus
391 3165 463 3205 eo
503 3150 684 3216 abuti;
722 3151 817 3206 sed
846 3160 906 3206 ut
934 3152 1174 3208 modeste
1200 3163 1257 3208 et
1298 3153 1577 3208 humiliter
1617 3155 1685 3208 ad
1717 3169 1839 3208 eum

1946 3157 2044 3196 nos
2073 3141 2261 3213 jugum
2290 3148 2742 3214 convertentium,
2767 3158 2823 3205 et
2847 3151 3036 3206 timere
3061 3151 3231 3208 Deum
3259 3163 3526 3222 nostrum,

257 3240 602 3295 accedamus.
644 3240 874 3311 Propter
897 3241 1038 3311 quod
1064 3242 1189 3296 etin
1216 3234 1395 3299 verbis
1425 3243 1554 3314 ipsis
1580 3245 1796 3300 intende
1823 3262 1835 3297 :

256 3328 315 3385 Si
331 3340 646 3401 paupertate
671 3331 968 3404 compulsus
992 3332 1280 3387 vendiderit
1306 3350 1360 3388 se
1387 3334 1482 3387 tibi
1508 3335 1673 3404 frater
1694 3343 1840 3400 tuus,

257 3439 359 3478 non
401 3439 526 3477 eum
565 3423 822 3493 opprimes
868 3424 1112 3478 servitute
1157 3423 1502 3494 famulorum,
1549 3425 1640 3480 sed
1691 3428 1844 3496 quasi

256 3512 616 3566 mercenarius
659 3522 708 3566 et
756 3511 971 3568 colonus
1006 3514 1123 3568 erit.
1166 3513 1302 3581 Quia
1327 3528 1616 3586 paupertas
1650 3515 1843 3570 anima:

257 3614 340 3658 est
381 3602 680 3657 infirmitas
733 3605 1233 3674 conscquendarum
1283 3605 1566 3659 virtutum.
1616 3604 1672 3658 Si
1717 3619 1846 3675 ergo

259 3693 353 3748 tibi
397 3693 550 3748 fideli
580 3701 634 3748 et
669 3693 869 3750 colenti
903 3695 1096 3761 Deum,
1155 3695 1466 3750 humiliatus
1508 3695 1676 3750 frater
1717 3711 1835 3751 ven-

258 3786 410 3841 ditus
441 3783 624 3850 fuerit,
665 3785 1093 3856 redemptionem
1129 3795 1186 3842 et
1230 3787 1467 3857 pretium
1493 3787 1686 3842 anima:
1710 3787 1846 3856 ejus,

258 3888 412 3932 tuam
467 3874 768 3932 doctrinam
825 3884 881 3933 et
933 3877 1368 3934 exhortationem
1418 3876 1741 3956 suscipiens,
1796 3884 1852 3934 et

259 3969 720 4041 quemadmodum
743 3984 902 4024 suum
930 3970 1206 4025 dominum
1233 3969 1571 4036 existimans,
1601 3983 1707 4024 non
1736 3984 1852 4024 ser-

253 4059 375 4115 viat
415 4059 517 4114 tibi
543 4059 803 4114 servitute
836 4059 1010 4124 servi,
1060 4060 1155 4115 sed
1193 4061 1453 4116 subdetur
1480 4059 1720 4130 quidem,
1758 4075 1852 4116 ve-

255 4159 574 4206 rumtamen
596 4149 846 4207 libertate
874 4149 963 4205 illa
990 4151 1056 4206 de
1080 4167 1185 4221 qua
1212 4152 1291 4207 ait
1313 4150 1511 4208 Paulus
1544 4169 1558 4206 :
1588 4151 1852 4206 Libertate

251 4257 364 4313 qua
386 4239 631 4296 liberavit
667 4257 761 4295 nos
787 4239 1026 4295 Christus
1055 4240 1255 4312 (Galat.
1287 4243 1363 4314 v).
1398 4242 1645 4300 Invenies
1669 4253 1850 4299 autem

255 4331 389 4387 alibi
417 4330 675 4386 eumdem
697 4346 913 4386 rursum
928 4332 1253 4387 scribentem
1284 4347 1298 4386 :
1325 4330 1504 4387 Pretio
1524 4333 1680 4404 empti
1707 4333 1849 4397 estis,

255 4423 425 4477 nolite
453 4421 574 4491 ﬁeri
615 4422 748 4476 servi
783 4422 1054 4476 hominum
1082 4422 1133 4490 (I
1158 4419 1281 4478 Car.
1317 4423 1418 4492 ιιι).
1456 4423 1683 4493 Propter
1708 4423 1851 4494 quod

1923 3232 2036 3310 qui
2065 3234 2200 3288 dixit
2231 3253 2242 3288 ε
2277 3234 2342 3290 In
2367 3254 2467 3307 quo
2493 3238 2700 3308 judicio
2721 3240 3091 3309 judicaveritis
3113 3243 3489 3312 judicabimini
3507 3285 3526 3310 ,

1944 3333 1990 3376 et
2037 3324 2092 3378 in
2131 3341 2237 3396 qua
2273 3343 2518 3383 mensura
2556 3331 2722 3384 mensi
2760 3329 2968 3400 fueritis
2993 3371 3008 3399 ,
3051 3333 3353 3387 remetietur
3390 3334 3532 3390 vobis

1947 3414 2140 3486 (Marc.
2166 3418 2262 3490 tv).

2553 3510 2780 3568 CAPUT
2835 3513 2927 3568 IX.

1951 3616 2099 3672 Servi
2127 3627 2176 3672 et
2212 3619 2420 3674 ancillae
2451 3621 2517 3674 de
2543 3621 2986 3744 aliislnatipnibus
3019 3625 3144 3690 sint,
3181 3641 3289 3680 non
3313 3643 3378 3681 ex
3404 3627 3533 3696 ﬁliis

2683 3708 2800 3744 δναε
2825 3731 2841 3744 .

2683 3708 2817 3746 sraet
2825 3731 2841 3746 ο

2024 3779 2199 3854 (Ialm)
2241 3779 2431 3838 Servus
2480 3793 2528 3837 et
2567 3784 2760 3840 ancilla
2795 3786 2896 3840 sint
2945 3787 3084 3842 vobis
3131 3789 3195 3843 de
3238 3789 3535 3846 nationibus

1954 3892 2070 3947 qua:
2099 3875 2155 3928 in
2184 3875 2406 3929 circuitu
2430 3884 2600 3930 vestro
2631 3887 2775 3943 sunt,
2799 3887 2844 3932 et
2871 3877 2935 3932 de
2966 3879 3178 3933 advenis
3197 3881 3287 3950 qui
3307 3881 3536 3951 peregri-

1954 3975 2147 4022 nantur
2180 3966 2320 4036 apud
2356 3984 2463 4032 vos,
2501 3967 2577 4021 vel
2616 3968 2704 4039 qui
2731 3985 2794 4022 ex
2821 3969 2902 4022 his
2928 3971 3036 4023 nati
3059 3970 3275 4039 fuerint,
3315 3972 3370 4025 in
3395 3980 3536 4026 terra

1953 4064 2144 4117 vestra,
2185 4054 2436 4110 habebitis
2475 4055 2723 4126 famulos,
2763 4067 2811 4111 et
2853 4059 3187 4113 hiereditario
3209 4059 3336 4129 jure
3362 4069 3538 4113 trans-

1953 4145 2164 4200 mittetis
2179 4146 2249 4199 ad
2267 4156 2501 4216 posteros
2525 4165 2587 4200 ac
2611 4149 2942 4218 possidebitis
2959 4152 3013 4206 in
3044 4160 3294 4204 a'ternum
3310 4172 3328 4215 ;
3344 4151 3535 4218 fratres

1955 4243 2128 4292 autem
2167 4245 2361 4291 vestros
2405 4237 2544 4304 filios
2582 4237 2753 4292 Israel
2791 4256 2852 4294 ne
2890 4241 3196 4310 apprimatis
3229 4258 3322 4311 per
3353 4251 3536 4310 poten—

1954 4327 2100 4379 tiam.
2126 4326 2326 4382 Gentes
2346 4342 2464 4396 quze
2486 4328 2540 4383 in
2562 4328 2791 4382 circuitu
2815 4339 3000 4385 nostro
3022 4339 3148 4384 sunt
3169 4347 3288 4400 quae
3308 4332 3536 4388 necdum

1957 4417 2323 4483 crediderunt,
2364 4433 2512 4488 Spem
2571 4428 2748 4473 tamen
2799 4419 2923 4473 fidei
2978 4429 3034 4476 et
3083 4420 3269 4477 salutis
3313 4422 3536 4489 habent,

252 4518 336 4571 ait
371 4515 658 4586 legislator
698 4533 710 4568 :
753 4513 922 4580 Quasi
967 4516 1318 4570 mercenarius
1371 4525 1418 4570 et
1474 4515 1688 4570 colonus
1733 4518 1850 4580 erit,
1881 4501 1932 4559 D
1959 4508 2084 4579 quia
2135 4509 2264 4580 ipsis
2308 4510 2530 4564 missum
2579 4509 2935 4580 Evangelium
2981 4519 3065 4566 est
3103 4529 3114 4564 :
3148 4511 3288 4566 sicut
3337 4512 3539 4569 Paulus

259 4607 348 4662 vel
380 4608 530 4663 sicut
549 4604 718 4671 LXX,
751 4605 1062 4676 inquilinus,
1089 4607 1215 4676 quia
1245 4607 1438 4662 horum
1465 4617 1694 4678 uterque
1729 4608 1855 4667 sub-

245 4698 440 4768 jectus
480 4706 565 4753 est
610 4698 826 4767 quidem
859 4696 984 4751 huic
1030 4695 1184 4765 cujus
1225 4697 1445 4752 domum
1514 4699 1741 4763 habitat,
1801 4706 1857 4754 et

255 4789 314 4843 in
351 4803 491 4857 agro
517 4795 790 4857 operatur,
823 4795 1042 4857 propter
1068 4796 1461 4857 paupertatem,
1505 4803 1603 4842 nec
1638 4788 1856 4842 domum

255 4882 571 4954 propriam,
621 4897 720 4936 nec
751 4897 939 4952 agrum
986 4880 1214 4946 habens,
1265 4896 1369 4936 non
1418 4887 1596 4934 tamen
1638 4889 1860 4951 propter

260 4975 376 5029 hoc
404 4973 654 5027 aufertur
694 4973 964 5027 libertatis
1000 4973 1234 5042 dignitas
1268 4992 1278 5025 :
1310 4973 1760 5042 quemadmodum
1801 4981 1857 5027 et

259 5081 420 5130 eum,
453 5065 547 5134 qui
583 5080 680 5133 per
725 5080 823 5119 nos
851 5081 878 5118 a
910 5074 1130 5135 peccato
1167 5080 1460 5119 conversus
1487 5072 1592 5130 est,
1623 5073 1852 5134 oportet,

259 5157 311 5211 si
354 5165 486 5210 ante
523 5163 810 5224 peccatum
841 5153 1010 5208 frater
1039 5163 1224 5208 noster
1253 5155 1547 5209 secundum
1578 5156 1858 5225 aequalita-

261 5259 386 5304 tem
417 5247 605 5316 gratite
638 5247 1006 5316 honoremque
1034 5247 1459 5301 conversationis
1492 5245 1613 5311 ma,
1651 5263 1773 5301 nam
1804 5255 1860 5301 ct

260 5345 313 5395 si
359 5338 638 5409 propriam
673 5353 819 5392 nunc
846 5337 1064 5391 domum
1098 5337 1342 5407 justitize,
1377 5345 1473 5391 aut
1511 5352 1697 5406 agrum
1727 5351 1856 5405 pro-

260 5433 460 5505 prium
490 5431 708 5486 virtutis
742 5447 848 5486 non
876 5431 1058 5495 habet,
1099 5445 1221 5485 cum
1247 5429 1532 5498 aliquando
1566 5427 1864 5491 habuisset,

262 5522 428 5578 unde
455 5539 562 5578 non
600 5521 739 5576 dixit
765 5521 1134 5576 mercenarius
1173 5529 1266 5574 aut
1293 5520 1538 5583 colonus,
1584 5516 1668 5571 vel
1698 5516 1870 5585 inqui-

264 5619 434 5672 linus
473 5616 598 5680 erit,
630 5612 724 5669 sed
757 5614 907 5684 quasi
951 5613 1305 5666 mercenarius
1343 5620 1390 5664 et
1430 5608 1644 5663 colonus
1685 5607 1760 5660 vel
1787 5606 1869 5659 in-

266 5706 522 5778 quilinus
559 5706 656 5761 erit
686 5705 794 5760 tibi.
837 5703 893 5758 In
921 5704 1128 5759 nostris
1163 5703 1306 5760 enim
1331 5702 1579 5758 habitare
1607 5713 1743 5771 opus
1769 5698 1868 5754 ha-

1957 4599 2010 4654 in
2047 4599 2334 4655 Antiochia
2371 4602 2439 4655 ad
2466 4599 2682 4657 Judmos
2712 4603 2926 4658 dicebat
2959 4621 2970 4656 :
3010 4603 3145 4659 Ecce
3186 4607 3538 4661 convertimur

1957 4690 2026 4744 ad
2049 4703 2240 4762 gentes,
2265 4693 2342 4746 sic
2367 4691 2501 4747 enim
2522 4694 2766 4763 prwcepit
2787 4694 2933 4748 nobis
2948 4693 3204 4749 Dominus
3227 4697 3364 4766 (Act.
3392 4697 3536 4769 xm),

1958 4783 2022 4836 de
2062 4783 2144 4837 his
2190 4783 2343 4839 nobis
2398 4784 2536 4838 servi
2572 4793 2625 4838 et
2656 4783 2862 4839 ancilla:
2897 4786 3322 4855 conquirantur,
3365 4787 3418 4842 id
3448 4795 3530 4843 est

1959 4875 2048 4944 qui
2074 4889 2173 4944 per
2196 4876 2418 4930 verbum
2447 4875 2739 4940 docentur;
2769 4874 2909 4929 unde
2936 4884 2988 4929 et
3011 4891 3104 4930 eos
3126 4877 3217 4945 qui
3237 4877 3540 4932 docuerunt

1965 4967 2211 5022 dominos
2256 4966 2560 5036 appellant,
2611 4965 2752 5036 quod
2790 4966 3128 5021 demonstrat
3173 4967 3226 5020 in
3259 4966 3539 5037 Philippis,

1965 5067 2147 5113 custos
2175 5058 2432 5122 carceris,
2469 5057 2560 5127 qui
2593 5057 2660 5110 ad
2697 5056 2916 5110 Paulum
2943 5066 2996 5112 et
3031 5055 3232 5128 Syllam
3282 5058 3494 5113 diccbat
3525 5074 3537 5109 :

1966 5146 2200 5211 Domini,
2224 5149 2348 5218 quid
2379 5165 2460 5201 me
2481 5157 2680 5218 oportet
2714 5151 2888 5218 facere
2918 5157 2972 5201 ut
3001 5148 3175 5202 salvus
3196 5149 3363 5217 ﬁam?
3401 5148 3538 5215 (Act.

1965 5241 2103 5310 xvt.)
2131 5238 2239 5294 Sed
2280 5246 2336 5292 et
2368 5239 2434 5292 de
2468 5238 2723 5303 advenis,
2759 5237 2874 5293 sive
2907 5247 2966 5292 ut
3012 5237 3382 5308 Septuaginta,
3414 5235 3542 5304 filiis

1969 5329 2344 5399 inquilinorum
2372 5331 2460 5400 qui
2496 5329 2896 5399 peregrinantur
2934 5330 3074 5399 apud
3109 5345 3222 5392 nos,
3261 5325 3546 5394 conquira-

1967 5436 2106 5478 mus.
2132 5419 2272 5475 Dicit
2301 5428 2478 5474 autem
2513 5419 2806 5490 inquilinos
2825 5419 2914 5474 hic
2937 5417 3152 5473 Indicos
3173 5416 3266 5485 qui
3295 5415 3546 5472 habitant

1968 5512 2185 5581 quidem
2214 5513 2270 5565 in
2305 5511 2506 5566 lumine
2532 5519 2740 5576 nostro,
2771 5526 2877 5566 non
2909 5518 3089 5564 tamen
3111 5507 3162 5562 ei
3192 5505 3378 5561 volunt
3411 5522 3542 5563 ocu-

1971 5603 2052 5659 los
2075 5604 2273 5661 mentis
2298 5596 3545 5668 accommodare,abscondentesejuslucernam

1971 5695 2070 5752 sub
2097 5694 2294 5751 modio.
2324 5693 2552 5764 Propter
2587 5694 2729 5766 quod
2765 5707 2872 5748 non
2901 5689 3219 5760 simpliciter
3255 5690 3542 5764 inquilinos
