3926 6176
401 345 498 402 54⁷

1107 345 1166 403 Β.
1209 346 1464 406 RAtiANl
1499 345 1722 406 “Milli
1761 341 2078 402 Ακοιιιερ.
2121 336 2753 400 ωοσυκτροιιιειιωι
2791 333 2972 394 PARS
3007 335 3049 392 l.

3571 332 3672 391 548

400 465 755 536 Septuaginta
805 461 1126 530 ediderunt,
1180 463 1270 520 sed
1321 465 1553 533 ﬁliorum
1603 467 1980 538 inquittnorum
2009 471 2060 527 Α
2085 471 2177 516 aut
2202 462 2445 532 cuiquam
2473 460 2538 515 de
2561 460 2719 530 stirpe
2767 458 2906 529 ejus,
2944 463 3058 526 post
3107 452 3458 509 venditionem
3507 461 3676 522 potest

399 559 490 628 qui
523 567 644 611 sunt
675 557 730 610 in
756 555 915 620 uobis,
945 555 1089 625 quod
1116 571 1150 610 a-
1175 555 1549 612 Theodotionc
1573 565 1628 612 et
1658 554 1985 628 Symmacho

403 647 614 717 planius
642 645 906 714 scriptum
934 652 1018 699 est
1044 662 1056 698 :
1086 644 1131 697 A
1155 643 1284 714 filiis
1310 646 1691 718 inquitinorum
1717 645 1810 716 qui
1840 645 1987 698 habi-

402 747 514 792 tant
542 738 599 791 in
632 736 791 790 vobis.
833 735 907 790 De
935 735 1134 804 quibus
1172 736 1310 792 dixit
1353 738 1520 793 David
1553 756 1566 793 :
1606 737 1983 792 Inhabitabunt

401 839 449 883 et
499 827 814 881 abscondent
855 823 1028 898 (Psal.
1069 825 1179 898 ιν).
1226 827 1362 882 Cum
1388 829 1535 884 enim
1573 837 1700 885 sunt
1734 830 1788 884 in
1831 829 1986 884 nobis

402 918 497 987 qui
525 916 696 989 legem
728 917 899 987 ipsam
921 925 977 970 ct
998 917 1313 986 prophetas,
1336 933 1476 988 quos
1490 929 1547 974 et
1572 933 1672 975 nos
1699 919 1984 984 habemus,

401 1013 640 1077 habent,
680 1010 988 1066 inhabitant
1034 1019 1214 1066 tamen
1252 1026 1358 1066 non
1389 1013 1578 1068 eadem
1609 1014 1885 1084 sapientes
1919 1012 1986 1068 de

399 1102 520 1174 lege
592 1111 648 1157 et
710 1102 986 1172 prophetis
1057 1116 1179 1172 qua:
1243 1116 1360 1157 nos.
1416 1102 1584 1158 Suam
1646 1104 1791 1158 enim
1826 1103 1988 1174 justi-

399 1198 532 1251 tiam
571 1195 901 1251 constituere
938 1203 1264 1264 quaerentes,
1301 1194 1525 1265 iustitiae
1569 1197 1664 1252 Dei
1714 1213 1822 1251 non
1861 1205 1988 1251 sunt

395 1285 650 1354 subjecti;
701 1284 807 1340 Sed
847 1285 950 1339 hoc
989 1285 1342 1352 abscondent,
1378 1295 1432 1342 et
1475 1296 1624 1343 recte
1656 1288 1985 1353 inhabitant,

397 1378 541 1431 sicut
608 1377 700 1445 qui
764 1377 1087 1445 semetipsos
1145 1392 1175 1431 a
1240 1377 1411 1432 libera
1473 1385 1529 1433 et
1595 1375 1831 1433 fiduciali
1883 1379 1986 1434 ha-

398 1469 663 1524 bitatione
701 1468 1092 1534 excludentes;
1145 1469 1291 1524 unde
1337 1469 1600 1525 Dominus
1650 1469 1777 1540 quia
1833 1469 1990 1526 inha—

398 1560 575 1614 bitant
655 1567 876 1629 propter
948 1559 1325 1616 infidelitatem
1386 1561 1622 1618 innuens
1691 1561 1909 1618 dicebat
1969 1578 1985 1618 :

403 1647 595 1702 Servus
626 1665 728 1701 non
759 1658 933 1702 manet
964 1649 1018 1703 in
1068 1649 1223 1703 domo
1253 1651 1308 1704 in
1346 1661 1598 1707 (sternuat
1628 1651 1809 1724 (Joan.
1844 1652 1985 1720 vni),

401 1741 546 1812 quod
574 1750 657 1796 est
693 1741 1113 1796 inhabitantium
1171 1742 1489 1812 proprium;
1533 1743 1628 1800 sed
1658 1744 1734 1798 ait
1772 1743 1988 1816 legisla-

2086 555 2273 608 redimi
2292 554 2383 623 qui
2415 551 2636 606 voluerit
2664 565 2729 605 ea:
2762 548 3018 620 fratribus
3040 547 3176 610 suis,
3202 554 3335 599 emet
3357 559 3478 598 eum
3509 551 3562 598 et
3583 561 3679 614 pa-

2085 656 2238 701 tritus
2271 653 2320 701 et
2355 643 2610 715 patruelis
2630 683 2645 709 ,
2693 652 2742 697 et
2784 640 3204 710 consanguineus
3226 648 3278 693 et
3312 637 3502 708 afﬁnis.
3541 635 3678 704 Quia

2086 739 2170 795 lex
2197 737 2471 809 pertinere
2492 735 2593 791 sibi
2629 735 2924 791 secundum
2951 733 3192 788 litteram
3221 731 3287 785 de
3314 729 3568 784 libertate
3593 730 3678 784 in.

2087 833 2406 903 digcnarum
2452 829 2819 886 lsraelitarum
2879 825 3149 891 ostendit;
3206 829 3498 894 propterea
3556 835 3677 876 eum

2087 926 2179 996 qui
2208 925 2260 979 in
2295 924 2376 979 eis
2403 922 2640 978 deterius
2660 928 2881 992 propter
2901 923 3276 988 paupertatem
3308 922 3404 968 aut
3443 912 3681 982 aliquam

2088 1016 2250 1070 aliam
2275 1013 2658 1070 necessitatem
2701 1011 2810 1082 egit
2838 1005 3128 1080 prosely'tis
3149 1005 3239 1061 vel
3274 1003 3562 1074 inquilinis
3591 1004 3681 1072 qui

2088 1106 2154 1162 de
2180 1105 2264 1160 his
2293 1103 2508 1175 quidem
2537 1101 2670 1158 foris
2691 1109 2817 1157 sunt
2841 1099 3007 1172 geniti
3045 1097 3428 1162 adhaeserunt,
3473 1095 3684 1150 servire

2089 1211 2195 1251 non
2250 1195 2482 1266 patitur;
2531 1194 2626 1249 sed
2676 1191 2867 1247 redimi
2921 1203 3046 1245 eum
3094 1189 3164 1243 ab
3213 1187 3395 1257 aliquo
3454 1201 3681 1241 suorum

2088 1293 2442 1355 cognatorum
2478 1282 2738 1354 praecipit.
2771 1280 2905 1335 Vide
2937 1277 3209 1350 quomodo
3266 1279 3370 1332 hoc
3415 1276 3681 1331 custodiri

2088 1386 2146 1434 et
2201 1375 2500 1432 secundum
2555 1387 2831 1445 anagogeu
2892 1370 3233 1442 spiritualem
3282 1371 3523 1438 oportet.
3595 1366 3685 1422 Ait

2089 1471 2271 1526 enim:
2313 1467 2374 1525 Si
2407 1468 2688 1524 invalucrit
2742 1466 2886 1538 apud
2906 1480 2996 1521 vos
3026 1478 3218 1518 manus
3262 1463 3478 1517 advena:
3530 1470 3687 1533 atque

2087 1561 2373 1633 peregrini,
2399 1561 2512 1616 sive
2543 1569 2603 1614 ut
2630 1557 2791 1624 LXX,
2821 1555 3086 1628 inquilini,
3118 1562 3168 1609 et
3186 1559 3488 1609 attenuatus
3517 1551 3687 1621 frater

2091 1660 2212 1706 tuus
2241 1650 2531 1705 uendiderit
2567 1666 2621 1704 se
2649 1649 2698 1704 ei
2734 1657 2826 1703 aut
2867 1647 3112 1717 cuiquam
3145 1646 3209 1699 de
3239 1645 3402 1715 stirpe
3427 1644 3581 1713 ejus,
3633 1642 3684 1698 id

2089 1750 2176 1798 est
2196 1782 2212 1809 ,
2261 1742 2306 1797 si
2337 1741 2428 1796 hic
2461 1740 2553 1811 qui
2582 1740 2649 1795 ad
2685 1737 2846 1794 lldem
2874 1752 2939 1792 ex
2967 1737 3218 1808 gentibus
3245 1743 3338 1789 aut
3361 1749 3430 1790 ex
3458 1733 3683 1798 Judazis,

403 1810 510 1897 tor,
554 1831 850 1887 secundum
892 1810 1358 1902 Septuaginta,iet
1377 1832 1444 1888 de
1471 1831 1717 1904 cognatis
1742 1810 1984 1904 ipsorum
2015 1810 2061 1870 Β
2089 1844 2185 1891 aut
2223 1834 2444 1890 omnino
2472 1810 2743 1889 haereticis
2787 1829 3001 1886 naviter
3049 1835 3250 1883 nostra:
3298 1824 3423 1881 fidei
3455 1824 3686 1895 conjun-

399 1924 714 1992 quicunque
753 1921 953 1976 fuerint
983 1921 1038 1975 in
1082 1929 1228 1976 terra
1277 1931 1482 1989 vestra,
1531 1930 1694 1978 erunt
1744 1923 1898 1980 vobis
1929 1923 1983 1978 in

401 2016 769 2086 possvssione.
801 2014 1026 2085 Cognati
1047 2014 1193 2069 enim
1214 2012 1534 2070 Judzeorum
1545 2023 1768 2085 propter
1795 2013 1987 2071 inlide-

398 2110 608 2164 litatem
632 2107 870 2162 haeretici
893 2114 1042 2171 sunt,
1063 2107 1190 2176 quia
1212 2122 1318 2162 non
1345 2107 1502 2178 plene
1523 2107 1663 2164 sicut
1681 2118 1736 2163 et
1762 2107 1838 2162 illi
1865 2121 1990 2163 sen-

400 2203 562 2266 tiunt,
597 2209 653 2255 et
696 2199 888 2254 eadem
915 2200 1131 2269 quidem
1160 2199 1316 2256 nobis
1358 2200 1655 2271 przedicant
1701 2200 1984 2270 mysteria,

399 2308 504 2346 non
533 2300 710 2346 tamen
742 2291 794 2345 in
821 2290 1028 2345 eisdem
1055 2293 1218 2346 rectis
1235 2299 1289 2345 et
1318 2290 1576 2362 perfectis
1600 2299 1656 2346 et
1685 2291 1910 2362 integris
1930 2291 1985 2344 in

401 2382 568 2436 Deum
587 2379 948 2452 dogmatibus.
967 2377 1126 2435 Unde
1142 2388 1270 2434 sunt
1291 2379 1507 2449 quidem
1535 2380 1588 2434 in
1611 2388 1754 2434 terra
1777 2387 1984 2444 nostra,

400 2474 498 2527 sed
535 2472 808 2542 inquilini:
843 2470 956 2526 Hos
1004 2473 1281 2539 habebitis,
1328 2473 1522 2542 inquit,
1572 2473 1626 2526 in
1663 2471 1897 2542 famulos
1937 2481 1985 2527 et

400 2562 738 2617 Iucreditario
749 2561 876 2632 jure
902 2563 1265 2617 transmittetis
1281 2565 1350 2617 ad
1364 2574 1623 2635 posteros,
1654 2581 1717 2618 ac
1751 2563 1988 2634 posside-

401 2655 522 2708 bitis
551 2654 606 2706 in
643 2661 915 2707 (eternum.
963 2652 1326 2725 Quoscunque
1377 2655 1524 2711 enim
1563 2670 1627 2711 ex
1658 2656 1908 2728 gentibus
1933 2664 1990 2711 et

403 2741 708 2797 infidelibus
734 2750 826 2796 aut
864 2756 932 2798 ex
963 2741 1188 2811 ludatis,
1234 2753 1329 2798 aut
1374 2757 1442 2800 ex
1477 2743 1748 2800 haereticis
1793 2743 1987 2799 lucrati

403 2831 770 2899 fuerimus,et
791 2831 902 2886 Deo
936 2832 1320 2901 obtulerlmus,
1352 2847 1645 2905 servosque
1672 2841 1728 2889 et
1764 2835 1988 2892 ancillas

401 2921 870 2991 acquisiverimus,
919 2922 1296 2995 impendentes
1347 2937 1448 2996 pro
1479 2926 1559 2980 eis
1605 2923 1867 2981 doctrinae
1895 2939 1990 2996 pe-

402 3015 640 3078 cuniam,
684 3014 740 3068 hi
789 3015 844 3068 in
887 3024 1071 3071 nostra
1120 3026 1382 3088 perpetua
1432 3018 1775 3086 possessione
1818 3025 1984 3084 sunt;

403 3104 500 3164 sed
527 3113 581 3159 et
626 3103 750 3158 filiis
771 3104 1002 3169 nostris,
1036 3104 1091 3159 id
1119 3112 1223 3170 est,
1259 3106 1560 3177 discipulis,
1586 3106 1829 3162 dividere
1871 3121 1984 3170 eos,

404 3198 456 3254 id
481 3206 587 3262 est,
614 3195 830 3251 tradere
857 3211 1047 3253 eorum
1071 3174 1446 3267 discipulatum
1496 3213 1804 3268 possumus.
1834 3194 1987 3265 Quod
2013 3174 2061 3238 (ἶ

404 3287 717 3342 manifestat
731 3286 947 3353 Paulus,
971 3287 1126 3358 cujus
1143 3286 1236 3342 filii
1251 3289 1464 3358 quidem
1482 3301 1657 3355 erant,
1674 3291 1816 3346 sicut
1832 3289 1992 3346 disci-

406 3381 514 3451 puli
541 3380 695 3435 Titus
725 3389 780 3434 et
803 3377 1156 3447 Timotheus;
1189 3397 1316 3438 nam
1342 3383 1630 3440 Timotheo
1649 3385 1988 3443 dilectissimo

404 3471 516 3540 ﬁlio
544 3473 598 3524 in
630 3471 756 3540 ﬁde,
782 3481 837 3526 et
865 3471 988 3525 Tito
1014 3471 1354 3527 dilectissimo
1375 3475 1488 3542 ﬁlio
1535 3477 1820 3532 secundum
1845 3491 1990 3532 com-

403 3579 613 3616 munem
637 3562 820 3630 ﬁdem,
851 3561 917 3616 ad
947 3576 1042 3617 eos
1077 3563 1320 3619 scribens
1346 3566 1760 3635 praiscribebat;
1794 3567 1991 3623 deinde

402 3655 530 3708 huic
577 3653 874 3722 Ephesios,
906 3655 1034 3709 huic
1076 3652 1363 3711 Cretenses
1389 3654 1683 3712 distribuit.
1729 3657 1864 3713 Nam
1911 3658 1989 3714 illi

406 3745 621 3813 quidem
642 3745 909 3800 scribebat
933 3765 945 3800 :
965 3745 1113 3800 Sicut
1138 3750 1314 3818 rogavi
1327 3759 1375 3803 te
1388 3759 1442 3802 ut
1458 3767 1751 3806 remaneres
1773 3751 1987 3822 Ephesi,

407 3853 526 3889 cum
555 3837 684 3890 irem
713 3837 769 3889 in
800 3836 1190 3907 Macedoniam,
1219 3848 1273 3894 ut
1302 3842 1648 3896 annuntiares
1675 3843 1989 3914 quibusdam

408 3941 472 3978 ne
495 3924 650 3978 aliter
679 3926 920 3980 docerent
955 3926 1006 3998 (1
1033 3927 1166 3982 Tim.
1198 3928 1259 3999 I).
1307 3929 1428 3985 Tito
1455 3941 1638 3986 autem
1665 3949 1678 3986 :
1714 3932 1892 4002 Ilujus
1915 3934 1990 3987 rei

407 4015 580 4084 gratia
609 4014 789 4085 reliqui
831 4025 879 4070 te
901 4014 1090 4082 Cretaz,
1116 4025 1170 4071 ut
1199 4035 1260 4072 ea
1282 4035 1400 4087 qua:
1420 4020 1607 4074 desunt
1637 4023 1872 4091 corrigas
1897 4063 1911 4086 ,
1941 4032 1988 4077 et

408 4107 699 4159 constituas
739 4123 830 4176 per
859 4107 1094 4162 civita:cs
1117 4108 1443 4180 presbyteros
1473 4128 1603 4181 quos
1631 4128 1724 4182 ego
1747 4111 1840 4166 tibi
1866 4127 1990 4168 con-

407 4199 556 4253 stitui
578 4197 706 4270 (Tit.
731 4197 794 4270 ι).
834 4197 940 4253 Sed
967 4209 1023 4254 et
1055 4200 1185 4270 quid
1227 4210 1396 4256 restet
1432 4201 1574 4257 inter
1603 4203 1721 4258 illos
1748 4219 1884 4273 quos
1925 4205 1992 4260 de

409 4291 543 4346 foris
580 4289 772 4344 lucrati
826 4289 1109 4358 fuerimus,
1159 4299 1216 4347 ct
1259 4293 1495 4364 tequales
1549 4303 1764 4350 nostros
1795 4294 1991 4352 fratres

405 4383 502 4454 qui
529 4380 755 4438 forsitan
788 4381 1053 4436 humiliati
1084 4383 1450 4455 corriguntur,
1484 4385 1624 4441 seire
1659 4387 1822 4442 etiam
1847 4402 1992 4443 nunc

408 4488 508 4528 nos
538 4471 814 4543 legislator
841 4472 1049 4538 volens,
1080 4472 1195 4528 hmc
1235 4474 1302 4528 ad
1328 4489 1670 4530 communem
1689 4475 1988 4530 orationem

409 4565 811 4634 praedictorum
841 4565 1096 4634 scripsit:
1137 4563 1356 4621 Fratres
1397 4577 1572 4620 autem
1604 4577 1801 4623 vestros
1848 4569 1990 4637 ﬁlios

409 4653 582 4708 Israel
618 4671 722 4709 non
761 4654 995 4726 aﬁligetis
1031 4670 1125 4725 per
1162 4656 1471 4725 potentiam,
1522 4671 1630 4711 non
1678 4657 1803 4728 quia
1855 4658 1992 4714 alios

409 4760 545 4814 quos
572 4744 767 4799 lucrati
799 4745 1077 4812 fuerimus,
1112 4745 1351 4800 exterius
1401 4745 1455 4799 in
1503 4748 1820 4802 servitutem
1852 4749 1992 4804 redi-

411 4853 539 4908 gere
561 4879 575 4903 ,
605 4847 699 4892 aut
747 4847 1029 4894 conterere
1079 4839 1354 4894 laboribus
1393 4840 1689 4910 prmcepit;
1724 4856 1992 4910 nusquam

411 4929 557 4982 enim
594 4929 697 4982 hoc
737 4930 789 4982 in
820 4929 1101 4984 sanctione
1131 4931 1232 4984 hac
1257 4930 1460 4984 dixisse
1490 4931 1722 4996 videtur,
1749 4931 1845 4986 sed
1865 4933 1992 5002 quia

412 5017 737 5089 nentequali
779 5025 1047 5087 potestate
1089 5020 1144 5074 in
1172 5019 1286 5074 illis
1313 5029 1369 5074 et
1392 5020 1508 5075 istis
1538 5021 1616 5075 uti
1670 5037 1991 5093 possumus;

407 5116 558 5170 aliud
589 5123 674 5169 est
717 5114 863 5169 enim
900 5114 1131 5170 infidelis
1175 5115 1242 5169 ad
1295 5115 1453 5170 fidem
1484 5106 1794 5187 perductus,
1852 5119 1996 5177 aliud

410 5209 589 5265 (idolis
620 5207 823 5278 lapsus,
858 5215 913 5262 et
940 5223 968 5262 a
996 5207 1154 5264 nobis
1175 5208 1505 5264 admonitus.

1042 5340 1267 5398 CAPUT
1296 5342 1362 5397 Χ.

416 5458 865 5529 Deredemptione
909 5457 1054 5528 ejus,
1094 5459 1183 5527 qui
1227 5475 1282 5542 se
1321 5459 1612 5542 uendiderit
1655 5462 1870 5517 adventu
1906 5471 1999 5515 aut

1071 5545 1352 5600 peregrini.

483 5661 667 5733 (istm)
700 5662 756 5718 Si
791 5664 1070 5718 invaluerit
1095 5664 1238 5734 apud
1268 5682 1352 5719 vos
1395 5681 1578 5720 manus
1607 5660 1821 5720 adve'na:
1849 5676 2002 5738 atque

413 5756 697 5824 peregrini,
726 5766 782 5809 et’
813 5767 1115 5811 attenuatus
1142 5756 1317 5826 frater
1351 5767 1471 5812 tuus
1503 5757 1784 5813 vendiderit
1815 5775 1870 5814 se
1917 5757 1966 5812 ei
1986 5796 2001 5823 ,

2086 1920 2228 1988 ctus,
2260 1923 2440 1980 clarus
2482 1931 2570 1978 cst
2614 1920 2923 1981 virtutibus,
2957 1920 3034 1974 ita
3064 1926 3123 1972 ut
3149 1925 3345 1987 potens
3383 1915 3458 1969 sit
3511 1916 3567 1968 in
3595 1926 3686 1967 ar-

2087 2015 2299 2087 guendo
2338 2024 2395 2071 et
2422 2013 2760 2070 exhortando
2787 2019 3107 2082 peccantes;
3162 2008 3322 2078 hujus
3367 2008 3516 2063 enim
3563 2019 3690 2076 pro—

2086 2107 2205 2178 prie
2231 2120 2423 2162 manus
2446 2105 2747 2170 invalescit,
2778 2103 2892 2159 sive
2923 2110 2981 2157 ut
3015 2100 3160 2157 LXX
3189 2099 3402 2166 invenit,
3431 2100 3563 2170 quia
3592 2113 3689 2169 per

2090 2212 2242 2252 suam
2273 2199 2542 2253 anienem
2577 2196 2842 2261 invenire,
2874 2203 2929 2250 et
2953 2194 3181 2250 aliorum
3210 2191 3685 2248 conversationem

2091 2299 2148 2347 et
2189 2290 2622 2346 exhortationem
2652 2297 2832 2360 potest
2860 2305 2875 2354 ;
2919 2287 3114 2342 deinde
3139 2295 3194 2341 et
3221 2284 3388 2339 frater
3417 2292 3565 2348 tuus,
3601 2284 3689 2355 qui

2088 2382 2217 2438 olim
2248 2382 2491 2438 eruditus
2519 2388 2605 2438 est
2652 2381 2707 2436 in
2735 2381 2922 2446 verbo,
2949 2379 3044 2435 sed
3086 2387 3141 2434 et
3186 2378 3278 2448 qui
3328 2373 3562 2446 aequalis
3590 2375 3684 2430 tibi

2088 2479 2173 2528 est
2205 2469 2502 2526 secundum
2550 2479 2753 2526 sortem
2795 2469 3245 2534 conversationis,
3276 2467 3378 2522 hoc
3427 2476 3516 2522 est
3547 2467 3688 2521 enim

2089 2560 2262 2617 frater
2289 2569 2620 2626 attenuatus,
2637 2560 2690 2616 id
2713 2569 2816 2628 est,
2835 2577 2941 2616 non
2965 2559 3249 2614 inveniens
3279 2559 3688 2640 exhortantem,

2088 2653 2456 2710 et-consilium
2479 2653 2695 2709 dantem
2718 2694 2732 2717 ,
2775 2653 2997 2708 advenae
3024 2651 3139 2707 sive
3164 2648 3455 2720 peregrino
3485 2647 3577 2702 vel
3607 2647 3687 2701 in-

2089 2747 2298 2818 quiliuo
2321 2761 2382 2802 se
2404 2745 2725 2812 vendiderit,
2756 2744 2811 2802 id
2838 2753 2923 2800 est
2948 2784 2962 2808 ,
3005 2743 3172 2812 εἰ·ᾳυί
3201 2741 3419 2797 noviter
3459 2753 3528 2793 ex
3563 2753 3690 2810 geu-

2091 2837 2256 2903 tibns,
2286 2844 2381 2891 aut
2405 2836 2472 2892 de
2500 2834 2700 2891 Judaeis
2725 2877 2739 2902 ,
2791 2846 2886 2889 aut
2911 2835 3208 2891 secundum
3257 2832 3402 2904 quod
3454 2831 3689 2886 diximus

2091 2926 2362 2982 haereticis
2410 2925 2675 2992 credenti,
2710 2925 2983 2982 vendatur
3024 2935 3204 2979 autem
3239 2923 3290 2978 ei
3320 2919 3412 2977 illo
3461 2921 3691 2976 verbum

2093 3019 2370 3078 doctorale
2410 3030 2630 3092 propter
2655 3020 3125 3076 conversationem
3151 3016 3267 3087 eius
3294 3015 3684 3086 impendente:

2091 3111 2217 3182 quia
2250 3112 2606 3182 incongruum
2627 3119 2712 3166 est
2743 3125 2867 3166 eum
2893 3109 2986 3181 qui
3009 3109 3140 3163 olim
3165 3109 3218 3163 in
3263 3105 3415 3162 clara
3453 3103 3688 3160 scientia

2092 3209 2147 3256 et
2176 3201 2590 3257 conversatione
2619 3210 2780 3258 notus
2820 3199 2941 3266 fuit,
2973 3202 3075 3256 sub
3119 3216 3187 3255 eo
3227 3199 3319 3270 qui
3364 3197 3584 3254 noviter
3625 3198 3690 3252 ad

2091 3288 2252 3344 fidem
2281 3289 2430 3345 venit
2460 3301 2640 3363 agere,
2669 3305 2775 3348 non
2807 3298 2890 3346 est
2916 3291 3061 3346 enim
3099 3303 3266 3361 parva
3316 3304 3405 3344 res
3458 3288 3691 3359 discipu-

2090 3381 2232 3437 latus
2253 3421 2267 3446 ,
2316 3382 2409 3437 s'ed
2444 3380 2600 3436 multi
2641 3382 2903 3452 temporis
2955 3381 3081 3435 vitae
3109 3381 3273 3435 etiam
3305 3395 3412 3434 non
3446 3379 3692 3434 modicus

2091 3471 2374 3538 decursus,
2403 3471 2468 3527 ad
2492 3471 2877 3543 perfectionem
2905 3472 3248 3529 necessarius
3274 3473 3425 3526 recte
3465 3469 3692 3527 redimi-

2091 3572 2198 3619 tur.
2227 3565 2331 3630 Qui
2367 3564 2585 3620 voluerit
2609 3582 2673 3620 ea:
2710 3566 2962 3636 fratribus
2994 3567 3128 3630 suis,
3155 3575 3284 3620 emet
3311 3581 3456 3631 eum,
3492 3565 3546 3619 id
3572 3574 3690 3629 cst,

2091 3656 2359 3728 quispiam
2391 3671 2514 3711 eum
2543 3657 2735 3712 similis
2778 3657 3000 3713 honoris
3024 3698 3039 3722 ,
3084 3656 3387 3726 similisque
3435 3655 3682 3710 scientia:

2091 3758 2148 3805 et
2167 3749 2592 3806 conversationis
2620 3763 2716 3822 per
2743 3761 2896 3806 suam
2925 3749 3224 3805 doctrinam
3249 3749 3509 3813 redimat,
3534 3743 3592 3804 et
3621 3747 3694 3805 fa-

2092 3840 2201 3895 ciat
2224 3850 2328 3895 non
2351 3855 2486 3911 opus
2518 3839 2716 3895 habere
2761 3841 3040 3896 admoneri
3072 3842 3140 3895 ab
3168 3841 3248 3896 eis
3274 3849 3410 3910 Quos
3441 3841 3560 3911 ipse
3587 3841 3682 3896 de-

2092 3931 2209 3987 buit
2241 3931 2554 3997 admonere,
2588 3937 2646 3985 ut
2672 3938 2799 4001 pote
2844 3931 2933 4001 qui
2974 3931 3028 3986 in
3070 3929 3298 3987 scientia
3327 3931 3564 4002 profecit
3601 3947 3691 3987 eos

2092 4024 2183 4093 qui
2213 4024 2389 4079 adhuc
2418 4024 2579 4079 modo
2605 4024 2771 4094 geniti
2797 4033 2942 4078 sunt.
2973 4023 3206 4079 Patruus
3235 4040 3364 4094 ergo
3391 4032 3450 4079 et
3479 4033 3690 4095 patrue-

2093 4112 2160 4168 lis
2187 4120 2242 4167 et
2283 4114 2716 4184 consanguineus
2751 4124 2809 4169 et
2830 4113 3004 4169 aliinis
3049 4111 3276 4170 redimet
3317 4129 3478 4180 eum;
3510 4124 3691 4186 patres

2095 4201 2266 4256 nostri
2296 4207 2422 4256 sunt
2457 4201 2754 4257 secundum
2795 4202 3066 4274 spiritum,
3094 4203 3187 4273 qui
3237 4218 3338 4258 nos
3379 4196 3687 4274 genuerunt

2094 4309 2191 4364 per
2218 4293 2420 4350 Christi
2455 4295 2775 4350 doctrinam.
2820 4294 3049 4368 PrOpter
3096 4289 3245 4366 quod
3287 4305 3344 4350 et
3371 4285 3575 4350 Paulus
3601 4289 3690 4350 Co-

2095 4385 2316 4441 rinthiis
2369 4385 2683 4441 scribebat:
2735 4385 2878 4441 Nam
2931 4395 2979 4440 ct
3032 4385 3077 4440 si
3138 4385 3334 4440 multos
3376 4386 3689 4456 padagogo:

2096 4477 2291 4531 habetis
2327 4477 2381 4531 in
2410 4474 2639 4544 Christo,
2670 4477 2760 4532 sed
2789 4488 2892 4533 non
2922 4476 3110 4532 multos
3151 4488 3350 4549 patres,
3381 4479 3438 4531 in
3472 4473 3685 4531 Christo

2095 4569 2233 4622 enim
2265 4567 2393 4622 Jesu
2433 4584 2526 4640 per
2549 4567 2890 4639 Evangelium
2915 4585 3008 4638 ego
3036 4583 3121 4621 vos
3151 4567 3308 4638 genui
3359 4563 3412 4638 (Ι
3439 4562 3565 4620 Cor.
3594 4565 3688 4636 tv).

2097 4657 2369 4728 Quotquot
2392 4672 2521 4729 ergo
2549 4656 2743 4713 fratres
2768 4658 2982 4723 horum,
3000 4659 3052 4713 id
3081 4661 3165 4713 est
3191 4659 3527 4724 sacerdotes,
3556 4657 3692 4711 sicut

2097 4760 2152 4807 ct
2182 4752 2280 4821 ipsi
2310 4759 2452 4814 sunt,
2482 4760 2536 4806 et
2562 4752 2814 4806 doctores
2843 4790 2859 4818 ,
2911 4761 3005 4805 aut
3048 4759 3103 4805 et
3130 4749 3224 4804 filii
3277 4749 3508 4804 fratrum
3536 4790 3552 4814 ,
3604 4755 3695 4802 aut

2100 4841 2347 4912 discipuli
2377 4842 2593 4912 quidem
2645 4841 2883 4907 illorum,
2914 4842 2968 4896 in
2999 4843 3246 4896 eamdem
3299 4848 3483 4896 autem
3528 4854 3693 4910 quam

2100 4933 2190 4988 ille
2243 4933 2523 4988 scientiam
2555 4940 2610 4987 et
2650 4933 2954 4987 doctrinam
3011 4933 3286 5004 provecti,
3342 4940 3471 4987 sunt
3507 4931 3692 4996 enim,

2103 5025 2298 5079 fratres
2323 5023 2494 5093 patris
2518 5023 2772 5078 dicuntur
2801 5033 2970 5090 recte,
3004 5024 3094 5094 qui
3135 5024 3278 5078 enim
3305 5020 3693 5092 consanguinei

2101 5127 2156 5171 et
2182 5116 2368 5170 aliines
2401 5123 2526 5170 sunt
2546 5115 2664 5186 ejus
2692 5117 2782 5188 qui
2812 5126 2933 5188 eget
2955 5117 3183 5172 consilio
3206 5125 3260 5170 et
3286 5117 3689 5177 exhortatione,

2105 5209 2157 5264 id
2193 5217 2294 5274 est,
2315 5217 2374 5262 ut
2422 5209 2513 5279 qui
2553 5209 2794 5280 ejusdem
2831 5211 3108 5282 dignitatis
3170 5218 3224 5263 et
3265 5208 3695 5263 conversationis

2103 5301 2340 5366 luerunt,
2365 5300 2419 5355 hi
2455 5317 2645 5357 rursus
2686 5302 2972 5365 redimunt,
3003 5301 3154 5356 Pauli
3206 5313 3479 5355 memores
3507 5299 3692 5352 vocis:

2109 5394 2167 5449 Si
2205 5395 2319 5466 quis
2347 5405 2517 5450 autem
2545 5413 2759 5451 suorum
2785 5438 2802 5462 ,
2849 5407 2898 5452 et
2928 5399 3153 5452 maxime
3176 5395 3582 5450 domesticorum
3608 5411 3698 5448 ru-

2111 5502 2225 5538 rant
2263 5501 2367 5539 non
2399 5485 2570 5551 habet,
2607 5484 2763 5555 fidem
2808 5487 3028 5558 negavit,
3049 5496 3094 5540 et
3125 5496 3196 5540 est
3238 5485 3441 5555 infideli
3469 5484 3698 5539 deterior

2111 5577 2163 5650 (f
2192 5575 2323 5631 Tim.
2353 5577 2428 5644 v).
2481 5577 2547 5632 Et
2577 5580 2705 5649 quia
2731 5590 2925 5650 oportet
2957 5581 3024 5634 ad
3053 5598 3226 5634 omnes
3254 5579 3467 5646 quidem
3503 5580 3694 5632 bonum

2111 5670 2407 5732 ostendere;
2442 5672 2668 5726 maxime
2718 5683 2892 5725 autem
2947 5672 3015 5725 ad
3054 5672 3360 5727 domesticos
3395 5671 3523 5740 ﬁdei
3553 5667 3698 5742 (Gal.

2114 5760 2208 5833 vi).
2240 5759 2304 5814 lli
2333 5759 2474 5816 enim
2505 5763 2660 5817 nobis
2691 5763 3076 5835 consanguinei
3117 5779 3214 5834 per
3239 5778 3461 5820 carnem
3495 5758 3698 5818 Christi
