3926 6176
458 249 558 307 551

1140 246 1198 302 Β.
1238 245 1491 302 RABANI
1530 244 1748 302 MAURI
1786 245 2102 334 ARClllEP.
2144 243 2450 302 MOGUNT.
2494 242 2774 300 OPERUM
2815 241 2993 300 PARS
3027 241 3071 297 1.

3596 245 3695 300 53?.

456 364 526 418 Et
571 379 672 416 non
730 361 930 414 docebit
981 360 1332 429 unusquisque
1394 358 1688 427 proximum
1734 373 1884 410 suum
1909 396 1924 422 ,
1979 367 2026 409 et
2055 365 2102 420 Α
2130 357 2318 408 tritura
2350 355 2695 420 vindemiam;
2726 365 2772 409 et
2805 355 3063 409 vindemia
3093 353 3362 422 occupabit
3399 367 3692 422 sementem,

454 453 806 524 unusquisque
863 449 1076 518 fratrem
1105 466 1255 502 suum
1284 448 1457 501 dicens
1487 460 1504 497 :
1544 445 1805 516 Cognosce
1848 445 2027 500 Domi-

456 561 601 608 num,
633 541 754 612 quia
788 557 962 594 omnes
991 541 1148 593 scient
1178 555 1280 603 me,
1304 555 1335 591 a
1373 538 1571 590 minore
1593 551 1752 606 usque
1774 535 1843 588 ad
1865 535 2028 604 majo-

456 649 564 685 rem
590 647 803 695 eorum;
832 631 954 700 quia
993 629 1246 698 propitius
1295 643 1382 680 ero
1404 625 1765 697 iniquitatibus
1813 639 2025 689 eorum,

457 732 504 775 et
548 730 876 791 peccatorum
923 716 1133 770 illorum
1153 715 1270 787 jam
1309 731 1412 768 non
1451 714 1763 768 recordabar
1804 710 2028 782 amplius

457 811 674 882 (Jerem.
699 807 1164 878 xxxi).Quomodo
1184 805 1363 859 enim?
1389 804 1501 858 Hoc
1525 803 1630 858 erit
1656 802 1700 858 si
1727 816 1832 857 non
1856 799 2026 856 solum

456 900 522 953 ab
549 906 734 967 aperto
757 896 1018 950 idolorum
1041 894 1185 949 cultu
1208 909 1365 964 quem
1406 892 1658 962 prohibet
1677 891 1809 962 legis
1828 891 2025 955 littera,

456 990 554 1046 sed
573 998 626 1042 et
655 987 722 1043 ab
745 985 954 1041 occulto
982 986 1345 1040 abstineamus
1373 998 1388 1036 :
1424 983 1489 1037 de
1520 997 1626 1052 qua
1663 981 1858 1035 Paulus
1887 980 2031 1034 dice-

455 1081 582 1134 bat:
613 1077 789 1130 Radia'
816 1077 1044 1130 omnium
1073 1073 1330 1128 malorum
1375 1073 1628 1137 avaritia,
1660 1087 1776 1142 quae
1805 1080 1880 1124 est
1916 1070 2031 1123 ido-

455 1170 623 1222 lorum
673 1168 891 1220 servitus
943 1165 1155 1237 (Ephes.
1199 1163 1289 1236 v);
1355 1162 1808 1233 quemadmodum
1872 1161 2030 1216 nobis

454 1261 618 1316 etiam
643 1275 784 1314 nunc
809 1259 940 1328 legis
981 1259 1203 1329 spiritus
1255 1258 1635 1312 abstinentiam
1679 1257 1920 1311 mandat.
1962 1255 2031 1310 Et

454 1369 561 1407 non
587 1351 843 1406 faciemus
867 1351 1022 1404 nobis
1062 1349 1260 1403 idolum
1296 1356 1350 1404 et
1377 1348 1650 1418 sculptile;
1682 1349 1816 1413 sive,
1847 1357 1905 1402 ut
1931 1346 2030 1403 Se-

453 1445 730 1517 ptuaginta
762 1439 1116 1498 manuﬁctilcs
1169 1442 1353 1496 domos
1400 1439 1726 1495 mdiﬁcantcs
1773 1447 1829 1494 et
1873 1453 2030 1510 agros

454 1539 663 1607 aliquos
696 1536 1052 1606 possidentes,
1085 1550 1182 1588 nec
1241 1531 1488 1602 sculptile
1515 1533 1566 1586 in
1612 1531 1690 1586 eis
1715 1530 2027 1601 ﬁgurantes,

2126 454 2175 498 et
2202 445 2476 500 comedetis
2504 461 2688 514 panem
2717 453 2939 498 vestrum
2965 445 3020 497 in
3059 443 3338 498 saturitate
3361 482 3376 508 ,
3431 453 3482 498 et
3509 445 3698 516 absque

2125 551 2312 604 pavore
2339 535 2637 588 habitabitis
2658 535 2712 588 in
2742 544 2881 588 terra
2926 543 3129 599 vestra;
3180 533 3316 586 dabo
3341 550 3523 603 pacem
3557 535 3614 589 in
3637 536 3698 603 fi-

2126 624 2278 678 nibus
2307 625 2504 690 vestris,
2537 623 2804 678 dormietis
2827 633 2876 678 et
2905 639 3007 678 non
3033 623 3131 678 erit
3159 624 3250 694 qui
3269 633 3561 689 exterreat;
3606 642 3697 678 au-

2126 711 2294 781 ferant
2317 713 2485 768 malas
2523 713 2726 777 bestias,
2754 723 2802 767 et
2828 714 3036 783 gladius
3059 731 3162 767 non
3187 713 3428 767 transibit
3454 716 3695 770 terminos

2125 813 2341 856 vestros.
2382 800 2758 874 Persequimini
2809 805 3045 857 inimicos
3074 813 3266 858 vestros
3295 842 3310 868 ,
3365 813 3413 856 et
3459 814 3696 858 conruent

2126 907 2303 945 eorum
2331 892 2491 958 vobis,
2517 903 2886 963 persequentur
2917 893 3141 963 quinque
3187 891 3251 946 de
3280 892 3461 946 vestris
3493 902 3698 945 centum

2127 979 2353 1045 alienos;
2378 990 2424 1034 et
2455 990 2658 1035 centum
2683 999 2747 1036 ea:
2772 981 2914 1036 vobis
2939 981 3113 1035 decem
3136 981 3303 1034 millia
3320 1021 3336 1048 ,
3383 981 3574 1035 cadent
3602 981 3692 1033 ini-

2127 1072 2248 1124 mici
2276 1072 2429 1126 vestri
2451 1073 2504 1126 in
2538 1082 2811 1143 conspectu
2838 1083 3006 1127 vestro
3037 1073 3258 1142 gladio;
3303 1073 3583 1143 respiciam
3615 1088 3698 1127 vos

2126 1169 2175 1214 et
2209 1177 2435 1216 crescere
2479 1162 2705 1232 faciam;
2742 1163 3215 1234 multiplicabimini
3253 1174 3300 1219 et
3334 1165 3562 1234 ﬁrmabo
3609 1182 3699 1236 pa-

2127 1259 2265 1304 ctum
2316 1269 2487 1306 meum
2521 1254 2798 1308 vobiscum.
2852 1254 3142 1310 Comedetis
3182 1259 3529 1314 vetustissima
3567 1272 3700 1316 vete-

2129 1361 2243 1397 rum
2265 1385 2281 1410 ,
2315 1357 2366 1399 et
2389 1357 2557 1401 vetera
2587 1349 2730 1403 novis
2760 1350 3234 1419 supervenientibus
3259 1353 3568 1420 proiicietis.
3596 1355 3699 1410 Po-

2129 1450 2250 1487 nam
2288 1435 2678 1491 tabernaculum
2706 1455 2874 1492 meum
2915 1439 2971 1492 in
3007 1441 3174 1494 medio
3197 1442 3366 1506 vestri,
3393 1451 3442 1496 et
3475 1461 3580 1498 non
3609 1446 3702 1499 ab.

2120 1525 2264 1594 jiciet
2293 1541 2378 1579 vos
2407 1528 2584 1580 animo
2613 1544 2750 1592 mea,
2776 1528 3052 1582 ambulabo
3075 1530 3209 1583 inter
3227 1548 3330 1595 vos,
3349 1543 3394 1584 et
3424 1549 3514 1586 ero
3538 1546 3704 1589 vester

455 1638 695 1685 nostram
759 1627 1154 1696 quodammodo
1221 1631 1514 1680 atterentes
1583 1638 1765 1678 amore
1840 1637 2026 1678 eorum
2055 1687 2097 1696 __
2128 1615 2291 1681 Deus,
2312 1632 2498 1686 vosque
2517 1618 2662 1671 eritis
2691 1619 2912 1687 populus
2939 1635 3104 1672 meus.
3153 1619 3265 1690 Ego
3287 1620 3540 1676 Dominus
3560 1624 3701 1680 Deus

455 1727 711 1772 mentem.
750 1687 860 1770 I‘icc
882 1715 1064 1768 titulos
1088 1715 1242 1768 nobis
1265 1715 1376 1769 sive
1403 1722 1633 1767 statuam
1661 1713 1714 1766 in
1745 1711 1829 1767 his
1853 1712 2026 1782 eriga-
2054 1687 2102 1746 B
2129 1717 2310 1772 vester,
2339 1709 2428 1777 qui
2450 1708 2607 1761 eduxi
2633 1725 2722 1762 vos
2745 1710 2809 1763 de
2829 1718 2969 1763 terra
2985 1687 3358 1780 /Egyptiorum
3387 1729 3453 1766 ne
3481 1716 3704 1770 servire-

456 1825 594 1870 mus,
618 1806 859 1862 volentes
893 1821 991 1876 per
1037 1820 1155 1859 eam
1190 1803 1506 1858 memoriam
1550 1811 1790 1857 nostram
1839 1809 2027 1856 exten-

456 1899 584 1952 dere
605 1897 658 1950 in
687 1895 893 1949 futuras
916 1895 1322 1964 generationes;
1371 1893 1464 1948 sed
1503 1905 1601 1947 nec
1630 1890 1857 1961 lapidem
1897 1891 2028 1946 insi-

457 2005 613 2061 gnem
653 1988 924 2059 erigamus
953 2007 965 2040 :
999 1987 1137 2050 auri,
1167 1985 1315 2040 verbi
1344 1985 1538 2056 gratia,
1563 1992 1656 2037 aut
1701 1984 1908 2058 argenti
1943 1999 2030 2038 cu-

457 2080 682 2143 mulum,
713 2086 806 2131 aut
826 2077 1062 2147 lapidum
1090 2076 1180 2145 qui
1221 2075 1472 2130 videntur
1509 2089 1629 2130 esse
1661 2073 1921 2143 pretiosi:
1953 2073 2029 2128 la-

455 2169 608 2240 pides
639 2167 781 2222 enim
820 2175 872 2221 et
918 2165 970 2221 hi
1023 2167 1089 2220 de
1135 2172 1281 2220 terra
1326 2163 1559 2234 aequales
1607 2163 1728 2217 aliis
1764 2161 2029 2232 lapidibus

456 2271 606 2325 sunt;
655 2266 709 2314 et
765 2259 843 2314 sic
877 2272 1164 2312 avarorum
1192 2257 1340 2311 visus
1379 2255 1433 2308 in
1464 2255 1547 2309 his
1576 2252 2028 2324 quemadmodum

455 2364 787 2421 paganorum
817 2349 870 2403 in
903 2347 1060 2402 idolis
1109 2346 1473 2410 seducuntur,
1523 2350 1744 2413 propter
1787 2343 1931 2414 quod
1975 2351 2031 2396 et

457 2438 684 2508 insignis
706 2437 838 2506 lapis
869 2435 1044 2490 dictus
1077 2442 1177 2490 est.
1201 2433 1312 2489 Nos
1337 2441 1515 2489 autem
1543 2433 1678 2488 nihil
1716 2433 1823 2486 tale
1858 2433 2033 2502 patia-

458 2543 598 2591 mur,
643 2540 745 2581 nec
789 2525 1028 2594 insignes
1068 2523 1224 2578 nobis
1252 2523 1456 2594 lapides
1490 2521 1798 2578 efﬁciantur
1831 2521 2032 2576 divitia:

457 2627 517 2674 ut
547 2617 840 2673 secundum
864 2615 1214 2670 intentionem
1248 2629 1434 2669 earum
1461 2613 1721 2677 vivamus,
1737 2612 2031 2669 secundum

457 2707 784 2763 intellectum
822 2704 1173 2776 Septuaginta
1223 2705 1618 2774 interpretum;
1652 2710 1708 2758 et
1739 2716 1847 2757 non
1881 2716 2032 2772 quae-

456 2813 668 2869 cunque
693 2796 1046 2867 praeceperint
1074 2794 1334 2849 faciamus
1355 2834 1369 2857 ,
1413 2802 1470 2848 et
1514 2792 1798 2848 desideriis
1843 2805 2034 2847 earum

463 2890 784 2954 serviamus,
813 2888 1204 2957 adoremusque
1244 2900 1337 2942 eas
1381 2893 1440 2941 et
1477 2885 1721 2942 colamus
1745 2924 1760 2951 ,
1808 2884 1863 2938 in
1906 2898 2036 2940 con-

456 2981 722 3038 servando
760 2995 871 3036 eas.
928 2979 1308 3034 Custodiamus
1361 2986 1540 3032 autem
1603 2985 1659 3032 et
1705 2977 1931 3032 sabbata
1965 2977 2034 3031 ab

459 3073 604 3127 omni
629 3071 732 3126 alio
757 3071 917 3136 malo,
948 3079 1000 3125 et
1028 3069 1368 3126 abstinentiae
1393 3069 1770 3138 vocationique
1808 3069 2032 3123 studen-

461 3171 562 3228 tes,
599 3172 653 3217 et
684 3170 904 3233 agentes
936 3169 995 3216 ut
1021 3163 1272 3231 operibus
1315 3163 1600 3232 pratsentis
1624 3161 1807 3216 mundi
1843 3174 2032 3216 carea-

462 3267 602 3316 mus,
633 3260 795 3319 atque
824 3253 892 3306 ab
931 3251 1009 3304 eis
1039 3251 1409 3319 quiescamus;
1462 3251 1566 3305 hoc
1607 3250 1754 3305 enim
1785 3250 2037 3321 intelligi-

460 3342 569 3396 bile
597 3350 652 3396 et
677 3355 865 3395 verum
907 3341 1186 3396 sabbatum
1233 3349 1348 3407 est,
1397 3343 1541 3412 quod
1592 3355 1700 3397 non
1731 3341 1910 3412 populi
1953 3347 2037 3397 est

461 3430 687 3502 ingrati,
724 3432 818 3486 sed
867 3431 1037 3502 ipsius
1070 3430 1185 3496 Dei,
1210 3431 1661 3501 quemadmodum
1709 3432 1762 3487 in
1789 3432 1924 3487 Isaia
1953 3432 2036 3487 di-

462 3520 618 3576 cebat
642 3538 655 3575 :
693 3521 888 3576 Beatus
914 3522 999 3575 vir
1016 3523 1107 3593 qui
1139 3521 1260 3590 fecit
1285 3523 1382 3576 hoc
1402 3539 1422 3577 :
1444 3531 1492 3576 et
1522 3521 1668 3590 ﬁlius
1695 3524 1920 3578 hominis
1947 3523 2036 3593 qui

463 3611 799 3680 appreliendit
848 3612 1026 3677 istud,
1077 3612 1372 3667 custodiens
1433 3613 1707 3668 sabbatum
1740 3631 1804 3668 ne
1837 3614 2038 3684 polluat

461 3700 596 3755 illud
615 3699 746 3773 (Isa.
766 3702 896 3772 Lvt).
915 3701 973 3756 Si
1003 3718 1108 3756 non
1134 3703 1468 3774 distinguere
1496 3703 1563 3757 ab
1592 3703 1700 3758 illis
1722 3703 2039 3768 volebat,de

471 3793 668 3861 quibus
721 3793 774 3846 in
831 3793 984 3846 initio
1030 3793 1324 3863 prophetia:
1353 3793 1568 3847 dicebat
1601 3809 1614 3845 :
1649 3792 1962 3846 Neontenias
1995 3802 2040 3845 et

463 3883 737 3936 sabbatum
758 3893 804 3937 et
832 3884 1132 3953 festivitates
1160 3884 1295 3938 altas
1324 3901 1426 3938 non
1446 3884 1610 3954 feram
1639 3883 1772 3953 (Isa.
1800 3883 1861 3951 ι).
1890 3883 2041 3950 Quod

468 3981 650 4026 autem
675 3972 771 4026 Dei
815 3981 899 4028 est
936 3974 1250 4038 sabbatum,
1303 3982 1394 4026 aut
1442 3973 1712 4043 quomodo
1765 3973 1892 4026 illud
1936 3988 2041 4027 non

464 4065 754 4134 profanare
811 4065 933 4134 quis
979 4074 1192 4134 potest,
1243 4064 1509 4120 subinfert
1543 4083 1556 4118 :
1591 4063 1852 4129 Quiescite
1893 4081 2044 4134 agere

465 4171 717 4224 perverse,
742 4161 847 4209 etc.
873 4153 1014 4224 Ergo
1044 4168 1073 4207 a
1105 4154 1262 4209 malis
1292 4153 1561 4209 abstinere
1605 4154 1814 4209 sabbati
1841 4163 1924 4209 est
1948 4155 2044 4208 im-

466 4242 660 4311 pletio;
691 4243 785 4297 sed
811 4250 866 4298 et
886 4243 1252 4297 sanctuarium
1292 4252 1396 4308 est,
1421 4257 1730 4314 paveamus,
1759 4243 2046 4298 sanctimo-

2129 1798 2195 1851 tis
2223 1799 2314 1857 eis.
2343 1808 2392 1852 et
2425 1799 2515 1869 qui
2546 1799 2780 1869 confregi
2807 1810 3016 1854 catenas
3045 1803 3296 1856 cervicum
3325 1813 3614 1858 vestrarum
3647 1817 3704 1860 ut

2129 1890 2434 1946 incederetis
2469 1893 2644 1946 erecti.
2692 1892 2828 1959 Quia
2860 1903 3040 1950 autem
3069 1911 3100 1949 a
3153 1895 3352 1953 Iudaeis
3395 1900 3706 1956 invenimus

2129 1980 2437 2035 omnimodo
2483 1981 2598 2036 lucc
2641 1983 2936 2037 secundum
2985 1984 3220 2039 litteram
3269 1987 3508 2058 impleta.
3552 1988 3704 2044 Multi

2127 2069 2272 2123 enim
2300 2070 2397 2124 Dei
2428 2072 2704 2142 propheta:
2727 2074 3088 2130 custodientes
3125 2073 3241 2144 ejus
3268 2078 3541 2141 mandata,
3567 2087 3625 2133 et
3652 2079 3706 2134 in

2128 2163 2414 2232 praeceptis
2453 2162 2570 2233 ejus
2599 2165 2936 2221 ambulantes
2962 2204 2978 2233 ,
3017 2166 3071 2220 in
3100 2167 3266 2222 multa
3303 2166 3523 2223 fuenmt
3568 2168 3707 2224 ιωί-

2129 2253 2309 2308 ctione
2325 2256 2620 2321 constituti,
2649 2270 2748 2311 nec
2769 2271 2963 2327 panem
2989 2271 3145 2312 suum
3170 2272 3294 2312 cum
3319 2258 3593 2324 satietate,
3614 2261 3708 2316 sed

2131 2355 2252 2395 eum
2277 2349 2518 2412 egestate
2559 2344 2948 2399 comederunt:
2976 2347 3430 2415 quemadmodum
3453 2347 3710 2404 Ezechiel

2131 2429 2218 2484 cui
2256 2430 2326 2485 ab
2353 2431 2468 2501 ipso
2496 2431 2598 2487 hoc
2625 2431 2735 2487 Deo
2767 2442 3096 2504 praeceptum
3122 2443 3228 2490 est.
3256 2434 3365 2489 Sed
3407 2443 3466 2490 et
3508 2434 3712 2493 Paulus

2131 2539 2226 2580 eos
2273 2526 2365 2594 qui
2391 2525 2447 2580 in
2476 2525 2593 2598 lege
2629 2533 2686 2581 et
2712 2527 2992 2597 prophetis
3046 2527 3331 2598 iustiﬁcati
3361 2535 3513 2595 sunt,
3537 2543 3710 2598 expo-

2132 2629 2266 2670 nens
2285 2615 2531 2672 dieebat:
2561 2614 2944 2672 Circumierunt
2977 2619 3035 2672 in
3067 2617 3293 2688 melotis,
3315 2628 3364 2673 et
3392 2620 3449 2673 iu
3487 2619 3710 2691 pellibus

2133 2708 2382 2778 caprinis,
2415 2707 2712 2775 humiliati,
2755 2709 2952 2779 amicti,
2995 2709 3182 2780 quibus
3222 2709 3412 2780 dignus
3447 2726 3555 2764 non
3595 2719 3710 2764 erat

2133 2797 2541 2870 mundus(Hebr
2560 2797 2681 2870 .xl).
2703 2797 2836 2853 Illud
2863 2807 3042 2855 autem
3060 2800 3230 2870 magis
3243 2799 3524 2855 intendam
3545 2801 3599 2855 in
3631 2801 3713 2856 his

2134 2901 2255 2957 quae
2275 2887 2420 2943 dicta
2445 2897 2572 2943 sunt
2594 2896 2828 2958 oportet,
2850 2888 2976 2957 quia
2991 2889 3416 2944 custodientibus
3439 2889 3534 2944 Dei
3561 2905 3717 2944 man-

2135 2977 2261 3032 data
2295 2977 2514 3049 triginta
2544 2977 2945 3034 benedictiones
2991 2979 3047 3032 in
3080 2979 3336 3048 praesenti
3376 2977 3462 3034 les
3506 2979 3712 3048 posuit.

2136 3066 2228 3124 Sic
2255 3069 2402 3123 enim
2426 3081 2520 3124 eas
2544 3083 2774 3125 numero
2797 3069 3040 3128 invenies
3073 3084 3512 3140 unamquamque
3545 3071 3687 3125 bene

2135 3161 2424 3216 dictionem
2456 3160 2526 3215 ab
2567 3161 2674 3215 alia
2719 3175 2819 3230 per
2858 3159 3290 3230 coniunctionem
3337 3162 3389 3216 in
3419 3161 3559 3216 LXX
3604 3162 3720 3216 edi-

2135 3251 2282 3306 tione
2301 3251 2651 3316 discernens;
2687 3253 2814 3321 quia
2844 3261 2923 3308 tot
2969 3267 3234 3307 annorum
3262 3252 3503 3307 existens
3533 3252 3717 3307 Domi-

2136 3355 2256 3410 nus,
2287 3343 2356 3398 de
2395 3359 2503 3413 quo
2530 3344 2608 3398 ait
2631 3343 2830 3400 Paulus
2859 3362 2873 3399 :
2905 3343 2971 3399 Ut
3004 3361 3343 3399 occurramus
3365 3361 3542 3399 omnes
3567 3345 3627 3398 in
3653 3346 3721 3398 sic

2137 3447 2254 3486 rum
2321 3433 2604 3503 perfectum
2663 3434 2718 3487 in
2787 3451 3087 3489 mensuram
3152 3436 3322 3489 celatis
3375 3435 3718 3504 plenitudinis

2137 3523 2332 3577 Christi
2359 3523 2576 3594 (Epiros.
2621 3525 2716 3594 tv).
2759 3526 2918 3580 Venit
2962 3525 3030 3579 ad
3075 3525 3424 3595 baptismum,
3449 3534 3720 3593 quatenus

2139 3611 2444 3667 donationis
2483 3611 2870 3681 perfectionem
2925 3629 3022 3683 per
3060 3623 3274 3669 aetatem
3340 3629 3504 3682 quam
3553 3628 3720 3684 agens

2139 3702 2444 3771 baptizatus
2477 3710 2578 3767 est,
2603 3701 2878 3756 nuntiaret
2902 3711 2958 3756 et
2976 3703 3302 3766 ostenderet,
3335 3712 3391 3757 et
3430 3703 3513 3757 sic
3538 3702 3721 3774 perfe-

2139 3802 2262 3849 ctus
2287 3794 2581 3849 secundum
2611 3805 2824 3866 tempus
2856 3794 3050 3858 factus,
3067 3795 3362 3865 praedicare
3382 3797 3722 3866 evangelium

2140 3890 2304 3958 cmpit
2331 3889 2385 3943 in
2411 3904 2518 3959 quo
2543 3889 2719 3944 omnis
2745 3897 2832 3943 est
2854 3889 2976 3943 vita
2999 3898 3054 3944 et
3079 3890 3383 3945 donationis
3423 3890 3720 3960 plenitudo,

2140 3985 2195 4030 et
2220 3978 2646 4032 conversationis
2672 3979 3148 4048 retributionisque
3169 3995 3292 4049 quae
3329 3980 3416 4035 hic
3444 3981 3721 4050 signiﬁca-

2141 4067 2239 4120 vit.
2270 4067 2359 4120 Ait
2381 4068 2564 4122 enim:
2598 4065 2667 4121 Et
2689 4067 2825 4123 dabo
2863 4068 3007 4122 vobis
3049 4067 3277 4137 pluviam
3309 4070 3363 4122 in
3405 4071 3724 4139 temporibus

2143 4157 2271 4210 suis.
2296 4157 2437 4213 Dicit
2460 4165 2640 4213 autem
2667 4159 2890 4214 verbum
2920 4158 3036 4220 Dei,
3061 4168 3123 4213 ut
3145 4167 3271 4228 pote
3303 4158 3723 4215 descendentem

2146 4249 2212 4303 de
2233 4249 2371 4303 coelo
2401 4249 2620 4318 gratias,
2665 4249 2734 4304 de
2783 4263 2890 4318 quo
2930 4248 3138 4319 Moyses
3188 4250 3266 4304 sic
3294 4249 3431 4304 dixit
3461 4269 3473 4303 ;
3508 4251 3727 4303 Attende

467 4333 612 4387 niam
641 4334 938 4397 studentes,
959 4333 1010 4387 id
1032 4342 1116 4388 est
1145 4335 1449 4390 castitatem
1473 4342 1529 4389 et
1552 4335 1900 4404 pudicitiam;
1931 4335 2044 4388 llch
2073 4369 2127 4430 Β
2151 4337 2409 4400 cratumst
2435 4337 2638 4408 loquar,
2663 4346 2711 4392 et
2734 4339 2923 4393 audias
2943 4348 3084 4391 terra
3104 4337 3257 4391 verba
3279 4355 3345 4392 ex
3367 4355 3456 4392 ore
3477 4355 3613 4402 meo,
3641 4355 3731 4391 es-

466 4431 548 4476 est
579 4439 809 4493 namque
840 4426 963 4478 vitae
983 4425 1238 4495 perfectae
1257 4435 1313 4481 et
1331 4437 1717 4484 consummatae
1746 4429 2040 4498 capitulum

468 4511 582 4565 sive
615 4527 862 4567 summa:
893 4521 1110 4584 pr0pter
1151 4515 1293 4582 quod
1344 4517 1506 4569 etiam
1561 4517 1662 4571 hoc
1693 4518 2046 4572 novissimum

469 4602 668 4671 posuit,
693 4610 819 4657 tunc
845 4603 975 4657 dicit
1017 4604 1082 4657 ad
1122 4619 1220 4658 nos
1267 4603 1408 4659 Deus
1437 4623 1449 4658 :
1483 4605 1594 4674 Ego
1617 4605 1872 4658 Dominus
1906 4605 2047 4660 Deus

472 4701 656 4756 vester,
679 4693 770 4761 qui
791 4708 908 4746 sum
933 4694 1146 4761 quidem
1174 4704 1412 4757 sanctus,
1445 4696 1538 4749 sed
1563 4704 1615 4749 et
1639 4695 1693 4748 in
1717 4696 1922 4750 sanctis
1963 4711 2046 4749 re-

472 4787 710 4855 quiesco,
739 4788 1054 4842 interimens
1082 4797 1137 4842 et
1165 4789 1482 4857 disperdens
1511 4804 1699 4844 omnes
1744 4791 1833 4858 qui
1863 4789 2042 4844 taber-

475 4875 728 4930 naculum
759 4892 938 4931 meum
979 4879 1269 4947 polluerint
1289 4887 1346 4934 et
1383 4881 1637 4951 templum
1665 4897 1843 4937 meum
1870 4884 2047 4954 pollu-

478 4965 710 5022 tionibus
732 4967 1063 5038 voluptatum
1094 4971 1430 5026 violaverint.

1083 5082 1310 5140 CAPUT
1348 5084 1456 5140 XII.

482 5165 850 5223 Pra’dicuntur
895 5172 1029 5226 bona
1077 5173 1481 5248 custodientibus
1518 5186 1775 5248 pra'cepla
1804 5177 2048 5246 Domini,

977 5250 1023 5295 et
1051 5243 1191 5297 mala
1216 5243 1546 5300 violantibus.

551 5326 726 5401 (ιω.)
760 5328 820 5384 Si
842 5331 899 5384 in
920 5334 1189 5402 prceceptis
1219 5335 1345 5388 meis
1382 5335 1792 5402 ambulaveritis,
1832 5347 1878 5390 et
1903 5355 2055 5392 man-

480 5416 607 5471 data
630 5435 742 5473 mea
765 5421 1115 5476 custodieritis
1147 5434 1194 5477 et
1245 5425 1470 5493 feceritis
1517 5441 1597 5489 ea,
1621 5426 1755 5478 dabo
1782 5427 1920 5481 vobis
1943 5427 2058 5497 plu-

482 5507 618 5562 viam
639 5510 694 5564 in
727 5513 1038 5583 temporibus
1070 5516 1405 5580 suis,etterra
1432 5516 1602 5586 gignet
1626 5517 1853 5586 fructum
1883 5536 2058 5585 suum,

484 5601 536 5650 et
545 5601 712 5666 pomis
734 5603 944 5659 arbores
973 5605 1324 5677 rapiebantur.
1343 5605 1411 5662 Et
1439 5608 1784 5678 apprehendet
1811 5612 2059 5668 messium

2151 4438 2406 4497 spectetur
2425 4427 2561 4482 sicut
2605 4427 2780 4498 pluvia
2805 4426 3067 4498 eloquium
3097 4443 3267 4480 meum
3301 4426 3482 4497 (Deut.
3526 4428 3725 4497 xxx").

2151 4518 2264 4575 Hoc
2305 4535 2409 4574 non
2454 4519 2826 4588 qualecunque
2860 4519 3056 4572 bonum
3097 4526 3179 4571 est
3223 4517 3278 4571 in
3333 4528 3574 4587 tempore
3631 4533 3734 4572 suo

2149 4608 2460 4676 percipere,
2489 4608 2582 4661 sed
2623 4606 2906 4660 manifesta
2937 4615 3020 4660 est
3042 4605 3136 4660 Dei
3164 4605 3421 4662 bonitatis
3467 4606 3733 4670 ostensio,

2143 4703 2599 4771 quemadmodum
2629 4717 2732 4756 non
2769 4701 3012 4770 accipere
3050 4701 3409 4756 aversationis
3443 4709 3558 4763 est;
3601 4715 3734 4769 pro-

2149 4801 2272 4860 pter
2288 4791 2428 4861 quod
2445 4791 2585 4845 Deus
2610 4792 2853 4846 irascens
2874 4789 3068 4860 populo
3079 4787 3412 4854 Judteorum,
3427 4804 3525 4858 per
3539 4791 3737 4844 Isaiam

2147 4882 2466 4950 prophetam
2485 4881 2721 4935 minatus
2736 4889 2839 4945 est,
2862 4880 3048 4934 dicens
3076 4899 3088 4934 :
3123 4880 3186 4934 Et
3216 4880 3507 4951 relinquam
3531 4881 3739 4934 vineam

2149 4987 2338 5035 meam,
2365 4981 2412 5024 et
2435 4988 2538 5024 non
2569 4973 2858 5040 putabitur,
2887 4989 2978 5026 nec
3026 4971 3271 5040 fodietur,
3297 4982 3346 5024 et
3368 4970 3647 5026 ascenderat
3684 4971 3740 5020 in

2149 5077 2262 5114 eam
2288 5063 2420 5115 sicut
2450 5063 2506 5114 in
2535 5080 2662 5132 agro
2700 5064 2896 5117 inculto
2924 5065 3110 5132 spina’,
3153 5073 3200 5117 et
3241 5064 3464 5118 nubibus
3505 5063 3743 5116 manda-

2151 5150 2214 5204 bo
2244 5168 2308 5205 ne
2326 5151 2507 5221 pluunt
2533 5169 2689 5222 super
2712 5169 2826 5208 eam
2869 5153 3099 5223 pluviam
3125 5153 3262 5225 (Isa.
3297 5154 3370 5226 v).
3399 5153 3537 5221 Quid
3583 5153 3741 5206 enim

2155 5242 2310 5296 nobis
2349 5258 2417 5297 es
2462 5242 2770 5314 accipienda
2813 5243 2987 5312 pluvia
3017 5244 3070 5297 in
3097 5254 3337 5314 tempore
3378 5242 3584 5314 proﬁcit
3612 5282 3630 5306 ,
3689 5248 3748 5295 et

2159 5343 2304 5390 terra
2351 5335 2519 5405 gignit
2546 5334 2774 5390 fructum
2813 5351 3000 5400 suum,
3036 5335 3088 5389 id
3119 5345 3201 5390 est
3233 5351 3428 5406 corpus
3466 5340 3744 5395 nostrum,

2160 5430 2318 5500 hujus
2345 5431 2488 5485 enim
2513 5431 2637 5485 boni
2665 5429 2873 5484 fructus
2911 5439 3035 5484 sunt
3061 5431 3306 5492 castitas,
3331 5427 3609 5487 sobrietas,
3647 5423 3752 5477 ab-

2161 5523 2437 5578 stinentia.
2457 5519 2524 5574 Et
2539 5523 2703 5590 pomis
2723 5521 2933 5575 arbores
2957 5521 3318 5590 replebantur;
3340 5520 3472 5582 sive,
3494 5524 3549 5569 ut
3563 5512 3754 5575 LXX.

2163 5615 2307 5685 ligna
2330 5614 2495 5682 campi
2517 5613 2713 5666 dabunt
2743 5612 2972 5681 fructum
2994 5629 3165 5679 suum,
3188 5611 3332 5683 ligna
3354 5618 3528 5666 autem
3551 5603 3752 5674 campi
