3918 6180
286 246 394 304 555

1167 226 1666 286 EXPOSlTlONES
1703 224 1769 281 IN
1806 222 2201 281 LEVITICUM.
2242 253 2308 263 —-
2350 225 2476 279 LIB.
2522 225 2628 281 ΥΠ.

3441 231 3545 287 534

277 353 399 404 sunt
430 343 627 399 animae
653 350 852 407 motus,
873 349 931 396 ut
960 350 1081 411 pote
1107 344 1198 413 qui
1223 351 1347 399 sunt
1377 343 1612 399 motibus
1662 340 1857 397 intelli—
1884 341 1935 401 Α
1960 347 2153 391 terram
2197 348 2416 392 vestram
2443 352 2459 389 :
2488 339 2634 408 quod
2680 347 2861 394 nostra
2907 342 3188 397 translatio
3222 341 3381 413 paulo
3429 358 3551 416 post

275 434 453 507 gibilis
482 441 682 487 nostra:
737 440 916 498 terrae,
942 432 1193 491 videlicet
1242 433 1443 500 carnis,
1478 432 1860 499 sublimiores;

275 527 472 582 horum
503 509 645 580 enim
673 524 884 579 fructus
918 524 1122 579 veritas
1145 564 1163 589 ,
1214 522 1445 595 justitia,
1474 523 1860 590 mansuetudo,

273 617 579 686 compassio
599 622 655 669 et
679 615 764 672 his
786 615 1003 670 similia.
1030 614 1137 685 (Ex
1183 614 1450 686 Origene.)
1478 614 1750 669 Habemus
1775 614 1861 669 in-

274 717 359 762 tra
394 707 758 777 nosmetipsos
785 714 842 761 et
880 706 1026 777 ligna
1058 721 1371 776 camporum
1398 747 1414 772 ,
1462 721 1581 776 qua:
1628 704 1862 760 fructum

271 814 433 853 suum
459 799 784 870 producunt.
811 797 940 866 Quae
964 807 1091 855 sunt
1117 799 1218 853 ista
1241 798 1385 869 ligna
1419 814 1752 869 camporum,
1777 799 1861 853 di-

270 895 356 944 cet
390 885 638 944 fortassis
658 889 874 944 auditor
898 905 913 944 :
941 890 1073 959 quid
1098 891 1294 945 iterum
1335 891 1424 946 hic
1450 890 1864 946 seminiverbius

269 979 386 1034 ait?
423 978 562 1046 Quid
592 980 828 1050 undique
873 980 1036 1035 verba
1072 981 1365 1050 conquirit,
1394 989 1456 1034 ut
1485 980 1864 1050 explanatione

269 1069 524 1125 lectionis
571 1068 825 1141 elfugiat?
873 1069 1151 1136 Quomodo
1198 1072 1341 1125 intra
1395 1086 1495 1126 nos
1542 1071 1685 1142 ligna
1743 1086 1862 1126 esse

270 1158 528 1226 docebit,
592 1170 648 1214 et
698 1160 957 1215 arbores?
1011 1158 1067 1214 Si
1115 1176 1221 1215 non
1295 1170 1500 1215 temere
1544 1161 1860 1226 obtrectes,

265 1250 379 1322 jam
434 1267 580 1307 nunc
628 1251 863 1306 audies:
917 1250 1055 1317 Quia
1120 1268 1224 1306 non
1282 1261 1448 1322 potest
1510 1251 1669 1306 arbor
1727 1251 1863 1305 bona

267 1341 472 1397 malum
514 1343 746 1413 fructum
791 1343 1005 1413 facere,
1058 1360 1220 1415 neque
1277 1345 1436 1399 arbor
1485 1344 1627 1398 mala
1672 1345 1863 1424 bonum

266 1435 509 1505 fructum
545 1436 720 1505 facere
762 1434 977 1507 (Matth.
1007 1434 1126 1506 vn).
1164 1434 1438 1490 Habemus
1471 1451 1599 1507 ergo
1641 1437 1866 1491 arbores

268 1530 422 1582 intra
468 1542 569 1580 nos
621 1526 735 1580 sive
798 1527 967 1582 bonas
1012 1527 1125 1581 sive
1172 1525 1384 1591 malas,
1431 1535 1653 1596 et,qua:
1709 1526 1865 1581 bona:

268 1626 405 1672 sunt
461 1614 667 1670 fructus
721 1614 890 1670 malos
952 1614 1147 1670 alferre
1209 1631 1316 1670 non
1378 1624 1651 1684 possunt,
1724 1615 1863 1670 sicut

1965 428 2130 484 dicit:
2157 426 2380 483 Gladius
2406 445 2510 483 non
2532 431 2775 484 transibit
2813 432 3061 486 terminos
3102 443 3317 499 vestros,
3341 445 3387 490 et
3411 438 3547 492 dabo

1962 535 2144 590 pacem
2169 520 2225 574 in
2246 528 2390 575 terra
2417 530 2606 575 vestra.
2635 520 2691 576 Si
2718 522 2862 576 enim
2905 538 3103 593 corpus
3149 526 3341 582 stabile
3386 527 3551 585 fuerit

1965 620 2020 665 et
2056 610 2238 665 anima
2278 609 2586 677 fructificet,
2627 613 2805 667 securi
2856 613 2909 666 in
2932 621 3076 669 terra
3119 624 3303 671 nostra
3344 619 3557 674 habita-

1963 700 2143 756 bimus
2172 718 2186 755 :
2220 699 2359 766 Quia
2378 717 2501 755 caro
2526 718 2630 756 non
2664 704 2987 773 copcupiscet
3019 703 3268 761 adversus
3307 709 3550 763 spiritum

1963 790 2122 863 (Gal.
2150 809 2180 847 v
2199 792 2242 866 ).
2277 793 2430 849 Unde
2470 810 2569 850 nec
2592 794 2790 850 bellum
2822 811 2919 865 per
2948 803 3146 852 terram
3176 799 3446 863 transibit,
3468 817 3557 855 nc-

1966 895 2074 949 que
2106 881 2252 935 enim
2296 881 2519 937 habebit
2569 890 2780 953 tempus
2806 883 2861 938 in
2909 887 3307 942 resurrectione
3352 903 3555 944 concu-

1962 971 2376 1040 piscentiarum,
2401 972 2468 1028 de
2492 974 2685 1043 quibus
2712 975 2790 1030 ait
2822 976 3055 1032 Iacobus
3086 997 3098 1032 :
3132 977 3282 1034 Unde
3323 980 3456 1036 bella
3505 992 3557 1037 et

1964 1060 2078 1115 lites
2101 1062 2155 1115 in
2185 1062 2368 1116 vobis?
2398 1061 2591 1118 Nonne
2626 1064 2842 1132 hinc,ex
2880 1070 3311 1139 concupiscentiis
3352 1074 3554 1138 vestris,

1963 1157 2081 1223 qua:
2101 1153 2329 1207 militant
2376 1155 2431 1208 in
2470 1155 2713 1211 membris
2741 1158 2957 1224 vestris;
3006 1160 3203 1230 quibus
3242 1162 3554 1231 destructis,

1962 1261 2067 1315 pax
2099 1246 2154 1299 in
2187 1255 2331 1301 terra
2360 1256 2567 1313 nostra,
2615 1248 2731 1319 lege
2757 1249 2852 1304 Dei
2877 1249 3171 1318 refrenata,
3215 1255 3550 1327 proﬂigator.

1965 1336 2034 1389 Et
2069 1337 2361 1402 dormietfs,
2394 1340 2589 1409 inquit.
2634 1340 2693 1395 ιιι
2734 1342 3106 1398 retributionis
3151 1353 3332 1400 autem
3377 1348 3559 1415 specie

1966 1424 2129 1479 etiam
2163 1427 2267 1482 hoc
2291 1426 2572 1499 Scriptura
2598 1444 2753 1485 sacra
2790 1431 3003 1500 posuit;
3035 1432 3292 1488 dormitio
3316 1435 3462 1489 enim
3492 1445 3551 1490 ut

1964 1525 2092 1586 pote
2139 1520 2355 1589 requies
2386 1551 2393 1557 -
2423 1536 2572 1576 mors
2626 1530 2936 1577 sanctorum
2991 1524 3558 1596 diciturziniquorum

1966 1616 2149 1663 autem
2178 1622 2286 1665 non
2313 1619 2397 1665 est
2421 1611 2515 1665 ita.
2542 1610 2639 1666 Cui
2664 1612 2821 1667 testis
2841 1622 2925 1668 est
2957 1613 3316 1670 Ecclesiastes
3344 1633 3358 1669 :
3393 1615 3559 1671 Satu-

269 1720 400 1776 qute
457 1705 613 1759 malae
659 1713 819 1770 sunt,
874 1703 1081 1760 fructus
1126 1718 1233 1759 non
1292 1703 1483 1759 afferre
1531 1706 1719 1762 bonos.
1771 1704 1866 1762 Vis
1894 1687 1940 1745 Β
1970 1703 2099 1756 ritas
2132 1712 2308 1758 autem
2341 1704 2514 1758 divitis
2541 1721 2644 1759 non
2673 1705 2796 1759 sinit
2826 1705 3056 1760 dormire
3098 1723 3216 1761 eum
3259 1705 3438 1780 (Eccl.
3465 1707 3552 1780 v).

271 1796 376 1850 tibi
419 1801 475 1850 et
515 1795 771 1850 arborum
815 1794 1087 1864 ipsarum,
1132 1809 1252 1863 qua:
1292 1794 1435 1849 intra
1469 1810 1569 1849 nos
1600 1805 1745 1862 sunt,
1776 1811 1870 1850 vo-

271 1887 471 1943 cabula
524 1896 579 1942 et
629 1885 1015 1957 appellationes
1073 1886 1394 1955 expediam?
1440 1886 1557 1942 Non
1607 1899 1690 1943 est
1736 1887 1870 1943 ficus

271 1990 380 2031 nec
409 1975 602 2040 malus,
632 1990 731 2031 nec
758 1976 905 2040 vitis,
939 1975 1033 2029 sed
1056 1990 1162 2029 una
1197 1975 1362 2030 arbor
1377 1974 1591 2043 justitia
1620 1986 1868 2043 vocatur,

272 2065 389 2121 alia
421 2066 728 2136 prudentia,
755 2066 859 2119 alia
885 2062 1169 2130 fortitudo,
1218 2065 1324 2119 alia
1373 2066 1727 2134 temperantia
1773 2082 1871 2121 no-

269 2156 541 2212 minatur.
571 2155 637 2209 Et
667 2155 713 2210 si
742 2156 824 2210 vis
853 2154 1110 2224 majorem
1136 2155 1313 2210 adhuc
1347 2154 1602 2210 arborum
1627 2156 1871 2210 multitu-

271 2244 485 2310 dinem,
511 2243 660 2298 disce
681 2243 878 2313 quibus
902 2243 1154 2299 fortassis
1182 2244 1343 2315 digne
1363 2245 1661 2313 putabitur,
1684 2246 1868 2301 consi-

275 2345 371 2392 tus
396 2336 566 2390 etiam
596 2336 884 2407 paradisus
908 2333 1004 2389 Dei
1032 2343 1138 2390 est.
1180 2335 1325 2406 Ergo
1360 2336 1464 2390 alia
1501 2336 1666 2391 arbor
1699 2338 1872 2407 pietas

271 2435 384 2492 est,
414 2435 472 2481 et
493 2426 599 2480 alia
626 2426 788 2481 arbor
813 2425 1091 2496 sapientia:
1113 2432 1219 2492 est,
1249 2435 1306 2481 et
1331 2426 1435 2480 alia
1452 2426 1750 2498 disciplina:
1765 2436 1868 2493 est,

272 2525 338 2573 et
366 2516 470 2571 alia
493 2516 733 2572 scientia:
758 2515 886 2571 boni
920 2523 975 2570 et
1004 2515 1130 2569 mali
1155 2534 1168 2569 :
1192 2531 1356 2586 super
1395 2518 1577 2571 omnia
1625 2533 1756 2572 vero
1792 2527 1874 2572 est

271 2617 335 2662 et
363 2607 531 2662 arbor
558 2607 702 2671 vitm,
734 2605 1021 2660 adhibeam
1051 2615 1245 2662 testem
1271 2608 1728 2677 sapientissimum
1774 2606 1874 2663 Sa-

271 2695 579 2761 lomonem,
606 2695 874 2751 dicentem
905 2695 972 2752 de
1001 2697 1302 2766 sapientia:
1345 2697 1567 2769 Lignum
1608 2699 1729 2753 vitta
1775 2707 1871 2766 est,

273 2788 482 2857 inquit,
517 2788 757 2842 omnibus
800 2790 890 2859 qui
933 2789 1319 2859 amplectuntur
1367 2806 1481 2845 eam
1537 2786 1729 2862 (Prov.
1752 2788 1871 2857 ιιι).

275 2880 343 2935 Si
369 2896 501 2951 ergo
526 2880 791 2950 sapientia
819 2880 1023 2950 lignum
1046 2880 1173 2935 vitae
1198 2890 1301 2947 est,
1327 2881 1444 2936 sine
1471 2880 1632 2936 dubio
1651 2889 1707 2935 et
1730 2878 1874 2935 aliud

272 2972 489 3042 lignum
515 2981 601 3026 est
629 2972 947 3042 prudentia,
979 2980 1035 3026 et
1064 2972 1207 3027 aliud
1230 2971 1479 3041 justiti-ae.
1508 2972 1695 3043 Neque
1724 2976 1871 3027 enim

273 3073 688 3135 consequenter
705 3063 982 3119 diceretur
1009 3078 1074 3118 ex
1102 3065 1352 3119 omnibus
1373 3064 1684 3131 virtutibus,
1700 3068 1869 3119 solam
1900 3031 1945 3095 Ο

271 3158 611 3228 sapientiam
638 3157 904 3212 meruisse
940 3171 1060 3226 qua:
1098 3156 1301 3227 lignum
1349 3157 1472 3211 vita:
1514 3156 1744 3219 dicatur,
1778 3173 1880 3212 ete-

274 3259 434 3304 teras
465 3255 648 3300 autem
673 3246 905 3301 virtutes
946 3260 1286 3315 nequaquam
1325 3246 1518 3300 similis
1549 3245 1712 3301 sortis
1756 3261 1878 3301 sns-

272 3342 496 3413 cepisse
519 3339 806 3395 vocabula.
843 3338 1011 3411 Ligna
1037 3353 1166 3407 ergo
1206 3339 1382 3408 campi
1412 3338 1618 3394 dabunt
1645 3338 1878 3393 fructum

274 3447 442 3488 suum
476 3448 491 3485 :
524 3430 885 3501 Apprehendet
934 3433 1179 3486 messium
1219 3432 1413 3484 tritura
1459 3431 1792 3492 vindemiam.
1829 3441 1877 3485 et

273 3524 545 3581 vindemia
581 3522 851 3593 occupabit
872 3533 1167 3578 sementem.
1211 3523 1328 3595 (Ea:
1377 3523 1694 3596 Hesychia.)
1744 3525 1879 3591 Quia

276 3614 429 3670 enim
467 3612 664 3666 tritura
694 3618 856 3667 terra:
898 3610 1102 3683 colligit
1144 3611 1373 3678 fructus,
1416 3613 1681 3668 vindemia
1722 3618 1881 3670 arbo-

277 3719 406 3759 rum
440 3711 592 3758 recte
624 3701 835 3758 fructus
862 3703 1126 3773 corporis,
1151 3712 1244 3758 aut
1267 3705 1478 3760 fructus
1509 3705 1704 3760 anima:
1732 3721 1880 3761 com-

276 3794 630 3865 prehendere
655 3793 769 3849 sive
793 3808 1085 3863 occupare,
1108 3795 1238 3864 quia
1266 3794 1370 3851 hoc
1393 3796 1613 3865 quidem
1642 3797 1880 3852 maxime

276 3887 686 3945 benedictionis
731 3895 837 3953 est,
890 3902 1002 3942 uno
1050 3886 1351 3957 eodemque
1393 3897 1635 3958 tempore
1686 3888 1880 3945 stabile

276 3989 339 4035 et
373 3977 673 4035 fecundum
694 3993 892 4049 corpus
917 3986 1080 4048 atque
1104 3977 1342 4032 animam
1370 3978 1426 4032 in
1454 3978 1747 4034 virtutibus
1761 3994 1883 4050 pos-

278 4072 493 4128 sidere.
512 4069 946 4140 Comprehendet
963 4080 1143 4126 autem
1174 4070 1290 4126 sive
1310 4071 1597 4141 occupabit
1609 4071 1880 4129 vindemia

280 4169 611 4218 sementem.
656 4159 1009 4231 Congregans
1046 4161 1191 4216 enim
1235 4161 1417 4215 anima
1455 4161 1684 4218 virtutes
1727 4176 1875 4228 suas,

282 4268 413 4307 mox
443 4251 584 4305 alias
612 4249 886 4306 desiderat
909 4264 1079 4320 usque
1125 4251 1256 4305 dum
1300 4250 1421 4306 illus
1454 4252 1693 4321 attigerit
1737 4252 1875 4307 divi-

283 4345 412 4407 tias,
444 4341 516 4396 ad
549 4356 686 4411 quas
726 4339 926 4396 Paulus
964 4340 1264 4406 festinavit,
1308 4350 1364 4397 et
1398 4350 1682 4412 propterea
1729 4343 1875 4397 dice-
1898 4374 1952 4436 Β

275 4442 377 4496 bat
409 4458 425 4494 :
452 4437 694 4503 Fratres,
721 4455 813 4510 ego
854 4456 935 4493 me
970 4455 1078 4493 non
1118 4440 1347 4494 arbitror
1388 4440 1693 4509 comprehen
1712 4440 1872 4495 fisse:

280 4546 452 4584 unum
475 4538 648 4582 autem
669 4545 787 4599 qua:
806 4528 1016 4600 quidem
1039 4537 1175 4582 retro
1205 4537 1326 4582 sunt
1353 4526 1564 4594 oblitus,
1589 4528 1645 4581 in
1666 4528 1750 4582 his
1777 4545 1875 4582 au-

279 4633 386 4675 tem
427 4635 549 4690 qua:
600 4621 654 4672 in
696 4620 875 4690 priora
909 4627 1052 4683 sunt,
1087 4626 1344 4681 extentus,
1387 4617 1671 4671 secundum
1704 4618 1875 4672 inten-

278 4712 479 4764 tionem
502 4725 690 4779 sequor
716 4708 784 4761 ad
823 4707 1053 4778 palmam
1092 4723 1333 4778 superna:
1368 4707 1647 4761 vocationis
1682 4704 1877 4762 Christi

282 4800 467 4874 (Phil.
500 4800 618 4873 ιιι).
653 4800 881 4870 Propter
901 4800 1043 4869 quod
1066 4808 1123 4855 et
1156 4800 1357 4854 bonum
1396 4799 1641 4868 sequitur
1685 4813 1871 4855 semen

280 4897 513 4965 plenum
564 4892 893 4947 salutaribus
932 4892 1256 4957 actionibus,
1294 4898 1354 4944 ut
1398 4889 1535 4944 bene
1586 4890 1872 4945 conveniat

274 4983 433 5052 quod
455 4982 740 5052 sequitur:
772 4980 837 5034 Et
863 4980 1350 5050 comedetis'panem
1384 4989 1609 5034 vestrum
1638 4981 1695 5034 in
1725 4989 1873 5034 satu-

282 5076 464 5128 ritate.
495 5072 555 5128 Si
582 5073 727 5128 enim
748 5074 906 5145 panis
931 5080 1116 5129 noster
1137 5073 1310 5128 virtus
1333 5080 1437 5138 est,
1462 5071 1529 5127 de
1548 5088 1655 5143 qua
1683 5071 1869 5126 Domi-

280 5182 392 5220 nus
421 5167 637 5223 dicebat
665 5186 678 5221 :
706 5165 1010 5238 Operamini
1035 5184 1138 5222 non
1163 5167 1335 5222 cibum
1355 5168 1443 5239 qui
1479 5167 1634 5234 perit,
1670 5166 1759 5221 sed
1780 5168 1870 5239 qui

276 5268 555 5331 permanet
577 5259 632 5312 in
653 5259 812 5313 vitam
842 5267 1091 5313 (sternam
1115 5257 1309 5331 (Joan.
1340 5257 1449 5331 vx).
1489 5257 1590 5313 Hic
1632 5258 1763 5313 illud
1805 5258 1870 5313 ad

281 5353 597 5407 satietatem
629 5352 896 5417 comedet,
928 5352 982 5406 id
1011 5359 1118 5414 est,
1146 5357 1424 5418 operatur,
1454 5349 1547 5419 qui
1587 5348 1642 5403 in
1678 5362 1872 5419 perpe-

286 5452 384 5497 tuo
404 5443 525 5511 ejus
547 5444 844 5514 appetitum
869 5444 1053 5499 habet.
1085 5442 1153 5496 Et
1183 5442 1376 5514 absque
1400 5458 1592 5513 pavore
1613 5440 1872 5495 habitabi-

277 5536 357 5589 tis
377 5539 431 5589 in
452 5545 597 5589 terra
624 5546 816 5596 vestra,
838 5534 974 5587 dabo
1011 5549 1191 5603 pacem
1231 5533 1287 5587 in
1320 5532 1513 5601 ﬁnibus
1551 5532 1767 5596 vestris;
1792 5529 1874 5584 vel

281 5626 590 5682 Secundum
632 5622 1005 5695 Septuaginta,
1047 5630 1096 5676 et
1127 5621 1316 5676 bellum
1362 5639 1467 5678 non
1505 5621 1746 5678 transibit
1781 5636 1874 5693 per

693 5712 968 5774 Ριιτιιοι..
1003 5710 1194 5775 CVlll

2038 1793 2267 1864 Propter
2290 1796 2432 1865 quod
2468 1812 2611 1851 nunc
2637 1810 3033 1868 consequenter
3053 1800 3299 1855 addidit:
3336 1800 3404 1855 Et
3446 1817 3553 1856 non

1968 1885 2086 1950 erit,
2109 1885 2198 1955 qui
2227 1896 2503 1940 exterreat.
2544 1886 2647 1954 Qui
2690 1889 2832 1943 enim
2880 1890 2960 1944 sic
3005 1892 3160 1957 vixit,
3201 1894 3554 1963 quemadmo-

1970 1974 2099 2029 dum
2132 1976 2186 2029 in
2235 1976 2606 2045 superioribus
2645 1979 2844 2033 dictum
2887 1989 2992 2046 est,
3040 1997 3147 2037 non
3194 1983 3418 2039 habebit
3465 1986 3559 2054 qui

1970 2080 2094 2120 eum
2143 2074 2342 2121 terreat
2380 2075 2624 2137 tempore
2673 2070 2886 2136 mortis,
2933 2088 3053 2142 quae
3102 2073 3259 2129 nobis
3306 2075 3559 2131 dormitio

1971 2167 2075 2225 est,
2107 2168 2330 2230 propter
2367 2176 2518 2230 spem
2563 2173 2902 2217 mortuorum
2952 2159 3384 2221 resurrectionis.
3439 2166 3557 2223 Non

1964 2250 2195 2328 habebit
2222 2260 2402 2305 autem
2430 2252 2522 2321 qui
2551 2259 2847 2319 exterreat,
2886 2254 3020 2308 nihil
3054 2254 3156 2309 sibi
3178 2257 3451 2321 conscius,
3490 2258 3556 2314 de

1971 2356 2078 2410 quo
2106 2349 2392 2396 terreatur.
2430 2342 2682 2413 Auferam
2709 2343 2876 2398 malas
2906 2344 3113 2411 bestias,
3151 2346 3406 2402 videlicet
3444 2348 3556 2403 da:-

1974 2451 2178 2492 mones.
2214 2435 2410 2491 Bestia:
2438 2437 2580 2493 enim
2606 2445 2820 2492 suntex
2854 2437 3018 2491 simili
3056 2439 3284 2504 malitia,
3316 2431 3551 2509 primum

1973 2527 2115 2581 sicut
2168 2525 2418 2587 latentes,
2470 2526 2663 2583 deinde
2704 2534 2765 2581 nt
2802 2541 3070 2583 venenum
3123 2529 3464 2599 importabile
3505 2542 3560 2588 et

1973 2616 2313 2672 mortiferum
2349 2618 2633 2673 habentes.
2662 2618 3045 2688 Persequemini
3066 2620 3305 2676 inimicos
3337 2632 3554 2679 vestros.

1974 2706 2090 2761 Non
2113 2716 2339 2776 possunt
2363 2708 2660 2767 enimante
2685 2708 2879 2765 faciem
2903 2725 3112 2777 eorum,
3135 2713 3227 2782 qui
3257 2715 3553 2770 secundum

1974 2800 2144 2869 legem
2171 2801 2360 2855 vivunt
2386 2809 2551 2857 stare.
2602 2801 2671 2855 Et
2716 2812 2958 2856 corruent
3006 2819 3186 2857 coram
3228 2805 3390 2860 vobis.
3438 2806 3554 2874 Qua

1974 2890 2185 2943 morte?
2218 2904 2337 2959 quae
2366 2898 2451 2945 est
2485 2891 2671 2959 utique
2703 2905 2797 2961 per
2821 2889 3084 2959 jejunium
3140 2902 3194 2948 et
3235 2896 3554 2951 orationem.

1976 2976 2090 3034 Hoc
2111 2979 2256 3033 enim
2284 2979 2443 3033 modo
2464 2980 2637 3034 nostri
2665 2979 3028 3050 intelligibiles
3053 2982 3258 3039 inimici
3280 2984 3555 3042 daemones

1980 3067 2386 3133 interimuntur,
2418 3076 2479 3123 ut
2501 3084 2838 3139 nequaquam
2868 3069 3015 3124 ultra
3046 3079 3235 3126 contra
3288 3089 3388 3129 nos
3434 3091 3561 3147 pos-

1979 3158 2091 3213 sint
2120 3157 2462 3213 reviviscere.
2498 3158 2650 3214 Unde
2674 3168 2729 3214 et
2763 3159 3027 3215 Dominus
3070 3162 3329 3231 apostolis
3377 3164 3559 3235 inqui-

1979 3251 2246 3316 rentibus,
2275 3265 2374 3305 cur
2412 3258 2622 3305 mutum
2702 3259 2759 3305 et
2802 3252 3021 3307 surdum
3074 3253 3400 3310 dmmonium
3462 3257 3561 3327 eji-

1978 3356 2104 3398 cere
2149 3341 2372 3396 minime
2398 3341 2720 3411 potuissent,
2744 3342 3024 3412 respondit
3052 3361 3065 3396 :
3092 3342 3208 3398 Hoc
3250 3362 3411 3415 genus
3457 3364 3559 3402 non

1986 3429 2200 3497 ejicitur
2230 3430 2330 3483 nisi
2364 3446 2456 3497 per
2476 3431 2742 3499 jejunium
2770 3444 2815 3484 et
2843 3438 3129 3484 orationem
3156 3432 3372 3499 (.llatth.
3404 3435 3556 3498 xvu).

1987 3518 2379 3589 Persequentur
2393 3521 2617 3589 quinque
2634 3522 2697 3573 de
2719 3522 2864 3573 uobis
2890 3534 3098 3574 centum
3119 3521 3480 3586 alienos,sive,
3504 3529 3562 3575 nt

1979 3610 2351 3682 Septuaginta,
2393 3609 2645 3681 expellent
2680 3611 3075 3680 quinquaginta.
3121 3609 3351 3666 Centum
3407 3614 3560 3683 quin—

1977 3702 2236 3773 quaginta
2264 3701 2497 3757 dicimus
2520 3700 2818 3771 spiritalem
2841 3700 3136 3767 hominem,
3162 3701 3288 3770 quia
3317 3700 3405 3756 die
3425 3702 3559 3757 Pen-

1979 3802 2212 3851 tecostes
2248 3792 2484 3863 Spiritus
2505 3794 2572 3848 de
2592 3792 2731 3848 caelo
2766 3792 3065 3848 descendit.
3112 3793 3254 3865 Ergo
3298 3794 3559 3864 spiritalis

1978 3887 2069 3943 ille
2091 3886 2306 3958 qualem
2332 3885 2530 3941 Paulus
2557 3885 2772 3940 dicebat
2800 3902 2814 3938 :
2842 3884 3114 3956 Spit-italis
3143 3894 3314 3949 autem
3345 3886 3557 3957 judicat

1977 3978 2153 4034 omnia
2174 3987 2222 4032 et
2243 3978 2351 4049 ipse
2379 3994 2413 4030 a
2439 3977 2642 4031 nemine
2654 3976 2933 4046 judicatur
2961 3975 3026 4048 (I
3055 3974 3178 4034 Cor.
3221 3976 3316 4049 ιι),
3360 3978 3416 4033 id
3453 3988 3556 4043 est,

1977 4069 2069 4140 qui
2125 4067 2405 4124 scientiam
2450 4066 2747 4136 perfectam
2798 4066 2960 4122 habet
2982 4069 3051 4121 ad
3082 4066 3336 4122 subtilem
3370 4081 3557 4123 eorum

1977 4178 2095 4232 qua:
2122 4162 2329 4233 agenda
2356 4169 2483 4216 sunt
2505 4160 2907 4226 discretionem,
2936 4160 3023 4214 hic
3050 4161 3297 4230 quamvis
3322 4160 3556 4216 validum

1976 4257 2297 4319 dmmonem,
2321 4253 2471 4309 verbi
2495 4253 2692 4324 gratia,
2713 4252 2805 4321 qui
2827 4261 2913 4306 est
2937 4267 3000 4306 ex
3029 4253 3107 4307 eis
3130 4269 3293 4323 supra
3315 4262 3553 4323 centum,

1976 4355 2033 4401 et
2060 4346 2152 4415 qui
2187 4345 2350 4414 Legio
2385 4344 2681 4413 appelletur
2721 4353 2942 4412 pr0pter
2991 4343 3388 4402 multitudinem
3429 4348 3561 4404 obe-

1979 4435 2240 4491 dientium
2263 4434 2314 4489 ei
2338 4433 2602 4487 malorum
2627 4432 2915 4502 spirituum
2941 4441 2997 4486 et
3012 4435 3438 4503 cooperantium,
3460 4453 3556 4491 va-

1976 4527 2051 4582 let
2075 4539 2332 4598 superare
2357 4532 2517 4594 atque
2544 4524 2784 4580 vincere.
2828 4518 2898 4577 Et
2922 4533 3128 4578 centum
3148 4541 3176 4578 e
3195 4525 3339 4579 vobis
3377 4527 3555 4581 decem

1976 4619 2164 4676 millia.
2201 4616 2303 4685 Qui
2332 4617 2477 4672 enim
2508 4632 2614 4671 non
2643 4616 2819 4672 solum
2857 4615 3139 4671 scientiam
3174 4616 3340 4672 habet
3384 4619 3556 4675 subti-

1975 4712 2101 4778 lem,
2132 4711 2305 4766 sedet
2336 4709 2504 4764 vitam
2549 4707 2845 4779 perfectam
2891 4716 3053 4777 atque
3099 4722 3552 4781 consummatam,

1976 4804 2067 4859 hic
2100 4801 2293 4872 duplex
2340 4800 2734 4871 quodammodo
2762 4799 3020 4870 spiritalis
3048 4809 3151 4867 est,
3183 4808 3238 4857 et
3265 4798 3554 4874 pr0pteI‘ea

1976 4896 2288 4951 centenario
2318 4908 2544 4948 numero
2574 4893 2923 4948 honorandus
2946 4903 3050 4960 est,
3095 4895 3238 4950 sicut
3283 4895 3549 4966 duplicem

1974 4986 2210 5042 fructum
2244 4984 2423 5041 ferens
2454 4984 2509 5038 in
2545 4983 2735 5054 spiritu
2763 4991 2925 5053 atque
2952 4984 3249 5055 perfectum
3283 5004 3295 5040 :
3327 4987 3394 5042 de
3422 5002 3550 5058 quo,

1976 5078 2234 5149 majorem
2264 5076 2510 5132 Christus
2543 5091 2649 5131 non
2676 5076 2823 5139 dicit,
2857 5079 2952 5133 sed
2991 5078 3306 5149 frequenter
3351 5080 3546 5135 benam

1976 5179 2178 5227 terram
2198 5168 2478 5222 insinuans
2497 5165 2709 5221 dicebat
2734 5183 2746 5217 :
2768 5164 2933 5236 A/Tert
2946 5167 3176 5237 fructum
3202 5169 3547 5239 trigesimum,

1968 5273 2017 5319 et
2043 5261 2418 5331 sexagesimum
2438 5268 2485 5312 et
2511 5259 2846 5313 centesimum
2867 5256 3092 5331 (Matth.
3113 5257 3264 5328 xm).
3298 5258 3396 5313 Hic
3422 5271 3552 5327 ergo

1971 5352 2138 5408 millia
2193 5349 2428 5405 hostium
2483 5347 2772 5417 subjicere,
2813 5363 3004 5406 omnes
3039 5348 3291 5405 videlicet
3335 5354 3551 5401 contra-

1972 5444 2083 5499 rias
2101 5442 2349 5506 virtutes,
2373 5448 2433 5494 ut
2465 5448 2592 5512 pote
2638 5440 2732 5510 qui
2769 5440 3033 5496 virtutum
3071 5440 3235 5495 habet
3264 5436 3555 5508 perfectio-

1974 5548 2118 5598 nem,
2148 5538 2326 5601 potest
2369 5529 2650 5596 Quomodo
2678 5528 3130 5596 antem,subjicit:
3155 5527 3217 5581 in
3247 5527 3413 5583 verbo
3442 5535 3552 5582 utt-

1976 5632 2081 5689 que
2102 5616 2217 5674 Dei.
2239 5615 2331 5673 Ait
2355 5615 2498 5673 enim
2528 5630 2540 5667 :
2571 5613 2641 5669 Et
2673 5614 2855 5668 cadent
2894 5611 3096 5667 inimici
3135 5611 3289 5667 vestri
3323 5612 3379 5670 in
3419 5630 3551 5672 con-

3032 5699 3110 5764 18
