3918 6180
412 281 526 335 ⁷555

1077 271 1137 324 Β.
1182 265 1431 322 RABANI
1470 262 1688 319 ΜΛυίἶί
1729 257 2043 315 ARClillZP.
2085 250 2391 309 MOGYNT.
2435 248 2719 306 OPERUM
2759 249 2939 305 PARS
2974 248 3016 303 l.
3504 256 3585 312 556

417 404 590 469 specta
619 401 784 446 vestro
806 374 1002 460 gladio.
1038 382 1192 436 Illum
1238 379 1424 433 dicens
1468 390 1625 445 quem
1672 371 1869 426 Paulus
1917 367 1997 423 sic
2026 373 2071 432 Α
2101 367 2216 437 ipso
2236 366 2427 437 spiritu
2450 364 2721 419 mutabilis
2750 372 2849 425 est,
2885 364 3023 418 sicut
3058 364 3245 431 anima,
3288 369 3369 421 sed
3409 373 3588 441 spiritus

417 460 663 545 scribens
689 477 940 551 exposuit
971 489 985 528 :
1016 488 1139 528 cum
1171 470 1314 526 enim
1346 469 1496 538 prius
1541 465 1783 526 dixisset,
1820 460 1998 515 inimi-

418 591 606 632 corum
641 549 833 635 millia,
859 567 912 621 id
931 571 1034 627 est,
1060 578 1162 616 non
1191 569 1265 614 est
1296 558 1442 612 nobis
1476 553 1776 609 colluctatio
1818 549 2000 603 adver-

419 687 508 725 sus
535 680 743 721 carnem
769 673 815 715 et
857 658 1188 729 sanguinem,
1227 652 1318 707 sed
1360 651 1609 704 adversus
1649 644 1909 717 principes
1950 650 1999 697 et

418 766 717 831 potestates,
749 754 1024 808 adversum
1046 746 1246 801 mundi.
1267 752 1488 799 rectores
1529 739 1858 795 tenebrarum
1905 736 2002 788 ha-

424 872 563 919 rum,
587 852 835 905 adversus
866 842 1124 917 spiritalia
1151 838 1391 911 nequitia:
1415 838 1469 890 in
1492 832 1801 893 caelestibus,
1823 830 2005 885 subin-

415 945 527 1000 .'ert
560 962 573 996 :
604 939 888 1011 Propterea
932 934 1151 1004 accipite
1184 938 1508 985 armaturam
1562 925 1680 987 Dei,
1722 936 1885 992 quam
1925 920 2001 974 si-

425 1034 650 1108 gillatim
677 1009 1026 1085 dinumerans
1046 1025 1123 1078 ait
1156 1042 1168 1077 :
1204 1021 1270 1075 Et
1305 1019 1535 1090 gladium
1584 1016 1821 1086 spiritus,
1864 1009 2003 1082 quod

431 1105 509 1175 est
525 1121 727 1174 verbum
749 1119 841 1172 Dei
856 1117 1018 1186 (Eph.
1038 1118 1134 1183 vn).
1157 1113 1445 1183 Despiciam
1468 1127 1580 1166 vos.
1600 1107 1740 1175 Quid
1760 1115 1843 1163 est
1860 1105 2002 1162 enim

434 1213 628 1268 melius
647 1226 805 1281 (piam
828 1209 1026 1278 respici
1043 1224 1071 1261 a
1092 1210 1219 1270 Deo,
1242 1206 1400 1274 cujus
1420 1211 1693 1272 respectus
1712 1199 1860 1255 salus
1876 1196 2001 1252 est?

434 1303 716 1358 Aversatio
739 1318 881 1356 mors
899 1302 1019 1356 est?
1043 1299 1105 1352 Et
1124 1314 1352 1353 crescere
1375 1297 1591 1366 faciam,
1613 1303 1660 1347 et
1683 1290 2007 1358 multiplica-

437 1397 640 1450 bimini.
667 1394 842 1464 Auget
868 1408 967 1448 nos
990 1393 1228 1463 quidem,
1253 1405 1373 1442 cum
1396 1402 1560 1457 parva
1586 1386 1724 1439 bona
1750 1380 2003 1451 quaeagi-

439 1503 581 1552 mus,
603 1489 836 1540 maxima
857 1483 985 1538 facit
1001 1497 1281 1552 apparere;
1301 1478 1619 1547 multiplicat
1645 1482 1849 1536 autem,
1870 1486 2010 1540 pau-

437 1578 772 1645 eajcrcscere
793 1575 996 1629 faciens
1019 1574 1071 1627 in
1096 1573 1303 1626 multis.
1329 1572 1406 1624 An
1433 1584 1537 1623 non
1563 1580 1767 1636 augens
1794 1571 2008 1617 nostras

429 1644 658 1718 virtutes
714 1669 769 1715 et
821 1655 1173 1728 magniﬁcans
1230 1652 1443 1706 dicebat
1473 1667 1486 1703 :
1519 1645 1769 1713 Quandiu
1814 1644 2009 1713 fecistis

2099 468 2182 514 est
2213 458 2377 523 Deus,
2410 466 2465 512 et
2489 472 2702 526 semper
2729 457 2777 510 ei
2807 457 2945 510 idem
2970 471 3105 520 esse,
3131 459 3262 527 apud
3288 476 3416 530 quem
3435 481 3584 522 nonest

2100 549 2670 642 commutatiollacob.
2694 548 2768 621 ι).
2796 550 2931 605 Hinc
2966 557 3144 605 autem
3165 566 3452 622 acceperunt
3470 557 3594 628 Apol-

2098 642 2356 698 linaristtc
2368 641 2728 707 occasionem,
2742 641 2830 710 qui
2854 642 3039 695 dicunt
3056 643 3276 696 animam
3291 659 3381 697 non
3396 645 3597 703 habuisse

2102 735 2455 789 mediatorem
2496 733 2591 787 Dei
2639 741 2695 787 et
2735 732 3050 797 hominum,
3094 733 3344 788 hominem
3378 735 3600 793 Christum

2101 826 2305 888 Jesum,
2333 826 2426 879 sed
2461 832 2669 878 tantum
2716 824 2943 878 verbum
2973 830 3027 877 et
3052 837 3258 878 carnem
3304 824 3467 890 fuisse,
3508 843 3601 881 cum

2103 918 2306 973 diceret
2332 938 2345 970 :
2376 915 2565 970 Tristis
2587 925 2662 970 est
2689 915 2868 968 anima
2890 930 3005 967 mea
3029 931 3185 984 usque
3207 914 3271 966 ad
3306 926 3510 980 mortem,
3533 917 3606 973 sed

2105 1010 2220 1078 ipso
2249 1006 2365 1074 ejus
2392 1013 2514 1060 actu
2541 1006 2633 1074 qui
2668 1005 2825 1060 nobis
2861 1019 2960 1074 per
2982 1002 3329 1074 evangelicum
3356 1004 3609 1058 declaratur

2104 1099 2387 1154 historiam
2418 1097 2496 1152 sic
2538 1104 2799 1167 apparent
2844 1096 3093 1150 humanas
3138 1095 3320 1149 animae
3355 1094 3530 1161 ofﬁcia,
3565 1107 3612 1153 ut

2105 1189 2232 1244 hinc
2264 1188 2513 1243 dubitare
2539 1186 2805 1242 dementis
2833 1186 2922 1240 sit.
2947 1185 3231 1239 Ambulabo
3253 1187 3378 1239 inter
3396 1196 3521 1240 voset
3546 1204 3613 1240 ero

2106 1291 2270 1337 rester
2292 1281 2454 1347 Deus,
2486 1297 2673 1350 uosque
2701 1280 2845 1333 eritis
2864 1277 3084 1349 papulas
3132 1296 3290 1332 meus.
3337 1277 3441 1349 (Ex
3480 1278 3613 1349 Hesy-

2108 1373 2277 1441 chia.)
2303 1373 2500 1442 Aperte
2538 1381 2713 1425 autem
2742 1372 2904 1425 etiam
2934 1372 3047 1424 lucc
3069 1387 3096 1424 a
3120 1371 3365 1439 propheta
3393 1371 3618 1441 przedicta,

2108 1464 2247 1518 sicut
2263 1462 2401 1516 LXX
2418 1463 2581 1516 editio
2601 1462 2862 1525 continet,
2892 1462 3091 1530 scripta
3122 1470 3243 1515 sunt
3264 1480 3274 1513 :
3294 1461 3386 1513 llic
3406 1459 3526 1513 Deus
3552 1477 3623 1511 no-

2107 1563 2233 1618 ster,
2261 1570 2363 1607 non
2389 1552 2719 1623 reputabitur
2740 1552 2876 1605 alius
2904 1551 2972 1605 ad
2999 1568 3117 1605 eum
3143 1565 3160 1603 :
3184 1560 3293 1622 post
3328 1550 3427 1604 ha'c
3447 1551 3493 1603 in
3516 1558 3624 1602 terra

2109 1647 2248 1709 visus
2273 1654 2368 1709 est,
2392 1655 2440 1698 et
2463 1661 2583 1698 cum
2608 1643 2902 1697 hominibus
2930 1651 3262 1696 conversatus
3297 1650 3366 1694 est
3405 1638 3622 1710 (Baruclt.

431 1756 520 1808 uni
547 1754 612 1808 de
640 1751 865 1806 minimis
890 1750 990 1811 his,
1034 1746 1161 1799 mihi
1205 1741 1445 1812 fecistis?
1478 1737 1704 1808 (Matth.
1750 1732 1914 1802 xxv.)
1948 1732 2013 1786 Et
2044 1743 2087 1801 Β
2115 1734 2210 1807 ιιι)
2242 1754 2254 1789 :
2284 1734 2427 1804 quod
2460 1749 2567 1789 non
2602 1736 2821 1804 egisset,
2843 1734 3006 1787 sinos
3036 1739 3385 1787 aversaretur.
3409 1729 3509 1783 Non
3527 1743 3628 1798 ergo

430 1844 790 1915 multiplicans
818 1852 1026 1901 rursus,
1054 1834 1281 1889 Paulum
1312 1831 1551 1885 scribere
1585 1826 1854 1881 faciebat:
1886 1822 2009 1876 Non

427 1939 566 1992 enim
588 1933 811 1995 occides,
835 1946 937 1984 non
960 1923 1302 1987 adulterabis,
1348 1937 1451 1974 non
1491 1918 1845 1987 concupisces,
1878 1923 1925 1967 et
1964 1912 2010 1965 si

427 2027 566 2099 quod
591 2034 667 2079 est
715 2020 863 2076 aliud
904 2016 1231 2077 mandatum,
1289 2011 1385 2064 hoc
1435 2008 1582 2063 verbo
1629 2008 2008 2060 instauratur:

432 2090 623 2186 Diliges
645 2112 938 2185 proximum
980 2116 1127 2159 tuum
1174 2104 1308 2156 sicut
1352 2101 1571 2169 teipsum
1623 2094 1814 2173 (Rom.
1854 2090 2008 2161 χιιι),

428 2208 596 2263 multa
636 2204 886 2260 mandata
938 2198 1175 2255 efficiens
1227 2194 1328 2248 hoc
1368 2206 1534 2245 unum
1584 2188 1917 2249 mandatum,
1953 2192 2013 2237 ut

431 2315 529 2354 nos
557 2303 907 2366 assequentes
936 2290 1064 2346 illud
1091 2288 1285 2343 divites
1320 2283 1635 2340 efﬁciamur.
1671 2279 1840 2334 Nimis
1886 2290 2015 2346 ergo

430 2399 730 2459 opportuna
778 2392 904 2440 sunt
953 2397 1072 2450 qua:
1127 2385 1473 2447 sequuntur:
1510 2370 1761 2426 Firmabo
1805 2378 2014 2439 pactum

432 2458 600 2532 meum
628 2476 908 2530 vobiscum.
940 2469 1069 2538 Ejus
1095 2469 1309 2537 quidem
1337 2472 1553 2534 pactum
1581 2469 1708 2516 sunt
1736 2458 2013 2530 praedicta,

432 2583 528 2638 per
556 2563 935 2621 retributiones
968 2567 1146 2613 autem
1188 2556 1315 2611 illud
1355 2553 1552 2608 ﬁrmat.
1596 2550 1747 2617 Quod
1795 2546 2020 2601 manife-

433 2665 579 2713 stant
627 2669 748 2726 qua:
804 2659 1120 2720 sequuntur.
1178 2645 1469 2701 Comedetis
1511 2642 1856 2697 vetustissima
1891 2648 2021 2691 vete-

434 2764 584 2814 rum;
608 2748 744 2811 sive,
774 2752 831 2798 ut
858 2740 1230 2813 Septuaginta,
1254 2738 1307 2793 id
1325 2745 1427 2801 est,
1449 2751 1566 2806 quia
1586 2734 1725 2789 vobis
1745 2748 1836 2804 per
1859 2730 2020 2800 legem

433 2852 481 2897 et
518 2839 794 2914 prophetas
830 2835 1089 2908 promissa
1132 2840 1273 2896 sunt,
1306 2838 1353 2883 et
1392 2839 1564 2882 vetera
1607 2834 1863 2888 veterum,
1904 2835 2023 2891 quae

436 2950 531 3002 per
558 2930 898 3005 patriarchas
926 2928 979 2981 in
1009 2940 1196 2981 eorqu
1244 2918 1706 2979 benedictionibus
1750 2913 2018 2987 promisit.

434 3025 504 3078 Et
556 3004 728 3077 cetera
783 3020 926 3074 noris
979 3010 1454 3087 supervenientibus
1515 3007 1821 3080 projicieJis.
1892 3004 2022 3071 Quae

2111 1844 2211 1883 nos
2235 1828 2580 1882 abominatus
2606 1834 2710 1887 est,
2738 1826 2832 1881 sed
2864 1834 2919 1879 et
2949 1824 3281 1879 inambulare
3311 1823 3359 1876 in
3384 1821 3516 1876 nobis
3551 1833 3631 1888 per

2111 1935 2333 1975 carnem
2375 1918 2566 1983 voluit,
2608 1924 2664 1971 et
2691 1916 2806 1970 fieri
2848 1924 3033 1970 noster
3076 1915 3237 1977 Deus,
3264 1928 3398 1967 cum
3435 1919 3559 1964 esset
3590 1917 3633 1961 et

2111 2010 2280 2080 prius,
2305 2010 2399 2064 sed
2420 2009 2655 2079 ignotus,
2683 2007 2807 2076 quia
2830 2020 2927 2060 nos
2949 2006 3126 2060 errori
3152 2003 3413 2074 conjuncti
3434 2015 3629 2056 eramus.

2114 2102 2192 2155 Ex
2214 2115 2321 2169 quo
2351 2106 2529 2154 autem
2554 2113 2653 2153 nos
2681 2098 2901 2168 proprio
2931 2097 3062 2150 emit
3084 2096 3362 2167 sanguine,
3402 2094 3523 2147 Deus
3563 2104 3635 2143 no-

2114 2201 2227 2246 ster
2252 2190 2425 2245 factus
2452 2197 2556 2255 est,
2579 2195 2633 2242 et
2658 2203 2763 2242 non
2787 2203 2960 2252 suam,
2988 2187 3200 2258 plebem
3239 2200 3383 2240 suam
3429 2182 3553 2237 fecit.
3588 2179 3637 2233 Et

2115 2284 2237 2353 quis
2259 2290 2341 2337 est
2365 2282 2458 2352 qui
2484 2282 2599 2336 haec
2629 2279 2792 2334 fecit?
2819 2278 2933 2349 Ego
2963 2278 3223 2332 Dominus
3245 2276 3379 2330 Deus
3406 2282 3560 2335 vester,
3573 2268 3641 2339 qui

2116 2373 2274 2428 eduxi
2305 2390 2390 2426 ros
2422 2372 2485 2425 de
2522 2382 2661 2424 terra
2698 2370 2916 2439 ggpti
2946 2386 3007 2422 ne
3031 2368 3293 2422 serviretis
3323 2364 3410 2420 eis.

2188 2464 2339 2531 Quod
2380 2464 2423 2517 si
2462 2463 2545 2516 vis
2575 2475 2898 2530 cognoscere
2925 2461 3071 2523 haec,
3101 2458 3275 2513 Exodi
3302 2456 3474 2520 verba,
3495 2451 3573 2506 sel
3603 2456 3645 2503 ct

2121 2554 2417 2623 Evangelii,
2463 2568 2559 2622 per
2600 2553 2842 2608 ordinem
2872 2552 3100 2606 discute.
3132 2550 3285 2605 Dixit
3312 2555 3475 2601 autem
3503 2540 3647 2597 Domi-

2122 2661 2224 2700 nus
2249 2645 2315 2699 ad
2347 2643 2563 2715 Moysen
2590 2661 2602 2696 :
2639 2639 2757 2694 Vidi
2780 2641 3107 2712 aﬂlictionem
3139 2638 3320 2711 populi
3348 2636 3438 2691 mei
3458 2630 3648 2699 indigi;—

2121 2746 2231 2808 pto,
2253 2746 2300 2790 et
2323 2734 2599 2788 clamorem
2626 2733 2740 2802 ejus
2768 2732 2965 2794 audivi,
2992 2740 3212 2801 propter
3237 2727 3477 2782 duritiam
3507 2736 3651 2776 eorum

2123 2829 2212 2900 qui
2248 2834 2479 2897 prasunt
2518 2824 2791 2894 aperibus;
2814 2832 2862 2876 et
2890 2823 3055 2876 sciens
3083 2821 3323 2875 dolorem
3337 2818 3463 2887 ejus,
3483 2814 3652 2867 dest-cn-

2126 2919 2180 2973 di
2213 2918 2432 2972 liberare
2454 2933 2540 2970 eos
2563 2916 2626 2970 de
2650 2915 2892 2968 manibus
2913 2912 3318 2984 .‘Egyptiorum,
3339 2918 3382 2963 et
3401 2907 3587 2961 educere
3606 2901 3655 2953 dc

2127 3019 2266 3063 terra
2290 3007 2381 3062 illa
2402 3008 2458 3061 in
2484 3017 2679 3060 terram
2703 3006 2891 3059 bonam
2922 3014 2969 3058 et
2999 3004 3322 3075 spatiosum,
3346 3015 3454 3071 qua:
3468 2995 3566 3067 fluit
3593 2991 3655 3043 lac

436 3125 562 3171 sunt
593 3112 767 3168 nova?
794 3086 1113 3179 Evangeliea
1137 3104 1407 3159 videlicet.
1448 3101 1583 3155 Nam
1613 3114 1735 3154 cum
1790 3095 2024 3150 maxima
2053 3087 2097 3148 C
2128 3107 2173 3152 et
2204 3095 2305 3151 mel
2334 3095 2542 3168 (Exod.
2570 3095 2684 3166 ιιι).
2710 3095 2778 3149 Et
2801 3095 2922 3164 quis
2950 3094 3021 3149 sit
3047 3093 3139 3163 qui
3195 3089 3475 3146 introducit
3500 3086 3543 3139 in
3564 3096 3660 3152 pro-

438 3205 551 3260 sint
574 3218 639 3257 ea
661 3215 781 3270 quae
811 3214 907 3269 per
934 3195 1293 3266 patriarchas,
1316 3192 1488 3261 legem
1517 3198 1569 3243 et
1598 3187 1891 3257 prephetas
1912 3183 2025 3253 pol-

438 3295 586 3349 licita
624 3297 766 3352 sunt,
805 3298 983 3341 tamen
1009 3300 1107 3355 per
1134 3280 1479 3349 Evangelium
1511 3276 1777 3348 promissa
1817 3273 2022 3343 majora

438 3392 563 3440 sunt
597 3400 609 3434 :
636 3387 857 3449 propter
877 3376 1019 3445 quod
1047 3375 1239 3428 horum
1274 3368 1676 3439 comparctione
1698 3364 1786 3418 illa
1815 3380 1845 3417 a
1871 3362 2026 3417 nobis

439 3470 706 3545 superﬂua
742 3468 1072 3538 judicantur.
1142 3463 1283 3518 Ecce
1341 3460 1485 3516 enim
1528 3456 1840 3528 capitulum,
1881 3454 2025 3523 quod

442 3575 608 3621 totam
636 3560 1066 3619 benedictionem
1092 3555 1399 3619 conﬁrmat,
1447 3551 1633 3616 infert,
1668 3549 1721 3603 id
1750 3556 1854 3613 est,
1904 3561 2024 3615 qua:

440 3673 538 3729 per
558 3653 924 3725 evangelieam
956 3658 1075 3704 acta
1102 3654 1227 3703 sunt
1262 3654 1318 3700 et
1345 3643 1562 3715 impleta
1607 3640 1837 3712 gratiam
1873 3656 1886 3692 :
1919 3637 2027 3691 Po-

441 3764 563 3804 nam
591 3743 985 3801 tabernaculum
1024 3755 1195 3794 meum
1243 3739 1298 3791 in
1344 3735 1513 3790 medio
1542 3734 1715 3797 vestri,
1741 3730 1844 3795 vel,
1887 3730 2027 3784 sicut

443 3837 790 3910 Septuaginta
808 3853 822 3887 :
840 3832 1166 3887 Constituam
1178 3835 1539 3881 testamentum
1552 3838 1725 3875 meum
1737 3819 2023 3884 vobiscum,

442 3929 583 4001 quod
609 3928 838 3990 esthoc,
876 3924 931 3977 in
962 3936 1070 3991 quo
1099 3934 1236 3972 nova
1286 3914 1552 3986 promisit,
1590 3910 1742 3980 cujus
1781 3911 1859 3965 sic
1899 3924 2025 3978 pro-

446 3998 606 4093 pheta
632 4015 893 4072 Jeremias
917 4009 1234 4065 memoriam
1255 4006 1383 4060 facit
1407 4019 1422 4058 :
1450 4004 1517 4057 Et
1536 4003 1848 4057 constituam
1884 3998 2025 4053 vobis

446 4088 811 4166 testamentum
842 4115 1051 4166 novum,
1076 4114 1182 4152 non
1205 4094 1488 4151 secundum
1508 4099 1869 4148 testamentum
1885 4088 2025 4160 quod

444 4199 677 4271 disposui
722 4193 958 4268 patribus
991 4191 1171 4245 vestris
1213 4186 1442 4261 (Jerem.
1493 4185 1680 4254 nm).
1731 4180 1827 4236 llis
1879 4180 2024 4236 enim

448 4293 733 4363 conjuncta
776 4293 903 4343 sunt
937 4291 994 4339 et
1029 4296 1150 4353 quae
1184 4286 1486 4350 sequuntur
1518 4276 1751 4332 maxime
1776 4291 1790 4328 :
1813 4274 1882 4327 Et
1922 4290 2027 4328 non

446 4381 830 4440 abominabitur
850 4377 1032 4431 anima
1058 4390 1174 4429 mea
1193 4388 1301 4428 vos.
1347 4368 1465 4444 (Ex
1492 4363 1839 4439 Augustino.)
1888 4364 2021 4419 Ani-

450 4492 595 4531 mam
628 4489 783 4529 suam
821 4473 965 4526 Deus
1003 4467 1336 4521 voluntatem
1364 4478 1517 4519 suam
1546 4461 1706 4526 dicit;
1738 4474 1844 4513 non
1872 4458 2018 4511 enim

447 4573 531 4620 est
549 4554 747 4617 animal
768 4562 975 4616 habens
989 4570 1185 4624 corpus
1203 4561 1258 4609 et
1275 4554 1543 4617 animam;
1568 4565 1745 4620 neque
1779 4549 2022 4603 substan-

451 4659 523 4711 tia
548 4654 665 4724 ejus
684 4652 946 4722 ejusmodi
980 4657 1086 4714 est,
1108 4644 1407 4716 cujusmodi
1429 4651 1679 4698 creatura
1720 4640 1860 4708 ejus,
1904 4653 2022 4708 quae

449 4748 630 4805 anima
656 4746 872 4810 dicitur,
897 4756 1061 4812 quam
1086 4741 1201 4810 ipse
1229 4737 1373 4801 fecit,
1399 4736 1538 4789 sicut
1556 4748 1654 4803 per
1679 4747 1740 4787 se
1767 4731 1880 4800 jam
1910 4729 2024 4799 ipse

452 4846 684 4896 testatur
725 4836 910 4891 dicens
940 4852 953 4886 :
980 4833 1050 4885 Et
1091 4844 1294 4885 omnem
1337 4828 1522 4895 flatum
1568 4839 1660 4894 ego
1708 4822 1804 4892 feci
1835 4836 1853 4875 :
1882 4820 2025 4889 quod

450 4944 575 4987 eum
599 4929 666 4983 de
692 4926 872 4980 anima
898 4922 1133 4979 hominis
1167 4928 1365 4983 uicere,
1415 4913 1801 4985 consequentia
1849 4912 2025 4966 mani-

453 5019 671 5077 festant.
696 5016 848 5072 Sicut
867 5026 998 5085 ergo
1019 5026 1143 5066 cum
1165 5011 1299 5066 dicit
1318 5007 1503 5063 oculos
1522 5021 1648 5061 suos
1665 5013 1721 5059 et
1747 5003 1887 5058 labia
1909 5018 2027 5067 sua,

453 5121 511 5168 et
533 5121 729 5168 uetera
776 5106 1038 5164 vocabula
1083 5104 1449 5160 membrorum
1498 5099 1882 5169 corporalium,
1922 5112 2031 5151 non

454 5206 641 5275 utique
655 5200 947 5270 accipimus
963 5212 1108 5260 eum,
1129 5195 1299 5250 forma
1314 5193 1556 5262 corporis
1577 5205 1697 5246 esse
1728 5189 2028 5252 deﬁnitum,

455 5296 550 5351 sed
579 5295 669 5349 illa
689 5292 870 5347 omnia
899 5288 1262 5343 membrorum
1285 5284 1501 5338 nomina
1530 5298 1633 5336 non
1683 5279 2032 5350 intelligimus

457 5387 559 5442 nisi
592 5385 841 5441 effectura
884 5380 1257 5450 operatioaum
1309 5386 1470 5447 atque
1520 5377 1795 5437 virtutum,
1856 5375 1927 5426 ita
1974 5381 2034 5426 ut

457 5495 580 5532 eum
614 5476 767 5539 dicit,
805 5472 995 5526 Anima
1047 5486 1182 5535 mea,
1224 5470 1554 5523 voluntatem
1601 5466 1718 5537 ejus
1771 5465 2034 5521 debemus

461 5570 722 5638 accipere.
746 5563 993 5621 Perfecte
1024 5562 1220 5631 quippe
1252 5558 1476 5628 simplex
1517 5558 1605 5612 illa
1650 5565 1865 5621 natura,
1913 5569 2033 5626 quae

465 5663 605 5719 Deus
632 5664 845 5729 dicitur,
875 5676 982 5719 non
1011 5667 1222 5715 constat
1244 5671 1309 5711 ex
1336 5670 1560 5724 corpore
1588 5662 1641 5709 et
1667 5653 1881 5723 spiritu,
1934 5665 2033 5705 nec

2047 4424 2101 4482 D

2126 3187 2400 3241 missionis
2448 3186 2688 3240 terram?
2726 3185 2838 3254 ipse
2863 3184 3026 3247 Deus,
3076 3184 3181 3252 qui
3222 3182 3335 3236 htec
3372 3176 3519 3247 Moysi
3554 3169 3673 3230 dixit,

2124 3277 2361 3331 ostendit
2385 3294 2397 3329 :
2432 3275 2566 3329 Ecce
2585 3291 2678 3345 ego
2696 3275 2841 3327 mitto
2864 3271 3107 3342 angelum
3129 3287 3332 3333 meum,
3348 3269 3431 3339 qui
3446 3260 3659 3331 pra'cedul

2124 3379 2193 3433 te,
2218 3379 2265 3422 et
2286 3366 2546 3421 custodiat
2567 3376 2615 3420 te
2635 3367 2689 3419 in
2718 3365 2822 3429 ria,
2849 3373 2897 3417 et
2925 3363 3232 3417 introducat
3263 3361 3331 3414 ad
3352 3360 3509 3411 locum
3542 3364 3659 3404 auem

2124 3459 2325 3529 paravi.
2365 3455 2828 3528 AngelumFilium
2857 3454 3170 3525 appellans,
3220 3454 3345 3521 quia
3380 3449 3665 3503 voluntatem

2116 3547 2294 3603 Patris
2316 3548 2469 3603 nobis
2489 3546 2828 3601 annuntlavit
2852 3564 2864 3600 :
2896 3548 2970 3600 De
2996 3560 3103 3615 quo
3131 3547 3222 3600 ait
3245 3544 3407 3598 Isaias
3424 3559 3435 3594 :
3454 3536 3579 3590 Puer
3597 3547 3666 3584 n.1-

2124 3648 2208 3692 tus
2238 3648 2313 3692 est
2343 3638 2505 3700 nobis,
2529 3635 2673 3705 ﬁlius
2695 3636 2851 3690 datus
2881 3646 2956 3690 est
2983 3635 3165 3702 nobis,
3192 3636 3345 3706 cujus
3393 3630 3670 3705 principatus

2124 3746 2280 3800 super
2304 3730 2548 3783 humeros
2569 3728 2703 3799 ejus,
2726 3736 2772 3782 et
2796 3727 3160 3799 appellabitur
3182 3729 3360 3797 magni
3381 3720 3565 3778 consilii
3592 3734 3669 3769 au-

2122 3820 2268 3891 gelus
2300 3861 2316 3886 ,
2369 3820 2715 3885 admirabilis,
2760 3821 3092 3874 consiliarius
3125 3861 3151 3886 ,
3197 3819 3343 3875 Deus
3389 3814 3547 3888 fortis,
3590 3815 3674 3865 etc.

2128 3914 2277 3987 (Isa.
2324 3914 2442 3987 lx.)

2723 4004 2952 4062 CAPUT
2972 4005 3108 4061 Xlll.

2125 4094 2191 4149 In
2223 4112 2324 4166 quo
2366 4095 2674 4167 multiplices
2716 4096 2883 4167 plaga:
2923 4098 3428 4166 transgredientium
3468 4089 3679 4145 mandata

2641 4167 2736 4220 Dei
2773 4167 3160 4236 prtedicuntur.

2194 4279 2398 4351 Uolo.)
2442 4279 2595 4346 Quod
2622 4281 2668 4334 si
2714 4296 2816 4333 non
2865 4278 3135 4333 audieritis
3198 4297 3304 4347 me,
3359 4294 3449 4331 nec
3493 4268 3685 4345 feceritis

2125 4369 2374 4424 mandata
2393 4385 2543 4433 mea;
2565 4369 2610 4423 si
2630 4368 2925 4439 spreveritis
2952 4367 3085 4439 leges
3115 4384 3268 4424 meas
3296 4377 3345 4423 et
3367 4365 3565 4440 judicia
3592 4373 3684 4412 mea

2126 4462 2552 4533 contempseritis,
2574 4470 2631 4514 ut
2657 4476 2761 4515 non
2791 4460 3001 4530 faciatis
3034 4477 3094 4514 ea
3121 4476 3251 4532 qua:
3273 4478 3306 4513 a
3327 4477 3409 4513 me
3445 4453 3687 4511 constituta

2126 4562 2267 4618 sunt,
2300 4562 2349 4607 et
2382 4552 2451 4605 ad
2480 4552 2688 4605 irritum
2711 4548 3008 4619 perducatis
3032 4562 3249 4620 pacmm
3275 4564 3469 4613 meum,
3489 4561 3574 4616 ego
3588 4555 3692 4613 quo-

2126 4660 2224 4714 que
2244 4643 2355 4698 ha'c
2382 4642 2575 4711 faciam
2602 4640 2762 4703 vobis,
2788 4640 3007 4694 visitabo
3028 4658 3114 4695 vos
3144 4641 3401 4696 velociter
3422 4641 3474 4692 in
3496 4640 3689 4706 egestate

2128 4745 2176 4790 et
2202 4735 2389 4789 ardore
2413 4735 2502 4805 qui
2522 4732 2763 4802 conficiat
2794 4731 2970 4785 oculos
2996 4741 3192 4785 vestros
3218 4742 3270 4785 et
3302 4734 3569 4784 consumat
3601 4718 3695 4774 ani-

2132 4846 2278 4891 mas;
2300 4828 2498 4898 frustra
2518 4828 2696 4880 seretis
2716 4836 3013 4888 sementem,
3037 4842 3154 4895 qua:
3171 4825 3241 4878 ab
3263 4824 3501 4878 hostibus
3515 4820 3698 4873 decora‘

2133 4919 2289 4972 bitur.
2324 4916 2528 4970 Ponam
2567 4915 2755 4984 faciem
2789 4930 2958 4968 meam
3003 4926 3185 4968 contra
3237 4932 3328 4969 vos
3378 4923 3429 4967 et
3471 4904 3695 4964 corruetis

2131 5024 2308 5062 coram
2337 5008 2569 5061 hostibus
2591 5007 2789 5070 vestris,
2820 5016 2867 5060 et
2887 5006 3244 5076 subjiciemini
3268 5008 3354 5061 his
3383 5005 3475 5076 qui
3508 5002 3700 5056 oderunt

2133 5117 2221 5154 vos
2245 5116 2265 5165 ;
2291 5099 2500 5169 fugietis
2530 5098 2735 5152 nemine
2754 5108 3103 5168 persequente.
3131 5096 3270 5163 Quae
3319 5100 3462 5151 bona
3494 5107 3583 5149 eos
3626 5083 3700 5155 qui

2133 5191 2391 5245 obedith
2439 5188 2534 5243 Dei
2578 5188 2846 5242 mandatis
2873 5195 3217 5257 exspectant,
3262 5187 3598 5243 sufﬁcienter
3633 5178 3702 5231 lex

2134 5281 2380 5351 superius
2402 5280 2569 5346 dixit;
2603 5294 2722 5348 quae
2753 5288 2930 5334 autem
2953 5280 3169 5335 evenire
3195 5270 3704 5348 transgredientibus

2134 5370 2462 5425 comminata
2491 5376 2596 5433 est,
2621 5384 2684 5422 ea
2713 5384 2832 5438 qua:
2868 5384 3008 5424 nunc
3037 5368 3375 5423 sanciantur
3412 5361 3702 5421 ostendunt

2134 5476 2362 5532 quorum
2398 5459 2616 5532 quando
2654 5459 2719 5514 ad
2757 5460 2990 5514 litteram
3020 5457 3232 5529 singula
3265 5454 3607 5512 discutimus,
3639 5445 3707 5498 iu—

2133 5555 2378 5609 venimus
2413 5553 2666 5624 populum
2697 5551 3001 5607 Iudaeorum
3048 5552 3249 5606 horum
3299 5562 3546 5618 passum,
3583 5552 3707 5610 qni!!—

2136 5648 2260 5702 dam
2314 5644 2607 5701 secundum
2654 5643 2911 5707 litteram,
2963 5641 3140 5697 omnia
3198 5649 3395 5694 autem
3442 5630 3716 5691 secundum
