3918 6180
331 232 439 291 557
1226 235 1725 296 EXPOSITIONES
1760 238 1830 295 IN
1868 238 2268 299 LEVITICUM.
2311 275 2379 284 —
2418 244 2546 302 LIB.
2591 245 2697 302 VII.
3489 255 3590 312 558

321 342 599 439 spiritum.
628 339 781 439 Quod
803 344 849 396 si
876 358 980 439 non
1001 343 1275 439 audieritis
1300 363 1382 402 me
1402 364 1495 403 nec
1520 348 1746 439 feceritis
1760 366 1911 404 man-
1937 352 1988 413 Δ
2015 352 2146 407 dere
2172 363 2444 424 poterant.
2468 358 2563 413 sed
2591 359 2902 417 clamabant
2924 363 3104 434 palam
3145 372 3307 438 atque
3340 371 3599 439 praedica-

320 432 451 485 data
483 446 633 496 mea;
748 433 1044 533 spreveritis
1087 432 1224 533 leges
1273 452 1418 490 meas
1454 446 1502 490 et
1534 437 1745 507 judicia
2013 444 2145 499 bant
2171 464 2185 499 :
2215 445 2355 512 Quid
2385 448 2661 518 facimus,
2691 454 2816 524 quia
2836 431 3101 511 hic'homo
3137 431 3301 514 multa
3329 431 3480 533 signa
3513 463 3599 531 fa-

318 522 757 593 eontempseritis,
784 531 843 575 ut
866 538 972 576 non
995 523 1207 593 faciatis
1235 534 1321 591 ea,
1349 542 1467 597 qua
1494 544 1526 579 a
1547 543 1630 580 me
1657 528 1911 581 constitu-

318 621 374 665 ta
402 622 552 677 sunt,
578 619 629 665 et
651 612 720 665 ad
748 611 958 665 irritum
1000 612 1301 682 perducatis
1327 624 1538 685 pactum
1578 628 1769 671 meum.
1805 615 1908 684 Qui

317 716 430 755 non
455 701 948 756 audiuntmandata
965 701 1084 767 Dei,
1109 712 1165 758 et
1183 705 1276 773 qui
1302 702 1500 772 judicia
1523 709 1910 762 contemnunt?

318 791 427 847 nisi
452 792 543 861 qui
566 792 912 847 traditionem
940 794 1217 849 seniorum
1258 796 1622 862 intendentes,
1648 806 1702 852 et
1750 797 1909 868 legis-

316 886 509 943 latoris
533 887 888 942 intentionem
915 889 1397 959 transgredientes,
1423 889 1491 944 ad
1514 891 1618 945 hoc
1645 892 1786 961 quod
1827 892 1908 947 eis

315 978 604 1034 videbatur
630 979 802 1050 legem
830 979 1192 1049 exponebant,
1225 980 1318 1050 qui
1341 981 1616 1047 dicebant,
1647 982 1791 1037 sicut
1830 984 1909 1038 ait

318 1069 620 1125 Dominus:
648 1068 959 1140 Quicunque
1005 1070 1196 1124 dixerit
1252 1070 1392 1139 patri
1431 1080 1524 1125 aut
1568 1071 1726 1125 matri
1758 1072 1907 1127 :Do-

320 1176 448 1214 num
485 1160 832 1231 quodcunque
868 1176 934 1215 ea:
959 1177 1042 1214 me
1075 1161 1169 1214 tibi
1190 1161 1454 1231 proderit;
1485 1171 1534 1216 et
1564 1179 1666 1217 non
1688 1163 1903 1217 honori-

312 1252 495 1320 ﬁcabit
521 1262 724 1321 patrem
751 1268 905 1306 suum
933 1261 983 1306 et
1004 1263 1222 1307 matrem
1251 1268 1404 1308 suam
1433 1252 1658 1325 (Matth.
1687 1255 1810 1325 xv),
1850 1254 1905 1309 id

311 1351 418 1406 est,
442 1343 755 1413 quicunque
783 1343 981 1398 dixerit
1000 1343 1315 1412 parentibus
1338 1358 1353 1397 :
1378 1342 1514 1400 Vota
1543 1353 1669 1400 sunt
1694 1346 1807 1402 Deo
1839 1360 1905 1400 ea

310 1451 436 1506 quae
460 1437 670 1500 habeo;
700 1437 802 1507 ipsi
829 1438 976 1492 enim
1005 1453 1089 1504 ea,
1120 1454 1316 1495 munus
1344 1446 1399 1493 et
1426 1439 1752 1495 oblationem
1802 1442 1903 1496 ob-

313 1528 433 1593 tuli,
462 1543 557 1582 eos
582 1528 673 1597 qui
721 1536 1026 1599 genuerunt
1068 1528 1336 1585 honorare
1374 1546 1480 1585 non
1522 1533 1754 1601 cogitur.
1799 1531 1901 1598 Qui

313 1628 447 1673 sunt
467 1619 559 1687 qui
590 1633 696 1672 non
726 1618 845 1689 ejus
864 1619 1046 1673 omnia
1078 1618 1287 1674 faciunt
1333 1621 1626 1675 mandata?
1661 1622 1765 1677 nisi
1809 1624 1900 1692 qui

2013 533 2122 587 cit.’
2142 534 2204 590 Si
2222 538 2535 594 dimittimus
2564 558 2684 595 eum
2710 544 2807 607 sic,
2832 546 3031 599 venient
3060 546 3305 616 Romani,
3343 561 3391 606 et
3420 552 3601 608 tollent

2014 634 2247 678 nostrum
2382 628 2548 683 locum
2598 642 2645 686 et
2677 644 2877 703 gentem
2923 635 3112 705 (Joan.
3145 637 3251 711 XI).
3304 641 3446 713 Ergo
3492 660 3600 700 non

2012 714 2138 784 quia
2172 714 2273 785 legi
2297 725 2391 771 aut
2414 722 2692 790 prophetis
2723 726 2994 779 contraria
3041 726 3293 791 docebat,
3344 746 3467 785 nam
3518 734 3602 787 ni-

2011 806 2114 861 mis
2136 807 2216 861 eis
2241 812 2707 881 consonadocuit,
2740 815 2833 869 sed
2865 816 2946 869 sui
2970 818 3174 872 amoris
3198 834 3382 885 causa,
3410 823 3599 892 suique

2010 909 2172 951 causa
2205 900 2432 969 negotii,
2457 905 2795 959 sermonibus
2830 905 2945 975 ejus
2981 924 3087 962 non
3118 910 3457 967 ohediehant.
3488 913 3602 970 Hoc

2008 1002 2137 1058 ergo
2191 991 2421 1059 percul-i
2474 995 2683 1062 morbo,
2728 997 2913 1051 oculos
2959 1014 3085 1053 suos
3132 1000 3491 1057 conﬁciebant
3546 1013 3603 1059 et

2009 1078 2219 1134 animas
2272 1085 2706 1152 consumebant,
2765 1101 2871 1141 non
2930 1088 3102 1143 solum
3184 1092 3600 1150 exardescentes

2008 1168 2212 1236 furore,
2249 1183 2304 1225 et
2335 1173 2535 1229 invidia
2572 1179 2834 1247 corrupti,
2885 1180 2977 1234 sed
3020 1190 3081 1235 ut
3130 1182 3296 1237 semel
3340 1183 3599 1241 inﬁrmati

2007 1273 2208 1329 mente,
2236 1274 2290 1319 et
2314 1268 2666 1336 cogitationes
2701 1288 2805 1326 non
2838 1272 2999 1328 nimis
3038 1290 3197 1331 sanas
3230 1276 3298 1332 ad
3325 1277 3603 1335 discretio-

2007 1366 2130 1406 nem
2177 1353 2440 1411 l'actorum
2496 1359 2829 1417 dictorumve
2879 1365 3138 1421 habentes
3191 1368 3243 1422 in
3304 1367 3599 1429 Dominicis

2010 1444 2211 1509 verbis,
2245 1454 2301 1499 et
2339 1448 2635 1516 miraculis,
2664 1452 2949 1509 interiores
2975 1471 3105 1512 suos
3132 1458 3317 1515 oculos
3344 1460 3598 1517 conﬁcie-

2005 1531 2154 1598 bant,
2183 1544 2239 1588 et
2273 1536 2510 1591 animam
2552 1542 2964 1608 consumebant,
3008 1545 3081 1599 ita
3129 1556 3189 1601 ut
3223 1550 3288 1603 ad
3327 1564 3449 1605 eum
3487 1552 3598 1606 cla-

2005 1637 2219 1679 marent
2246 1644 2259 1679 :
2296 1625 2575 1700 Usquequo
2623 1632 2856 1686 animam
2901 1644 3135 1689 nostram
3162 1638 3342 1693 tollis?
3362 1639 3423 1695 Si
3452 1651 3507 1695 tu
3538 1659 3596 1696 es

309 1710 574 1764 anethum
598 1718 653 1764 et
674 1711 981 1782 acyminum
1013 1711 1284 1766 decimant
1307 1721 1363 1767 et
1390 1715 1685 1779 mentham,
1728 1715 1897 1769 relin-
1930 1699 1974 1757 Β
2003 1713 2262 1785 Christus,
2293 1721 2377 1775 die
2416 1699 2563 1778 nobis
2607 1726 2783 1795 palam
2825 1726 3020 1799 (Joan.
3053 1730 3142 1803 ι).
3186 1732 3339 1799 Quod
3388 1736 3590 1805 utique,

308 1812 485 1873 quunt
535 1811 714 1857 autem
752 1804 1015 1873 judicium
1068 1813 1126 1859 et
1170 1805 1597 1861 misericordiam
1642 1815 1696 1861 et
1740 1806 1901 1862 ﬁdem

310 1894 543 1966 (Matth.
569 1894 760 1967 mu).
783 1894 917 1949 Cum
944 1896 1086 1950 Deus
1113 1896 1193 1950 eis
1223 1911 1321 1967 per
1356 1897 1676 1967 prophetam
1719 1899 1898 1953 dicat:

309 1984 569 2040 Indicabo
596 1986 708 2052 tibi,
735 2003 764 2040 ο
786 1987 964 2053 hante,
990 1988 1117 2058 quid
1150 1987 1401 2042 Dominus
1422 1999 1623 2059 quaerat
1650 2006 1683 2043 a
1714 2000 1781 2055 te,
1806 1992 1906 2044 uti-

306 2084 410 2149 que
440 2078 614 2148 facere
638 2079 925 2150 judicium,
948 2089 995 2133 et
1022 2079 1240 2150 diligere
1272 2080 1689 2134 misericordiam
1718 2091 1765 2135 et
1798 2082 1905 2136 sol-

306 2169 488 2225 licitus
513 2170 783 2225 ambulare
825 2188 941 2225 cum
980 2171 1088 2226 Deo
1134 2181 1223 2225 tuo
1267 2170 1464 2243 (Mich.
1510 2172 1621 2245 νι).
1676 2173 1906 2244 Propter

306 2262 454 2330 quod
483 2261 739 2316 Dominus
766 2261 832 2315 ad
861 2277 975 2325 eos,
1002 2269 1062 2315 ut
1095 2270 1223 2331 pote
1252 2277 1358 2316 non
1381 2261 1563 2316 omnia
1618 2261 1904 2332 implentes

307 2351 446 2423 legis
467 2361 754 2421 prampta,
780 2352 875 2407 sed
909 2367 1030 2422 quae
1058 2353 1175 2423 ejus
1202 2362 1327 2407 sunt
1365 2354 1549 2424 gravia
1597 2353 1907 2424 relinquen-

307 2455 417 2511 tes,
439 2456 495 2500 et
518 2461 636 2516 qua:
664 2446 885 2500 minima
917 2454 1157 2517 agentes.
1191 2446 1435 2502 dicebat:
1463 2446 1593 2501 Ha'c
1636 2447 1905 2518 oportebat

305 2537 505 2607 facere,
531 2547 577 2591 et
606 2537 698 2591 illa
727 2554 830 2591 non
863 2538 1117 2592 omittere.
1168 2536 1275 2593 Sed
1302 2547 1356 2593 et
1386 2539 1639 2593 mandata
1690 2539 1785 2593 Dei
1826 2538 1901 2594 illi

306 2628 529 2698 proprie
554 2628 1047 2699 transgrediuntur,
1071 2637 1126 2683 et
1146 2629 1225 2684 eis
1255 2630 1490 2684 maxime
1532 2630 1905 2686 inobedientes

304 2729 459 2785 sunt,
490 2722 581 2790 qui
614 2721 943 2775 exteriorem
973 2720 1166 2777 faciem
1199 2737 1408 2787 eorum,
1451 2737 1558 2777 non
1597 2731 1777 2778 autem
1817 2723 1902 2778 in-

308 2812 609 2866 tentionem
645 2812 740 2868 Dei
782 2820 1129 2867 conservant.
1173 2811 1393 2867 Planius
1433 2828 1565 2884 ergo
1612 2812 1805 2883 Aquila
1849 2822 1905 2869 et

308 2901 650 2957 Theodotion
668 2910 722 2957 et
744 2898 1105 2973 Symmachus
1118 2903 1355 2958 edidisse
1371 2903 1741 2958 inveniuntur.
1766 2903 1901 2958 Nam

307 2993 398 3048 ille
429 2994 648 3064 quidem
676 2994 753 3048 ait
784 3012 796 3047 :
831 2991 888 3048 Si
913 2994 1197 3047 constituta
1235 3010 1349 3048 utea
1386 2992 1901 3064 reprobaveritis:illi

306 3095 490 3141 autem
523 3103 537 3140 :
568 3084 629 3142 Si
648 3085 961 3140 subtilitates
983 3101 1125 3140 meas
1148 3086 1445 3140 renueritis.
1494 3086 1757 3157 Dogmata
1806 3087 1899 3142 Dei

305 3189 367 3233 et
392 3177 771 3243 subtilitatem,
821 3194 941 3249 qua:
970 3178 1025 3232 in
1052 3177 1350 3248 spiritalem
1404 3178 1783 3233 mandatorum
1819 3179 1904 3234 in-

308 3271 583 3326 tellectum
607 3278 744 3335 erat,
765 3271 1256 3341 transgrediuntur,
1283 3271 1410 3342 quia
1425 3271 1574 3326 Novo
1593 3270 1904 3327 Testamen-

307 3373 367 3418 to
395 3364 709 3429 concordat,
729 3363 1004 3417 inﬁrmare
1026 3363 1391 3434 evangelicum
1414 3364 1645 3433 gratiam
1673 3378 1777 3433 per
1799 3363 1903 3418 hoc

305 3455 553 3510 volentes
582 3470 597 3509 :
629 3456 770 3525 quod
796 3470 890 3511 eos
924 3470 1157 3525 arguens
1184 3455 1260 3509 ait
1294 3474 1305 3509 :
1346 3453 1416 3508 Et
1442 3454 1511 3508 ad
1534 3454 1742 3508 irritum
1787 3471 1905 3525 per-

306 3547 521 3601 ducatis
551 3557 759 3617 pactum
783 3561 973 3599 meum.
1006 3545 1145 3613 Quid
1177 3557 1357 3600 autem
1392 3560 1489 3615 per
1517 3544 1623 3599 hoc
1668 3545 1904 3601 minatus

306 3636 431 3691 est?
467 3634 639 3691 Nimis
696 3636 840 3691 enim
886 3636 1077 3691 similis
1130 3648 1290 3707 pmna
1338 3644 1423 3691 est
1473 3636 1903 3706 prmvaricationi

309 3743 503 3782 eorum
533 3745 545 3782 :
574 3727 685 3799 Ego
726 3744 929 3799 quoque
968 3729 1081 3782 hazc
1123 3727 1318 3798 faciam
1373 3728 1534 3781 vobis.
1593 3727 1906 3794 Quomodo?

319 3817 560 3873 Visitabo
590 3834 677 3873 vos
708 3818 950 3873 uelociter
975 3820 1030 3872 in
1054 3827 1298 3889 egestate.
1327 3817 1500 3871 Nimis
1517 3818 1661 3872 enim
1686 3827 1906 3887 agentes

310 3925 411 3965 cos
438 3908 697 3964 Dominus
743 3923 840 3979 per
886 3909 1107 3963 verbum
1148 3923 1301 3961 suum
1353 3906 1503 3971 fecit,
1543 3908 1808 3961 intantum
1850 3917 1909 3963 ut

312 3999 385 4052 ad
413 3997 642 4052 invicem
673 3997 915 4051 dicerent
944 4015 956 4049 :
989 3995 1168 4049 Durus
1192 4005 1266 4049 est
1291 3994 1374 4049 hic
1396 3996 1716 4067 sermo,quis
1741 4005 1907 4067 potest

311 4106 437 4145 eum
465 4089 648 4143 audire
676 4088 901 4161 ?(Joan.
920 4087 1028 4156 vr.)
1055 4088 1206 4143 Sicut
1234 4080 1363 4159 ergo
1394 4098 1583 4159 sponte
1605 4087 1735 4159 legis
1758 4089 1909 4144 intel-

313 4182 520 4235 lectum
550 4181 1105 4251 transgrediebantur,
1138 4190 1196 4235 ut
1219 4181 1588 4253 evangelicum
1613 4191 1908 4237 testamen-

315 4280 434 4324 tum
458 4269 669 4324 irritum
697 4271 1040 4333 deducerent,
1058 4268 1149 4339 qui
1175 4269 1321 4324 illinc
1347 4269 1580 4325 habebat
1600 4272 1904 4335 exordium,

316 4360 400 4415 sic
427 4360 506 4415 eis
524 4371 579 4415 et
607 4362 723 4432 ipse
756 4361 985 4415 obscura
1011 4358 1175 4414 verba
1202 4359 1431 4424 dicebat,
1463 4360 1753 4415 etdil‘ﬁcile
1783 4376 1908 4417 suo-

317 4469 444 4508 rum
484 4453 794 4526 dogmatum
846 4451 1079 4508 faciebat
1114 4452 1671 4522 comprehensionem.

395 4545 502 4602 Sed
533 4547 646 4617 jam
676 4562 797 4616 qua:
825 4554 1119 4615 sequantur
1143 4559 1375 4617 agnosce
1401 4563 1413 4598 :
1440 4545 1642 4599 Ardore
1665 4545 1755 4617 qui
1788 4564 1907 4600 con-

318 4640 469 4710 [iciat
481 4639 658 4693 oculos
671 4650 862 4693 vestros
879 4656 899 4705 ;
921 4637 1054 4702 sive,
1070 4637 1363 4692 secundum
1388 4635 1761 4707 Septuaginta,
1779 4637 1909 4693 Sea-

322 4730 462 4784 biem
486 4740 658 4783 autem
681 4739 728 4784 et
750 4728 987 4783 morbum
1018 4730 1214 4799 regium
1241 4728 1492 4783 calentem
1516 4727 1693 4783 oculos
1715 4740 1907 4785 vestros

320 4834 375 4879 et
401 4825 583 4878 anima
614 4832 779 4877 uestra
800 4821 1191 4877 distabescente.
1219 4820 1440 4877 Scabies
1464 4830 1645 4878 autem
1690 4824 1909 4879 morbus

322 4926 411 4971 est
445 4915 711 4983 corporis,
735 4915 828 4967 sed
860 4912 1183 4970 manifestus
1203 4915 1257 4969 in
1289 4913 1573 4985 superﬁcie
1610 4915 1810 4980 carnis,
1855 4924 1910 4971 et

322 5006 478 5061 corio
502 5004 620 5073 ejus
650 5006 963 5060 decurrens.
997 5004 1215 5061 Morbus
1242 5015 1425 5061 autem
1455 5007 1655 5078 regius,
1704 5007 1757 5062 id
1806 5017 1908 5074 est,

325 5098 591 5161 hectaria,
628 5098 920 5168 ﬁtquidem
943 5113 1009 5152 ex
1050 5099 1401 5166 accensione;
1456 5098 1779 5156 manifestus
1817 5116 1913 5155 au-

329 5199 437 5241 tem
460 5188 626 5242 etiam
654 5189 740 5243 hic
765 5198 849 5244 est
886 5189 939 5243 in
973 5188 1258 5260 superﬁcie
1287 5191 1489 5255 carnis,
1525 5199 1576 5246 et
1613 5192 1767 5262 pellis
1815 5192 1910 5247 tie-

220 5336 233 5341 ,
327 5294 581 5343 currens,
611 5287 665 5333 et
687 5279 858 5335 multo
905 5279 1078 5350 magis
1102 5279 1275 5335 oculis
1306 5280 1583 5337 insidens:
1616 5282 1783 5338 latere
1820 5299 1915 5337 au-

330 5378 445 5423 tem
472 5370 664 5424 borum
707 5371 1018 5425 morborum
1044 5379 1294 5425 neutrum
1333 5379 1531 5441 potest.
1566 5370 1724 5428 Tales
1759 5381 1917 5428 erant

331 5459 638 5513 animarum
662 5458 1004 5514 Iudaicarum
1036 5459 1208 5515 morbi
1254 5460 1525 5515 manifesti
1573 5469 1629 5516 et
1676 5462 1822 5525 mali,
1863 5473 1919 5517 et

334 5565 675 5620 nequaquam
711 5550 850 5604 ultra
886 5550 1133 5606 latentes.
1164 5548 1503 5604 Emulantes
1544 5549 1687 5604 enim
1738 5550 1920 5605 Domi-

334 5643 393 5698 ni
427 5642 608 5698 verbis
632 5651 687 5697 et
716 5643 1017 5711 miraculis,
1041 5659 1148 5699 non
1171 5641 1282 5712 jam
1311 5642 1527 5698 morbos
1549 5658 1675 5698 suos
1698 5643 1921 5698 abscon-

2003 1810 2131 1877 quia
2176 1813 2373 1868 animze
2418 1814 2753 1874 infidelitatis
2796 1824 3192 1893 consumptioni
3254 1824 3595 1897 subjaceutcs

2002 1909 2177 1956 erant.

2097 1988 2202 2044 Sed
2224 2000 2273 2044 et
2290 1990 2529 2048 Joannes
2549 1992 2662 2047 haec
2678 1993 2743 2048 de
2766 1993 2844 2051 eis
2864 1995 2993 2050 dicit
3017 2013 3032 2049 :
3062 1996 3344 2067 Propterea
3373 2016 3474 2055 non
3500 2019 3591 2073 po-

2022 2091 2194 2138 terant
2224 2085 2450 2149 credere,
2480 2086 2602 2154 quia
2632 2101 2813 2141 rursus
2841 2088 2974 2143 dixit
3008 2087 3187 2145 Isaias
3208 2107 3228 2146 :
3252 2089 3474 2146 Excteca
3498 2110 3591 2149 cur

2016 2175 2198 2244 populi
2217 2175 2393 2243 hujus,
2420 2186 2469 2229 et
2500 2193 2651 2231 aures
2678 2194 2794 2247 ejus
2826 2195 3074 2248 aggrava,
3109 2183 3383 2250 nequando
3418 2185 3586 2240 oculis

2020 2267 2131 2319 suis
2160 2266 2385 2331 videant,
2414 2274 2462 2320 et
2491 2269 2705 2321 auribus
2748 2267 2990 2332 audiant,
3020 2280 3067 2322 et
3094 2270 3251 2325 corde
3279 2272 3583 2344 intelligant

2017 2354 2201 2427 (Joan.
2229 2371 2327 2417 xu;
2350 2354 2463 2410 Isa.
2486 2355 2583 2422 vi).
2604 2356 2792 2411 Cernis
2815 2360 2940 2426 quia
2968 2362 3423 2427 quemadmodum
3444 2363 3587 2417 lece-

2005 2456 2124 2500 runt
2157 2447 2277 2516 ipsi,
2307 2448 2387 2502 sic
2412 2456 2467 2503 et
2494 2449 2744 2505 Christus
2782 2449 2911 2506 fecit
2958 2451 3067 2517 eis;
3115 2453 3242 2522 quia
3285 2453 3431 2507 enim
3472 2450 3590 2521 ejus

2007 2536 2220 2591 irritum
2247 2536 2426 2594 facere
2456 2549 2674 2609 pactum
2702 2542 2815 2595 sive
2843 2549 3226 2599 testamentum
3251 2542 3595 2606 studuerunt,

2012 2638 2155 2684 recte
2179 2645 2367 2685 eorum
2410 2630 2597 2687 oculos
2639 2640 2696 2687 et
2735 2648 2831 2688 cor
2880 2634 3193 2701 excaecavit,
3238 2643 3293 2689 et
3338 2633 3588 2690 ardorem

2007 2720 2122 2775 sive
2164 2721 2457 2778 heeteriam
2494 2725 2869 2781 conﬁcientem
2908 2726 3093 2781 oculos
3142 2742 3329 2782 eorum
3378 2736 3435 2782 et
3482 2729 3598 2783 ani-

2007 2828 2124 2867 mas
2155 2824 2563 2870 consumentem
2590 2817 2669 2871 eis
2693 2817 2855 2871 dedit.
2892 2817 2998 2872 Sed
3045 2817 3172 2887 quid
3225 2818 3310 2873 his
3357 2820 3598 2874 addidit?

2008 2900 2239 2956 Frucera
2268 2906 2449 2958 seretis
2479 2916 2781 2971 sementem,
2801 2923 2919 2977 qua:
2942 2907 3005 2960 ab
3035 2907 3269 2962 hostibus
3317 2908 3593 2963 decorabi-

2005 2991 2347 3058 tut-,‘ﬁ-ustra
2372 2994 2514 3048 enim
2566 2995 2672 3048 illis
2717 2997 3102 3065 prophetarum
3151 3006 3205 3053 et
3239 2997 3371 3069 legis
3414 2998 3596 3070 profe-

2006 3092 2201 3138 runtur
2246 3085 2474 3149 semina,
2504 3095 2559 3140 ct
2605 3085 2908 3142 doctorales
2964 3088 3111 3144 illinc
3167 3092 3436 3146 seminant
3480 3107 3597 3148 ser-

2001 3187 2190 3228 mones
2238 3189 2346 3228 non
2398 3176 2661 3231 habentes
2707 3185 2904 3231 terram
2959 3179 3190 3235 fertilem
3239 3181 3306 3236 ad
3345 3181 3597 3255 intelligi-

2000 3265 2188 3321 bilium
2224 3266 2532 3338 dogmatum
2578 3268 2835 3325 fructum.
2893 3270 3045 3326 Unde
3093 3286 3194 3327 nec
3244 3273 3367 3329 cibo
3408 3289 3594 3330 eorum

2001 3360 2275 3427 fruuntur,
2308 3359 2402 3415 sed
2439 3360 2699 3417 devorant
2732 3376 2797 3416 ea
2830 3362 3129 3418 adversarii
3169 3379 3381 3432 eorum,
3414 3365 3505 3434 qui
3539 3364 3594 3419 in

2002 3452 2219 3509 Christo
2250 3454 2501 3521 credunt,
2532 3470 2669 3525 quos
2704 3455 2804 3524 ipsi
2851 3454 2953 3510 sibi
2994 3471 3092 3526 per
3134 3455 3507 3512 inﬁdelitatem
3535 3467 3590 3511 et

2004 3544 2258 3599 invidiam
2287 3547 2591 3601 contrarios
2614 3545 2869 3600 fecerunt.
2894 3546 2961 3599 Et
2986 3564 3177 3615 ponam
3198 3546 3386 3617 facient
3410 3565 3581 3603 meam

2004 3642 2188 3687 contra
2242 3650 2348 3698 vos,
2394 3635 2688 3688 secundum
2737 3636 3111 3705 propheticam
3160 3635 3307 3691 illam
3362 3654 3583 3693 vocem:

2017 3723 2204 3779 Vultus
2247 3733 2423 3779 autem
2458 3723 2667 3778 Domini
2693 3741 2850 3795 super
2872 3725 3120 3795 facientes
3145 3725 3305 3790 mala,
3331 3737 3386 3780 ut
3414 3728 3541 3797 perd
3562 3740 3596 3781 .t

2006 3814 2070 3867 de
2105 3822 2246 3867 terra
2270 3813 2577 3867 memoriam
2606 3828 2808 3879 eorum,
2834 3824 2879 3866 et
2908 3818 3161 3867 corruetis
3210 3829 3387 3866 coram
3427 3814 3560 3868 hosti
3578 3846 3594 3854 -

2009 3903 2103 3959 bus
2129 3903 2307 3959 vestris
2336 3899 2518 3976 (Psal.
2547 3919 2717 3958 xxx":
2735 3902 2775 3973 ).
2801 3901 3041 3958 Gentiles
3071 3904 3237 3968 enim,
3262 3919 3397 3974 quos
3419 3905 3595 3960 inim:-

2008 4010 2101 4049 cos
2128 3994 2230 4049 sibi
2249 3993 2515 4062 judicant,
2543 4007 2726 4048 coram
2752 3992 2831 4048 eis
2854 3993 3073 4059 cadunt,
3105 3993 3157 4047 in
3186 3994 3356 4049 salute
3408 4010 3592 4050 eorum

2008 4087 2359 4144 oﬁendentes.
2389 4085 2543 4144 Unde
2571 4085 2927 4159 Symmachus
2948 4102 3047 4156 pro
3080 4085 3593 4156 cadere,offemletis,

2009 4179 2107 4244 ait,
2136 4187 2257 4233 ante
2282 4178 2523 4231 inimicos
2552 4187 2766 4231 vestros.
2792 4175 2928 4244 Quid
2953 4184 3131 4231 autem
3166 4175 3307 4230 aliud
3350 4175 3593 4230 addidit?

2011 4268 2397 4340 Persequentur
2428 4283 2515 4320 vos
2546 4266 2666 4320 odio
2704 4266 2947 4319 habentes
2977 4281 3085 4328 vos,
3123 4273 3172 4317 et
3210 4265 3417 4335 fugietis
3450 4263 3593 4318 nulio

2012 4369 2363 4430 persequente.
2397 4356 2497 4411 llic
2519 4356 2912 4426 quodammodo
2934 4354 3268 4430 contrarium
3296 4370 3419 4411 esse
3443 4354 3593 4409 vide-

1934 4420 1989 4479 Ῐ)
2012 4420 2125 4514 iur,
2169 4420 2312 4517 quod
2344 4420 2562 4501 dicitur.
2620 4442 2679 4499 Si
2709 4444 2854 4497 enim
2887 4444 2954 4498 ab
2983 4427 3229 4497 hostibus
3254 4443 3591 4513 persecutio-

2016 4555 2141 4595 nem
2172 4536 2471 4609 patiuntur,
2500 4535 2770 4606 quomodo
2799 4534 2945 4589 nullo
2968 4542 3328 4603 persequente
3350 4532 3597 4604 fugiunt?

2017 4629 2124 4684 Sed
2150 4637 2531 4701 persequentur
2552 4643 2662 4692 vos,
2685 4640 2791 4680 non
2821 4624 2888 4679 ad
2915 4618 3293 4694 expellendum
3322 4623 3596 4696 legislator

2015 4720 2254 4791 accepit,
2298 4717 2392 4773 sed
2420 4716 2565 4787 quod
2592 4715 2858 4772 currendo
2886 4705 3232 4769 imminerent
3261 4713 3329 4769 ad
3363 4713 3591 4769 salutem

2015 4827 2205 4868 eorum
2230 4809 2568 4864 festinantes.
2615 4806 2801 4873 Unde,
2835 4804 3224 4878 Persequentur
3250 4821 3361 4871 vos,
3402 4804 3455 4860 in
3484 4822 3588 4860 ser-

2015 4906 2230 4959 vitutem
2257 4901 2487 4972 redigent
2512 4914 2622 4965 vos,
2640 4896 3029 4970 Symmachus:
3063 4896 3329 4950 Erudiunt
3355 4896 3410 4950 in
3431 4895 3594 4960 vobis,

2019 4992 2358 5050 Theodotion
2404 4990 2590 5046 edidit.
2648 4987 2831 5044 Talem
2876 4996 3054 5043 autem
3099 4987 3255 5043 nobis
3300 4994 3354 5042 et
3398 4985 3596 5041 Paulus

2015 5089 2447 5160 persecutionem
2488 5083 2858 5140 demonstrat:
2905 5082 3110 5154 Sequor
3148 5093 3322 5135 autem
3363 5079 3407 5133 si
3450 5094 3594 5132 com-

2018 5179 2358 5252 prehendam,
2398 5179 2453 5232 in
2491 5192 2592 5249 quo
2634 5185 2681 5230 et
2722 5176 3121 5245 comprehensus
3150 5189 3265 5228 sum
3294 5168 3456 5245 (Phil.
3487 5166 3592 5239 ιιι).

2020 5271 2222 5328 Gentes
2265 5284 2395 5340 ergo
2443 5275 2500 5323 et
2541 5268 2586 5321 si
2631 5282 2753 5321 cum
2800 5265 2969 5321 David
3018 5266 3083 5321 de
3124 5262 3321 5319 Judacis
3364 5260 3591 5315 dicunt:

2024 5364 2214 5419 Nonne
2262 5362 2350 5435 qui
2402 5370 2451 5415 te
2504 5360 2742 5423 oderant,
2774 5358 2940 5423 Deus,
2971 5358 3184 5411 oderam
3221 5353 3340 5408 illos
3369 5347 3591 5422 ?(Psal.

2021 5450 2324 5523 cxxxvm.)
2369 5452 2751 5508 Verumtamen
2786 5460 2972 5504 eorum
3009 5450 3173 5501 instat
3210 5442 3401 5508 saluti,
3442 5441 3594 5497 festi-

2023 5556 2223 5615 natque
2264 5551 2319 5599 et
2356 5549 2513 5598 orat:
2559 5540 2667 5597 Scit
2711 5540 2848 5594 enim
2888 5541 3011 5609 quia
3052 5534 3335 5605 assumptio
3375 5548 3594 5599 earum,

2024 5638 2164 5694 sicut
2194 5637 2268 5692 ait
2292 5634 2510 5703 Paulus,
2537 5633 2644 5689 vita
2670 5641 2743 5687 est
2774 5647 2838 5686 ex
2864 5627 3107 5694 mortuis,
3141 5633 3191 5679 et
3216 5623 3481 5700 plenitudo
3506 5640 3594 5679 ea-
