3926 6176
383 225 489 281 559

1026 219 1086 273 Β.
1130 216 1382 272 RABANI
1422 214 1641 272 MAURI
1681 208 1975 267 ARCHIEP
2054 208 2362 266 MOGUNT.
2393 204 2677 264 OPERUM
2711 203 2887 261 PARS
2918 204 2957 259 Ι.

3513 203 3612 258 560

386 356 501 396 rum
530 334 886 392 salus-mundi
913 332 1090 404 (Rom.
1122 330 1221 403 tu).
1267 329 1332 384 lli
1364 336 1543 384 autem
1576 326 1789 395 fugiunt
1815 324 1960 379 nullo
1985 331 2033 389 Α
2054 342 2232 380 eorum
2268 323 2470 392 pariIer
2485 321 2815 391 palantium:
2847 325 3218 372 cansumentur
3251 315 3403 386 quasi
3425 318 3619 386 stipula

384 434 761 500 persequente.
812 420 930 477 Non
971 421 1116 477 enim
1156 417 1609 489 quemadmodum
1646 415 1721 470 illi
1758 421 1957 468 nostra:

384 517 545 572 saluti
585 513 857 577 invident,
890 509 982 565 sic
1017 519 1071 564 et
1106 525 1206 564 nos
1238 508 1450 563 illorum
1478 526 1490 561 :
1537 506 1678 560 unde
1723 520 1815 559 eos
1860 518 1959 558 nec

383 604 781 677 persequimur,
814 616 915 656 nec
953 615 1075 655 cum
1101 614 1210 654 .nos
1248 604 1590 660 aversantur,
1621 608 1955 656 aversamur,

386 697 479 751 sed
530 694 813 765 implemus
858 692 1003 761 quod
1047 690 1215 745 Isaias
1260 689 1525 759 propheta
1568 684 1743 739 dixit:
1794 683 1960 737 Dicite

386 786 677 842 odientibus
706 784 846 839 vobis
868 800 887 838 :
920 782 1109 853 fratres
1138 782 1333 845 nostri;
1363 788 1410 832 et
1438 776 1877 840 abominantibus,
1902 784 1958 828 ut

388 894 572 933 nomen
601 875 810 929 Domini
837 872 1174 943 gloriﬁcetur,
1197 879 1243 923 et
1270 868 1510 922 videatur
1533 868 1586 920 in
1617 863 1961 918 exsultatione

387 985 567 1024 eorum
595 976 642 1021 et
668 966 748 1018 illi
772 961 1241 1033 erubescant.(lsa.
1270 958 1436 1030 LXVI).
1470 958 1767 1026 Sequitur:

461 1053 636 1126 (Imm)
677 1052 769 1107 Sin
800 1060 974 1103 autem
1013 1066 1105 1103 nec
1139 1049 1217 1102 sic
1255 1047 1550 1101 obedieritis
1590 1045 1737 1109 mihi,
1765 1042 1959 1096 addam

390 1144 735 1214 correptiones
764 1150 960 1194 vestras
985 1137 1273 1209 septuplum
1296 1145 1506 1206 propter
1527 1144 1739 1205 peccatu
1768 1142 1958 1196 vestra,

390 1249 436 1294 et
458 1246 721 1293 conteram
744 1235 993 1289 duritiam
1019 1232 1271 1303 superbia?
1293 1237 1497 1294 vestrm,
1523 1227 1756 1296 daboque
1778 1226 1960 1278 caelum

391 1330 529 1385 vobis
555 1328 776 1398 desuper
800 1326 931 1378 sicut
960 1323 1180 1392 ferrum,
1209 1330 1257 1374 et
1283 1330 1477 1373 terram
1502 1332 1721 1371 teneam.
1758 1312 1961 1368 Consu-

392 1431 562 1475 metur
584 1420 848 1472 incassum
873 1414 1020 1468 labor
1045 1422 1244 1476 vester;
1282 1427 1385 1464 non
1417 1407 1642 1479 proferet
1675 1416 1816 1461 terra
1842 1421 1960 1476 ger-

391 1526 543 1572 men;
569 1524 663 1560 nec
691 1506 901 1559 arbores
935 1518 1089 1573 poma
1124 1499 1439 1571 prtrbebunt.
1484 1495 1545 1552 Si
1574 1493 1960 1550 ambulaveritis

391 1615 456 1653 ea:
494 1597 708 1650 adverso
748 1593 909 1656 milii,
950 1582 1045 1645 nec
1084 1589 1349 1644 volueritis
1391 1587 1576 1641 audire
1610 1602 1727 1650 me,
1767 1583 1961 1637 addam

2056 413 2309 471 ariditate
2328 413 2519 483 plena:
2539 427 2603 466 ea:
2624 420 2673 465 te
2694 409 2856 464 exibit
2876 409 3110 478 cogitans
3127 415 3312 461 contra
3341 405 3619 461 Dominum

2060 508 2347 572 malitiam,
2388 514 2558 560 mente
2598 509 2922 572 pertractans
2972 498 3455 571 praevaricationem
3477 497 3622 570 (Na—

2064 601 2213 652 hum.
2254 599 2315 667 l).
2354 599 2400 650 Λ
2431 610 2540 666 quo
2584 602 2762 648 autem
2802 590 3064 662 cogitatio
3093 598 3287 645 contra
3338 587 3618 643 Dominum

2064 704 2284 759 egressa
2334 695 2419 741 est
2464 684 2604 740 mala
2649 683 2921 756 cogitans,
2954 689 3008 736 et
3028 680 3302 735 contraria
3338 681 3622 750 praeceptis

2060 781 2180 850 ejus
2209 780 2309 834 nisi
2335 794 2364 833 a
2390 777 2588 847 populo
2608 773 2946 830 Iudaeorum?
2968 773 3036 828 de
3057 787 3163 843 quo
3186 771 3354 826 Isaias
3377 770 3621 826 dicebat:

2066 870 2155 928 Va:
2180 870 2311 937 illis,
2335 869 2461 942 quia
2480 867 2756 924 consilium
2778 864 3007 935 cogitant
3029 863 3231 916 malum
3249 871 3430 915 contra
3446 872 3624 914 semet-

2064 968 2208 1035 ipsos
2230 964 2460 1018 dicentes
2482 978 2501 1017 :
2522 956 3010 1016 Circumveniant”
3024 955 3252 1028 justum,
3275 953 3400 1023 quia
3420 952 3625 1007 inutilis

2056 1068 2132 1112 est
2162 1059 2335 1123 nobis;
2358 1056 2562 1125 fructus
2587 1071 2707 1124 ergo
2732 1053 2973 1106 labarum
3000 1067 3215 1106 suorum
3239 1047 3627 1105 manduca-bunt

2057 1149 2193 1224 [Al.,
2228 1149 2315 1205 ναι
2335 1150 2530 1203 animte
2547 1162 2753 1211 eorum,
2773 1144 3026 1215 quoniam
3043 1145 3249 1198 reddita
3265 1155 3342 1198 est
3363 1145 3439 1197 eis
3469 1144 3628 1201 mala,

2061 1242 2230 1297 Dicite
2257 1243 2425 1311 justo,
2452 1241 2702 1314 quoniam
2737 1240 2883 1308 bene,
2909 1240 3153 1310 quoniam
3186 1237 3416 1305 fructum
3470 1233 3627 1287 adin-

2055 1334 2352 1403 ventionum
2390 1350 2608 1388 suarum
2634 1332 2903 1403 comedet]
2944 1332 2962 1397 (
2986 1328 3110 1403 Isa._
3162 1342 3258 1403 nt;_
3311 1324 3440 1403 Sap.
3481 1341 3565 1378 xw
3591 1328 3629 1403 )ξ

2058 1402 2280 1457 Intende
2318 1409 2497 1455 autem
2547 1402 2793 1455 ordinem
2819 1440 2834 1466 ,
2887 1398 2995 1469 quo
3036 1400 3206 1453 utitur
3244 1398 3524 1470 legislator
3567 1400 3632 1454 ad

2059 1490 2531 1547 comminationem
2556 1507 2571 1544 :
2605 1489 2704 1544 Sin
2730 1498 2904 1543 autem
2935 1504 3026 1542 nec
3052 1488 3128 1542 sic
3155 1488 3451 1541 obedieritis
3481 1490 3630 1554 mihi,

2061 1579 2252 1634 addam
2274 1581 2620 1650 correptiones
2642 1588 2840 1632 vestras
2865 1576 3174 1647 septuplum,
3194 1585 3405 1646 propter
3420 1587 3633 1647 peccata

391 1687 574 1757 plagas
594 1694 786 1738 vestras
811 1698 972 1752 usque
994 1677 1283 1748 septuplum
1305 1685 1513 1747 propter
1521 1684 1746 1745 ,peccata
1766 1681 1952 1734 vestra,
1986 1667 2033 1725 B
2062 1681 2259 1737 vestra;
2295 1670 2642 1741 Septuaginta
2684 1678 2861 1723 autem
2892 1669 3175 1723 ediderunt
3216 1686 3230 1722 :
3266 1666 3328 1724 Si
3366 1685 3533 1739 usque
3567 1668 3632 1722 ad

392 1779 768 1846 immittuntque
791 1776 843 1827 in
863 1789 948 1827 vos
970 1762 1137 1823 malas
1155 1768 1342 1822 bestias
1363 1767 1500 1836 agri,
1517 1781 1632 1836 qua:
1653 1769 1959 1818 consumant

393 1878 440 1921 et
468 1883 554 1921 vos
582 1875 629 1920 et
652 1881 844 1933 pecora
875 1871 1059 1916 vestra.
1092 1869 1138 1912 et
1169 1858 1238 1911 ad
1266 1858 1579 1933 paucitatem
1607 1862 1793 1908 cuncta
1825 1850 1961 1905 redi-

390 1969 550 2031 gant,
584 1957 899 2025 desertrrque
933 1953 1062 2022 ﬁant
1100 1951 1197 2005 via:
1231 1957 1434 2002 vestrm.
1486 1945 1638 2012 Quod
1676 1945 1723 1998 si
1760 1960 1851 1997 nec
1886 1942 1962 1996 sic

394 2048 661 2104 volueritis
701 2045 923 2115 recipere
958 2041 1309 2113 disciplinam,
1349 2038 1437 2093 sed
1473 2036 1861 2091 ambulaveritis
1898 2051 1963 2088 ea:

393 2140 608 2195 adverso
625 2137 773 2202 milii,
792 2150 883 2206 ego
901 2149 1105 2204 quoque
1123 2139 1304 2186 contra
1323 2145 1412 2183 vos
1433 2128 1678 2181 adversus
1700 2125 1959 2188 incedant,

392 2239 441 2285 et
475 2227 763 2300 percutiam
788 2242 877 2280 vos
908 2224 1094 2293 septies
1118 2230 1328 2292 propter
1351 2229 1563 2291 peccata
1590 2227 1778 2281 vestra,
1810 2216 1963 2269 indu-

393 2335 610 2390 camque
634 2333 789 2388 super
808 2332 894 2371 vos
909 2312 1149 2386 gladium
1177 2312 1397 2366 ultorem
1420 2309 1628 2376 fmderis
1653 2309 1773 2362 mei.
1806 2304 1964 2361 Cum-

391 2428 492 2482 que
515 2408 849 2480 confugeritis
879 2406 947 2459 ad
972 2406 1145 2469 urbes,
1169 2405 1374 2457 mittam
1399 2401 1746 2473 pestilentium
1774 2399 1827 2451 in
1859 2415 1964 2452 me-

394 2502 482 2556 dio
507 2500 693 2564 vestri,
733 2508 781 2551 et
816 2496 1094 2550 trademini
1121 2495 1347 2548 hostium
1378 2491 1638 2547 manibus.
1676 2488 1963 2561 Postquam

394 2588 694 2658 confregero
720 2584 961 2641 baculum
982 2584 1130 2655 panis
1148 2584 1327 2648 vestri,
1348 2583 1421 2636 ita
1443 2591 1497 2636 ut
1521 2582 1697 2635 decem
1721 2578 1963 2634 mulieres

392 2680 450 2733 in
478 2678 682 2733 clibano
719 2683 943 2746 coquant
981 2690 1161 2740 panes,
1196 2682 1244 2727 et
1285 2671 1504 2727 reddant
1532 2688 1618 2726 eos
1645 2670 1713 2724 ad
1738 2670 1961 2740 pondus,

392 2779 442 2824 et
476 2767 752 2824 comedetis
778 2775 825 2820 et
857 2781 960 2819 non
994 2764 1381 2819 saturabimini.
1421 2763 1639 2818 Talibus
1666 2762 1964 2817 distinctio-

394 2859 555 2914 nibus
596 2871 704 2911 non
746 2853 946 2909 frustra
991 2852 1266 2923 legislator
1306 2867 1437 2907 usus
1481 2860 1583 2907 est.
1641 2850 1776 2905 Nam
1821 2865 1965 2906 nunc

393 2950 610 3021 quidem
659 2948 781 3003 ait:
836 2944 929 3001 Sin
979 2959 1150 2999 autem
1198 2961 1290 2999 nec
1335 2945 1409 2999 sic
1454 2943 1743 3021 obedieritis
1791 2943 1960 3008 mihi;

2061 1762 2173 1816 lucc
2201 1779 2304 1816 non
2327 1762 2601 1815 audieritis
2626 1778 2725 1823 me,
2755 1775 2926 1836 usque
2950 1761 3016 1815 ad
3047 1761 3151 1815 hoc
3175 1761 3241 1815 ad
3267 1762 3408 1830 quod
3434 1776 3635 1831 praece-

2062 1853 2242 1909 dentia
2263 1851 2638 1917 ostenderunt,
2660 1852 2750 1906 ubi
2770 1859 3064 1921 egestatem
3087 1851 3444 1920 ardoremque
3466 1850 3630 1905 dixit:

2061 1961 2181 2016 qute
2205 1945 2475 2015 quomodo
2500 1953 2749 2014 oporteat
2773 1944 2977 2012 accipi,
3007 1944 3060 1997 in
3087 1943 3520 2015 praecedentibus
3544 1959 3633 1997 ex-

2062 2036 2362 2106 posuimus.
2414 2033 2475 2089 Si
2503 2050 2632 2106 ergo
2656 2050 2826 2104 usque
2862 2033 2928 2088 ad
2964 2035 3066 2089 hoc
3095 2034 3465 2090 inobedienles
3521 2034 3634 2089 lue-

2063 2128 2201 2192 rint,
2240 2135 2301 2185 ut
2336 2141 2513 2197 neque
2550 2141 2616 2181 ex
2658 2126 2744 2181 his
2772 2141 2891 2197 qua:
2916 2126 3055 2182 dicta
3096 2135 3222 2182 sunt
3258 2127 3632 2191 emendentur,

2064 2220 2264 2289 septies
2295 2219 2415 2275 illos
2442 2219 2579 2274 dixit
2605 2218 2836 2287 corripi,
2880 2218 2930 2272 id
2970 2226 3080 2282 est,
3119 2216 3417 2289 perfectam
3454 2234 3637 2275 corre-

2062 2310 2299 2380 ptionem
2331 2310 2385 2365 in
2421 2309 2659 2379 peccatis
2686 2323 2872 2364 eorum
2918 2310 3154 2365 evenire.
3206 2309 3411 2376 Quibus
3455 2320 3634 2365 autem

2066 2416 2171 2457 non
2200 2400 2330 2454 dicit
2348 2440 2363 2464 ,
2399 2407 2460 2454 ut
2487 2415 2674 2455 eorum
2703 2408 2921 2470 peccata
2950 2400 3053 2455 hoc
3081 2401 3256 2471 ipsum
3276 2444 3292 2468 ,
3339 2402 3487 2473 quod
3530 2418 3631 2456 non

2064 2493 2331 2551 emendati
2375 2501 2499 2547 sunt
2543 2508 2609 2547 ex
2653 2493 2923 2563 przedictis
2960 2492 3338 2562 intelligamus.
3391 2493 3458 2548 Et
3496 2495 3636 2564 quod

2065 2584 2307 2639 addidit:
2347 2581 2414 2636 Et
2444 2591 2706 2636 conteram
2735 2582 2985 2636 duritiam
3012 2584 3266 2653 superbire
3292 2593 3494 2647 vestrm,
3532 2601 3636 2638 nou

2064 2676 2351 2731 voluerunt
2374 2675 2517 2729 enim
2545 2675 2746 2731 Christi
2782 2674 3087 2729 libertatem
3125 2675 3423 2746 suscipere,
3457 2676 3641 2730 dicere

2066 2776 2186 2824 tes:
2222 2766 2407 2822 Semen
2443 2766 2666 2820 Abrahte
2704 2782 2913 2830 sumus,
2954 2775 3002 2820 et
3039 2765 3172 2819 nulli
3206 2766 3508 2820 seruiuimus
3537 2783 3639 2820 uu-

2063 2875 2219 2930 quam
2262 2857 2442 2930 (Joan.
2470 2856 2612 2930 vui).
2664 2856 2815 2911 Hane
2851 2872 3038 2912 eorum
3078 2856 3331 2912 duritiam
3372 2857 3639 2928 superbia:

2068 2949 2343 3016 contrivit,
2378 2949 2580 3004 servire
2607 2962 2700 3002 eos
2725 2948 2974 3017 gentibus
3001 2946 3223 3002 faciens.
3272 2948 3421 3003 Dabo
3451 2947 3634 3003 cretum

395 3040 587 3095 deinde
604 3038 864 3108 quasdam
883 3036 1249 3105 correptiones
1277 3020 1958 3099 dinumerans,subinferl:
1990 3012 2034 3073 δ
2066 3041 2204 3094 vobis
2230 3040 2452 3110 desuper
2476 3040 2611 3093 sicut
2640 3040 2870 3109 ferrum;
2910 3038 3107 3093 nullam
3136 3039 3278 3092 enim
3309 3054 3372 3093 ex
3412 3055 3476 3094 eo
3504 3041 3636 3095 visi-

396 3129 459 3186 Si
494 3128 879 3183 ambulaveritis
924 3143 987 3179 est
1029 3125 1245 3179 adverso
1274 3127 1440 3189 mihi;
1486 3134 1538 3179 el
1570 3140 1788 3189 rursus,
1829 3125 1963 3179 alias

395 3217 580 3288 plagas
615 3230 889 3286 exponens
916 3214 1118 3268 addidit
1147 3231 1159 3266 :
1193 3212 1346 3278 Quod
1379 3215 1425 3267 si
1461 3230 1553 3268 nec
1589 3215 1664 3267 sic
1700 3214 1964 3269 volueritis

396 3306 623 3375 recipere
661 3301 1022 3370 disciplinam,
1070 3299 1161 3354 sed
1204 3300 1591 3355 ambulaveritis
1638 3317 1703 3355 ea:
1747 3301 1963 3355 adverso

397 3394 546 3449 mihi.
587 3391 693 3447 Sed
721 3391 864 3455 ideo,
898 3399 959 3444 ut
983 3389 1233 3454 diximus,
1265 3389 1350 3443 his
1374 3389 1809 3445 distinctionibus
1836 3407 1964 3447 usus

397 3493 502 3550 est,
529 3483 655 3554 quia
681 3479 991 3551 frequenter
1018 3479 1268 3536 Christus
1295 3480 1566 3549 suscipere
1590 3481 1842 3552 populum
1871 3481 1966 3535 lu-

398 3575 637 3630 deeorum
660 3571 848 3637 voluit,
877 3570 957 3625 illi
985 3578 1165 3624 autem
1195 3584 1302 3624 non
1330 3570 1673 3637 obediebant,
1701 3571 1775 3626 ita
1809 3581 1869 3627 ut
1899 3573 1966 3628 ad

396 3677 490 3716 eos
523 3660 824 3715 clamaret:
872 3657 1199 3724 Jerusalem,
1244 3657 1575 3725 Jerusalem,
1618 3676 1736 3730 qua:
1773 3662 1964 3718 occidis

397 3752 673 3825 prophetas
698 3760 745 3804 et
774 3749 979 3822 lapidas
1007 3767 1093 3805 eos
1119 3750 1208 3822 qui
1233 3750 1303 3805 ad
1328 3759 1376 3806 te
1399 3751 1546 3806 missi
1569 3760 1710 3817 sunt,
1733 3754 1965 3824 quotiens

393 3843 532 3896 volui
562 3857 872 3911 congregare
898 3841 1038 3909 ﬁlios
1070 3853 1213 3908 tuos,
1255 3845 1389 3896 sicut
1432 3844 1637 3914 gallina
1687 3852 1967 3915 congregat

393 3933 567 4001 pullos
592 3947 715 3987 suos
745 3934 840 3986 sub
872 3933 1010 3997 alas,
1042 3943 1090 3987 et
1109 3934 1328 3988 noluisti
1355 3934 1567 4003 (Matth.
1600 3937 1782 4003 xxi")!
1824 3936 1966 3991 Illud

393 4039 524 4094 ergo
547 4024 779 4079 maxime
796 4025 851 4079 in
874 4024 962 4079 his
978 4041 1099 4094 qua:
1115 4025 1261 4081 dicta
1283 4036 1410 4081 sunt
1430 4028 1810 4082 attendamus:
1836 4029 1965 4097 quia

393 4130 516 4168 cum
541 4124 746 4184 septem
771 4117 1146 4184 correptiones
1163 4114 1526 4171 comminatus
1553 4115 1737 4183 fuerit,
1768 4118 1846 4172 sic
1870 4132 1964 4174 eas

393 4206 657 4262 subdidit:
681 4206 1078 4261 Contritienem
1097 4206 1240 4262 enim
1261 4206 1475 4263 duritia:
1492 4207 1781 4280 superbim,
1802 4216 1856 4264 et
1874 4211 1965 4262 da—

2067 3131 2321 3184 tationem
2367 3129 2583 3199 penitus
2629 3137 2753 3184 sunt
2797 3129 2997 3199 adepti.
3053 3128 3118 3182 Et
3158 3139 3351 3183 terram
3396 3147 3636 3194 (vneam,-

2063 3227 2206 3272 terra
2238 3218 2383 3273 enim
2420 3218 2614 3273 divina:
2655 3217 2950 3289 Scripturte
2992 3234 3153 3288 quam
3199 3220 3504 3289 possident,
3556 3222 3639 3276 in-

2064 3306 2339 3362 fructuosa
2379 3307 2458 3362 eis
2498 3316 2615 3373 est,
2660 3323 2782 3363 eum
2824 3323 2929 3383 non
2967 3309 3034 3364 ab
3063 3312 3145 3364 eis
3183 3309 3500 3381 intelligitur
3527 3327 3639 3381 quo

2063 3407 2280 3467 oportet
2307 3398 2506 3453 modo:
2540 3413 2670 3470 ergo
2709 3414 2857 3454 aenea
2899 3409 3186 3470 propterea
3226 3408 3326 3456 est.
3374 3401 3457 3457 Ad
3485 3403 3638 3472 cujus

2065 3489 2145 3543 rei
2167 3488 2527 3543 ostensionem
2555 3488 2761 3543 addidit
2787 3508 2798 3543 :
2832 3489 3174 3545 Consumetur
3198 3491 3461 3546 incassum
3487 3490 3639 3547 labor

2064 3590 2247 3635 vester.
2276 3580 2452 3635 Labor
2469 3580 2613 3634 enim
2637 3596 2795 3651 quem
2827 3581 2881 3636 in
2906 3582 3105 3637 divinis
3133 3582 3430 3652 Scripturis
3457 3592 3636 3639 estea-

2064 3671 2224 3737 dunt,
2254 3672 2625 3727 incumbentes
2656 3672 2932 3727 traditioni
2963 3673 3176 3738 litterae,
3206 3674 3477 3730 incassum
3505 3691 3636 3731 con—

2065 3763 2318 3828 sumitur,
2363 3761 2456 3832 qui
2504 3762 2661 3833 plene
2706 3778 2813 3819 non
2856 3772 3083 3833 possunt
3122 3763 3240 3835 lege
3337 3766 3633 3821 secundum

2062 3853 2299 3908 litteram
2329 3854 2430 3917 uti,
2460 3853 2640 3908 ablato
2664 3853 2802 3917 loco,
2835 3855 2888 3908 in
2919 3869 3025 3923 quo
3053 3854 3231 3910 littera
3258 3871 3474 3912 omnem
3501 3857 3634 3912 divi—

2062 3957 2191 3996 num
2218 3943 2422 3997 cultum
2449 3942 2582 4014 legis
2610 3944 2896 3999 conclusit.

2135 4033 2309 4088 Nimis
2343 4048 2473 4105 ergo
2511 4037 2762 4091 convenit
2786 4077 2802 4102 ,
2850 4037 2994 4107 quod
3024 4037 3305 4108 sequitur:
3341 4039 3466 4094 Non
3492 4041 3632 4095 dabit

2061 4134 2201 4179 terra
2241 4141 2449 4195 germen
2486 4142 2636 4180 suum
2662 4168 2677 4194 ,
2727 4144 2819 4182 nec
2859 4129 3070 4184 arbores
3115 4147 3270 4201 poma
3314 4132 3628 4201 prtebebunt.

2062 4213 2245 4284 Neque
2288 4215 2430 4270 enim
2475 4218 2714 4271 exterior
2740 4234 2926 4274 eorum
2972 4220 3155 4285 homo,
3201 4220 3293 4290 qui
3335 4221 3631 4291 appellatur

394 4297 596 4351 tionem
621 4297 744 4352 caeli
770 4296 931 4353 ferrei
953 4304 1007 4352 et
1027 4307 1184 4352 teme
1204 4310 1456 4363 :enea:,et
1478 4299 1751 4355 incassum
1774 4315 1960 4354 eorum
1987 4337 2038 4396 Β
2065 4313 2234 4370 terra,
2265 4303 2574 4372 fructilleat,
2604 4309 2731 4377 quia
2762 4310 2815 4363 in
2843 4310 3220 4380 gastrimargia
3250 4312 3457 4376 vivunt,
3487 4311 3630 4366 etde

390 4388 641 4443 consumi
659 4388 921 4451 laborem,
939 4400 989 4441 et
1007 4398 1203 4443 terram
1227 4406 1332 4444 non
1352 4392 1594 4459 proferre
1611 4408 1846 4462 germen,
1864 4406 1963 4448 nec

394 4468 616 4522 arbores
641 4484 799 4538 poma
832 4469 1075 4540 prmbere
1100 4472 1338 4527 minatus
1366 4483 1467 4529 est.
1509 4473 1635 4531 Haac
1658 4485 1838 4533 autem
1863 4492 1958 4533 sex

392 4564 519 4610 sunt
552 4572 656 4611 non
687 4567 920 4628 septem.
968 4558 1079 4615 Hoc
1103 4561 1247 4615 idem
1276 4572 1456 4618 autem
1486 4565 1724 4621 invenies
1752 4576 1807 4620 et
1834 4567 1960 4622 reli-

394 4658 527 4713 quas
557 4648 924 4716 correptiones
952 4663 1296 4717 percurrens.
1346 4650 1486 4723 Ergo
1518 4668 1616 4722 per
1645 4654 1745 4708 hoc
1778 4656 1955 4709 mani-

396 4733 587 4786 festum
614 4743 700 4787 est
725 4735 849 4802 quia
879 4739 1217 4805 septenarius
1252 4755 1510 4795 numerus
1537 4742 1699 4795 totius
1722 4757 1958 4812 praesen-

396 4820 466 4874 tis
492 4821 615 4875 vita:
641 4822 810 4892 ﬁgura
838 4832 892 4878 et
920 4827 1130 4897 signum
1159 4840 1272 4895 est,
1314 4845 1434 4898 qua:
1472 4846 1569 4901 per
1594 4833 1957 4901 septenariqu

391 4926 677 4967 numerum
705 4915 957 4970 volvitur.“
1014 4917 1082 4973 Et
1123 4920 1248 4988 quia
1296 4930 1500 4990 septem
1545 4938 1610 4976 ex
1655 4924 1734 4978 eis
1773 4938 1956 4978 corre-

388 5004 601 5075 ptiones
622 5004 737 5060 sive
754 5007 1018 5063 vindictas
1039 5009 1122 5064 vel
1142 5010 1328 5079 plagas
1350 5011 1567 5076 inferre,
1592 5014 1955 5069 omnimodam

387 5111 605 5167 pmnam
644 5107 698 5153 et
736 5099 997 5171 integram
1029 5103 1319 5163 vindictam
1351 5113 1410 5158 ut
1435 5114 1560 5174 pote
1589 5122 1695 5161 non
1725 5089 1955 5163 venialia

388 5203 488 5243 nec
508 5189 824 5259 pcenitentia
853 5192 1011 5263 digna
1038 5195 1383 5262 peccantibus
1409 5197 1646 5252 minatus
1667 5205 1769 5261 est,
1795 5198 1867 5252 ita
1893 5210 1951 5253 ut

388 5278 548 5331 linem
582 5278 636 5332 in
669 5279 751 5334 eis
776 5279 906 5334 illud
932 5283 1203 5352 acciperet
1237 5287 1607 5355 propheticum
1636 5288 1945 5357 eloquium:

390 5368 530 5433 Quid
574 5371 815 5441 cogitatis
861 5382 1042 5427 contra
1085 5374 1410 5430 Dominum?
1455 5381 1948 5435 consummationem

388 5458 496 5525 ipse
532 5459 711 5529 faciet.
764 5460 888 5517 Non
934 5475 1205 5537 consurget
1247 5468 1437 5539 duplex
1477 5470 1774 5535 tribulatio,
1826 5473 1949 5543 quia

387 5545 515 5602 sicut
548 5550 718 5623 spina:
752 5569 807 5609 se
840 5553 1057 5611 invicem
1091 5555 1519 5626 comvlcctuntur,
1558 5561 1632 5615 sic
1664 5562 1949 5617 convivium

2064 4397 2145 4451 eis
2171 4396 2379 4451 dictum
2406 4406 2490 4453 est
2523 4416 2536 4451 :
2570 4398 2804 4465 Quorum
2832 4400 2971 4454 Deus
3003 4409 3194 4466 venter,
3219 4400 3387 4472 gloria
3428 4401 3483 4454 in
3507 4418 3628 4454 con-

2064 4486 2267 4555 fusione
2294 4503 2473 4542 eorum
2501 4486 2666 4561 (Phil.
2694 4488 2798 4560 tu).
2837 4488 2944 4545 Sed
2973 4507 3075 4547 nec
3103 4500 3333 4556 mentes,
3362 4506 3484 4560 qua:
3508 4499 3631 4548 sunt

2062 4576 2174 4647 agri
2203 4576 2369 4648 ligna,
2399 4579 2539 4633 sicut
2563 4578 2781 4634 inserta:
2809 4581 3025 4649 quidem
3053 4583 3295 4652 corpori,
3326 4582 3418 4636 sed
3451 4590 3627 4637 tamen

2062 4681 2126 4721 eo
2151 4668 2477 4724 excelsiores
2502 4667 2709 4725 l‘mctus
2735 4670 2844 4725 Deo
2870 4672 3128 4739 praebent,
3159 4673 3298 4742 quod
3329 4672 3629 4743 germinare

2062 4774 2163 4814 nos
2186 4759 2241 4813 in
2262 4760 2464 4830 pietate
2487 4760 2618 4815 vult.
2651 4759 2709 4815 Si
2735 4762 3128 4818 ambulaveritis
3154 4780 3219 4818 ea:
3242 4764 3457 4818 adverso
3482 4763 3623 4818 mihi.

2057 4846 2242 4918 Neque
2268 4850 2411 4904 enim
2440 4858 2588 4905 recto
2614 4851 2775 4906 corde
2801 4851 2866 4906 ad
2894 4853 3062 4908 Deum
3090 4853 3378 4919 incedunt;
3412 4868 3627 4909 conver-

2058 4942 2177 4989 tunt
2203 4938 2344 4991 enim
2372 4937 2488 5006 ejus
2518 4939 2687 5006 viam,
2740 4939 2875 5011 legis
2918 4950 2973 4997 et
3015 4944 3396 5013 prophetarum
3441 4957 3625 4998 sensus

2059 5027 2454 5093 subvertentes,
2487 5037 2545 5082 ut
2576 5045 2728 5084 suam
2758 5032 3178 5087 inobedientiam
3208 5050 3307 5104 per
3335 5036 3439 5089 hoc
3468 5042 3624 5104 atque

2055 5116 2553 5185 prmvaricationem
2580 5120 2837 5174 colerent.
2868 5121 3097 5192 Propter
3118 5124 3258 5192 quod
3286 5123 3487 5179 infert:
3520 5123 3623 5177 Nec

2055 5204 2315 5258 volueritis
2365 5207 2549 5261 audire
2598 5224 2715 5273 me,
2766 5210 2959 5264 addam
3006 5213 3147 5265 vobis
3198 5212 3380 5282 plagas
3432 5221 3623 5267 vestras

2056 5311 2214 5364 usque
2243 5296 2311 5348 ad
2342 5297 2630 5366 septuplum
2667 5310 2877 5372 propter
2901 5313 3115 5372 peccata
3145 5315 3332 5358 vestra.
3376 5305 3489 5359 Non
3516 5304 3621 5375 jam

2057 5387 2458 5454 correptiones,
2502 5390 2593 5444 sed
2632 5390 2847 5461 plagas,
2890 5392 3206 5449 validiorem
3239 5411 3383 5451 nunc
3414 5410 3623 5467 ptenam

2057 5477 2379 5546 prmcedenli
2425 5486 2479 5533 et
2520 5479 2779 5549 mqualcm
2825 5498 3012 5539 eorum
3056 5484 3433 5555 iniquitatibus
3462 5500 3623 5556 expoo

2062 5581 2236 5635 nens,
2292 5583 2450 5639 quam
2500 5570 2686 5627 hanc:
2739 5572 3126 5645 Immitlamqtte
3174 5576 3229 5629 in
3274 5576 3416 5631 vobis
3461 5572 3622 5628 malas
