3926 6176
293 372 386 425 561

1174 361 1668 420 EXPOSITIONES
1706 360 1772 416 IN
1807 358 2204 416 LEVITICUM.
2244 391 2314 400 -—
2354 360 2479 414 LIB.
2523 360 2631 414 VII.

3427 360 3532 415 562

292 480 476 535 ὺθειὶαδ
506 478 647 547 agri,
683 492 797 547 qua:
826 483 1125 530 ιόηθιηηϐηι
1155 492 1264 540 υοδν
1302 484 1351 529 εί
1386 490 1574 545 Ρεσονα
1608 480 1861 536 “Sim.”
1888 474 1939 532 Α
1963 473 2173 529 cunctis
2209 472 2276 528 de
2304 473 2527 527 Christo
2551 473 2847 542 propheliis
2883 474 2961 528 sic
2993 483 3178 544 aperte
3209 492 3524 547 repugnare.

290 570 358 623 ad
396 568 713 637 paucitatem
752 576 937 620 cuncta
976 564 1236 635 redigant,
1271 563 1585 632 desertaque
1609 560 1743 629 ﬁant
1768 559 1861 614 ria:

292 667 492 712 restra'.
541 655 676 722 Quia
705 656 850 709 enim
880 654 1198 724 semetipsos
1226 669 1257 708 a
1283 652 1379 708 Dei
1404 652 1495 707 via
1518 650 1862 721 repulerunt,

291 757 437 803 recte
472 763 635 817 super
656 761 752 802 eos
783 746 988 802 bestias
1019 747 1137 817 agri
1169 747 1447 801 daemones
1476 745 1862 810 immittuntur,

289 840 554 896 dominari
582 839 662 892 eis
687 838 956 907 permissi,
985 838 1076 906 qui
1102 852 1196 892 eos
1221 844 1276 892 et
1299 846 1641 891 consumunt.

358 926 631 996 Quidquid
662 926 806 981 enim
831 927 1084 982 videntur
1104 925 1332 995 iustitiae
1357 939 1549 995 agerc,
1591 925 1731 979 Deus
1760 923 1865 979 sibi

289 1036 393 1075 non
454 1019 731 1088 imputat,
789 1017 934 1086 quod
992 1017 1330 1072 demonstrat
1384 1015 1578 1070 Paulus
1633 1015 1862 1069 dicens:

287 1111 559 1165 Justitiam
598 1125 749 1163 suam
786 1117 1072 1179 qurerentes
1121 1108 1469 1173 constituere,
1507 1106 1730 1177 justitia:
1774 1104 1869 1158 Dei

288 1220 391 1257 non
419 1210 543 1257 sunt
568 1200 787 1272 subjecti
813 1198 990 1271 (Rom.
1020 1199 1097 1271 ι).
1144 1201 1210 1255 Ει
1238 1214 1426 1254 rursus
1451 1218 1463 1252 :
1494 1197 1666 1252 Israel
1697 1206 1868 1252 autem

287 1295 536 1349 sectanda
564 1293 727 1362 legem
747 1292 993 1362 justitim,
1034 1292 1089 1345 in
1114 1290 1279 1361 legem
1307 1290 1533 1360 justitia:
1562 1305 1667 1344 non
1693 1304 1869 1359 perve-

288 1384 360 1436 nit
389 1383 570 1454 (Rom.
602 1380 702 1452 Ix).
758 1380 989 1436 Necesse
1031 1388 1116 1436 est
1154 1394 1285 1450 ergo
1325 1389 1386 1434 ut
1422 1394 1546 1434 eum
1584 1378 1870 1434 comedent

287 1478 568 1532 daemones
591 1517 604 1540 ,
653 1475 745 1545 qui
775 1489 964 1529 eorum
994 1489 1214 1543 pecora,
1244 1473 1296 1527 id
1326 1482 1430 1538 est,
1472 1470 1761 1542 pecoribus
1795 1470 1871 1526 si-

289 1569 448 1625 miles
477 1568 746 1630 homines,
769 1580 996 1635 pravum
1020 1564 1271 1619 videlicet
1293 1564 1548 1634 populum
1579 1572 1743 1633 atque
1770 1563 1870 1617 im-

288 1658 524 1726 peritum
572 1662 935 1719 consumunt,
982 1653 1246 1722 siquidem
1300 1652 1479 1707 nullus
1525 1660 1609 1707 est
1658 1652 1713 1707 in
1762 1651 1869 1707 illis

289 1746 618 1811 intellectus,
654 1743 792 1798 nihil
831 1743 926 1799 Dei
965 1743 1186 1798 servitio
1216 1743 1434 1814 dignum
1468 1744 1709 1814 cogitare
1737 1758 1869 1799 con-

289 1844 613 1900 sueverunt,
652 1835 746 1890 sed
771 1834 912 1890 sicut
934 1834 1176 1905 iumenta
1205 1833 1259 1888 in
1278 1812 1508 1888 modum
1538 1812 1700 1898 freni,
1731 1832 1867 1887 stul—
1897 1812 1943 1871 Β

293 1927 361 1980 tis
411 1924 826 1996 praapositorum
877 1937 1098 1979 suorum
1150 1922 1528 1977 traditionibus
1577 1922 1866 1977 ducuntur.

293 2017 524 2086 Propter
550 2016 695 2086 quod
724 2021 850 2070 sunt
873 2014 1176 2069 daemonum
1205 2012 1312 2068 cibi
1354 2021 1410 2068 et
1448 2013 1516 2067 ad
1544 2013 1869 2084 paucitatem

294 2109 637 2179 rediguntur,
666 2113 777 2161 tam
807 2105 1152 2161 multitudine
1175 2120 1337 2175 quam
1363 2105 1652 2174 dignitate;
1688 2107 1867 2160 deser-

295 2208 470 2269 tasque
492 2213 682 2254 eorum
711 2196 848 2253 ﬁunt
871 2197 993 2263 viae,
1018 2196 1218 2267 quippe
1250 2212 1371 2267 qua:
1406 2212 1506 2252 nec
1538 2212 1732 2267 aquam
1770 2198 1871 2253 ha-

292 2290 423 2345 bent
454 2288 610 2351 vitte,
640 2302 740 2343 nec
767 2287 1163 2357 susceptionem
1195 2286 1308 2342 sive
1337 2286 1763 2357 hospitalitatem
1788 2287 1873 2341 in-

292 2377 652 2447 telligihilem,
675 2391 774 2432 nec
795 2376 1155 2447 producentes
1174 2391 1254 2441 se,
1275 2376 1360 2431 vel
1381 2376 1536 2446 quasi
1560 2377 1626 2430 ad
1653 2391 1871 2430 manum

295 2468 626 2523 deducentes
651 2474 744 2521 aut
767 2466 1153 2523 custodientes.
1184 2465 1336 2532 Quod
1362 2467 1409 2521 si
1436 2483 1529 2520 nec
1550 2466 1624 2520 sic
1647 2464 1875 2520 volueri-

296 2559 365 2612 tis
393 2560 614 2629 recipere
638 2557 969 2629 disciplinam
985 2598 1000 2623 ,
1037 2557 1128 2612 sed
1155 2556 1540 2613 ambulaveritis
1565 2573 1630 2611 ea:
1656 2557 1873 2612 adverso

302 2648 461 2713 mihi,
501 2664 591 2718 ego
628 2663 827 2719 quoque
855 2656 1037 2701 contra
1063 2663 1151 2702 vos
1178 2647 1425 2701 adversus
1449 2646 1706 2701 incedam.
1757 2645 1871 2701 Ad-

300 2756 457 2795 versa
505 2755 665 2810 paena
699 2747 843 2804 utar,
891 2739 1340 2809 quemadmodum
1384 2739 1609 2794 adversa
1659 2745 1743 2793 est
1771 2738 1874 2809 legi

296 2838 478 2886 vestra
502 2829 896 2902 praevaricatio.
935 2828 1069 2884 Cum
1100 2828 1242 2884 enim
1272 2828 1519 2884 meditari
1548 2843 1667 2883 eam
1694 2828 1877 2884 videa-

295 2923 464 2988 mini,
517 2921 875 2978 intentiouem
922 2920 1040 2992 ejus
1082 2935 1190 2976 non
1237 2920 1485 2976 servatis.
1542 2918 1633 2975 Sic
1677 2928 1732 2974 et
1776 2934 1876 2990 ego

294 3015 582 3070 adversam
628 3014 783 3068 vobis
829 3012 1248 3082 superinducam
1297 3024 1514 3083 ptenam
1545 3052 1560 3075 ,
1618 3025 1725 3065 non
1782 3026 1876 3065 vos

291 3105 600 3174 corripiens
647 3104 756 3158 illis
800 3103 996 3173 quibus
1038 3101 1373 3174 ﬂagellabam
1420 3102 1570 3172 prius
1596 3143 1610 3166 ,
1659 3101 1877 3172 quando

295 3193 614 3249 mortiferas
641 3201 938 3264 serpentes,
974 3200 1030 3248 et
1057 3194 1392 3259 incendium,
1424 3204 1478 3249 et
1507 3201 1664 3249 terra:
1696 3194 1877 3249 hiatus

291 3295 348 3340 et
378 3283 584 3340 similia
610 3299 771 3354 super
792 3299 889 3339 vos
916 3284 1258 3349 induceham,
1289 3284 1383 3340 sed
1412 3284 1566 3340 alias.
1598 3284 1727 3353 Quae
1754 3295 1879 3341 sunt

294 3387 480 3432 autem
511 3379 628 3432 hat?
660 3378 939 3448 sequentia
959 3378 1198 3449 legentes
1219 3379 1473 3434 sciemus.
1508 3379 1572 3432 Et
1593 3381 1879 3451 percutiam

293 3486 386 3548 ags
422 3469 612 3538 septies
647 3480 858 3539 propter
880 3478 1093 3539 peccata
1120 3480 1306 3524 restra.
1358 3468 1513 3525 Prius
1551 3471 1876 3541 corripiam,

295 3558 498 3613 deinde
537 3559 875 3628 percutiam;
928 3560 1228 3629 procedens
1264 3561 1408 3615 enim
1451 3575 1611 3631 poena
1656 3571 1716 3617 ut
1754 3572 1881 3633 pote

297 3656 497 3704 contra
555 3649 924 3705 inobedientes
973 3649 1166 3706 fortior
1211 3651 1458 3707 etiicitur.
1524 3652 1881 3724 Inducemque

297 3755 463 3808 super
490 3755 579 3793 vos
610 3738 865 3809 gladium,
892 3740 1114 3795 ultorem
1140 3741 1348 3811 fmderis
1374 3744 1494 3797 mei.
1526 3742 1749 3798 Gladius
1772 3744 1882 3814 spi-

296 3830 462 3893 ritus,
489 3830 618 3899 quia
644 3831 867 3885 verbum
894 3830 989 3887 Dei
1021 3831 1113 3895 sit,
1141 3831 1457 3900 frequenter
1480 3833 1732 3889 diximus.
1768 3834 1881 3890 Hoc

293 3922 530 3977 verbum
579 3921 634 3975 in
680 3920 881 3992 linguis
922 3921 1182 3977 Ecclesite
1224 3922 1606 3993 magistrorum
1643 3923 1883 3980 vindicat

290 4012 566 4083 judicium
610 4011 829 4068 hederis
858 4013 972 4067 sive
999 4013 1331 4068 Testamenti
1370 4014 1706 4085 evangelici:
1744 4030 1880 4070 con-

294 4103 478 4159 vincit
517 4103 665 4158 enim
707 4117 801 4158 eos
844 4102 936 4172 qui
983 4101 1192 4158 Novum
1241 4105 1727 4174 transgrediuntur,
1779 4089 1882 4161 nec

301 4196 476 4249 Vetus
521 4193 793 4248 custodire
836 4208 1013 4263 posse.
1070 4194 1138 4248 Et
1181 4194 1486 4250 vindicatur
1531 4195 1881 4267 Evangelium

297 4299 431 4339 cum
470 4283 678 4337 inimici
713 4282 847 4350 legis
874 4284 1254 4348 ostenduntur,
1291 4285 1417 4355 quia
1448 4286 1723 4357 Evangelii
1761 4302 1884 4357 gra-

298 4375 440 4427 tiam
473 4372 956 4443 transgrediuntur.
993 4371 1099 4428 Sed
1127 4382 1182 4428 et
1210 4374 1533 4445 legislatoris
1560 4377 1882 4446 sapientiam

1962 565 2033 619 Et
2077 565 2357 619 tradcmini
2403 564 2630 618 hostium
2678 564 2947 629 manibus,
2985 564 3234 619 videlicet
3276 567 3531 638 intelligi-

1962 656 2169 712 bilium.
2213 654 2501 727 Postquam
2539 655 2840 725 confregero
2877 654 3121 709 baculum
3159 657 3310 722 panis
3353 657 3529 710 uestri.

1964 746 2213 801 Rarescit
2246 746 2393 800 enim
2435 744 2575 815 apud
2614 760 2709 799 eos
2749 744 3039 800 doctoralis
3078 744 3267 815 panis,
3298 745 3533 800 maxime

1965 836 2236 891 salutaris.
2285 834 2562 903 Quomodo
2596 835 2819 889 autem?
2863 833 3002 889 Audi
3039 850 3159 904 qua:
3193 843 3531 904 sequuntur:

1967 924 2054 978 Ita
2082 934 2138 978 ut
2162 924 2337 979 decem
2362 923 2603 979 mulieres
2639 924 2693 978 in
2725 941 2828 977 uno
2856 923 3062 978 clibano
3089 934 3313 994 coquant
3352 941 3533 994 panes,

1965 1024 2015 1071 et
2043 1015 2261 1070 reddant
2287 1031 2373 1069 eos
2397 1014 2466 1068 ad
2492 1014 2716 1084 pondus,
2741 1023 2788 1067 et
2817 1014 3093 1068 comedetis
3121 1024 3167 1067 et
3197 1031 3300 1068 non
3327 1024 3540 1069 satura-

1967 1103 2176 1158 bimini.
2239 1103 2383 1158 Nihil
2425 1104 2629 1159 habent
2661 1101 2829 1157 Judaei
2870 1103 3016 1172 quod
3056 1103 3359 1158 doctrinam
3393 1103 3542 1158 vires

1969 1194 2169 1249 habere
2197 1194 2467 1248 nutriendi
2506 1193 2701 1259 faciat,
2750 1192 3200 1262 exceptis-decem
3230 1192 3536 1262 prteceptis,

1968 1284 2096 1353 quia
2120 1299 2302 1338 veram
2330 1285 2712 1353 prophetarum
2738 1284 3147 1354 expositionem,
3173 1292 3235 1338 ut
3261 1292 3387 1354 pote
3412 1300 3540 1339 cou-

1970 1373 2283 1428 cordantem
2314 1370 2611 1427 Salvatoris
2637 1373 2806 1427 nostri
2835 1366 3252 1443 dispensationi,
3288 1374 3537 1445 fugiunt,

1971 1463 2176 1532 reliqua
2217 1472 2395 1518 autem
2434 1463 2568 1534 legis
2606 1447 2798 1519 nolunt
2830 1465 3240 1535 intelligibiliter
3270 1469 3537 1539 accipere,

1971 1569 2071 1610 nec
2112 1553 2429 1624 spiritaliter
2465 1554 2776 1624 suscipere,
2828 1555 2922 1610 sed
2967 1556 3262 1611 secundum
3307 1556 3541 1613 litteram

1971 1644 2175 1711 solam,
2215 1645 2358 1714 quod
2395 1655 2541 1700 stare
2579 1661 2686 1700 non
2721 1655 2919 1715 potest.
2970 1646 3212 1702 Primum
3236 1648 3365 1719 quia
3389 1648 3543 1704 locus

1973 1735 2278 1791 destructus
2305 1744 2389 1791 est
2419 1737 2472 1791 in
2504 1752 2611 1807 quo
2636 1745 2793 1792 erant
2817 1738 3103 1804 sacrificia,
3142 1747 3198 1793 et
3232 1740 3542 1794 mundatio-

1972 1840 2088 1889 nes,
2116 1832 2173 1879 et
2195 1825 2517 1892 oblationes,
2545 1835 2613 1901 et
2651 1828 2856 1897 reliqua
2886 1844 3005 1897 qua:
3029 1830 3300 1901 pertinent
3329 1830 3397 1884 ad
3430 1846 3545 1886 ser-

1970 1916 2198 1969 vitutem
2226 1915 2439 1972 litterm.
2486 1898 2688 1973 Dcinde
2715 1919 2882 1974 multa
2910 1920 2962 1974 in
2991 1898 3072 1975 eis
3099 1928 3255 1976 erant
3287 1936 3394 1976 non
3434 1929 3542 1975 tam

1971 2004 2148 2060 studio
2175 2020 2337 2076 quam
2365 2007 2476 2061 risu
2506 2007 2667 2078 digna
2697 2010 2766 2065 ad
2792 2010 3204 2065 custodiendum
3230 2020 3392 2080 atque
3418 2025 3547 2079 ope-

1972 2097 2231 2150 randam.
2274 2095 2387 2152 Nec
2431 2099 2767 2154 contrarium
2812 2108 2897 2155 est
2939 2101 3147 2156 sabbati
3198 2101 3549 2166 mandatum,

1970 2190 2096 2262 quia
2134 2191 2236 2246 etsi
2271 2192 2458 2247 decem
2495 2193 2765 2249 mandatis
2790 2194 3047 2250 insertum
3076 2203 3189 2260 est,
3229 2210 3336 2250 non
3366 2202 3544 2249 tamen

1946 2296 2041 2339 .ex
2078 2283 2159 2337 eis
2192 2292 2297 2337 est.
2354 2281 2412 2337 Si
2452 2298 2585 2354 ergo
2620 2285 2934 2340 mandatum
2974 2285 3211 2355 speciale
3239 2299 3502 2354 ponamus
3531 2302 3543 2335 :

1971 2372 2087 2442 Ego
2124 2390 2241 2427 sum
2268 2373 2524 2429 Dominus
2556 2375 2695 2429 Deus
2731 2384 2874 2440 tuus,
2901 2377 2989 2447 qui
3031 2376 3194 2430 edua'i
3216 2385 3273 2429 te'
3305 2375 3370 2429 de
3407 2385 3550 2429 terra

1975 2460 2212 2533 Afggpti,
2247 2462 2313 2517 de
2339 2463 2494 2518 domo
2532 2466 2816 2531 seruitutis,
2847 2465 3144 2534 perlectum
3174 2465 3550 2521 mandatorum

1974 2554 2159 2610 decem
2210 2571 2498 2611 numerum
2556 2557 2914 2613 inveniemus.
2980 2557 3186 2613 Dehinc
3228 2565 3413 2629 aperte
3459 2571 3549 2612 re-

1974 2648 2158 2716 quiem
2186 2647 2584 2718 intelligihilem
2616 2650 2914 2721 signiﬁcat,
2959 2650 3010 2705 in
3041 2667 3149 2721 qua
3179 2651 3384 2705 nullum
3414 2666 3550 2720 opus

1975 2736 2281 2806 huiusmodi
2322 2738 2451 2794 licet
2494 2756 2592 2794 nos
2631 2756 2811 2812 agere.
2865 2740 2991 2796 Hmc
3036 2756 3165 2813 ergo
3213 2740 3325 2797 sola
3357 2740 3549 2812 panem

1976 2836 2274 2898 operantur
2299 2830 2496 2900 populo
2530 2830 2836 2886 Judzeorum
2877 2832 2931 2886 in
2964 2831 3178 2886 clibano
3206 2847 3345 2896 uno,
3393 2830 3551 2902 legali

1976 2918 2256 2985 videlicet;
2291 2928 2345 2975 et
2372 2921 2604 2976 reddunt
2628 2937 2723 2977 eos
2748 2922 2815 2976 ad
2846 2923 3055 2992 pondus
3091 2922 3432 2993 supradictas
3456 2937 3550 2992 pa-

1981 3024 2101 3074 nes,
2127 3009 2180 3064 id
2203 3018 2311 3075 est,
2334 3010 2402 3066 ad
2425 3011 2732 3066 sensibilem
2756 3013 3168 3068 districtionem.
3200 3011 3385 3083 Neque
3404 3014 3549 3068 enim

1979 3100 2206 3157 dilatant
2244 3101 2546 3156 doctrinam
2586 3103 2725 3157 sicut
2752 3104 3135 3173 Evangelium,
3182 3118 3356 3172 neque
3398 3104 3552 3159 adul-

1982 3191 2105 3247 terii
2134 3192 2435 3248 doctrinam
2464 3193 2754 3248 ostendunt
2782 3193 2848 3247 ad
2878 3194 3205 3259 custodiam,
3238 3209 3306 3248 ne
3333 3195 3550 3264 quidem

1980 3282 2303 3352 respicieudi
2331 3284 2637 3351 mulierem,
2665 3297 2764 3339 nec
2794 3285 3103 3350 homicidii,
3143 3294 3197 3339 et
3233 3300 3302 3341 ne
3334 3287 3554 3356 quidem

1980 3375 2323 3431 irascendum
2347 3391 2362 3430 :
2389 3377 2533 3431 unde
2556 3391 2657 3432 nec
2679 3377 2944 3432 satiantur
2967 3376 3275 3432 Iudaeorum
3301 3379 3554 3448 panibus,

1981 3466 2073 3536 qui
2099 3481 2168 3521 ex
2192 3467 2273 3522 eis
2297 3475 2425 3522 sunt
2448 3468 2656 3532 nutriti,
2682 3476 2888 3523 arctam
2915 3469 3203 3538 quamdam
3229 3469 3553 3533 doctrinam,

1981 3558 2221 3627 nihilque
2246 3560 2535 3614 habentem
2565 3559 2851 3627 ubertatis,
2890 3561 3258 3631 spiritalisque
3287 3561 3558 3631 largitatis

1981 3663 2042 3702 Sll
2051 3662 2170 3702 men
2178 3656 2277 3702 tes.

2052 3741 2230 3813 (1310.)
2267 3740 2368 3797 Sin
2403 3751 2577 3796 dictem
2617 3759 2713 3796 nec
2746 3759 2837 3813 per
2865 3744 2981 3797 Ita'c
3010 3743 3282 3798 audieritis
3315 3759 3422 3806 me,
3465 3743 3558 3798 sed

1980 3832 2373 3889 ambulaveritis
2417 3844 2599 3888 contra
2643 3850 2758 3901 me,
2797 3843 2845 3889 et
2883 3850 2975 3906 ego
3014 3835 3252 3890 incedam
3282 3835 3559 3889 adversum

1982 3940 2092 3988 vos,
2117 3923 2173 3977 in
2198 3922 2379 3993 furare
2404 3940 2516 3978 meo
2546 3924 2836 3991 contrario,
2864 3935 2912 3979 et
2941 3927 3222 3996 corripiam
3249 3943 3337 3993 eos
3365 3935 3558 3995 septem

1980 4015 2147 4087 plagis
2181 4026 2391 4087 propter
2410 4026 2624 4087 peccata
2654 4027 2841 4082 vestra,
2878 4019 2952 4072 ita
2984 4028 3039 4073 ut
3067 4019 3349 4073 comedetis
3375 4033 3558 4071 carnes

1981 4105 2214 4174 ﬁliorum
2266 4116 2553 4161 restrorum
2589 4117 2635 4162 et
2674 4109 2906 4177 filiarum
2933 4119 3237 4165 vestrarum.
3278 4109 3559 4163 Destruam

1982 4194 2185 4249 excelsa
2211 4206 2402 4261 vestra,
2425 4207 2475 4250 et
2496 4196 2780 4252 simulacra
2804 4198 3152 4268 confringam.
3190 4199 3398 4253 Cadetis
3422 4199 3560 4253 inter

1984 4288 2164 4341 ruinas
2202 4287 2462 4341 idolorum
2481 4298 2767 4342 vestrorum
2794 4298 2841 4342 et
2863 4289 3248 4343 abominabitur
3270 4306 3354 4344 vos
3376 4290 3556 4343 anima

1984 4394 2098 4432 mea
2128 4379 2409 4442 intentum,
2451 4387 2507 4432 ut
2545 4379 2696 4432 urbes
2730 4390 2928 4434 vestras
2960 4380 3189 4450 redigam
3227 4382 3281 4434 in
3310 4380 3558 4435 solitudi-

296 4461 648 4532 obstupesce,
679 4461 948 4530 quomodo
970 4472 1271 4533 opportune
1295 4465 1511 4520 subdit:
1545 4463 1777 4538 Cumque
1800 4467 1884 4537 fu-
1908 4499 1961 4558 Ι)
1987 4483 2123 4531 nem,
2158 4476 2205 4520 et
2242 4465 2447 4521 deserta
2476 4467 2674 4536 faciam
2707 4471 3013 4523 sanctuaria
3050 4478 3237 4524 uestra.
3277 4469 3390 4525 Nec
3427 4472 3560 4526 reci-

297 4552 487 4622 geritis
512 4552 583 4605 ad
612 4552 781 4617 urbes,
822 4554 1022 4606 mittam
1050 4553 1396 4623 pestilentiam
1424 4556 1479 4609 in
1508 4556 1677 4610 medio
1708 4558 1879 4612 vestri.

299 4643 679 4714 lutelligibiles
718 4642 965 4698 civitates
1005 4645 1285 4715 prophetae
1325 4654 1488 4712 sunt;
1539 4645 1883 4703 manifestum

300 4743 392 4790 est
433 4741 640 4788 autem.
685 4735 760 4789 De
793 4735 989 4805 quibus
1018 4735 1159 4791 Deus
1185 4735 1435 4792 Ieremia:
1474 4738 1689 4794 dicebat
1717 4759 1729 4793 :
1771 4738 1884 4810 Ego

298 4825 495 4895 quippe
520 4823 641 4877 dedi
666 4834 715 4877 te
739 4824 911 4890 hodie,
940 4825 992 4878 in
1020 4825 1276 4880 civitatem
1308 4826 1794 4899 munitam(Jerem.
1819 4829 1881 4899 ι).

302 4915 776 4984 Quemadmodum
803 4932 932 4987 ergo
959 4917 1013 4972 in
1041 4917 1289 4972 civitates
1324 4930 1563 4974 muratas
1589 4920 1680 4989 qui
1716 4918 1851 4990 fugit
1870 4960 1884 4985 ,

306 5008 357 5062 si
385 5006 595 5061 amicus
622 5016 737 5071 est,
776 5007 1045 5071 salvatur;
1084 5007 1129 5060 si
1156 5017 1334 5063 autem
1374 5009 1645 5075 inimicus,
1677 5009 1888 5065 facilius

307 5098 603 5167 perimitur
646 5098 701 5152 in
746 5113 933 5153 earum
981 5099 1185 5153 ambitu
1237 5101 1644 5159 circumdatus:
1692 5103 1771 5158 sic
1818 5102 1885 5157 ad

309 5190 661 5258 propheticos
684 5189 853 5244 libros
876 5198 931 5245 et
956 5189 1008 5243 in
1036 5204 1223 5244 eorum
1248 5192 1553 5246 testimonia
1581 5194 1740 5248 amici
1765 5193 1887 5248 fidei

309 5278 728 5350 confugientes,
782 5278 1134 5333 munitionem
1182 5280 1516 5350 salutemque
1564 5282 1885 5336 inveniunt:

314 5366 522 5421 inimici
551 5376 733 5422 autem
765 5376 819 5422 et
847 5368 1089 5423 infideles
1115 5369 1224 5424 cito
1249 5370 1447 5440 captivi
1478 5380 1724 5439 pereunt.
1759 5371 1890 5427 Pro-

311 5469 434 5532 pter
455 5463 602 5533 quod
624 5463 839 5532 quando
864 5464 932 5517 ad
959 5465 1251 5534 prophetas
1271 5464 1439 5519 Judaei
1464 5463 1697 5535 fugiunt,
1726 5464 1889 5520 decli-

312 5561 511 5607 nantes
531 5567 656 5607 eum
678 5553 770 5621 qui
790 5560 874 5606 est
895 5553 947 5606 iu
971 5553 1145 5609 doctis
1165 5554 1294 5609 viris
1314 5553 1610 5624 spiritalem
1631 5554 1885 5625 gladium,

314 5642 683 5712 pestilentiam
715 5642 790 5697 ait
821 5657 880 5698 se
917 5643 1132 5698 mittere
1178 5643 1230 5698 in
1277 5643 1454 5698 medio
1497 5659 1726 5707 eorum;
1779 5642 1890 5698 illic

316 5732 459 5788 enim
500 5733 810 5788 moriuntur
840 5734 1003 5788 etiam
1034 5733 1189 5790 nullo
1207 5740 1479 5806 arguente,
1512 5750 1618 5791 non
1652 5734 1887 5789 valentes

1987 4557 2128 4626 piam
2152 4556 2362 4612 adorem
2383 4557 2523 4612 ultra
2547 4560 2931 4627 suavissimum,
2948 4559 3345 4633 disperdamque
3364 4569 3558 4616 terram

1988 4655 2233 4711 vestram,
2272 4656 2320 4701 et
2355 4649 2630 4718 stupebant
2666 4667 2822 4720 super
2845 4668 2960 4706 eam
2987 4651 3185 4705 inimici
3213 4654 3367 4706 vestri
3385 4693 3400 4718 ,
3438 4670 3557 4707 cum

1990 4735 2304 4791 habitatores
2332 4736 2474 4791 illius
2501 4737 2733 4808 fuerint;
2768 4756 2855 4794 vos
2888 4750 3060 4794 autem
3096 4740 3387 4812 dispergam
3423 4743 3559 4796 inter

1989 4836 2184 4897 gentes,
2222 4835 2270 4881 et
2306 4828 2587 4898 evaginaba
2619 4840 2734 4900 post
2768 4848 2854 4886 cos
2891 4830 3147 4902 gladium,
3186 4834 3381 4904 eritque
3417 4843 3556 4886 terra

1991 4928 2158 4971 vestra
2187 4916 2392 4972 deserta
2428 4927 2477 4972 et
2510 4920 2743 4975 civitates
2767 4920 3062 4975 destruetur.
3105 4919 3250 4974 Tunc
3285 4921 3557 4992 placebunt

1987 5016 2141 5061 teme
2184 5002 2400 5062 sabbata
2446 5026 2545 5063 sua
2593 5011 2793 5065 cunctis
2839 5010 3015 5065 diebus
3060 5011 3361 5064 solitudinis
3407 5025 3555 5072 suae,

1987 5102 2197 5172 quando
2237 5101 2440 5171 fueritis
2478 5102 2534 5155 in
2572 5111 2714 5155 terra
2746 5100 2955 5167 hostili,
3002 5100 3347 5155 sabbatisabit
3387 5108 3436 5153 et
3476 5113 3557 5151 re-

1987 5192 2210 5262 quiescet
2242 5194 2295 5246 in
2321 5192 2551 5246 sabbatis
2585 5192 2882 5248 solitudinis
2919 5210 3051 5259 sum,
3089 5210 3161 5247 eo.
3181 5193 3319 5264 quod
3348 5206 3451 5245 non
3477 5202 3562 5244 re-

1988 5282 2237 5352 quieverit
2286 5282 2340 5336 in
2376 5282 2606 5337 sabbatis
2646 5284 2865 5348 vestris,
2912 5285 3124 5355 quando
3158 5280 3467 5337 habitabatis
3501 5278 3559 5332 in

1991 5386 2073 5423 ea.
2122 5369 2191 5423 Et
2226 5371 2314 5440 qui
2352 5370 2416 5423 de
2455 5370 2592 5425 vobis
2634 5374 3021 5437 remanserint,
3052 5371 3186 5425 dabo
3223 5382 3465 5439 pavorem
3501 5368 3558 5422 in

1992 5460 2236 5514 cordibus
2269 5477 2449 5515 eorum
2487 5465 2540 5514 in
2582 5462 2877 5531 regionibus
2913 5463 3158 5516 hostium.
3208 5457 3436 5513 Terrebit
3470 5475 3558 5514 eos

1991 5552 2190 5606 sonitus
2229 5550 2345 5621 folii
2382 5550 2621 5615 uolantis,
2663 5561 2712 5604 et
2750 5553 2825 5605 ita
2860 5552 3073 5620 fugient,
3115 5549 3264 5620 quasi
3301 5548 3556 5619 gladium.

1994 5640 2191 5696 Cadent
2214 5640 2358 5695 nullo
2378 5650 2639 5711 sequente,
2656 5651 2703 5695 et
2724 5649 2964 5695 corruent
2982 5640 3176 5711 singuli
3195 5658 3351 5712 super
3370 5641 3560 5713 fratres

1992 5752 2114 5789 suos
2150 5732 2301 5805 quasi
2341 5731 2474 5787 bella
2516 5731 2792 5802 fugientes.
2849 5730 3021 5785 Nemo
3066 5743 3289 5789 uestrum
3334 5734 3559 5789 inimicis
