3918 6180
411 389 515 443 5(ῐό

1050 380 1111 433 Β.
1159 377 1409 434 ΒΑΒΑΝΙ
1449 375 1665 431 MAUlll
1701 370 2021 428 ARCHIEP.
2054 370 2363 427 MOGUNT.
2400 369 2687 427 OPERUM
2724 369 2904 426 PARS
2944 369 2989 424 l.

3559 369 3655 424 δω

413 499 621 554 audebit
649 498 923 553 resistere:
950 493 1186 568 peribitis
1214 492 1346 544 inter
1369 498 1565 559 gentes,
1593 499 1643 542 et
1667 484 1870 541 hostilis
1901 499 1989 538 vos
2019 484 2065 543 Α
2092 498 2356 539 exercens
2383 483 2643 538 adversus
2670 497 2764 537 eos
2790 482 2931 538 Deus
2957 480 3332 553 superinduxit
3361 488 3548 536 contra
3572 498 3661 539 eos

412 600 555 644 terra
581 594 844 642 consumet
905 582 1059 648 Quod
1085 582 1128 636 si
1157 591 1203 636 et
1233 581 1297 635 de
1322 580 1402 633 his
1430 578 1593 649 aliqui
1620 577 1983 637 remanserint,

415 692 673 739 tuoesceut
714 682 770 734 in
806 677 1166 746 iniquitatibus
1205 676 1342 738 suis,
1386 674 1441 729 in
1475 685 1615 728 terra
1653 673 1986 727 inimicorum

415 791 663 840 suorum,
704 784 750 826 et
787 780 997 842 propter
1020 778 1231 840 peccata
1266 776 1478 839 patrum
1513 781 1761 830 suorum,
1804 773 1851 818 et
1891 780 1988 817 sua

416 867 736 937 aﬂiigentur,
783 863 949 917 donec
993 860 1342 929 conﬁteantur
1388 858 1688 928 iniquitates
1729 872 1892 920 suas,
1940 864 1988 909 et

416 957 681 1025 majorum
704 970 939 1018 suorum,
966 952 1151 1023 quibus
1180 949 1509 1022 praevaricati
1546 956 1669 1003 sunt
1704 947 1759 1002 in
1796 962 1904 1008 me,
1942 956 1989 1000 et

418 1045 812 1100 ambulaverunt
860 1060 924 1098 ea:
967 1043 1184 1097 adverso
1222 1040 1369 1094 mihi.
1429 1037 1715 1094 Ambulabo
1754 1039 1918 1108 igitur
1944 1046 1991 1090 et

416 1154 511 1206 ego
548 1147 730 1191 contra
766 1153 853 1191 eos
891 1147 938 1190 et
975 1136 1220 1190 inducam
1247 1132 1367 1187 illos
1405 1131 1459 1186 in
1499 1142 1693 1185 terram
1728 1130 1990 1194 hostilem,

417 1228 580 1281 donec
604 1227 870 1283 erubescat
908 1225 1271 1281 iucircumcisa
1297 1239 1441 1277 meus
1466 1237 1665 1275 eorum.
1701 1218 1848 1274 Tunc
1875 1236 1995 1273 ora-

418 1319 545 1371 bunt
565 1334 659 1389 pro
682 1317 1035 1387 impietatibus
1059 1317 1170 1371 suis
1187 1329 1206 1367 :
1230 1323 1276 1369 et
1302 1312 1615 1368 recordabor
1634 1311 1845 1382 [aderis
1871 1312 1992 1377 mei,

417 1408 555 1478 quod
579 1409 749 1480 pepigi
776 1423 895 1461 cum
923 1406 1110 1472 Iacob,
1143 1416 1190 1460 et
1218 1405 1395 1469 Isaac,
1420 1414 1470 1458 et
1495 1403 1780 1457 Abraham.
1822 1401 1997 1456 Terra:

416 1516 618 1571 quoque
645 1515 855 1567 _memor
888 1515 1013 1565 ero;
1059 1515 1175 1570 quia
1211 1515 1328 1552 cum
1365 1497 1545 1551 relicta
1589 1496 1747 1566 fuerit
1782 1495 1846 1548 ab
1883 1495 1957 1549 eis
1980 1535 1996 1559 ,

418 1589 754 1660 complacebit
778 1589 878 1644 sibi
913 1590 968 1643 in
1004 1589 1231 1643 sabbatis
1260 1589 1388 1652 suis,
1426 1587 1626 1658 patiens
1664 1585 1998 1640 solitudinem

418 1692 631 1753 propter
653 1682 789 1737 illos.
828 1682 940 1752 Ipsi
966 1698 1085 1736 vero
1114 1681 1368 1751 rogabunt
1398 1697 1493 1750 pro
1525 1678 1747 1749 peccatis
1777 1677 1909 1739 suis,
1938 1691 1998 1729 eo

417 1773 558 1843 quod
587 1772 886 1842 abjecerunt
917 1772 1126 1842 judicia
1153 1786 1289 1834 mea,
1324 1779 1373 1823 et
1411 1769 1546 1840 leges
1581 1784 1725 1822 meas
1752 1768 2000 1836 despexe-

419 1872 560 1917 runt.
583 1860 826 1915 Attamen
854 1877 967 1915 cum
992 1869 1160 1914 essent
1186 1860 1241 1913 in
1269 1868 1409 1934 terra
1438 1857 1638 1922 hostili,
1665 1874 1767 1911 non
1793 1857 1999 1926 penitus

418 1949 587 2018 abjeci
611 1966 720 2014 eos,
766 1966 930 2019 neque
968 1950 1042 2003 sic
1076 1948 1290 2017 despexi
1321 1957 1380 2002 ut
1410 1956 1915 2009 consummaren'ur,
1951 1953 1999 1998 et

418 2040 628 2093 irritum
649 2039 872 2108 facerem
897 2049 1108 2109 pactum
1133 2054 1304 2091 nicum
1326 2053 1442 2093 cum
1464 2038 1557 2090 eis.
1590 2035 1703 2105 Ego
1727 2035 1863 2088 enim
1884 2049 2000 2086 sum

423 2131 679 2184 Dominus
728 2129 869 2183 Deus
917 2144 1136 2192 eorum,
1185 2137 1234 2181 et
1283 2126 1599 2181 recordabar
1645 2124 1855 2194 fwderis
1900 2123 2002 2175 mei

420 2221 648 2289 pristini,
672 2220 882 2293 quando
904 2220 1064 2274 eduxi
1086 2236 1174 2273 eos
1192 2219 1256 2272 de
1280 2228 1421 2272 terra
1442 2217 1686 2288 Aegypti,
1708 2216 1763 2268 in
1791 2229 2003 2284 conspe-

421 2321 505 2363 ctu
524 2312 773 2381 gentium,
792 2319 847 2364 ut
872 2326 1033 2364 essem
1056 2309 1199 2363 Deus
1215 2325 1428 2373 eorum;
1449 2324 1542 2377 ego
1565 2306 1817 2360 Dominus
1843 2304 1998 2358 Deus.

423 2402 559 2467 Quia
591 2417 700 2457 non
726 2402 902 2456 solum
926 2402 1204 2473 legislalor
1228 2401 1457 2472 Moyses,
1485 2399 1579 2454 sed
1605 2398 1769 2452 etiam
1797 2404 1853 2451 et
1877 2412 2002 2466 pro-

426 2494 587 2563 pheta
615 2503 757 2558 erat,
786 2493 900 2563 ipse
926 2492 1315 2547 demonstravit
1342 2492 1410 2546 de
1434 2490 1673 2555 Christo,
1699 2487 2005 2559 specialiter

425 2585 754 2655 prOphetans
797 2585 884 2639 his
924 2583 1146 2639 verbis:
1182 2581 1501 2653 Prophetam
1545 2582 1687 2636 vobis
1730 2566 2003 2635 suscitabit

425 2675 705 2740 Dominus,
733 2674 799 2729 de
828 2673 1082 2744 fratribus
1108 2675 1315 2738 uestris,
1343 2672 1479 2726 sicut
1511 2688 1593 2725 me
1617 2670 1797 2742 (Deut.
1822 2665 2000 2739 xvm).

426 2766 571 2822 Bene
614 2774 795 2821 autem
842 2765 944 2821 sibi
975 2764 1176 2819 Christi
1223 2763 1633 2819 similitudinem
1674 2746 2002 2825 custodivit,

426 2855 552 2926 quia
585 2863 781 2924 prseter
809 2853 914 2908 alia
953 2853 1009 2907 in
1045 2853 1241 2924 quibus
1268 2852 1677 2909 similitudinem
1704 2851 1821 2921 ejus
1847 2863 2005 2921 gere-

427 2948 553 3012 bat,
596 2946 1049 3016 quemadmodum
1082 2945 1342 3000 Dominus
1371 2943 1439 2998 de
1468 2942 1575 2998 line
1615 2943 1799 2997 mundi
1838 2941 2003 3006 dixit,

431 3037 504 3091 ita
533 3045 589 3091 et
617 3037 706 3091 hic
736 3051 802 3091 ea
829 3052 952 3107 quae
981 3035 1160 3090 futura
1187 3041 1341 3089 erant
1378 3034 1577 3104 pupula
1605 3032 1915 3087 Judteorum
1950 3029 2006 3083 in

430 3129 680 3198 praesenti
712 3129 829 3197 lege
861 3128 1220 3197 conscripsit:
1255 3126 1452 3181 multas
1486 3124 1755 3193 siquidem
1789 3121 2007 3176 fuerunt

2091 575 2249 639 iram,
2280 581 2339 628 ut
2364 574 2736 629 vindicaretur
2765 589 2859 644 per
2884 573 3187 628 Romanum
3216 572 3521 642 imperium,
3551 581 3664 628 tan.

2088 682 2249 737 quam
2280 666 2451 736 ipsius
2474 666 2862 737 praedicatores
2894 665 3255 721 exstitissent.
3307 665 3372 718 Et
3408 665 3664 736 corripuit

2092 774 2184 813 eos
2214 768 2419 827 septem
2448 756 2638 828 plagis,
2678 757 2974 812 secundum
3001 764 3225 828 peccata
3253 770 3467 821 eorum,
3495 756 3667 811 multi-

2091 847 2300 918 plicans
2327 861 2514 901 eorum
2539 860 2793 916 prunam;
2823 852 2880 901 et
2909 861 3015 901 non
3042 861 3153 901 uno
3178 845 3338 901 modo
3357 845 3665 910 vindicavit,

2092 940 2216 1008 quia
2244 954 2347 994 nec
2376 938 2481 1009 ipsi
2509 953 2618 993 uno
2645 946 3007 1008 peccaverunt
3035 938 3220 1000 modo,
3262 937 3358 993 sed
3390 947 3446 992 et
3480 952 3672 993 carnes

2094 1027 2325 1083 illioram
2355 1042 2574 1082 suorum
2621 1034 2678 1081 et
2721 1026 2956 1081 ﬁliarum
2999 1042 3221 1084 suarum
3249 1028 3577 1093 comedunt,
3622 1029 3675 1083 id

2094 1128 2210 1184 est,
2259 1118 2550 1189 discipulos
2580 1133 2708 1174 suos
2735 1133 2872 1188 quos
2897 1119 3053 1189 quasi
3104 1119 3159 1173 in
3196 1116 3321 1172 illiis
3369 1117 3472 1172 sibi
3521 1133 3673 1172 assu-

2094 1217 2247 1263 munt
2292 1208 2363 1263 ad
2405 1208 2650 1263 eamdem
2693 1208 2999 1263 doctrinam
3037 1207 3220 1264 verbis
3261 1207 3512 1273 callidis,
3560 1207 3678 1261 ani-

2095 1312 2350 1368 mamque
2393 1297 2868 1368 corrumpentibus
2911 1299 3277 1352 comedentes.
3338 1296 3446 1352 Sed
3490 1305 3549 1353 et
3589 1313 3681 1352 ex-

2095 1390 2239 1446 celsa
2280 1405 2469 1445 eorum
2511 1390 2580 1443 ad
2621 1390 2897 1446 desertum
2938 1390 3230 1460 perduxit,
3285 1398 3342 1444 ct
3388 1390 3681 1445 simulacra

2097 1480 2402 1552 confregit;
2452 1481 2669 1536 excelsa
2704 1481 2905 1552 quippe
2951 1496 3138 1537 eorum
3181 1481 3453 1552 principes
3491 1490 3552 1536 et
3591 1481 3686 1536 do-

2098 1582 2278 1630 ctores
2302 1613 2317 1638 ,
2360 1586 2499 1642 quos
2544 1571 2885 1627 intendentes
2910 1612 2923 1633 ,
2983 1570 3125 1626 sicut
3182 1570 3238 1625 in
3291 1571 3510 1625 sublimi
3554 1586 3685 1627 cou-

2100 1665 2357 1727 stitutus,
2419 1662 2503 1717 vel
2560 1661 2703 1717 sicut
2757 1660 3149 1732 Septuaginta.
3215 1670 3459 1727 statuas,
3511 1662 3679 1716 vitam

2102 1771 2257 1811 suam
2310 1769 2637 1830 componere
2683 1754 3005 1809 debuerunt.
3066 1750 3175 1808 Sed
3221 1754 3350 1822 quia
3394 1753 3534 1807 nihil
3585 1752 3684 1808 ha-

2030 1828 2074 1886 B
2102 1828 2329 1903 hebant
2358 1860 2552 1901 satum
2614 1859 2788 1913 neque.
2843 1842 3025 1909 forte,
3089 1844 3187 1898 sed
3246 1844 3460 1899 inﬁrma
3501 1846 3690 1901 omnia

2103 1943 2160 1990 et
2199 1932 2568 2002 corruptibilis
2607 1931 2826 1986 virtutis
2868 1931 3182 1996 schemata,
3231 1939 3286 1987 et
3329 1932 3687 1998 imitationis,

2104 2038 2225 2092 qua:
2291 2030 2534 2091 tempore
2601 2028 3024 2090 corrumpuntur
3091 2029 3255 2089 atque
3322 2030 3689 2091 putrescunt,

2105 2111 2248 2168 unde
2291 2119 2347 2165 et
2395 2111 2536 2182 apud
2581 2108 2938 2181 Septuaginta
2964 2151 2981 2176 ,
3025 2108 3204 2181 lignea
3250 2109 3568 2174 manufacta
3618 2112 3695 2166 di—

2105 2203 2402 2267 cebantur,
2467 2203 2732 2258 desolavit
2793 2216 2857 2257 ea
2884 2243 2899 2268 ,
2961 2218 3195 2274 arguens
3249 2218 3439 2259 eorum
3492 2220 3692 2260 vanam

2107 2296 2459 2367 hypocrisim.
2520 2295 2657 2351 Cum
2715 2294 2850 2366 ipsis
2906 2304 3087 2351 autem
3145 2304 3202 2351 ct
3256 2297 3549 2367 populares
3607 2299 3696 2368 qui

2109 2388 2164 2441 in
2226 2387 2308 2442 eis
2367 2387 2765 2453 intendebant;
2825 2387 3115 2458 posuitque
3172 2388 3437 2443 cadavera
3501 2403 3696 2443 eorum

2107 2479 2251 2533 inter
2272 2477 2457 2532 ruinas
2482 2476 2751 2532 idolorum
2777 2477 3047 2547 ipsorum,
3089 2478 3142 2532 id
3181 2486 3283 2542 est,
3317 2478 3565 2533 membra
3596 2493 3692 2549 po-

2106 2569 2218 2640 puli
2242 2577 2297 2624 et
2324 2569 2566 2624 actiones
2594 2582 2803 2623 coacer-
2825 2583 2925 2623 ans
2961 2583 3123 2638 super
3151 2569 3392 2623 actiones
3422 2569 3697 2624 idolorum

2108 2659 2349 2730 ipsorum
2370 2658 2766 2714 Pharisaeorum
2791 2666 2952 2728 atque
2973 2657 3309 2723 Scribarum,
3335 2658 3538 2728 quibus
3559 2661 3701 2714 sicut

2109 2750 2270 2807 idolis
2297 2750 2617 2813 utebantur,
2664 2749 3031 2818 relinquentes
3058 2750 3250 2813 Deum,
3283 2757 3339 2803 ct
3366 2749 3589 2805 illorum
3620 2766 3702 2805 se-

2109 2841 2456 2897 ductionibus
2500 2839 2863 2896 intendentes.
2914 2838 3209 2909 Propterea
3256 2839 3372 2893 ait:
3414 2839 3703 2894 Abomina.

2111 2932 2253 2987 bitur
2280 2949 2367 2986 vos
2402 2932 2581 2985 anima
2611 2945 2748 2984 mea.
2795 2928 2924 2996 Quae
2949 2929 3175 2983 anima?
3210 2943 3373 2999 quam
3403 2943 3506 2998 pro
3549 2931 3704 2985 nobis

2109 3027 2319 3099 posuit,
2365 3035 2426 3080 ut
2472 3041 2572 3082 nos
2598 3024 2666 3081 de
2708 3025 2972 3080 servitute
3015 3025 3308 3081 redimeret
3348 3033 3702 3095 peccatorum

2110 3116 2322 3172 mortis.
2362 3114 2489 3170 Haec
2530 3130 2660 3186 ergo
2703 3113 2918 3169 Judseos
2956 3113 3388 3178 abominabitur,
3437 3123 3611 3184 atque
3652 3114 3705 3169 in

430 3219 775 3289 eaptivitates
801 3219 1040 3287 experti,
1084 3217 1360 3285 multaque
1387 3213 1594 3285 ﬂagella
1629 3211 2005 3282 pertulerunt;
2037 3198 2081 3259 C
2112 3216 2429 3280 perpetuum
2456 3222 2551 3263 eos
2578 3215 2888 3272 aversatur,
2935 3206 3062 3275 quia
3109 3204 3226 3274 ejus
3270 3218 3415 3274 opus
3436 3214 3703 3275 quantum

432 3311 526 3364 sed
550 3324 614 3363 ea
640 3324 760 3378 qua:
790 3324 935 3362 nunc
962 3323 1059 3377 per
1086 3316 1271 3376 partes
1297 3305 1460 3369 dicit,
1494 3303 1561 3358 ad
1600 3303 1744 3357 illam
1777 3301 2009 3371 captivi-

436 3409 601 3457 tatem
628 3400 922 3471 pertinent,
950 3414 1070 3469 qua:
1097 3406 1320 3468 propter
1345 3396 1683 3465 iniquitatem
1713 3395 1769 3449 in
1797 3393 2012 3450 Christo

435 3491 780 3547 commissam
814 3506 843 3544 a
873 3490 1132 3546 Romanis
1159 3488 1610 3560 depopulantibus
1637 3488 1717 3543 eis
1764 3487 2008 3558 contigit.

435 3582 729 3650 Coguoscis
759 3591 969 3647 autem,
1011 3582 1058 3637 si
1088 3581 1335 3637 subtilius
1371 3595 1530 3636 nosse
1554 3580 1638 3636 vis
1661 3595 1748 3646 ea,
1781 3595 1902 3651 qua:
1934 3580 2014 3636 eis

434 3682 731 3729 evenerunt
759 3690 825 3727 ex
852 3674 1070 3746 Joscphi
1102 3674 1367 3739 Historia,
1415 3675 1469 3729 in
1511 3690 1618 3745 qua
1652 3687 1747 3729 eos
1784 3682 1838 3729 et
1874 3673 2015 3731 tilios

436 3765 754 3829 comedisse,
805 3773 862 3821 et
907 3765 1113 3836 reliqua
1148 3765 1496 3835 praesentium
1531 3764 2012 3820 comminationum

435 3854 759 3909 sustinuisse
788 3854 1093 3925 descripsit.
1144 3854 1385 3921 Quorum
1415 3853 1648 3923 plurima
1673 3854 1839 3908 etiam
1870 3869 2014 3908 nunc

437 3944 638 3999 nostris
665 3945 733 4021 ad
761 3946 1091 4001 cernendum
1123 3942 1372 4011 adjacent
1400 3945 1641 3998 visibus:
1675 3944 1888 3999 deserta
1922 3958 2017 3998 co-

442 4051 557 4090 rum
589 4044 751 4101 terra,
783 4035 1033 4091 civitates
1057 4036 1381 4105 depredatze,
1413 4036 1481 4090 ab
1508 4036 1753 4092 hostibus
1775 4035 2015 4091 desolata

438 4126 715 4195 provincia
752 4126 964 4196 ipsique
997 4126 1409 4196 peregrinantes
1434 4126 1575 4197 apud
1609 4126 1859 4182 inimicos
1889 4141 2017 4184 suos

439 4218 670 4290 gentiles
695 4235 820 4277 cum
848 4228 995 4277 metu
1026 4220 1304 4275 continuo.
1349 4221 1731 4277 Verumtamen
1762 4222 2018 4291 quemad-

443 4310 664 4366 modum
696 4326 805 4366 non
835 4311 1007 4366 solum
1040 4311 1157 4368 haec
1187 4313 1478 4367 secundum
1509 4311 1746 4367 litteram
1775 4313 2019 4383 perpessi

437 4404 587 4467 sint,
636 4404 731 4458 sed
777 4404 845 4461 ad
894 4403 1064 4474 ipsam
1092 4405 1580 4460 considerationem
1616 4405 1858 4476 spiritus.
1900 4405 2014 4459 Du-

437 4494 648 4564 pliciter
681 4495 826 4552 euim
866 4504 1158 4565 peccantes
1204 4497 1261 4550 in
1309 4496 1447 4568 legis
1489 4496 1918 4567 transgressione
1961 4504 2015 4551 et

438 4582 765 4651 legislatoris
789 4584 1143 4654 blasphemia,
1175 4585 1416 4655 duplices
1445 4594 1501 4641 et
1528 4601 1715 4655 poenas
1745 4594 1894 4641 recte
1919 4601 2016 4654 pa-

440 4679 666 4736 tiuntur,
703 4673 847 4742 quod
879 4674 983 4729 hoc
1011 4673 1172 4728 modo
1202 4673 1371 4729 disce.
1418 4673 1844 4729 Ambulavenunt
1869 4674 2012 4728 enim

440 4762 657 4818 Christo
684 4778 749 4818 ex
781 4766 1031 4830 adverso,
1072 4766 1452 4821 subvertentes
1481 4765 1740 4820 miracula
1767 4766 1883 4835 ejus
1901 4806 1916 4831 ,
1962 4775 2017 4820 et

441 4853 508 4907 de
537 4852 782 4908 doctrina
811 4854 928 4923 ejus
955 4856 1342 4922 detrahentes;
1388 4863 1445 4911 et
1482 4870 1607 4912 cum
1636 4871 1734 4926 per
1760 4856 2015 4911 invidiam

439 4943 827 5001 iusidiarentur
856 4956 1110 5016 tanquam
1137 4956 1329 5002 contra
1368 4947 1536 5001 Deum
1572 4956 1819 5019 agentem
1848 4948 2016 5003 divini

442 5035 645 5091 amoris
672 5036 950 5092 doctorem
982 5036 1247 5093 fallaciter
1280 5039 1629 5104 asserebant,
1673 5039 1768 5094 sed
1807 5046 1862 5093 et
1901 5040 2018 5108 ipsa

440 5128 495 5181 in
528 5125 607 5181 ira
641 5126 723 5181 eis
753 5126 1065 5181 contrarius
1103 5126 1361 5192 eti‘ectus,
1414 5129 1516 5183 hoc
1562 5129 1723 5183 modo
1767 5127 1848 5183 eis
1887 5144 2020 5185 usus

438 5223 545 5281 est,
568 5214 693 5284 quia
715 5215 858 5271 enim
880 5214 1147 5284 judicium
1173 5216 1267 5270 [lat
1291 5225 1349 5271 et
1370 5232 1526 5285 paena
1552 5218 1857 5273 commissas
1879 5217 1931 5272 in
1953 5234 2019 5274 eo

440 5308 743 5379 iniquitatis
776 5309 1060 5378 captivitas
1086 5324 1249 5379 quam
1278 5309 1682 5373 sustinuerunt,
1716 5325 1877 5382 quam
1910 5326 2015 5367 non

439 5405 622 5456 tamen
658 5408 883 5470 propter
909 5400 1012 5454 hoc
1037 5400 1312 5455 Romanos
1350 5399 1548 5455 interro
1576 5398 1725 5456 fecit.
1777 5400 2015 5455 Necdum

441 5491 586 5546 cnim
625 5492 744 5563 ejus
771 5492 1118 5548 vindicabant
1162 5491 1389 5563 gloriam
1414 5533 1428 5557 ,
1478 5492 1571 5547 sed
1617 5493 1886 5562 quomodo
1923 5494 2012 5562 qui

440 5595 629 5635 eorum
658 5581 885 5652 imperio
916 5582 1273 5646 resistebant,
1319 5596 1441 5636 cum
1476 5580 1686 5651 pridem
1727 5580 2017 5635 collatores

440 5685 626 5726 eorum
657 5672 902 5738 fuissent,
932 5673 1256 5743 tributisque
1280 5687 1496 5737 eorum,
1529 5682 1585 5726 et
1614 5671 1821 5743 legibus
1850 5681 2015 5742 atque

445 5760 842 5828 magistratibus
877 5764 1228 5830 obedientes,
1282 5763 1379 5819 sed
1423 5761 1658 5818 furorem
1687 5774 1754 5816 ex
1785 5760 2013 5817 adverso

2042 4546 2093 4603 D

2114 3300 2183 3355 ad
2207 3314 2301 3355 eos
2333 3299 2598 3370 pertinuit
2624 3300 2691 3354 ad
2721 3299 2935 3353 irritum
2962 3298 3352 3367 perduxerunt,
3380 3313 3705 3354 concessum

2112 3403 2211 3460 per
2237 3403 2360 3444 eam
2389 3387 2589 3442 donum
2615 3394 2926 3442 renuentes.
2970 3384 3202 3456 Propter
3236 3385 3380 3455 quod
3408 3387 3584 3442 urbes
3611 3402 3707 3442 eo-

2114 3493 2238 3534 rum
2272 3478 2482 3547 redegit
2519 3478 2574 3532 in
2613 3477 2993 3555 solitudinem,
3029 3476 3264 3547 iecitque
3309 3477 3533 3533 deserta
3580 3494 3709 3544 san-

2114 3570 2343 3626 ctuaria.
2372 3567 2587 3624 Nullum
2618 3568 2765 3623 enim
2802 3568 3085 3630 inveniunt
3105 3568 3170 3624 de
3193 3568 3532 3639 propheticis
3556 3569 3711 3625 libris

2114 3660 2373 3725 fructum,
2409 3673 2586 3728 neque
2616 3657 2850 3728 aliquam
2898 3659 3118 3713 studere
3148 3659 3576 3714 sanctimoniam
3614 3674 3709 3713 va-

2116 3751 2250 3817 lent,
2277 3764 2381 3806 nec
2420 3750 2613 3821 recipit
2638 3749 2858 3804 odorem
2889 3749 3268 3804 suavissimum
3289 3788 3304 3813 ,
3353 3762 3534 3817 neque
3566 3748 3712 3804 enim

2115 3840 2344 3910 suscipit
2365 3853 2551 3895 eorum
2576 3838 2900 3902 orationem,
2930 3837 3359 3908 disperdiditque
3383 3846 3593 3893 terram
3622 3853 3711 3893 eo-

2116 3949 2263 3998 rum,
2288 3947 2449 3987 omne
2479 3932 2646 3987 Vetus
2677 3930 3108 3995 Testamentum,
3139 3944 3247 3984 non
3271 3929 3398 3999 quia
3432 3929 3617 4000 ipsum
3647 3945 3713 3984 es

2120 4028 2234 4077 toto
2261 4020 2555 4085 desolavit,
2587 4020 2684 4075 sed
2727 4019 2834 4074 illis
2867 4019 3165 4075 desolatam
3208 4026 3263 4074 et
3304 4019 3513 4073 invium
3545 4018 3709 4085 fecit,

2116 4113 2368 4169 habitare
2393 4122 2575 4167 autem
2604 4112 2659 4166 in
2691 4125 2756 4166 ea
2783 4110 2912 4166 fecit
2930 4121 3137 4181 gentes.
3166 4110 3396 4180 Propter
3415 4112 3568 4180 quod
3603 4111 3709 4165 ait:

2120 4203 2413 4276 Stupebant
2446 4219 2603 4275 super
2637 4219 2753 4256 eam
2795 4203 2994 4258 inimici
3031 4202 3185 4257 vestri
3226 4218 3346 4256 cum
3384 4203 3713 4257 habitatores

2117 4297 2265 4352 illius
2295 4296 2509 4362 ruerint.
2541 4295 2741 4352 Gentes
2771 4295 3037 4366 siquidem
3086 4295 3291 4350 inimici
3331 4303 3459 4351 sunt
3492 4294 3716 4351 Jndrco-

2123 4406 2265 4456 rum,
2299 4390 2429 4461 quia
2456 4388 2532 4443 illi
2562 4388 2842 4462 elegerunt
2867 4388 3178 4444 inimicitias
3199 4387 3401 4443 habere
3421 4402 3550 4442 cum
3576 4388 3710 4451 Deo,

2121 4493 2178 4540 et
2197 4500 2319 4540 cum
2345 4484 2471 4551 illis,
2492 4499 2629 4554 quos
2647 4483 2843 4539 Paulus
2864 4484 3101 4539 inimicos
3120 4484 3291 4539 crucis
3312 4482 3511 4539 Christi
3534 4482 3727 4556 (Phill

2123 4576 2220 4648 tu)
2263 4584 2439 4631 vocat.
2490 4574 2747 4631 Habitant
2774 4583 2956 4630 autem
3005 4575 3059 4629 in
3095 4573 3401 4631 Judteomm
3448 4566 3713 4641 terrain

2123 4666 2304 4722 Veteri
2331 4667 2714 4731 Testamento,
2754 4673 2810 4721 et
2853 4666 3161 4722 habitantes
3201 4673 3517 4736 stupescunt
3550 4682 3713 4731 eum,

2121 4761 2215 4830 qui
2242 4761 2297 4815 in
2322 4760 2441 4829 lege
2466 4769 2522 4815 et
2559 4760 2840 4830 prophetis
2880 4759 3009 4814 talia
3048 4760 3262 4815 locutus
3296 4766 3413 4825 est,
3448 4760 3545 4829 qui
3583 4761 3715 4815 vitae

2122 4851 2232 4907 illic
2260 4850 2506 4905 fundavit
2543 4850 2785 4906 exordia.
2828 4849 3052 4920 insuper
3079 4851 3192 4905 ait:
3242 4849 3346 4904 Vos
3389 4861 3572 4904 autem
3602 4853 3718 4907 dis-

2122 4960 2333 5014 pergam
2363 4944 2419 4997 in
2457 4953 2669 5013 gentes:
2710 4958 2815 4997 non
2848 4943 3023 4997 solum
3054 4942 3298 4999 sensibili
3344 4943 3449 4999 hac
3491 4944 3713 5015 disper-

2122 5038 2294 5101 sione,
2322 5035 2417 5091 sed
2440 5042 2496 5090 et
2517 5034 2859 5105 intelligibili.
2895 5035 3025 5102 Qure
3052 5036 3123 5090 sit
3146 5044 3326 5090 autem
3354 5036 3487 5096 huic,
3513 5036 3710 5091 disce:

2119 5124 2187 5178 Et
2223 5123 2506 5194 euaginabo
2535 5133 2649 5194 post
2678 5140 2764 5178 vos
2792 5124 3027 5195 gladium
3047 5165 3062 5189 ,
3093 5126 3291 5197 eritque
3325 5136 3465 5179 terra
3493 5126 3713 5181 deserta

2117 5227 2166 5272 et
2190 5216 2422 5270 civitates
2442 5214 2654 5268 dirutis.
2680 5213 2775 5269 Dei
2797 5214 2943 5270 enim
2965 5216 3188 5271 verbum
3211 5216 3355 5286 quod
3373 5224 3457 5271 est
3478 5218 3713 5287 spiritus

2120 5305 2327 5378 gladius
2351 5303 2552 5373 ubique
2581 5303 2635 5358 in
2660 5303 2910 5374 gentibus
2935 5304 3251 5371 decurrens,
3277 5314 3331 5360 et
3355 5319 3573 5360 onmem
3598 5314 3713 5361 ter-

2122 5413 2238 5452 ram
2267 5396 2628 5454 circumdans.
2659 5395 2931 5450 consumit
2962 5393 3268 5451 Judteorum
3300 5396 3472 5461 ﬁlios,
3505 5405 3566 5451 et
3595 5396 3714 5452 dis-

2121 5489 2299 5559 perdit
2325 5503 2417 5543 eos
2460 5487 2528 5543 de
2564 5488 2764 5543 sanctis
2794 5482 2935 5553 Dei,
2978 5483 3270 5544 ostendens
3311 5488 3453 5559 quod
3494 5486 3710 5541 nullam

2120 5596 2244 5634 cum
2269 5580 2351 5635 eis
2378 5580 2811 5635 communionem
2841 5580 3108 5645 habeant,
3136 5579 3278 5635 unde
3305 5579 3513 5635 deserta
3552 5585 3713 5633 terra

2119 5679 2174 5726 et
2218 5670 2464 5727 civitates
2506 5670 2746 5741 expulsis
2797 5672 2875 5726 cis
2922 5670 2986 5725 de
3033 5669 3362 5725 habitatione
3406 5683 3495 5724 sua
3542 5667 3713 5723 inve-

2118 5763 2355 5818 niuutur.
