3926 6176
411 312 517 368 567
596 298 613 307 '

1055 311 1117 365 Β.
1159 309 1411 367 RABANI
1447 310 1666 367 MAURI
1705 308 2029 365 ARCHIEP.
2070 310 2376 368 MOGUNT.
2420 306 2706 368 OPERUM
2744 308 2925 366 PARS
2961 310 3007 365 l.

3560 311 3660 369 568

406 424 555 488 nies,
589 432 646 478 ut
673 424 843 496 legem
874 425 1123 482 videlicet
1161 435 1217 482 et
1258 428 1546 498 prophetas
1582 427 1989 483 commendaret
2014 425 2064 486 A
2092 424 2248 492 rium,
2280 425 2493 496 fratres,
2521 427 2640 492 hoc,
2666 436 2722 480 ut
2765 443 2869 481 non
2911 426 3030 480 sitis
3061 425 3205 495 apud
3227 425 3559 498 nosmetipsos
3580 445 3664 483 sa-

405 525 461 569 et
502 515 849 586 Evangelium
872 556 886 581 ,
916 532 1146 586 quorum
1180 518 1305 588 quia
1346 517 1618 587 antiquior
1644 517 1730 571 lex
1760 524 1872 584 est,
1901 532 1988 573 se-

406 606 582 661 cundo
614 620 744 660 vero
773 606 890 662 loco
913 607 1190 678 prophetat:
1209 648 1225 666 .
1259 607 1610 663 novissimum
1635 606 1983 678 Evangeli'um

404 694 690 750 ostendere
717 694 1022 761 voluerunt,
1053 696 1178 766 quia
1217 696 1570 766 Evangelium
1609 697 1711 753 etsi
1755 699 1987 755 novissi-

403 801 551 840 mum
580 785 772 857 gratia,
803 786 896 841 sed
923 802 954 840 a
989 786 1101 841 Deo
1130 788 1463 858 praeponitur
1489 796 1651 858 atque
1675 789 1799 844 ideo
1834 790 1986 860 prius

401 874 521 946 ejus
546 877 860 932 memoriam
883 877 1039 944 facit;
1064 878 1299 949 primum
1325 878 1511 945 Iacob,
1539 880 1633 949 qui
1657 880 1984 937 novissimus

400 977 516 1031 est,
549 976 789 1037 tempore
824 976 879 1023 et
910 970 1100 1024 ordine
1129 971 1456 1028 mentionem
1493 971 1653 1038 fecit,
1698 980 1758 1026 ut
1786 987 1984 1044 cogna-

401 1055 605 1112 tionem
636 1066 817 1113 autem
843 1059 982 1114 inter
1010 1074 1068 1114 se
1106 1060 1360 1115 habentia
1388 1062 1636 1118 similiter
1670 1063 1979 1134 conjunxit,

397 1157 453 1205 et
476 1151 529 1205 in
555 1151 641 1205 his
671 1152 725 1206 in
744 1152 939 1222 quibus
967 1152 1101 1224 legis
1130 1154 1625 1226 praphetarumque
1651 1158 1980 1214 mentionem

396 1240 547 1309 facit,
579 1243 633 1298 in
660 1244 746 1299 his
778 1259 836 1299 se
865 1252 920 1300 et
956 1244 1229 1317 Evangelii
1259 1246 1389 1301 dicit
1413 1248 1743 1303 mentionem
1775 1248 1976 1306 facere.

395 1332 568 1389 Nimis
610 1342 791 1392 autem
836 1335 970 1401 hoc,
1008 1350 1072 1391 ea
1117 1351 1236 1406 qure
1271 1346 1571 1407 sequuntur
1611 1338 1976 1397 conﬁrmant:

396 1421 573 1479 Terra:
598 1442 799 1497 quoque
829 1443 1027 1480 memor
1056 1444 1166 1493 ero,
1195 1445 1313 1499 quae
1351 1445 1470 1483 cum
1508 1429 1689 1484 relicto
1713 1431 1873 1501 fuerit
1912 1435 1977 1488 ab

393 1514 500 1579 eis;
543 1515 677 1580 sive,
710 1524 768 1569 ut
799 1515 939 1570 LXX
958 1558 972 1581 ,
1006 1515 1317 1587 relinquitur
1340 1520 1404 1574 ab
1430 1520 1523 1575 eis.
1554 1520 1697 1592 Ergo
1723 1523 1850 1592 quia
1879 1523 1976 1580 be-

390 1605 626 1659 nedictio
655 1605 889 1660 maxima
920 1615 1079 1663 terra:
1103 1618 1186 1664 est
1214 1625 1245 1664 a
1274 1609 1385 1665 Deo
1424 1610 1478 1664 in
1518 1613 1837 1668 memoriam
1882 1615 1978 1669 ha-

388 1694 759 1768 beri,diligens
784 1697 1170 1770 intelligibilem
1201 1713 1403 1757 terram
1431 1702 1595 1769 Deus,
1631 1704 1685 1759 id
1711 1712 1815 1773 est,
1846 1722 1974 1762 suas

2086 515 2305 585 pientes,
2331 518 2456 588 quia
2482 518 2691 572 ctrcitas
2720 533 2785 571 ea:
2804 527 2953 584 parte
2979 516 3193 587 contigit
3215 517 3270 570 in
3294 514 3489 582 Israel,
3509 517 3665 574 donec

2084 603 2355 675 plenitudo
2388 607 2617 676 gentium
2647 607 2906 671 introiret,
2934 614 2983 659 et
3008 607 3085 660 sic
3109 606 3279 660 omnis
3301 605 3475 660 Israel
3498 606 3664 662 saluus

2085 696 2230 765 ﬁeret
2246 693 2419 763 (Rom.
2435 712 2511 761 Ix,
2529 693 2630 765 si).
2644 697 2788 753 Bene
2813 713 2943 769 ergo
2969 698 3037 752 ad
3074 699 3240 754 totius
3266 699 3419 755 verbi
3453 700 3667 755 uincla-

2086 786 2294 841 sionem
2320 787 2585 843 Dominus
2618 788 2792 843 dixit:
2823 787 2937 859 Ego
2961 789 3219 844 Dominus
3242 789 3407 856 Deus,
3435 791 3528 860 qui
3551 806 3665 846 om-

2085 877 2237 932 nium
2265 878 2546 933 hominum
2577 878 2804 934 salutem
2835 878 2998 946 volo;
3038 888 3203 951 atque
3226 879 3390 936 etiam
3420 880 3542 936 ideo
3577 878 3667 937 Ju-

2083 968 2471 1042 dmorumﬁicet
2487 977 2610 1041 post
2631 978 2710 1025 tot
2729 971 3044 1042 iniquitates
3064 972 3373 1028 salvaturus
3388 972 3663 1043 reliquias.

2084 1055 2345 1127 Sequitur
2368 1077 2381 1113 :

2154 1149 2285 1205 Hec
2312 1160 2432 1205 sunt
2475 1162 2733 1224 pra'cepta
2776 1162 2931 1209 atoue
2972 1153 3183 1224 judicia
3225 1162 3276 1208 et
3321 1152 3496 1224 leges,
3535 1171 3665 1225 quas

2080 1241 2224 1296 dedit
2261 1242 2517 1298 Dominus
2542 1244 2680 1298 inter
2700 1261 2755 1299 se
2776 1254 2825 1299 et
2848 1243 2989 1314 ﬁlios
3008 1243 3203 1311 Israel,
3234 1245 3291 1299 in
3314 1253 3490 1299 monte
3510 1242 3665 1310 Sino,

2078 1348 2171 1402 per
2195 1350 2411 1388 manum
2458 1334 2651 1406 Moysi.
2698 1334 2817 1390 Non
2863 1336 3038 1391 otiose
3066 1335 3315 1391 intendas
3356 1351 3480 1406 quae
3524 1335 3668 1390 dicta

2081 1431 2226 1488 sunt,
2265 1424 2669 1480 conclusionem
2699 1426 2844 1480 enim
2869 1425 3054 1481 verbis
3078 1426 3191 1480 suis
3221 1425 3500 1495 legislator
3522 1423 3669 1493 adje-

2078 1514 2172 1578 cit,
2195 1529 2263 1569 ex
2285 1530 2391 1584 qua
2413 1530 2587 1586 usque
2607 1517 2674 1571 ad
2695 1526 2902 1571 certum
2927 1524 3141 1586 tempus
3160 1515 3376 1572 ﬁrmam
3395 1516 3528 1572 velit
3547 1532 3669 1573 esse

2075 1601 2212 1675 legis
2241 1604 2510 1672 litteram,
2547 1606 2666 1661 sine
2692 1605 2873 1676 aliqua
2906 1605 3246 1661 dubitatione
3277 1605 3662 1662 manilestavit.

2074 1693 2283 1749 Judicia
2312 1709 2463 1767 ergo,
2492 1696 2791 1751 secundum
2818 1696 2961 1766 quod
2983 1695 3150 1750 semel
3168 1695 3425 1759 diximus,
3447 1696 3667 1767 proprie

391 1783 703 1857 Seripturas
724 1795 780 1841 et
804 1788 1121 1843 memoriam
1151 1804 1361 1858 eorum,
1391 1801 1445 1847 et
1468 1809 1574 1850 non
1603 1794 1871 1852 oblivione
1896 1813 1978 1853 re.
2002 1787 2050 1847 B
2078 1786 2234 1851 dixit,
2248 1801 2388 1856 quae,
2408 1786 2519 1842 Deo
2534 1785 2813 1855 indicante
2833 1786 2901 1841 de
2923 1786 3245 1856 quibusdam
3271 1785 3527 1856 capitulis
3546 1801 3665 1853 qua:

388 1873 559 1944 linqui
591 1875 710 1931 illas
737 1892 766 1931 a
796 1874 996 1934 Judaeis
1033 1877 1192 1946 fecit,
1225 1882 1349 1953 quia
1391 1883 1661 1941 malitiose
1702 1886 1974 1959 interpre-

389 1970 569 2019 tantes
594 1981 698 2021 non
729 1967 866 2024 bene
894 1970 1323 2041 meditabantur,
1358 1975 1692 2046 injuriabant
1720 1993 1832 2046 eas,
1864 1982 1975 2051 pri-

388 2068 538 2107 mum
564 2057 782 2125 quidem
814 2059 1053 2117 dicentes
1083 2074 1139 2118 et
1162 2080 1267 2121 non
1304 2065 1565 2125 facientes
1591 2087 1605 2137 ;
1648 2072 1844 2128 deinde
1875 2073 1972 2128 de-

387 2144 723 2213 spicabiliter
747 2148 1189 2221 interpretantes,
1220 2164 1276 2211 et
1304 2160 1447 2228 quod
1473 2161 1527 2215 in
1557 2161 1638 2217 eis
1678 2170 1799 2217 erat
1834 2164 1975 2233 opti-

387 2249 535 2288 mum
585 2236 885 2305 spiritalem
938 2241 1349 2315 intelligentiam
1405 2258 1664 2322 tegentes.
1713 2252 1867 2309 Unde
1915 2264 1972 2312 et

384 2337 779 2397 consequenter
827 2331 1071 2388 addidit:
1113 2335 1461 2410 Complacebit
1499 2344 1600 2398 sibi
1643 2345 1700 2399 in
1738 2346 1969 2403 sabbatis

382 2417 512 2481 suis,
547 2417 599 2472 id
624 2427 740 2486 est,
770 2420 896 2477 dum
940 2426 1179 2483 desolata
1220 2430 1289 2485 ab
1332 2432 1410 2489 eis
1454 2445 1717 2492 remanet.
1759 2436 1970 2495 Gaudet

382 2508 527 2560 enim
559 2508 654 2564 Dei
694 2510 778 2567 lex
806 2512 1114 2572 Judaeorum
1139 2519 1324 2577 fruens
1358 2523 1744 2582 desolationem
1763 2570 1777 2595 ,
1805 2546 1965 2600 quam

382 2596 485 2667 ipsi
513 2599 730 2656 sibimet
762 2603 1080 2675 intulerunt,
1111 2621 1332 2682 propter
1355 2618 1497 2685 quod
1525 2627 1580 2672 et
1619 2596 1964 2678 solitudinem

381 2692 527 2752 illam
564 2697 675 2764 pati
702 2708 924 2771 propter
952 2717 1044 2757 eos
1079 2705 1251 2760 dixit:
1279 2706 1392 2778 Ipsi
1434 2727 1551 2764 vero
1583 2713 1835 2783 rogabunt
1869 2732 1965 2786 pro

378 2787 604 2854 peccatis
632 2790 761 2852 suis,
791 2806 849 2844 eo
877 2793 1018 2862 quod
1045 2795 1332 2865 objecerint
1349 2799 1560 2871 judicia
1587 2819 1700 2858 mea
1740 2814 1791 2858 et
1831 2804 1964 2876 leges

378 2890 523 2929 meas
550 2876 897 2949 despexerint.
929 2881 1188 2954 Duplicia,
1219 2888 1422 2958 inquit,
1456 2891 1593 2946 bona
1623 2894 1844 2966 expulsa
1871 2877 1964 2950 Ju-

377 2965 614 3021 dmorum
644 2970 818 3038 plebe,
852 2973 916 3028 de
946 2973 1241 3047 Scripturis
1264 2980 1433 3036 sacris
1454 2996 1840 3051 provenerunt,
1863 3002 1965 3043 nec

376 3059 507 3132 ipsa:
532 3062 675 3117 enim
708 3063 1036 3134 injuriantis,
1065 3079 1286 3140 propter
1332 3075 1474 3142 quod
1509 3083 1565 3129 et
1591 3076 1825 3146 gaudent
1852 3094 1957 3133 non

2076 1877 2388 1948 ignorantes
2437 1879 2937 1949 interrogaverunt,
2987 1877 3131 1932 dicta
3176 1885 3343 1944 sunt;
3391 1887 3661 1948 praecepta

2074 1980 2414 2040 autem,quae
2440 1987 2548 2027 non
2569 1971 2674 2027 boc
2695 1972 2879 2037 modo,
2902 1971 2996 2027 sed
3017 1987 3049 2027 ι
3072 1972 3365 2042 semetipso
3385 1971 3663 2045 legislator

2073 2063 2220 2118 nullo
2247 2065 2615 2132 interrogante
2653 2065 2902 2120 sancivi'.
2940 2063 3145 2118 Deinde
3183 2064 3458 2121 succincte
3499 2067 3663 2121 totius

2072 2156 2370 2212 sanctionis
2389 2157 2847 2228 dispensationem
2875 2157 3136 2227 compleri
3159 2157 3364 2224 volens,
3391 2159 3659 2218 subdidit:

2071 2244 2143 2299 Et
2172 2245 2327 2316 leges,
2354 2263 2484 2317 quas
2521 2246 2666 2300 dedit
2712 2246 2970 2301 Dominus
2998 2248 3136 2304 inter
3159 2264 3242 2315 se,
3282 2261 3329 2304 et
3357 2251 3499 2305 inter
3523 2251 3660 2320 filios

2070 2335 2261 2392 Israel.
2294 2337 2525 2408 Propter
2554 2338 2698 2408 quod
2725 2345 2779 2394 et
2808 2338 2997 2411 reliqui
3031 2342 3387 2412 interpretes,
3418 2343 3660 2412 exceptis

2072 2426 2442 2499 Septuaginta,
2472 2428 2625 2500 leges,
2655 2430 2976 2486 ediderunt:
3010 2430 3365 2486 differentiam
3393 2432 3529 2504 legis
3559 2435 3659 2488 hoc

2069 2519 2235 2573 verbo
2258 2519 2632 2598 demonstrare
2666 2521 2963 2589 cupientes.
2991 2522 3128 2589 Quid
3153 2532 3335 2577 autem
3364 2531 3473 2589 est,
3514 2525 3656 2594 quod

2070 2610 2206 2666 dixit
2232 2611 2369 2665 inter
2391 2611 2417 2664 γ
2452 2610 2564 2666 Nisi
2595 2611 2719 2680 quia
2751 2611 2938 2681 procul
2964 2612 3127 2668 dubio
3153 2628 3329 2682 usque
3368 2611 3501 2668 dum
3545 2615 3657 2686 ipse

2069 2703 2271 2769 veniat,
2299 2704 2366 2759 de
2392 2719 2500 2773 quo
2527 2703 2605 2759 ait
2627 2704 2830 2760 Isaias:
2872 2704 2993 2773 Ipse
3021 2707 3185 2761 veniet
3217 2716 3266 2761 et
3294 2706 3522 2761 salvabit
3544 2725 3652 2764 nos.

2070 2793 2216 2849 Tunc
2244 2796 2547 2865 aperientur
2580 2795 3035 2862 oculicwcorum,
3080 2807 3130 2852 et
3173 2815 3328 2853 aures
3372 2800 3652 2854 surdorum

2067 2885 2284 2939 audient
2315 2879 2450 2957 (Isa.
2486 2887 2675 2957 xxxv),
2706 2895 2761 2941 et
2789 2900 3125 2959 quaecunque
3160 2890 3215 2943 in
3248 2888 3338 2945 illa
3369 2892 3650 2962 prophetia

2066 2975 2433 3030 continentur.
2477 2976 2631 3032 Tunc
2663 2993 3006 3048 nequaquam
3036 2980 3177 3035 ultra
3220 2982 3521 3037 secundum
3562 2998 3651 3037 su-

2067 3065 2345 3136 perﬁciem
2372 3067 2569 3121 litterae
2588 3109 2603 3133 ,
2631 3068 2723 3123 sed
2752 3072 3204 3139 quemadmodum
3241 3071 3357 3141 ipse
3389 3086 3651 3142 exposue-

375 3148 479 3223 legi
508 3154 576 3208 ab
613 3153 710 3208 eis.
749 3155 929 3226 Neque
972 3163 1116 3213 enim
1160 3138 1232 3214 ita
1274 3138 1456 3232 leg-unt
1491 3138 1631 3221 sit:th
1656 3169 1807 3237 prius
1834 3183 1955 3223 cum

2067 3158 2158 3223 rit,
2187 3166 2401 3228 oportet
2424 3157 2598 3229 legem
2626 3138 2906 3226 custodiri,
2938 3163 3007 3217 ad
3028 3138 3399 3235 evangelicam
3421 3138 3648 3236 gratiam

376 3246 485 3299 sint
511 3246 776 3316 dispersi,
820 3250 1074 3321 omnique
1112 3263 1359 3309 carentes
1386 3261 1825 3329 praesumptione,
1864 3262 1961 3317 sed

373 3338 539 3392 ctiam
569 3338 668 3408 ipsi
699 3349 1042 3409 peccatorum
1071 3359 1293 3400 suorum
1322 3359 1377 3402 et
1400 3353 1860 3418 praevaricationis
1880 3356 1961 3410 di-

372 3429 511 3483 viute
544 3429 676 3502 legis
708 3434 909 3488 conscii
937 3434 1039 3489 sibi
1075 3435 1253 3492 ell‘ecti
1284 3450 1427 3495 sunt.
1459 3442 1849 3501 Admiraudum
1875 3460 1960 3503 est

370 3522 538 3579 etiam
564 3525 707 3597 quod
737 3526 802 3579 ad
841 3528 1007 3590 totius
1044 3532 1341 3589 sanctionis
1376 3536 1776 3594 conclusionem
1809 3542 1957 3597 fasti-

372 3615 627 3688 giumque
652 3619 875 3687 addidit,
905 3630 959 3676 et
996 3623 1399 3696 intelligendum
1426 3630 1552 3701 quia
1577 3641 1761 3703 aperte
1784 3635 1875 3705 qui
1903 3636 1955 3691 in

372 3705 577 3797 Moyse,
608 3710 721 3781 ipse
746 3712 912 3768 etiam
939 3714 994 3769 in
1030 3713 1197 3772 Paulo
1235 3727 1291 3774 et
1327 3720 1380 3776 in
1422 3723 1675 3780 omnibus
1701 3727 1958 3797 apostolis

369 3795 584 3854 locutus
609 3808 710 3855 est.

440 3894 684 3943 Attamen
727 3908 846 3946 cum
875 3904 1040 3949 essent
1079 3897 1135 3954 in
1180 3906 1320 3952 terra
1366 3900 1568 3968 hostili,
1605 3919 1707 3958 non
1751 3906 1955 3976 penitus

370 3977 540 4048 abjeci
576 3996 664 4037 eos
708 3998 869 4054 neque
907 3984 1146 4057 despexi,
1197 3998 1251 4041 ut
1294 4002 1753 4060 consumerentur,
1796 4007 1844 4050 et
1882 3998 1958 4051 ir-

371 4069 530 4122 ritum
581 4069 808 4139 facerem
856 4083 1067 4143 pactum
1114 4091 1287 4130 meum
1338 4094 1457 4132 cum
1505 4082 1602 4135 eis.
1657 4082 1772 4159 Ego
1815 4086 1955 4140 enim

366 4175 484 4214 sum
514 4158 766 4216 Dominus
792 4162 934 4219 Deus
962 4181 1161 4233 eorum,
1193 4176 1241 4223 ct
1269 4170 1584 4226 recordabar
1606 4172 1816 4244 [hederis
1853 4177 1955 4231 mei

364 4256 595 4326 pristini,
623 4258 835 4330 quando
863 4260 1019 4315 eduxi
1047 4279 1134 4318 eos
1162 4263 1228 4319 de
1262 4273 1405 4319 terra
1444 4265 1694 4339 Egypti,
1734 4268 1791 4323 in
1831 4287 1954 4325 con—

365 4361 544 4419 spectu
573 4352 825 4420 gentium,
855 4360 915 4407 ut
939 4369 1100 4409 essem
1134 4354 1278 4411 Deus
1312 4373 1493 4412 eorum
1509 4376 1529 4425 ;
1554 4376 1646 4431 ego
1674 4358 1949 4419 Dominus.

2063 3250 2381 3306 translatam
2412 3260 2467 3306 et
2501 3252 2567 3306 ad
2596 3251 2972 3324 perfectiorem
3002 3257 3493 3313 conversationem.

2651 3365 2881 3422 CAPUT
2921 3356 3060 3424 XIV.

2064 3454 2303 3520 Qualiter
2342 3456 2419 3510 vir
2455 3456 2562 3510 sive
2605 3456 2796 3579 mulir;
2825 3468 3008 3581 (fotum
3055 3459 3195 3529 quod
3231 3458 3353 3529 fecit
3382 3458 3645 3514 observare

2794 3545 2821 3581 ε
2856 3538 2960 3581 eat.

2794 3538 2939 3582 εοεαε
2948 3567 2960 3580 .

2133 3619 2284 3689 (CAP.
2311 3619 2504 3691 xxvu.)
2522 3619 2852 3691 Locutusque
2871 3631 2945 3675 est
2972 3621 3226 3677 Dominus
3246 3623 3317 3676 ad
3339 3621 3555 3694 Moysen
3572 3622 3644 3675 di-

2060 3729 2214 3766 cens:
2238 3710 2473 3784 Loquere
2493 3712 2619 3781 ﬁliis
2649 3710 2906 3778 Israel,et
2934 3712 3076 3767 dices
3106 3713 3175 3767 ad
3198 3727 3324 3767 eos:
3356 3711 3530 3767 Homo
3555 3713 3639 3782 qui

2059 3814 2232 3859 totum
2256 3804 2456 3874 fecerit,
2479 3814 2525 3858 ct
2559 3804 2894 3874 spoponderit
2922 3803 3034 3857 Dco
3064 3805 3299 3860 animam
3340 3820 3522 3867 suam,
3550 3802 3638 3858 sub

2058 3895 2405 3951 mstimatione
2445 3894 2587 3949 dabit
2628 3896 2851 3965 pretium
2890 3909 2907 3946 :
2954 3895 2999 3948 si
3051 3895 3209 3964 fuerit
3253 3894 3524 3950 masculus
3549 3936 3565 3961 ,
3606 3912 3637 3948 a

2056 3988 2298 4041 vicesimo
2324 4003 2486 4058 usque
2516 3987 2894 4058 sexagesimum
2944 4004 3159 4051 annum,
3204 3987 3349 4042 dabit
3386 3987 3638 4059 quinqua-

2054 4081 2201 4152 ginta
2237 4080 2393 4135 siclos
2429 4082 2632 4151 argenti
2657 4080 2726 4134 ad
2756 4097 3053 4134 mensuram
3081 4081 3414 4147 sanctuarii;
3448 4081 3495 4135 si
3523 4096 3634 4134 mu-

2055 4173 2172 4240 lier,
2200 4174 2438 4244 triginta.
2466 4172 2662 4237 Quinto
2689 4183 2862 4227 autem
2886 4190 3025 4227 anno
3048 4189 3208 4244 usque
3228 4172 3296 4226 ad
3319 4173 3635 4235 vicesimum,

2053 4262 2319 4318 masculus
2346 4263 2491 4316 dabit
2525 4264 2705 4333 viginti
2744 4262 2900 4318 siclos
2919 4281 2938 4329 ;
2975 4263 3169 4333 femina
3204 4264 3401 4318 decem.
3433 4262 3510 4316 Ab
3535 4278 3636 4317 uno

2051 4368 2228 4409 mense
2262 4368 2427 4424 usque
2451 4351 2522 4407 ad
2548 4370 2744 4407 annum
2771 4354 3010 4424 quintum
3049 4371 3143 4408 vro
3171 4351 3405 4406 masculo
3430 4353 3636 4407 dabun-

370 4439 495 4496 llaec
522 4440 567 4497 si
594 4441 678 4496 vis
696 4455 796 4515 per
821 4443 1032 4515 singula
1054 4460 1407 4517 cognoscere,
1419 4448 1643 4505 Paulum
1668 4450 1805 4524 lege,
1823 4468 1951 4524 quo.
1974 4485 2027 4545 Ι)
2054 4457 2142 4500 tur
2175 4446 2403 4517 quinque
2450 4444 2599 4545 siclil,
2624 4461 2740 4545 .pro
2779 4444 2976 4545 femine
3016 4452 3139 4545 tres.
3162 4444 3636 4545 lSezragenqriuset

364 4532 524 4588 modo
547 4547 641 4588 eos
671 4548 778 4588 non
803 4534 1111 4609 despexerit
1130 4536 1274 4593 Deus
1294 4538 1349 4594 in
1374 4547 1521 4596 terra
1544 4542 1745 4609 hostili,
1767 4545 1821 4599 id
1840 4554 1944 4612 est,

363 4622 418 4677 in
450 4624 760 4697 evangelico
789 4624 1158 4694 Testamento,
1185 4642 1287 4683 nec
1310 4631 1648 4701 consumpsit
1668 4646 1761 4687 eos
1786 4641 1847 4687 ut
1868 4634 1945 4687 ir-

362 4712 528 4766 ritum
559 4712 765 4769 faceret
788 4723 1007 4785 pactum
1044 4733 1201 4773 suum
1234 4719 1544 4789 pristinum.
1576 4720 1763 4790 Neque
1798 4723 1945 4777 enim

362 4803 431 4859 ad
465 4803 678 4858 irritum
706 4805 838 4863 illud
867 4808 1086 4865 deduxit
1113 4825 1182 4869 ex
1207 4819 1341 4877 toto,
1374 4812 1469 4869 sed
1497 4820 1552 4867 et
1574 4812 1765 4869 salutis
1793 4829 1943 4889 spem

365 4893 617 4963 reliquit,
655 4909 764 4949 non
804 4900 1057 4957 omnibus
1099 4910 1315 4970 autem,
1358 4904 1452 4960 sed
1482 4904 1760 4975 reliquiis,
1804 4908 1946 4964 sicut

361 4984 560 5040 Paulus
606 4985 683 5044 ait
720 4987 1002 5057 proferens
1041 4991 1193 5050 Isaia:
1228 4995 1506 5065 prophetae
1534 4997 1940 5054 testimonium:

363 5080 425 5133 Si
449 5077 608 5147 fuerit
635 5094 883 5136 numerus
910 5082 1143 5151 ﬁliorum
1178 5084 1351 5139 Israel
1377 5087 1514 5141 sicut
1556 5104 1718 5143 arena
1745 5091 1936 5155 maris,

362 5170 595 5241 reliquid:
624 5169 785 5225 saltue
810 5170 937 5241 fient
975 5170 1106 5243 (Isa.
1198 5174 1275 5248 x).
1318 5175 1451 5232 Dico
1494 5191 1653 5250 ergo:
1687 5176 1938 5249 Nunquid

361 5264 557 5334 repulit
579 5263 721 5322 Deus
739 5264 948 5335 plebem
971 5266 1159 5320 suam?
1173 5267 1359 5332 Absit;
1383 5268 1755 5323 recordabitur
1773 5269 1937 5326 etiam

360 5354 582 5411 foederis
623 5355 707 5412 sui
753 5356 992 5426 pristini.
1041 5358 1254 5428 quando
1298 5359 1437 5415 lilios
1480 5360 1643 5419 Israel
1688 5361 1753 5415 dc
1793 5369 1938 5415 terra

358 5447 576 5519 Λεωπριί
605 5449 810 5508 eduxit.
846 5449 913 5504 Et
939 5450 990 5506 in
1021 5465 1129 5520 quo
1153 5451 1566 5507 recordabitur?
1606 5450 1672 5505 Ut
1703 5464 1833 5507 esset
1858 5469 1941 5507 eo-

359 5556 473 5594 rum
502 5541 645 5597 Deus
672 5543 728 5597 in
748 5554 1023 5615 conspectu
1046 5545 1296 5615 gentium.
1340 5542 1423 5598 Ad
1457 5559 1683 5613 quorum
1713 5544 1939 5600 manife-

358 5644 499 5691 stam
530 5633 1045 5692 demonstrationem
1068 5634 1336 5695 sufﬁciant
1369 5634 1463 5693 tibi
1487 5635 1603 5689 haec
1630 5634 1936 5704 apostolica:

359 5727 521 5782 verba
547 5729 851 5798 sapientiae:
897 5730 1018 5785 Non
1055 5729 1192 5786 enim
1223 5729 1336 5784 colo
1369 5746 1455 5783 vos
1485 5728 1728 5799 ignorare
1753 5737 1937 5797 mystc-

2051 4535 2193 4590 ultra
2236 4535 2503 4590 masculus
2544 4534 2690 4588 dabit
2730 4534 3027 4605 quindecim
3076 4532 3253 4598 siclos,
3306 4533 3506 4603 femina
3548 4533 3637 4587 de-

2048 4644 2178 4681 cem.
2219 4625 2281 4682 Si
2325 4642 2524 4697 pauper
2566 4625 2723 4695 fuerit
2766 4635 2814 4680 et
2846 4626 3245 4681 a’stimotionem
3288 4626 3505 4681 reddere
3533 4643 3635 4680 non

2047 4716 2283 4782 valuerit,
2306 4718 2466 4772 stabit
2488 4734 2665 4771 coram
2688 4718 2959 4772 sacerdote
2979 4759 2994 4783 ,
3020 4727 3069 4772 et
3089 4728 3341 4789 quantum
3376 4717 3467 4773 ille
3490 4718 3633 4773 (csti-

2047 4807 2263 4861 maverit
2300 4816 2349 4860 et
2386 4807 2572 4860 viderit
2602 4822 2719 4860 eum
2747 4823 2896 4876 posse
2932 4806 3177 4872 reddere,
3220 4816 3425 4859 tantum
3465 4806 3630 4860 dabit.

2047 4897 2210 4954 Plena
2250 4907 2378 4955 sunt
2403 4899 2519 4954 haec
2561 4899 2726 4953 etiam
2762 4899 3088 4970 legislatoris
3113 4899 3277 4953 verba
3306 4898 3630 4968 prudentiae,

2051 4992 2286 5049 maxime
2311 4999 2642 5061 opportuna,
2679 4999 2997 5047 conservata
3028 4990 3276 5061 tempori.
3318 4988 3450 5056 Quae
3486 4989 3629 5044 enim

2049 5089 2299 5153 oporteat
2323 5081 2430 5151 agi,
2462 5097 2583 5151 qua:
2620 5081 2878 5146 minime,
2924 5081 2978 5135 in
3027 5078 3398 5151 superioribus
3440 5079 3629 5149 ρεςεςί-

2046 5175 2225 5249 piens,
2248 5187 2392 5227 nunc
2411 5172 2574 5227 etiam
2605 5172 2920 5243 dignitatem
2945 5185 3008 5225 ea
3032 5169 3408 5242 perageutium
3429 5184 3495 5224 ex
3521 5178 3629 5224 toto

2046 5266 2130 5321 vel
2158 5281 2223 5321 ex
2256 5272 2433 5336 parte,
2462 5279 2562 5335 per
2589 5264 2704 5319 base
2729 5279 2849 5334 quae
2876 5263 3130 5318 dicuntur
3150 5260 3394 5330 exponit,
3420 5268 3475 5315 et
3499 5258 3624 5331 quid

2043 5358 2114 5414 sit
2139 5356 2377 5429 perfecta
2411 5355 2543 5422 vita,
2570 5355 2699 5425 quid
2729 5364 2908 5409 autem
2938 5354 3115 5408 adhuc
3144 5353 3197 5407 in
3223 5358 3482 5422 provectu
3504 5365 3617 5405 con-

2040 5446 2249 5508 stituta,
2291 5446 2420 5517 quid
2467 5446 2681 5501 initium
2731 5443 3055 5514 cognitionis
3087 5443 3181 5498 Dei
3216 5441 3462 5507 habens,
3498 5437 3621 5511 quid

2040 5557 2170 5596 vero
2196 5556 2315 5612 quae
2343 5539 2599 5597 virtutum
2625 5553 2790 5607 opera
2817 5536 2986 5597 clara,
3023 5534 3373 5607 perfectaque
3402 5546 3620 5604 percur-

2041 5632 2132 5695 rit,
2158 5631 2250 5685 sed
2278 5639 2333 5685 et
2358 5629 2679 5694 inﬁrmatus,
2706 5642 2815 5682 non
2840 5636 3020 5682 tamen
3043 5626 3304 5682 recedens
3324 5624 3393 5679 ab
3414 5639 3502 5690 ea.
3524 5620 3619 5677 dif.

2040 5723 2275 5779 ferentes
2299 5728 2483 5775 :etatcs
2505 5718 2814 5775 describens
2833 5715 3100 5787 exposuit.
3143 5714 3283 5772 Dicit
3306 5722 3486 5771 autem
3506 5710 3614 5770 sic:
