3918 6180
213 329 306 386 569

1089 318 1586 378 EXPOSITIONES
1624 318 1692 372 ΙΝ
1733 317 2123 375 LEVITICUM.
2164 348 2234 358 —
2272 317 2400 374 LIB.
2444 318 2556 373 VII.

3335 320 3441 376 57¢)

214 438 376 493 Ilamo
408 436 499 507 qui
525 442 699 489 votum
734 431 912 502 fecerit
950 439 997 484 et
1038 432 1369 502 spoponderit
1402 430 1515 484 Deo
1541 430 1771 484 animam
1797 434 1847 493 Α
1875 430 2017 500 quod
2044 445 2150 485 non
2188 439 2393 485 tantum
2415 430 2466 485 ei
2490 431 2555 485 de
2578 437 2737 485 tctatc
2763 438 2855 484 aut
2891 431 3066 495 annis,
3091 441 3348 501 quantum
3379 436 3448 491 de

208 544 349 584 suam
369 568 385 593 ,
419 527 474 581 id
516 533 619 590 est,
647 523 954 593 quicunque
979 521 1292 591 promiserit
1335 520 1572 574 animam
1616 535 1770 575 suam

160 601 166 607 ’
207 616 330 673 Deo.
352 625 677 680 omnemque
701 610 752 664 ei
789 623 943 663 suam
968 608 1136 662 vitam
1161 607 1356 662 offerre
1386 607 1645 673 voluerit,
1672 609 1770 661 erit

202 709 417 778 pretium
447 703 669 758 masculi
695 720 727 756 a
749 703 991 756 vicesimo
1028 718 1167 755 anno
1207 717 1368 773 usque
1405 701 1475 756 ad
1511 701 1773 771 sexagesi-

202 814 338 852 mum
362 811 589 860 annum,
616 794 994 864 quinquaginta
1028 792 1169 846 siclis
1211 793 1445 863 argenti,
1470 792 1540 845 ad
1565 808 1773 845 mensu-

203 905 308 942 ram
336 885 649 941 sanctuarii.
676 882 733 939 Si
769 884 890 953 quis
920 898 1048 953 ergo
1077 899 1107 936 a
1137 883 1390 937 vicesimo
1417 898 1560 937 anno
1585 890 1688 945 est,
1717 881 1772 935 id

200 988 291 1040 est,
320 977 510 1046 pubes,
543 972 724 1039 fortis,
748 973 957 1028 validus
974 1014 989 1039 ,
1031 973 1304 1028 sufﬁciens
1329 988 1520 1028 omnes
1543 972 1771 1027 virtutes

199 1066 425 1137 operari,
454 1072 511 1120 et
531 1063 800 1134 subjicere
828 1062 1191 1132 intelligibiles
1216 1062 1494 1127 inimicos,
1522 1061 1772 1116 omnibus

198 1157 497 1212 actionibus
517 1162 574 1208 et
592 1154 866 1224 operibus.
886 1153 929 1207 A
952 1153 1142 1223 viginti
1166 1153 1311 1208 enim
1333 1153 1490 1207 annis
1506 1160 1562 1206 et
1584 1166 1767 1221 supra,

198 1247 310 1301 vide
335 1246 469 1314 quid
492 1245 563 1298 de
596 1245 700 1299 hac
734 1251 895 1298 tetate
923 1244 1176 1298 dicebat:
1219 1242 1400 1297 Omnis
1438 1241 1702 1297 masculus
1736 1258 1770 1295 a

196 1336 372 1406 viginti
395 1335 550 1387 annis
574 1342 623 1387 et
645 1350 827 1404 supra.
853 1332 1052 1388 Omnes
1072 1334 1163 1402 qui
1193 1333 1470 1387 ambulant
1491 1333 1546 1387 in
1570 1333 1771 1387 virtute

193 1446 314 1495 sua,
360 1430 697 1485 fortitudinis
724 1431 870 1485 enim
913 1431 1148 1485 maxime
1193 1430 1280 1485 his
1311 1430 1403 1499 qui
1442 1430 1569 1484 illud
1605 1437 1770 1500 agunt

192 1532 425 1592 tempus,
476 1524 530 1576 in
579 1522 853 1592 praedictis
899 1524 1264 1579 testimonium
1296 1523 1528 1593 prmbuit
1553 1523 1767 1590 verbis,

191 1615 256 1669 ita
297 1622 364 1667 ut
399 1622 525 1683 pote
554 1612 655 1667 hac
681 1620 842 1667 aetate
871 1621 925 1667 et
954 1626 1177 1667 currere
1204 1613 1475 1668 valentem
1518 1622 1571 1668 et
1616 1627 1768 1668 arma

1874 524 2161 580 virtutibus
2204 540 2324 594 qua:
2368 536 2467 595 per
2504 524 2620 578 bare
2664 523 3067 594 significantur,
3117 539 3244 578 cura
3286 534 3444 581 erat:

1874 613 2040 670 Unius
2066 616 2165 670 viri
2197 631 2351 680 uxor,
2379 615 2425 668 si
2446 614 2584 684 filios
2607 614 2867 679 educavit,
2904 615 2948 667 si
2970 615 3192 683 hospitio
3219 618 3445 686 recepit,

1870 706 1919 760 si
1947 715 2245 759 sanctorum
2265 690 2563 775 pedes'lavit
2590 722 2608 768 ;
2643 704 2689 757 si
2723 703 3109 757 tribulationem
3135 705 3449 774 patientibus

1870 797 2310 862 subministravit,
2357 798 2402 850 si
2450 812 2600 850 omne
2645 813 2773 866 opus
2813 796 3005 849 bonum
3040 796 3315 851 subsecuta
3351 807 3446 853 est.

1874 885 1981 941 Sed
2002 887 2116 941 haec
2142 887 2356 956 quidem
2386 884 2659 954 perfectus
2691 893 2745 940 et
2771 901 2869 955 per
2896 885 3075 941 omnia
3103 901 3448 941 consumma-

1873 982 1961 1030 tus
1993 974 2171 1030 homo.
2206 976 2339 1030 Vide
2373 985 2552 1029 autem
2584 984 2638 1031 et
2677 989 2798 1029 cum
2839 976 2927 1030 cui
2977 975 3079 1031 hoc
3120 977 3311 1042 deest;
3352 978 3448 1032 sed

1872 1072 2052 1121 tamen
2093 1067 2158 1121 ad
2200 1066 2327 1121 illud
2373 1067 2593 1137 provehi
2624 1067 2928 1122 desiderat:
2965 1068 3010 1119 Α
3053 1069 3232 1138 quinto
3271 1079 3446 1123 autem

1869 1171 2008 1209 anno
2049 1172 2208 1226 usque
2242 1157 2311 1209 ad
2347 1157 2645 1210 vicesimum
2679 1157 2974 1223 masculus,
3002 1158 3145 1211 dabit
3172 1158 3353 1228 viginti
3376 1158 3447 1212 sic

1870 1245 1978 1300 clas
1998 1286 2013 1312 ,
2044 1247 2157 1302 sive
2184 1256 2244 1301 ut
2273 1246 2622 1318 Septuaginta
2665 1247 3019 1301 didrachmas.
3062 1236 3162 1303 Hic
3194 1263 3315 1302 eum
3353 1248 3445 1318 qui

1870 1337 2099 1390 necdum
2134 1337 2350 1406 quidem
2379 1344 2464 1392 est
2488 1335 2795 1407 perfectus,
2832 1344 3108 1391 sensatum
3145 1344 3321 1391 tamen
3351 1337 3447 1392 ho-

1868 1426 2068 1481 minem
2097 1428 2246 1494 dicit,
2270 1437 2325 1483 et
2344 1429 2436 1499 qui
2460 1428 2724 1497 proficere
2751 1428 2934 1498 cmpit.
2962 1427 3166 1484 Sensus
3186 1429 3327 1483 enim
3348 1444 3446 1501 per

1867 1530 2150 1570 numerum
2193 1517 2430 1588 quinque
2471 1531 2733 1571 annorum
2778 1517 2986 1583 innuit,
3030 1517 3157 1586 quia
3200 1524 3282 1572 tot
3319 1526 3447 1573 sunt

1869 1622 2124 1674 numero;
2164 1617 2451 1679 provectus
2471 1616 2653 1663 autem
2678 1609 2771 1678 qui
2798 1608 2864 1662 ad
2891 1609 3228 1678 juventutem
3272 1610 3447 1665 tendit

187 1709 438 1772 portare,
480 1700 818 1770 multumque
862 1702 1149 1756 habentem
1175 1701 1229 1755 in
1256 1702 1465 1772 agendo
1502 1702 1767 1756 fervorem
1869 1707 1923 1753 et
1946 1700 2014 1752 ad
2038 1698 2453 1768 perfectionem,
2483 1715 2513 1753 a
2547 1699 2785 1769 quinque
2810 1698 2967 1753 annis
2990 1705 3046 1752 et
3073 1712 3246 1768 usque
3272 1698 3340 1753 ad
3365 1698 3446 1752 vi-

188 1793 566 1861 caloremque,
608 1791 767 1860 hujus
806 1792 1072 1861 pretium,
1106 1791 1159 1846 id
1195 1800 1309 1856 est,
1350 1792 1684 1847 conversatio
1711 1799 1767 1847 et
1793 1775 1841 1833 Β
1868 1789 2127 1843 cesimum
2176 1805 2378 1844 annum
2421 1798 2523 1844 est.
2571 1788 2772 1860 Viginti
2818 1788 2960 1843 enim
2999 1804 3264 1843 annorum
3302 1789 3446 1844 inter

188 1889 287 1943 vita
319 1897 381 1942 et
406 1886 694 1941 retributio
716 1902 878 1957 quam
914 1901 1014 1956 pro
1043 1887 1333 1956 semetipso
1361 1886 1473 1941 Deo
1515 1884 1674 1941 offert
1713 1894 1768 1941 et

187 1979 475 2051 promittit,
518 1976 907 2048 quinquaginta
946 1977 1096 2041 sicli,
1145 1976 1259 2031 sive
1300 1975 1573 2031 drachmm
1618 1984 1763 2030 sunt.

187 2069 691 2141 Quinquagenarius
739 2069 884 2123 enim
927 2082 1186 2123 numerus
1229 2066 1527 2137 spiritalem
1574 2064 1767 2136 ﬁgurat

184 2162 370 2225 vitam,
397 2161 526 2230 quia
554 2160 606 2213 in
633 2158 1079 2228 quinquagesimo
1105 2158 1191 2213 die
1219 2156 1394 2212 sancti
1419 2155 1653 2226 Spiritus
1673 2156 1767 2211 ad-

186 2261 375 2307 ventus
396 2252 572 2306 factus
597 2259 701 2316 est,
728 2251 821 2305 sed
846 2259 901 2304 ct
927 2250 981 2303 in
1007 2265 1149 2304 anno
1171 2248 1616 2319 quinquagesimo
1635 2247 1768 2303 libe-

184 2343 314 2396 ratio
358 2341 423 2395 fit
465 2340 644 2395 onmis
678 2339 866 2403 debiti,
896 2347 952 2393 et
980 2346 1141 2394 terra:
1171 2338 1464 2402 restitutio,
1494 2338 1767 2408 multaque

184 2436 232 2488 in
259 2450 325 2490 eo
356 2434 465 2488 alia
494 2435 631 2487 bona
658 2431 860 2487 Judaais
899 2445 996 2502 per
1033 2431 1204 2502 legem
1242 2431 1502 2502 disposita
1535 2438 1680 2486 sunt.
1718 2430 1766 2483 A

186 2524 371 2594 viginti
403 2524 562 2578 annis
588 2530 765 2576 autem
797 2537 967 2590 usque
995 2523 1063 2575 ad
1096 2521 1373 2593 sexaginta
1401 2536 1592 2577 annos.
1620 2521 1766 2575 lntra

183 2613 286 2668 haec
306 2612 468 2668 enim
502 2621 740 2681 tempora
779 2620 913 2665 tetas
940 2620 995 2665 et
1025 2610 1353 2666 intellectum
1385 2609 1682 2680 perfectum
1710 2617 1766 2664 et

181 2704 552 2759 fortitudinem
581 2714 636 2758 et
664 2703 896 2758 ﬁliorum
923 2703 1355 2773 procreationem
1390 2702 1585 2767 habet,
1613 2709 1673 2756 ut
1696 2716 1763 2756 ex

180 2796 528 2851 sensibilibus
576 2812 676 2851 nos
719 2796 1076 2866 intelligibilia
1120 2796 1438 2866 cogitemus.
1487 2796 1627 2865 Ergo
1670 2795 1764 2865 qui

181 2888 510 2944 intellectum
538 2897 812 2943 maturum
840 2896 896 2942 et
938 2887 1232 2957 perfectum
1274 2888 1441 2941 habet
1468 2894 1524 2941 et
1553 2885 1764 2940 fortitu-

179 2982 373 3048 dinem,
408 2991 469 3036 ut
486 2996 607 3051 quae
642 2980 910 3036 intellexit
955 2987 1108 3051 agat,
1141 2980 1230 3033 hic
1266 2979 1405 3034 filios
1448 2993 1763 3048 comparare

87 3122 95 3131 .
177 3072 299 3127 alios
326 3074 447 3128 Deo
481 3086 580 3143 per
605 3087 757 3127 suam
785 3071 1253 3126 conversationem
1276 3111 1291 3135 ,
1329 3069 1413 3124 vel
1459 3070 1760 3125 doctrinam

176 3161 525 3231 impendens,
562 3168 761 3231 potest.
793 3159 964 3228 Hujus
990 3160 1223 3230 pretium
1259 3160 1454 3214 animm
1491 3160 1760 3230 quinqua-

175 3255 310 3325 ginta
341 3254 684 3309 didrachmas
716 3252 988 3322 perfectus
1014 3252 1224 3307 fructus
1251 3259 1365 3317 est,
1394 3259 1449 3306 et
1472 3250 1761 3321 perfectio-

175 3346 252 3400 nis
270 3346 506 3409 corona,
536 3359 656 3413 quae
678 3351 733 3398 et
763 3342 1082 3414 martyrium
1112 3341 1353 3406 habebit,
1382 3348 1437 3395 et
1462 3356 1642 3396 rerum
1666 3340 1761 3396 de-

175 3447 415 3506 spectum
440 3444 498 3489 et
524 3448 737 3489 omnem
782 3433 928 3487 illam
959 3431 1352 3502 perfectionem
1388 3446 1551 3501 quam
1580 3432 1760 3486 Domi-

173 3542 266 3582 nus
284 3526 539 3581 dicebat:
564 3514 730 3578 Erilis
753 3523 988 3595 perfecti,
1016 3513 1151 3576 sicut
1176 3520 1337 3576 Pater
1358 3531 1523 3576 vester
1540 3521 1758 3577 caelestis

172 3618 431 3685 perfectus
458 3626 534 3669 est
559 3612 772 3686 (Matth.
801 3613 877 3684 v).
907 3613 1020 3667 Hoc
1046 3621 1224 3667 autem
1248 3612 1463 3681 quando
1488 3610 1760 3666 masculus

171 3707 348 3771 fuerit,
385 3707 440 3761 id
479 3714 592 3772 est,
623 3707 837 3775 quando
865 3719 1078 3775 semper
1102 3703 1296 3769 fortis;
1341 3705 1445 3759 hoc
1478 3704 1623 3758 enim
1668 3704 1758 3759 hic

173 3799 473 3854 masculum
519 3798 673 3852 dicit.
724 3796 961 3851 Femina:
998 3802 1176 3849 autem
1203 3794 1308 3849 erit
1340 3794 1629 3849 aestimatio
1663 3794 1759 3849 tri-

171 3890 312 3957 ginta
339 3889 492 3952 sicli,
523 3888 638 3942 sive
664 3887 1011 3951 didrachmas,
1059 3894 1121 3941 ut
1159 3887 1268 3941 sint
1295 3886 1568 3941 drachma:
1602 3901 1759 3941 sexa-

170 3980 337 4048 ginta,
368 3977 585 4033 fructus
630 3977 882 4031 videlicet
904 3976 1289 4045 sexagenarius
1321 4016 1337 4041 ,
1364 3989 1592 4046 magnes
1640 3976 1759 4046 qui-

168 4066 285 4120 dem
306 4078 367 4122 et
396 4067 516 4135 ipse
542 4102 559 4129 ,
611 4066 709 4120 sed
731 4065 1045 4120 centenario
1067 4064 1239 4120 minor
1265 4103 1283 4132 ,
1379 4075 1598 4136 propter
1616 4066 1757 4135 quod

168 4166 219 4210 et
242 4158 469 4212 femina:
494 4157 795 4211 introduxit
818 4171 1123 4225 personam,
1150 4170 1270 4225 qua:
1298 4156 1477 4211 minor
1501 4164 1585 4211 est
1610 4172 1640 4211 a
1672 4158 1757 4212 vi-

169 4246 267 4302 rili.
293 4249 446 4317 Ergo
466 4255 524 4300 et
548 4247 803 4301 mulieres
831 4246 1045 4315 quando
1067 4246 1135 4300 ad
1155 4260 1465 4301 mensuram
1492 4262 1758 4303 summam

168 4339 551 4406 pervenerint,
597 4342 975 4407 provectmque
1012 4335 1214 4389 fuerint
1249 4337 1315 4391 ad
1348 4334 1757 4405 perfectionem,

165 4426 334 4484 fortes
359 4437 598 4499 possunt
624 4427 920 4498 appellari,
969 4435 1030 4480 ut
1071 4436 1197 4495 pote
1238 4441 1359 4496 qua:
1396 4442 1549 4481 suam
1587 4434 1761 4482 trans-

163 4534 368 4588 gressm
390 4529 523 4575 sunt
544 4520 935 4584 infirmitatem,
953 4520 1412 4589 intentionemque
1432 4517 1762 4575 fortitudinis

163 4617 535 4664 resumentes.
572 4608 801 4677 Propter
825 4609 970 4678 quod
1003 4606 1305 4679 etSpiritus
1330 4608 1425 4662 Dei
1449 4608 1504 4661 in
1532 4607 1761 4662 Prover-

163 4702 263 4755 biis
296 4702 568 4757 dicebat:
610 4699 887 4754 Mulierem
914 4699 1100 4769 fortem
1138 4699 1253 4770 quis
1281 4700 1503 4754 inveniet
1564 4695 1756 4769 (Prov.

162 4790 466 4862 ληκητευί
513 4808 696 4846 rerum
732 4792 1018 4862 despectus
1058 4792 1230 4848 deest.
1266 4790 1387 4865 Alia
1431 4797 1613 4844 autem
1646 4790 1758 4861 agit

160 4886 437 4953 perfecte,
462 4899 586 4954 qua:
613 4884 679 4939 de
706 4885 944 4939 onmium
970 4900 1150 4938 rerum
1172 4882 1499 4938 continentia
1529 4882 1616 4937 lex
1637 4897 1758 4937 cor-

161 4977 345 5047 rigere
364 4975 527 5044 jubet
558 4975 609 5029 ei
639 4976 732 5045 qui
760 4975 1054 5031 secundum
1083 4989 1204 5029 eam
1226 4975 1382 5029 vivit.
1423 4972 1594 5043 Hujus
1614 4975 1761 5029 aesti-

159 5068 335 5121 matio
364 5075 455 5122 est
476 5065 698 5135 triginta
718 5065 857 5132 sicli,
886 5065 1000 5120 sive
1024 5065 1367 5129 didrachmas,
1394 5063 1447 5119 id
1475 5072 1580 5129 est,
1606 5079 1761 5120 sexa-

157 5157 428 5224 genarius
458 5155 708 5220 fructus;
746 5169 906 5224 quem
936 5164 992 5209 et
1018 5154 1218 5209 Paulus
1246 5154 1484 5225 figurans
1512 5155 1759 5211 dicebat:

169 5246 352 5302 Vidua
381 5247 612 5316 eligatur
647 5262 751 5300 non
777 5247 949 5299 minor
982 5249 1256 5317 sexaginta
1293 5263 1552 5301 annorum
1582 5246 1642 5319 (I
1677 5246 1764 5300 Ti-

156 5339 331 5391 moth.
364 5338 425 5409 v)
446 5356 473 5403 _:
510 5352 608 5407 per
630 5345 843 5392 aetatem
874 5348 1266 5407 numerumque
1288 5352 1554 5392 annorum
1583 5337 1759 5391 mani-

153 5426 375 5482 festare
402 5428 591 5483 volens
626 5442 760 5496 quas
787 5428 1015 5483 virtutes
1042 5435 1096 5482 et
1119 5429 1361 5483 actiones
1385 5426 1641 5483 exhibere
1671 5427 1763 5481 de-

152 5520 288 5573 beat
319 5519 513 5584 vidua,
540 5534 661 5589 qum
689 5535 720 5573 a
751 5520 858 5574 Deo
886 5519 1135 5590 eligitur,
1166 5534 1286 5589 quas
1311 5519 1366 5572 in
1400 5518 1599 5572 divinis
1628 5520 1761 5573 scri-

148 5612 310 5665 bitur
359 5609 549 5674 libris,
592 5621 649 5664 et
685 5625 806 5679 qum
834 5619 1013 5678 potest
1054 5609 1107 5663 in
1155 5624 1378 5664 numero
1424 5607 1758 5664 Hierusalem

149 5698 421 5755 celestis
445 5701 665 5771 degere.
693 5699 919 5770 Propter
943 5701 1085 5772 quod
1111 5708 1164 5755 et
1192 5699 1447 5767 subdidit,
1478 5698 1757 5756 insinuans

1867 1875 2035 1932 fortes
2057 1878 2223 1932 etiam
2242 1892 2480 1949 pugnare
2507 1879 2749 1933 valentes
2776 1886 3095 1934 numeratus
3130 1887 3213 1935 est
3237 1893 3268 1933 a
3295 1878 3441 1951 lege,

1867 1967 2009 2023 sicut
2041 1968 2399 2023 Numerorum
2424 1969 2561 2024 liber
2585 1969 2839 2024 ostendit.

1938 2068 2109 2139 Hujus
2123 2083 2252 2139 ergo
2277 2068 2511 2139 pretium
2523 2069 2628 2123 erit
2654 2068 2845 2139 viginti
2870 2068 3220 2134 didrachmas,
3252 2069 3306 2124 id
3330 2076 3437 2134 est,

1865 2159 2139 2215 drachma:
2164 2159 2543 2229 quadraginta,
2584 2158 2727 2214 oboli
2755 2158 3155 2230 quadringenti.
3201 2156 3444 2226 Jejunio-

1867 2266 1987 2305 rum
2020 2258 2200 2305 autem
2237 2258 2398 2318 atque
2426 2248 2686 2303 orationis
2725 2258 3042 2318 provectum
3082 2247 3443 2319 quadraginta

1866 2340 2245 2395 drachmarum
2268 2354 2528 2395 numerus
2563 2337 2849 2411 signiﬁcat,
2900 2338 3026 2410 quia
3056 2345 3135 2394 tot
3158 2336 3444 2408 diebusje—

1861 2429 2087 2501 junassc
2113 2439 2169 2485 et
2197 2431 2418 2502 Moysen
2443 2440 2499 2485 et
2528 2430 2722 2496 Eliam,
2748 2438 2805 2485 et
2829 2430 3006 2501 ipsum
3047 2428 3333 2484 Dominum
3361 2428 3443 2483 di-

1867 2519 2117 2585 dicimus,
2149 2520 2365 2589 quando
2393 2536 2425 2574 a
2447 2519 2660 2575 diabolo
2694 2520 3019 2575 tentabatur.
3071 2518 3441 2590 Quadringen-

1867 2616 2045 2662 torum
2077 2617 2256 2663 autem
2281 2624 2540 2664 numerus
2584 2609 2715 2679 quid
2740 2609 3005 2682 significat
3040 2617 3135 2665 aut
3160 2624 3326 2680 quam
3348 2608 3443 2664 de—

1865 2707 2128 2753 monstrat
2157 2701 2640 2764 conversationem,
2664 2701 2918 2767 ostendit,
2962 2700 3107 2770 quod
3134 2700 3334 2755 dictum
3361 2709 3446 2755 est

1868 2791 1921 2845 in
1951 2791 2088 2845 libro
2116 2791 2340 2862 Regum,
2384 2792 2598 2862 quando
2622 2792 2826 2846 reditus
2847 2792 3023 2857 navis,
3052 2806 3173 2859 qua:
3194 2791 3443 2845 mitteba-

1865 2890 1957 2936 tur
1992 2898 2023 2935 a
2053 2880 2337 2936 Salomone
2376 2883 2444 2936 ad
2466 2881 2769 2951 Sophiram,
2801 2882 3042 2936 dicebat:
3069 2882 3160 2935 Ait
3187 2882 3332 2937 enim
3359 2898 3442 2937 se-

1865 2971 2100 3025 cundum
2154 2971 2542 3041 Septuaginta:
2574 2970 2642 3023 Et
2694 2971 2829 3024 venit
2850 2970 2919 3024 ad
2945 2971 3215 3043 Sophim:
3246 2970 3444 3042 Sophir

1868 3060 2001 3133 [Al.,
2026 3061 2216 3133 Opbir]
2245 3070 2426 3115 autem
2449 3062 2833 3131 interpretatur
2873 3061 3071 3117 bonum
3103 3079 3118 3116 :
3146 3062 3215 3116 Et
3245 3064 3444 3133 accepit

1788 3135 1834 3197 C
1864 3158 1987 3212 inde
2010 3158 2133 3211 auri
2166 3158 2551 3228 quadringenta
2579 3170 2625 3211 et
2650 3158 2827 3228 viginti
2857 3157 3076 3225 talenta,
3127 3169 3176 3214 et
3220 3160 3443 3215 adduxit

1865 3251 1973 3320 regi
1997 3249 2270 3305 Salomoni
2308 3249 2430 3323 (III
2454 3251 2584 3323 Reg.
2608 3252 2716 3323 ιχ).
2747 3252 2885 3320 Quid
2923 3255 3096 3326 ergo?
3119 3254 3210 3311 Sic
3236 3255 3439 3311 bonum

1860 3349 1981 3406 est;
2014 3341 2095 3396 sic
2136 3357 2232 3412 per
2252 3340 2516 3411 jejunium
2544 3352 2597 3397 et
2625 3344 2927 3399 orationem
2953 3345 3197 3400 exerceri
3240 3330 3443 3417 etpro-

1859 3434 1982 3490 vehi
2011 3434 2079 3489 ad
2103 3434 2248 3489 illam
2273 3436 2463 3501 vitam,
2495 3436 2562 3490 ad
2587 3451 2747 3505 quam
2773 3435 2984 3508 Moyses
3009 3445 3065 3493 et
3087 3436 3233 3492 Elias
3261 3452 3446 3508 super-

1859 3524 2188 3580 aedificantes
2199 3524 2406 3594 jejunio
2428 3533 2589 3594 atque
2609 3526 2863 3592 orationi,
2886 3527 3047 3582 etiam
3071 3527 3203 3582 alias
3217 3529 3444 3585 virtutes

1864 3615 2110 3682 provecti
2174 3626 2303 3668 sunt
2338 3631 2353 3679 ;
2384 3614 2479 3668 sed
2533 3623 2589 3668 et
2627 3615 2887 3671 Dominus
2932 3617 3208 3674 insinuare
3247 3627 3445 3674 semet—

1859 3704 2035 3773 ipsum
2081 3718 2181 3772 per
2221 3703 2661 3773 praedicationem
2713 3714 2768 3759 et
2808 3706 2960 3776 signa
2985 3709 3170 3777 generi
3202 3708 3440 3764 humano

1858 3793 2144 3864 incipiens,
2175 3792 2443 3865 jejunium
2478 3802 2532 3848 et
2553 3795 2854 3851 orationem
2883 3812 2994 3852 suae
3011 3800 3440 3856 conversationis

1864 3886 2188 3957 principium
2219 3886 2364 3941 fecit.
2418 3885 2733 3955 Quicunque
2771 3902 2902 3959 ergo
2928 3896 3177 3946 sensatus
3220 3892 3438 3961 quidem

1860 3984 1965 4043 est,
1995 3985 2050 4032 et
2067 3977 2331 4048 prolicere
2356 3976 2579 4047 incipit;
2605 3993 2712 4033 non
2738 3987 2916 4033 tamen
2933 3980 3094 4037 nimis
3117 3983 3213 4039 sed
3242 3985 3438 4051 medie,

1858 4078 1921 4125 ut
1967 4069 2385 4139 pnesumptione
2431 4070 2859 4125 conversationis
2897 4071 3088 4142 jejunii
3123 4088 3230 4129 non
3268 4076 3442 4145 possit

1859 4162 2068 4229 ornari,
2099 4161 2259 4231 hujus
2283 4161 2518 4231 pretium
2547 4163 2731 4216 decem
2764 4162 3218 4231 didrachmarum,
3252 4166 3304 4220 id
3331 4176 3435 4233 est,

1859 4255 2046 4325 viginti
2076 4255 2458 4309 drachmarum
2483 4260 2538 4306 et
2560 4252 2841 4307 obolorum
2863 4254 3217 4309 ducentorum
3245 4263 3350 4311 est.
3378 4256 3435 4310 In

1861 4345 2107 4401 custodia
2141 4346 2284 4399 enim
2314 4343 2498 4397 decem
2529 4341 2925 4407 mandatorum,
2969 4357 3091 4412 qua:
3128 4344 3436 4414 duplicatur

1863 4435 2159 4491 secundum
2200 4432 2436 4486 litteram
2473 4438 2530 4485 et
2565 4430 2810 4500 spiritum
2833 4471 2849 4497 ,
2900 4432 3237 4486 conversatio
3277 4432 3437 4501 hujus

1865 4534 1971 4589 est,
2011 4524 2153 4579 inter
2180 4519 2592 4592 quasjejunium
2630 4528 2842 4576 nonest
2873 4530 3239 4592 przeceptum:
3277 4523 3437 4578 subli-

1866 4617 2007 4672 mior
2039 4615 2181 4672 enim
2216 4621 2301 4669 est
2327 4613 2394 4668 ad
2421 4628 2541 4667 eam
2592 4613 2870 4683 pertinens
2918 4613 3275 4680 conversatio,
3316 4630 3437 4684 qua)

1864 4709 2199 4781 lcgislatores
2244 4714 2300 4761 et
2323 4705 2615 4777 prophetas
2664 4711 2719 4760 et
2742 4718 2932 4760 omnes
2972 4705 3061 4774 qui
3087 4704 3436 4775 profecerunt

1863 4802 2038 4857 decet.
2088 4800 2155 4854 Et
2196 4798 2421 4853 necdum
2470 4796 2685 4866 quidem
2732 4794 3070 4849 conversatio
3113 4793 3233 4864 ejus
3277 4795 3439 4852 habet

1861 4888 2270 4960 perfectionem.
2340 4884 2488 4955 Opus
2540 4885 2685 4938 enim
2719 4882 2884 4938 habet
2932 4883 3435 4950 mansuetudinem,

1858 4978 2263 5052 perfectamque
2307 4975 2647 5039 charitatem,
2696 4988 2816 5044 quae
2858 4980 2942 5028 est
2990 4972 3043 5027 in
3069 4971 3187 5028 zelo
3212 4971 3435 5037 Christi,

1859 5069 2106 5141 perducit
2132 5076 2311 5123 tamen
2340 5065 2408 5120 ad
2433 5064 2840 5136 perfectionem.
2856 5062 2938 5119 Ab
2956 5078 3066 5118 uno
3099 5077 3230 5133 ergo
3252 5074 3439 5117 mense

1861 5174 2031 5228 usque
2061 5159 2128 5214 ad
2164 5172 2364 5212 annum
2412 5157 2690 5226 quintum,
2741 5170 2838 5226 pro
2886 5154 3126 5211 masculo
3167 5153 3438 5209 dabuntur

1861 5248 2099 5317 quinque
2127 5246 2268 5312 sicli,
2295 5246 2409 5302 sive
2429 5247 2674 5316 quinque
2708 5245 3078 5300 didrachmae:
3108 5256 3209 5313 pro
3234 5239 3434 5296 femina

1864 5346 1994 5403 tres,
2040 5337 2200 5391 unius
2220 5336 2424 5392 mensis
2465 5335 2732 5407 intelliges
2765 5350 2889 5391 eum
2915 5335 3009 5405 qui
3052 5347 3197 5388 nunc
3233 5336 3318 5386 est
3345 5342 3441 5399 ge-

1864 5428 2010 5482 nitus
2036 5428 2086 5481 in
2110 5428 2234 5483 fide.
2284 5425 2365 5482 Ad
2399 5442 2557 5496 quem
2592 5426 2788 5482 Petrus
2815 5426 3029 5482 dicebat
3056 5442 3069 5479 :
3104 5422 3257 5477 Sicut
3278 5418 3432 5473 modo

1861 5519 2020 5588 geniti
2048 5517 2275 5587 infantes
2298 5518 2634 5573 rationabiles
2674 5519 2785 5573 sine
2806 5517 2926 5571 dolo
2960 5515 3044 5569 lac
3063 5510 3433 5582 concupiscite,

1861 5617 1916 5662 ut
1946 5611 2189 5664 crescetis
2216 5610 2271 5664 in
2296 5626 2411 5664 eam
2437 5614 2677 5675 salutem,
2708 5609 2755 5662 si
2788 5618 2963 5662 tamen
2985 5603 3257 5675 gustastis,
3305 5603 3431 5675 quia

1860 5698 2025 5755 dulcis
2051 5709 2122 5755 cst
2156 5700 2410 5756 Dominus
2439 5699 2488 5772 (1
2522 5696 2667 5754 Petr.
2697 5695 2780 5754 tt).
2805 5688 2975 5763 Hujus
2998 5692 3232 5766 pretium
3261 5708 3432 5766 usque
