3926 6176
497 348 570 401 δτι
668 312 682 327 ’
1119 341 1178 393 n.
1220 336 1472 392 usum
1514 337 1729 393 suum
1771 334 2103 390 sucum.
2147 335 2452 392 uocum.
2489 333 2774 391 orenun
2812 332 2991 388 rans
3028 332 3069 386 ι.

3613 332 3715 387 ε’)ῗῖ

477 458 543 511 ad
574 456 974 527 quinquennem
1005 458 1241 516 aetatem,
1274 450 1441 512 idest,
1469 449 1810 507 conversatio
1830 456 1883 501 et
1911 448 2046 512 vita,
2075 452 2125 511 Α
2152 447 2290 512 dico,
2314 449 2526 518 fratres,
2550 457 2749 518 tempus
2779 448 2926 500 breve
2955 456 3028 499 est
3054 461 3071 499 :
3104 446 3357 515 reliquum
3381 455 3481 510 est,
3500 449 3711 516 utetqui

477 546 715 615 quinque
738 542 1173 599 didrachmarum
1195 539 1424 610 argenti,
1452 539 1504 593 id
1533 548 1635 600 est,
1653 538 1839 593 decem
1861 536 2051 592 drach-

479 652 613 701 mze;
640 633 782 689 oboli
825 641 1003 688 autem
1042 640 1278 685 centum.
1334 628 1688 684 Conversatio
1727 642 1855 699 ergo
1890 628 2051 684 modo

480 726 642 799 geniti
664 726 899 795 quinque
923 722 1253 776 didrachmas
1277 729 1424 783 sunt,
1447 727 1507 774 ut
1536 719 1851 774 ministeriis
1877 715 2053 787 dupli-

480 832 572 871 ces
593 830 785 870 sensus
819 814 1036 875 habeat,
1068 811 1117 864 id
1149 818 1253 874 est,
1278 816 1337 863 ut
1365 826 1484 879 qua:
1523 808 1851 865 sensibiliter
1879 807 2050 873 audit,

482 909 597 962 hac
642 902 1045 973 intelligibiliter
1089 901 1382 970 suscipiat:
1413 900 1491 955 sic
1535 900 1699 953 etiam
1728 898 1939 963 videns,
1998 905 2055 952 et

482 1006 722 1068 gustaris,
761 1004 814 1049 et
848 994 1097 1055 odorans,
1136 1001 1188 1045 et
1220 998 1479 1059 tangens;
1513 988 1759 1058 perducit
1784 988 1928 1040 enim
1953 988 2055 1041 hoc

482 1104 604 1141 eum
627 1087 695 1141 ad
726 1083 1134 1155 perfectionem.
1166 1081 1394 1149 Propter
1418 1079 1561 1148 quod
1602 1086 1657 1133 et
1677 1086 1895 1167 centum
1926 1076 2058 1130 obo-

483 1179 654 1233 lorum
682 1178 917 1248 pretium
942 1175 1124 1229 habet.
1153 1172 1417 1226 Numerus
1443 1179 1645 1235 autem,
1690 1169 1831 1224 sicut
1850 1168 2058 1223 dictum

481 1281 586 1333 est,
615 1266 887 1338 perfectus
912 1273 1015 1319 est.

553 1379 695 1448 Ergo
731 1374 917 1446 procul
971 1374 1134 1428 dubio
1175 1388 1297 1427 eum
1342 1373 1433 1442 qui
1480 1385 1623 1425 nunc
1670 1370 2055 1441 mysteriorum

484 1468 750 1537 particeps
779 1465 999 1519 eﬂ'ectus
1026 1472 1128 1525 est,
1156 1463 1490 1532 necdumqne
1523 1462 1590 1515 ad
1619 1460 1887 1529 agendum
1932 1474 2057 1530 pro-

491 1557 676 1621 cessit,
712 1556 805 1611 sed
828 1556 880 1609 in
910 1555 1014 1608 ﬁde
1041 1553 1253 1607 interim
1286 1553 1564 1622 probatur,
1610 1551 1749 1605 sicut
1771 1549 1946 1604 adhuc
1972 1549 2058 1602 in-

488 1646 713 1710 fantem,
741 1652 796 1699 et
821 1644 1045 1699 necdum
1076 1651 1287 1713 tempus
1321 1642 1384 1695 ad
1417 1641 1779 1697 ostensionem
1801 1639 2060 1693 virtutum

485 1738 770 1791 habentem
796 1737 1145 1789 demonstrat.
1200 1732 1254 1786 Si
1299 1741 1479 1785 autem
1502 1731 1679 1784 minor
1705 1729 1770 1795 is,
1820 1729 1914 1799 qui
1939 1728 2061 1782 talis

2152 539 2340 593 habent
2362 554 2568 603 uxores,
2596 548 2845 607 tanquam
2876 553 2977 589 non
3002 533 3245 590 habentes
3273 537 3412 590 sint:
3445 546 3492 589 et
3526 539 3617 605 qui
3639 540 3713 590 la-

2149 635 2286 697 gent,
2315 628 2450 680 sicut
2488 643 2590 680 non
2633 625 2906 695 lugentes:
2937 633 2984 677 et
3016 625 3105 695 qui
3143 624 3388 694 gaudent,
3428 624 3582 694 quasi
3618 642 3714 679 non

2150 718 2432 786 gaudentes
2458 735 2476 782 ;
2505 726 2553 771 et
2573 718 2661 788 qui
2683 727 2879 782 emunt,
2907 726 3155 787 tanquam
3180 732 3283 770 non
3300 716 3652 785 possidentes;
3672 728 3715 771 et

2150 811 2239 881 qui
2271 818 2488 863 utuntur
2512 809 2609 863 hoc
2633 808 2849 872 mundo,
2879 818 3125 878 tanquam
3153 824 3256 861 non
3296 816 3531 860 utantur.
3580 806 3718 861 Prte-

2154 902 2273 955 terit
2289 902 2423 954 enim
2441 899 2611 970 ﬁgura
2636 899 2795 968 Itujus
2827 899 3027 966 mundi,
3056 896 3168 951 volo
3185 908 3362 951 autent
3386 914 3474 950 vos
3493 898 3606 950 sine
3620 896 3719 950 sol-

2154 991 2425 1045 licitudine
2452 1006 2562 1044 esse
2591 989 2734 1061 (Ibid
2742 988 2801 1060 .).

2225 1079 2516 1151 Propterea
2562 1088 2617 1135 et
2648 1080 2954 1150 quindecim
2989 1078 3318 1133 didrachma:
3357 1078 3461 1132 erit
3494 1077 3718 1148 pretium

2157 1171 2292 1240 ejus,
2342 1188 2461 1241 qure
2502 1183 2625 1227 sunt
2651 1174 2921 1227 drachma:
2952 1171 3191 1242 triginta.
3233 1170 3369 1225 Tres
3416 1171 3564 1224 enim
3604 1171 3723 1224 vitm

2157 1262 2603 1318 fructiﬁcationes
2634 1263 2699 1317 de
2718 1262 2859 1317 bona
2894 1269 3036 1317 terra
3060 1261 3260 1317 Christi
3300 1260 3602 1331 pmposuit.
3626 1259 3725 1314 Per

2157 1352 2522 1406 centenarium
2554 1352 2896 1421 virginitatis,
2937 1358 2992 1405 et
3018 1366 3124 1405 non
3153 1350 3488 1421 possidendi,
3516 1364 3617 1419 per
3646 1366 3726 1405 se-

2157 1442 2504 1512 xagenarium
2530 1441 2892 1505 continentiae,
2928 1455 3026 1509 per
3053 1440 3400 1494 tricenarium
3436 1440 3573 1494 casti
3597 1453 3725 1493 con-

2152 1531 2286 1601 jugii
2308 1532 2477 1585 vitam
2490 1530 2798 1600 designans.
2836 1529 2892 1584 Si
2920 1537 3100 1584 autem
3128 1529 3394 1583 inﬁrmior
3423 1528 3729 1597 huiusmodi

2158 1630 2261 1687 est,
2285 1620 2509 1676 forsitan
2537 1622 2680 1675 enim
2723 1620 2776 1674 in
2797 1619 3203 1675 fornicationem
3219 1619 3325 1683 hic,
3357 1619 3448 1689 qui
3477 1618 3603 1673 talis
3630 1627 3730 1683 est,

2161 1711 2394 1766 decidit:
2426 1711 2566 1766 unde
2594 1718 2649 1766 et
2678 1709 2876 1765 femina
2901 1709 3118 1773 dicitur,
3163 1724 3260 1764 nec
3290 1709 3368 1763 sic
3399 1709 3732 1778 respuendas

485 1838 589 1891 est,
619 1828 798 1893 fuerit,
849 1827 923 1881 ita
949 1834 1010 1880 ut
1058 1825 1342 1879 conveniat
1374 1823 1425 1877 in
1447 1838 1512 1878 eo
1556 1820 1768 1876 femina:
1804 1835 2055 1891 persona,

2178 1812 2264 1868 est,
2304 1802 2398 1857 sed
2438 1802 2601 1856 habet
2637 1800 2869 1870 pretium
2907 1799 3094 1854 decem
3126 1799 3472 1853 didrachmas
3502 1816 3517 1852 :
3548 1806 3731 1852 custo-

488 1921 668 1974 ntinor
694 1926 874 1973 autem
896 1924 995 1981 est,
1034 1925 1092 1970 ut
1123 1914 1416 1984 simplicior
1461 1922 1517 1968 et
1545 1928 1649 1967 non
1679 1912 1835 1966 valde
1857 1912 2059 1966 discre-

494 2020 599 2073 tus,
634 2007 792 2077 hujus
820 2006 1051 2075 pretium
1076 2015 1159 2059 est
1194 2012 1304 2058 tres
1332 2002 1677 2068 didracbmre,
1720 2000 1852 2056 ﬁdes
1886 2000 2062 2055 Patris

484 2106 541 2152 et
569 2097 687 2153 Filii
725 2107 781 2152 et
801 2096 1043 2165 Spiritus
1068 2095 1260 2156 sancti,
1310 2101 1370 2146 ut
1395 2108 1501 2147 non
1531 2093 1671 2146 hanc
1693 2090 2059 2161 transgrediu-

488 2196 599 2253 tnr,
651 2187 742 2242 sed
782 2187 941 2241 corde
968 2186 1171 2249 credat,
1226 2184 1366 2239 sicut
1408 2184 1482 2236 ait
1516 2183 1733 2247 Paulus,
1762 2196 1856 2235 ore
1881 2187 2059 2235 autem

491 2279 827 2334 conﬁteatur.
858 2277 948 2333 Sic
965 2277 1108 2331 enim
1131 2276 1181 2330 ei
1199 2276 1312 2329 haec
1336 2274 1439 2327 tria
1454 2289 1559 2328 non
1587 2273 1758 2328 solum
1784 2270 2061 2325 conﬁtenti

489 2368 689 2438 lingua,
729 2368 822 2422 sed
847 2376 901 2421 et
947 2366 1050 2420 ﬁde
1088 2364 1324 2420 credenti
1358 2364 1493 2417 ﬁunt
1529 2362 1647 2418 dua:
1668 2362 1958 2425 drachmae,
2006 2359 2067 2412 ﬁt

488 2469 667 2514 autem
694 2468 748 2514 et
767 2460 889 2513 huic
910 2459 1032 2513 talis
1057 2457 1185 2512 ﬁdes
1209 2456 1274 2509 ad
1299 2454 1681 2525 perfectionem
1706 2453 2061 2515 mediocrem;

491 2560 603 2604 tres
631 2550 774 2604 enim
796 2548 1140 2612 didrachmse,
1170 2563 1263 2602 sex
1292 2554 1419 2600 sunt
1439 2546 1741 2611 drachma);
1766 2558 1859 2598 sex
1888 2550 2066 2597 autem

492 2639 761 2694 drachma:
783 2639 1060 2708 sexaginta
1084 2646 1208 2691 sunt
1231 2637 1393 2691 oboli.
1418 2635 1516 2689 Hic
1538 2644 1716 2689 autem
1744 2634 1863 2689 talis
1887 2648 2071 2689 nume-

495 2744 587 2783 rus
607 2729 933 2783 mediocrem
957 2726 1341 2798 perfectionem
1371 2727 1506 2796 gerit
1532 2742 1545 2791 ;
1574 2733 1859 2795 propterea
1885 2732 1939 2781 et
1973 2737 2070 2794 po-

497 2816 651 2889 pulus
678 2817 840 2874 Israel
882 2826 1260 2873 sexcentarum
1289 2816 1535 2881 millium,
1581 2816 1724 2885 quod
1760 2824 1884 2871 sunt
1912 2829 2069 2870 sexa-

2164 1895 2306 1948 diam
2335 1894 2477 1947 enim
2508 1891 2878 1947 mandatorum
2904 1890 3021 1953 Dei,
3064 1904 3227 1959 quam
3250 1889 3439 1960 viginti
3463 1903 3587 1943 esse
3609 1888 3734 1942 dra-

2160 1986 2348 2039 ehmas
2371 1991 2424 2039 et
2448 1983 2636 2038 obolos
2658 1983 2918 2036 ducentos
2947 1981 3303 2044 ostendimus,
3346 1979 3502 2033 oﬂ‘ert
3533 1979 3647 2032 Deo
3688 1988 3738 2032 et

2162 2075 2216 2130 in
2245 2076 2348 2129 hoc
2373 2072 2837 2129 conversationem
2870 2072 3037 2126 habet
3056 2085 3155 2140 per
3182 2070 3481 2124 custodiam
3511 2069 3736 2122 manda-

2164 2172 2339 2220 torum
2369 2163 2714 2234 justiﬁcatus.
2759 2162 2817 2217 Si
2864 2172 3044 2216 autem
3073 2162 3222 2216 dicas
3263 2160 3533 2229 quomodo
3562 2159 3741 2212 Domi-

2165 2269 2269 2308 nus
2308 2269 2571 2309 annorum
2613 2260 2736 2307 erat
2773 2253 3020 2323 triginta,
3069 2253 3192 2306 dum
3229 2250 3377 2305 saltis
3417 2259 3565 2304 esset
3618 2265 3743 2303 vere

2164 2345 2459 2417 perfectus,
2497 2361 2622 2399 cum
2662 2360 2762 2399 nos
2809 2345 2863 2399 in
2904 2344 3215 2399 centenario
3251 2357 3475 2397 onmem
3500 2341 3743 2396 dicamus

2165 2434 2551 2505 perfectionem
2601 2450 2741 2498 esse,
2782 2444 2906 2503 post
2945 2435 3089 2489 hunc
3129 2441 3307 2487 autem
3347 2432 3400 2485 in
3436 2431 3741 2499 sexaginta,

2167 2526 2326 2578 tertio
2356 2533 2534 2579 autem
2577 2526 2632 2579 in
2664 2524 2928 2593 triginta?
2975 2522 3147 2588 disce,
3176 2522 3302 2590 quia
3344 2520 3490 2575 solus
3528 2521 3743 2589 quidem

2168 2616 2270 2671 fuit
2306 2631 2433 2671 vere
2473 2615 2780 2687 perfectus;
2836 2623 3205 2669 verumtamen
3255 2612 3333 2667 sic
3362 2612 3606 2665 omnium
3661 2612 3748 2665 do-

2168 2717 2290 2763 ctor
2335 2715 2388 2763 et
2427 2707 2676 2777 primitiae
2720 2721 2913 2761 massas
2955 2705 3121 2760 totius
3160 2702 3415 2763 eﬁ‘ectus,
3466 2718 3533 2756 ex
3579 2701 3751 2755 omni-

2170 2801 2271 2855 bus
2313 2807 2658 2869 temperatam
2685 2796 3147 2853 conversationem
3174 2795 3369 2866 ﬁgurat
3399 2802 3456 2848 et
3476 2793 3745 2863 proponit.

497 2874 642 2980 :Dygma
674 2912 962 2983 myriadcs,
1005 2926 1288 2966 numerum
1318 2874 1536 2964 habent;
1598 2874 1617 2885 ⁸
2173 2888 2300 2943 Sive
2338 2889 2484 2943 enim
2530 2874 2895 2956 virginitatem
2941 2886 3096 2950 velis,
3139 2886 3253 2953 ipse
3274 2899 3340 2937 ex
3365 2883 3574 2953 virgine
3599 2882 3750 2952 virgo

569 2972 853 3057 Sensibilis
878 2972 1020 3057 enim
1047 3001 1216 3056 Israel
1261 3000 1495 3055 habebat
1534 2999 1749 3069 quidem
1779 3006 1833 3053 et
1871 2998 2074 3053 medio-

2178 2989 2281 3046 est,
2326 2989 2382 3035 et
2415 2979 2775 3049 virginitatem
2811 2977 3021 3042 docuit;
3060 2977 3173 3031 sive
3200 2974 3415 3044 nuptias
3453 2982 3508 3028 et
3549 2972 3751 3026 nubere

494 3094 663 3148 criter
697 3092 983 3163 perfectos,
1026 3093 1117 3162 qui
1152 3092 1204 3145 iu
1229 3092 1345 3161 lege
1377 3063 1652 3145 constituti
1697 3089 2070 3159 Evangelicam

2179 3070 2456 3140 praecepit,
2491 3080 2544 3125 et
2577 3070 2839 3123 nubentes
2866 3066 3172 3132 benedixit;
3210 3065 3323 3120 sive
3345 3063 3750 3123 abstinentiam.

495 3152 963 3239 conversationem
1011 3152 1349 3252 aliquatenus
1398 3185 1646 3251 agebant.
1712 3152 2069 3236 Sunt'autem
2099 3152 2143 3209 δ
2175 3162 2339 3215 eum“
2385 3163 2488 3215 hoc
2527 3159 2727 3215 ἀθοιιίί·
2785 3157 3046 3213 Similiter
3085 3164 3140 3252 (ξε
3170 3155 3307 3252 ﬁdei
3359 3167 3586 3252 θιξτδυεν
3651 3152 3754 3252 ³ίν⁴ξ

496 3277 692 3344 quibus
722 3274 989 3329 mediocre
1014 3275 1146 3343 legis
1178 3282 1234 3327 et
1250 3274 1631 3342 prophetarum
1668 3280 1785 3325 erat
1817 3271 2071 3338 studium,

2178 3254 2536 3325 perfectorum
2573 3253 2898 3324 simplicium
2925 3260 3039 3337 est.
3081 3249 3215 3317 Quia
3241 3262 3370 3319 ergo
3416 3248 3471 3301 in
3503 3244 3759 3316 prtesent't

472 3335 720 3435 *ῥι-οριειι
751 3367 893 3435 quod
938 3373 993 3419 ει
1027 3335 1223 3419 {milia
1250 3335 1543 3433 'my'riades
1593 3370 1767 3417 eram,
1815 3360 1921 3416 sed
1969 3335 2073 3417 ηεξ
2175 3344 2507 3400 differentias
2557 3344 2761 3410 innuit,
2807 3351 2864 3399 et
2906 3335 3303 3412 quodammodo
3357 3338 3525 3392 vitam
3564 3335 3758 3390 distin-

502 3428 648 3510 inille
684 3428 871 3522 mil-lia,
923 3470 1022 3511 nec
1047 3454 1232 3526 myriae
1258 3428 1543 3525 mvriades,
1591 3461 1647 3508 et
1671 3468 1884 3523 semper
1914 3454 1968 3507 in
1999 3452 2078 3508 eis
2178 3439 2377 3509 Suebi“
2424 3437 2723 3503 δοωίηυων
2771 3442 2827 3491 ei
2869 3432 3030 3503 huius
3087 3432 3302 3526 (ιιιίᾀθω
3522 3428 3755 3526 Plini?”

504 3556 649 3602 esset
674 3545 932 3618 perfectio
962 3565 976 3600 :
1007 3548 1122 3601 haec
1146 3548 1288 3600 enim
1320 3545 1651 3615 angelorum,
1692 3553 1747 3598 et
1783 3544 2074 3598 secundum

2179 3528 2564 3599 quinquaginta
2589 3528 2950 3592 didrachmas,
2987 3525 3100 3579 ait:
3130 3524 3285 3593 hujus
3311 3522 3551 3592 triginta,
3600 3518 3756 3587 hujus

510 3640 880 3712 Evangelicam
914 3642 1076 3694 vitam
1104 3638 1538 3694 conversantium
1571 3645 1673 3691 est.
1725 3636 1911 3706 Angeli
1935 3636 2078 3690 enim

505 3741 563 3787 et
589 3733 689 3803 ipsi
720 3732 935 3800 quando
981 3728 1648 3801 profecerintetliciuntur.
1696 3726 2082 3796 Sexagenarius

503 3833 679 3877 autem
714 3833 761 3877 et
790 3823 928 3875 ultra
954 3821 1236 3882 masculus,
1284 3821 1428 3873 dabit
1469 3818 1759 3890 quindecim
1792 3817 1948 3871 siclos
1979 3818 2083 3871 sive

503 3912 879 3975 didrachmas;
947 3912 1141 3980 femina
1208 3919 1383 3963 autem
1444 3908 1641 3962 decem.
1703 3909 1770 3961 Et
1828 3908 1952 3976 quis
2001 3914 2084 3962 est

507 4002 596 4055 hic
631 4001 723 4069 qui
768 4001 1054 4055 maximam
1117 3999 1583 4054 conversationem
1647 4013 1745 4068 per
1805 3995 2085 4065 virginita-

510 4098 639 4151 tem,
675 4087 820 4142 verbi
885 4086 1080 4158 gratia,
1129 4087 1215 4142 vel
1262 4102 1367 4141 non
1411 4086 1733 4155 possidendo
1772 4085 2083 4148 virtutibus,

510 4194 630 4249 qua:
679 4178 798 4233 aliis
840 4178 1138 4247 promittit,
1198 4186 1255 4231 et
1291 4188 1411 4246 post
1465 4177 1579 4230 btee
1628 4174 1929 4229 inﬁrmatus
1969 4178 2084 4238 est;

511 4268 810 4337 cognovisti
850 4267 1017 4331 enim,
1055 4266 1178 4336 quia
1210 4279 1332 4320 eum
1371 4266 1461 4335 qui
1495 4265 1684 4335 viginti
1718 4264 1873 4319 annis
1919 4278 2089 4334 usque

511 4358 579 4411 ad
615 4358 895 4428 sexaginta
922 4372 1188 4412 annorum
1222 4364 1326 4423 est,
1356 4356 1608 4412 omnibus
1641 4355 1917 4427 legislator
1953 4370 2090 4425 pra:-

515 4446 716 4515 posuit.

582 4539 784 4594 Deinde
814 4554 956 4595 nunc
996 4550 1119 4609 post
1140 4555 1327 4595 omnes
1365 4555 1487 4595 eum
1511 4539 1601 4609 qui
1627 4539 1903 4609 sexaginta
1935 4538 2091 4593 annis

513 4637 571 4682 et
598 4642 761 4696 supra
790 4637 895 4693 est,
933 4629 1029 4695 ait,
1074 4644 1172 4698 per
1207 4631 1309 4685 hoc
1337 4630 1479 4698 quod
1504 4628 1642 4683 dixit
1669 4642 1684 4680 :
1711 4641 1873 4696 super
1900 4627 2092 4681 animai

515 4726 849 4773 senectutem
883 4727 938 4774 et
965 4719 1332 4773 inﬁrmitatem
1364 4718 1501 4788 ejus,
1527 4717 1619 4786 qui
1644 4717 1935 4769 maximam
1964 4731 2094 4770 con-

516 4811 878 4866 versationem
898 4820 1273 4881 proposuerat,
1298 4808 1482 4880 procul
1510 4807 1673 4861 dubio
1701 4806 1961 4874 designat.
1990 4805 2092 4872 Qui

516 4914 648 4971 ergo
672 4915 768 4970 per
790 4900 1117 4970 virginitatis
1140 4897 1222 4953 vel
1258 4898 1507 4966 despectu
1531 4893 1835 4963 possidendi
1862 4910 2090 4950 conver-

525 4990 794 5044 sationem
839 4988 1106 5059 promittit
1148 4998 1204 5041 et
1243 4985 1522 5056 proponit,
1573 4984 1767 5039 deinde
1794 4983 2094 5038 inﬁrmatur

520 5079 793 5148 complere
822 5078 1151 5147 propositum
1170 5117 1186 5141 ,
1223 5075 1373 5130 audit
1405 5090 1435 5128 a
1458 5073 1626 5128 Paulo
1654 5091 1667 5127 :
1698 5072 1759 5127 Si
1780 5074 1896 5144 quis
1922 5084 2092 5128 autem

522 5179 725 5237 turpem
739 5184 793 5221 se
812 5168 1072 5221 existimat
1096 5182 1249 5237 super
1271 5165 1521 5235 virginem
1541 5180 1711 5228 suam,
1739 5180 1797 5217 eo
1821 5163 1960 5233 quod
1984 5164 2099 5232 fue-

525 5259 589 5313 rit
614 5274 770 5329 super
790 5258 973 5313 adulta
996 5257 1044 5330 (ι
1075 5259 1199 5313 Cor.
1223 5256 1345 5327 vn).
1384 5254 1630 5310 Ostendit
1654 5256 1923 5324 quoddam
1951 5255 2099 5310 inﬁr-

526 5357 730 5405 matam
749 5359 804 5404 et
824 5350 891 5404 ad
911 5358 1244 5405 auectutem
1269 5349 1554 5404 deductum
1577 5346 1933 5416 propositum,
1951 5358 1997 5399 et
2021 5347 2095 5399 sic

529 5453 733 5512 oportet
765 5443 906 5513 fieri,
935 5445 1075 5513 quod
1106 5441 1236 5508 uult,
1267 5441 1450 5511 faciat,
1508 5456 1611 5494 non
1642 5448 1817 5509 peccat
1846 5439 1892 5491 si
1915 5439 2092 5491 nubat.

528 5530 594 5584 Et
628 5547 815 5588 rursus
841 5549 855 5586 :
896 5530 954 5587 Si
983 5532 1243 5602 nupseris,
1272 5546 1374 5584 non
1404 5527 1656 5598 peccasti;
1677 5536 1726 5580 et
1764 5526 1811 5579 si
1842 5525 2092 5595 nupserit,

535 5622 676 5693 virgo
699 5640 803 5680 non
821 5628 1084 5695 peccauit;
1113 5621 1498 5679 tribulationem
1533 5628 1711 5673 autent
1739 5616 1913 5671 carnis
1941 5615 2095 5669 habe-

536 5713 658 5763 bunt
684 5714 1006 5781 hujusmodi.
1055 5715 1161 5786 Ego
1200 5723 1368 5768 autem
1401 5710 1538 5765 vobis
1568 5724 1743 5777 parco,
1783 5707 1877 5760 hoc
1923 5714 2091 5760 autem

2116 4480 2165 4539 D

2180 3624 2391 3692 viginti,
2418 3621 2577 3691 hujus
2603 3621 2811 3685 decem,
2840 3620 3001 3690 hujus
3021 3618 3281 3688 quinque,
3308 3614 3470 3683 hujus
3500 3622 3640 3675 tres,
3670 3612 3757 3665 bn-

2176 3714 2264 3784 jus
2297 3712 2627 3783 quindecim,
2652 3709 2815 3778 hujus
2852 3711 3066 3772 decem;
3093 3705 3411 3775 colligentnr
3433 3712 3620 3758 autem
3651 3703 3757 3756 haec

2184 3818 2396 3873 parum.
2445 3802 2584 3869 Quid
2605 3802 2672 3857 de
2693 3809 2909 3856 centum
2938 3800 3324 3870 quinquaginta
3348 3797 3529 3850 minus
3560 3794 3758 3849 haben-

2185 3894 2292 3949 tia?
2320 3894 2444 3948 Hmc
2467 3902 2645 3948 autem
2683 3893 2736 3946 in
2762 3891 2998 3961 quinque
3029 3890 3199 3945 divisa
3230 3888 3437 3942 faciunt
3472 3900 3647 3954 prope
3671 3883 3759 3937 tri-

2185 3984 2461 4039 cenarium
2496 3996 2800 4037 numerum.
2832 3980 2963 4035 Vide
2999 3977 3451 4048 quemadmodum
3483 3972 3759 4041 neclegis—

2187 4073 2325 4127 lator
2373 4072 2639 4143 ignoravit
2679 4078 3193 4137 temperamentum,
3219 4066 3363 4136 quod
3411 4064 3668 4120 Christus
3706 4061 3756 4114 in

2187 4171 2370 4218 nostra
2407 4163 2518 4215 vita
2558 4169 2613 4215 et
2653 4161 3058 4215 conversatione
3096 4156 3258 4223 fecit;
3288 4172 3387 4211 nec
3433 4152 3761 4224 evangelista

2188 4268 2472 4308 numerum
2500 4259 2980 4320 temperamentum
3006 4250 3292 4304 habentem
3314 4246 3610 4317 ignoravit.
3636 4243 3761 4297 Pro-

2188 4351 2309 4412 pter
2332 4340 2475 4411 quod
2520 4357 2642 4396 eun:
2667 4355 2772 4395 non
2813 4340 3091 4409 plenorum
3120 4338 3339 4408 triginta
3367 4350 3636 4390 annorum
3678 4346 3760 4385 ve-

2188 4432 2335 4487 nisse
2355 4432 2431 4485 ait
2455 4431 2523 4485 ad
2546 4430 2889 4500 baptismum.
2916 4428 3008 4483 Ait
3027 4430 3169 4483 enim
3197 4446 3210 4481 :
3244 4426 3311 4480 Et
3338 4428 3449 4496 ipse
3469 4424 3633 4479 Iesus
3656 4429 3760 4475 erat

2190 4522 2441 4591 incipiens
2486 4519 2637 4590 quasi
2689 4534 2943 4572 annorum
2994 4518 3209 4586 triginta
3253 4514 3405 4584 (Luc.
3436 4512 3544 4583 tu).
3589 4512 3655 4566 Et
3673 4524 3766 4564 cur

2192 4614 2331 4669 hoc?
2357 4612 2491 4679 Quia
2514 4619 2570 4666 et
2595 4609 2685 4679 qui
2715 4608 2874 4662 nimis
2894 4607 3209 4677 perfectam,
3231 4615 3286 4660 et
3305 4604 3399 4673 qui
3422 4601 3764 4657 mediocriter

2193 4705 2507 4775 perfectam,
2539 4711 2595 4757 et
2622 4700 2713 4770 qui
2739 4700 3000 4759 minorem
3022 4699 3187 4752 vitam
3214 4697 3416 4759 studet,
3466 4709 3572 4748 non
3594 4691 3767 4762 perfe-

2194 4806 2282 4854 cte
2311 4796 2558 4868 pervenit
2578 4794 2645 4849 ad
2675 4806 3016 4856 mensuram;
3040 4790 3204 4844 nimis
3227 4788 3372 4842 enim
3394 4787 3562 4841 habet
3586 4782 3759 4838 omni-

2192 4890 2375 4954 modo,
2402 4888 2526 4957 quia
2553 4885 2648 4940 Dei
2668 4881 2834 4939 solius
2855 4890 2939 4937 est
2956 4879 3252 4951 perfectio;
3283 4877 3378 4933 sed
3408 4876 3588 4930 minus
3611 4871 3770 4926 habet

2199 4986 2414 5034 tantum
2443 4977 2500 5030 in
2526 4985 2788 5044 quantum
2823 4971 3034 5027 veniam
3061 4970 3115 5024 in
3144 4969 3269 5033 hoc,
3292 4966 3434 5037 quod
3457 4964 3638 5019 minus
3658 4968 3765 5022 est,

2198 5069 2311 5123 dat.
2363 5067 2513 5122 Unde
2553 5073 2607 5120 et
2638 5072 2855 5120 centum
2909 5059 3297 5131 quinquaginta
3332 5065 3540 5124 septem
3589 5053 3769 5107 minus

2198 5164 2352 5220 sunt;
2374 5156 2462 5210 hic
2497 5154 2639 5210 enim
2666 5153 3021 5222 quadraginta
3041 5157 3152 5204 tres
3178 5147 3469 5219 przedictus
3512 5155 3770 5200 numerus

2200 5247 2468 5318 colligitur
2497 5264 2511 5300 :
2543 5260 2642 5314 per
2667 5243 3031 5314 septenarium
3068 5251 3250 5296 autem
3273 5251 3557 5293 numerum
3596 5232 3771 5289 niani-

2200 5339 2337 5395 feste
2363 5339 2517 5393 venia
2554 5336 2907 5407 signiﬁcatur.

2272 5429 2330 5485 Si
2366 5439 2539 5483 autem
2580 5442 2776 5499 pauper
2810 5424 2967 5494 fuerit
3008 5433 3056 5476 et
3111 5420 3507 5476 mstimationern
3557 5413 3773 5468 reddere

2200 5537 2303 5574 non
2345 5518 2591 5582 valuerit,
2647 5515 2802 5571 stabit
2845 5528 3021 5567 coram
3066 5510 3372 5570 sacerdote,
3427 5516 3474 5560 et
3519 5515 3779 5575 quantum

2197 5608 2285 5663 ille
2331 5608 2681 5671 a’stimauerit,
2724 5614 2773 5659 et
2819 5603 3002 5656 viderit
3041 5616 3159 5654 eum
3210 5613 3357 5668 posse
3387 5596 3623 5657 reddere,
3652 5602 3779 5646 tau-

2199 5709 2307 5754 tum
2344 5697 2505 5753 dabit.
2547 5696 2695 5751 Nunc
2737 5694 2958 5751 dicitde
2993 5708 3058 5747 eo
3108 5690 3197 5762 qui
3252 5687 3477 5743 multum
3507 5684 3779 5754 peccavit.
