3926 6176
240 317 353 370 573

237 428 313 482 Et
362 434 645 499 propterea
692 423 885 493 Aquila
945 437 1044 492 pro
1100 436 1369 491 paupere,
1408 422 1453 476 si
1499 422 1812 486 excesserit,
1841 423 1896 481 Α

234 515 429 573 edidit.
468 515 569 571 Hic
609 529 765 584 ergo,
794 512 841 568 si
884 511 1065 568 oﬂ‘erri
1105 511 1214 567 Deo
1252 511 1382 577 vult,
1421 526 1604 568 coram
1635 525 1817 565 sacer-

236 608 369 662 dote
393 606 579 668 stabit,
629 613 687 660 ut
716 611 972 674 quantum
1000 603 1195 657 viderit
1216 617 1341 657 eum
1379 617 1556 672 posse,
1580 602 1813 657 aestimet

234 713 366 751 eum
390 696 636 759 reddere,
669 693 907 765 regulam
934 693 984 748 ei
1005 692 1131 747 vitae
1150 693 1452 762 imponens,
1481 707 1599 761 qua:
1624 700 1706 746 est
1731 707 1816 747 sc-

234 786 476 841 cundum
526 785 780 839 virtutem
822 797 1241 852 mensuramque
1267 781 1638 851 philompbize,
1674 780 1817 835 indi-

234 893 368 933 cens
394 891 558 946 quam
583 890 706 929 eum
723 871 1033 943 probaverit
1055 886 1216 940 posse
1238 880 1488 943 portare;
1517 871 1665 925 verbi
1693 885 1816 942 gra-

234 966 337 1031 tia,
384 966 431 1021 si
457 964 693 1035 locuples
717 973 820 1028 est,
849 972 909 1017 ut
929 963 1219 1018 distribuat
1244 961 1499 1031 pecunias
1524 978 1539 1026 ;
1578 961 1624 1015 si
1652 975 1817 1017 sanus

233 1062 341 1120 est,
368 1063 432 1110 ut
448 1054 672 1125 jejuniis
704 1062 758 1110 et
778 1053 1114 1109 orationibus
1136 1051 1358 1121 aliisque
1387 1051 1640 1120 operibus
1660 1050 1816 1106 bouis

233 1156 431 1213 vacet;
468 1148 516 1203 si
554 1154 737 1201 autem
777 1145 1017 1216 locuples
1043 1154 1129 1201 est
1167 1152 1222 1199 et
1243 1158 1427 1208 sanus,
1477 1157 1815 1214 quacunque

233 1239 437 1294 divitia:
465 1248 520 1294 et
545 1240 690 1295 salus
714 1239 763 1293 ei
790 1247 1081 1309 suggerunt
1101 1252 1260 1309 agere
1276 1236 1521 1306 jubetur.
1546 1235 1605 1291 Si
1627 1245 1811 1291 autem

232 1338 512 1393 neutrum,
557 1328 611 1382 iu
633 1328 877 1383 oratione
910 1326 1070 1394 ﬂere;
1098 1335 1154 1383 et
1190 1335 1252 1381 ut
1277 1327 1515 1382 breviter
1549 1326 1813 1392 dicamus,

229 1424 595 1494 quodcunque
635 1437 759 1478 eum
804 1422 997 1476 viderit
1035 1437 1131 1492 per
1159 1436 1372 1491 corpus,
1423 1428 1514 1475 aut
1548 1436 1643 1491 per
1684 1422 1813 1475 sub-

228 1518 518 1583 stantiam,
567 1524 660 1570 aut
685 1531 782 1586 per
805 1514 965 1570 aliam
988 1514 1365 1578 valetudinem,
1416 1522 1510 1567 aut
1530 1511 1816 1568 facultates

229 1623 395 1679 posse
427 1621 706 1677 peragere.
736 1604 946 1662 Animal
968 1613 1164 1670 autem,
1190 1604 1328 1675 quod
1350 1602 1613 1658 immolari
1649 1612 1811 1674 potest

231 1698 485 1763 Domino,
516 1698 563 1752 si
593 1698 707 1768 quis
727 1697 935 1760 nouerit,
983 1705 1220 1750 sanctum
1243 1696 1362 1760 erit,
1406 1704 1454 1748 et
1486 1695 1680 1748 mutari
1708 1712 1813 1749 non

228 1798 421 1858 potest,
447 1760 501 1842 id
525 1760 628 1852 est,
655 1801 756 1840 nec
780 1785 973 1841 melius
995 1786 1156 1851 malo,
1184 1801 1285 1841 nec
1296 1786 1446 1856 pejus
1467 1785 1628 1840 bono.
1656 1784 1808 1852 Quod
1842 1760 1884 1819 Β

227 1881 273 1932 si
302 1878 600 1942 mutaverit,
624 1888 670 1931 et
696 1877 865 1947 ipsum
882 1875 1022 1946 quod
1070 1887 1299 1930 mutatus
1320 1885 1415 1941 est,
1440 1885 1488 1929 et
1518 1875 1671 1940 illud,
1714 1893 1808 1945 pro

226 1987 328 2040 quo
354 1979 614 2023 mutatum
635 1977 733 2031 est,
761 1976 1118 2022 consecratum
1138 1969 1233 2022 erit
1250 1967 1494 2023 Domino.
1517 1968 1810 2037 Quiaipsas

232 2076 354 2129 qua:
383 2076 449 2114 ex
479 2059 878 2127 nobismetipsis
923 2057 1224 2113 offeruntur
1266 2057 1588 2123 oblationes,
1633 2073 1801 2127 quos-

226 2151 352 2205 dam
383 2151 580 2205 habere
608 2150 824 2220 gradus,
861 2157 915 2203 et
943 2146 1276 2202 didereutias
1321 2147 1599 2217 legislator
1643 2162 1807 2217 expo-

227 2240 357 2295 suit.
388 2241 529 2295 Ecce
551 2239 695 2294 enim
743 2238 905 2293 etiam
932 2252 1120 2292 eorum
1151 2237 1244 2305 qui
1267 2237 1511 2306 quolibet
1542 2236 1701 2291 modo
1728 2236 1809 2291 sic

231 2333 392 2385 nobis
423 2331 749 2395 elliciuutur,
787 2339 847 2384 ut
883 2330 1045 2384 etiam
1080 2344 1276 2399 pecora
1306 2339 1492 2384 nostra
1525 2328 1808 2384 nominen-

228 2428 342 2484 tur,
366 2428 583 2489 propter
612 2419 716 2474 hoc
738 2418 882 2488 quod
905 2418 1066 2473 nimis
1096 2419 1323 2489 subjecti
1360 2427 1513 2484 sunt,
1545 2426 1638 2475 aut
1679 2419 1806 2489 quia

229 2526 344 2564 non
368 2510 450 2563 eis
468 2509 533 2563 ad
557 2516 799 2563 nostrum
823 2498 1205 2574 ministerium,
1234 2508 1684 2577 quemadmodum
1714 2522 1809 2577 pe-

234 2602 467 2656 coribus
492 2600 710 2654 utimur.
736 2598 960 2666 Quando
993 2608 1178 2655 sancta
1205 2599 1276 2653 sit
1296 2598 1523 2664 oblatio,
1560 2613 1657 2668 per
1684 2597 1802 2657 btet:

227 2706 356 2762 qua:
380 2690 522 2745 dicta
548 2696 674 2744 sunt
714 2689 950 2759 exponit.
982 2688 1245 2758 Pmcepit
1271 2697 1452 2744 autem
1488 2696 1547 2742 ut
1575 2704 1683 2743 non
1710 2704 1807 2745 nos

224 2786 492 2857 pmniteat
519 2784 586 2838 de
618 2783 703 2838 bis
728 2797 846 2852 qua:
880 2780 1157 2837 offerimus
1183 2782 1311 2837 Deo.
1364 2781 1507 2852 Ergo
1527 2781 1798 2851 siquidem

227 2878 294 2932 de
327 2876 418 2931 bis
446 2875 800 2930 obtulerimns
837 2874 1144 2944 pecoribus,
1195 2890 1315 2945 quae
1347 2890 1466 2930 mos
1497 2884 1583 2930 est
1621 2874 1806 2931 oﬂ‘erri

230 2966 361 3021 Deo.
394 2964 511 3020 Mos
537 2973 718 3019 autem
739 2972 825 3019 est
844 2972 905 3019 ut
931 2964 982 3019 ei
1006 2964 1349 3019 immaculata
1371 2973 1426 3020 et
1448 2964 1648 3020 munda
1669 2964 1803 3022 offe-

199 3070 455 3127 _r..ntur;
484 3074 684 3114 munus
718 3065 964 3113 nostrum
1003 3058 1149 3113 illico
1176 3057 1565 3123 sanctiﬁcatur,
1604 3066 1659 3113 et
1685 3056 1800 3126 jam

227 3165 331 3204 non
364 3156 454 3203 est
483 3148 589 3212 fas,
616 3153 675 3202 ut
710 3162 811 3202 nos
828 3147 895 3203 de
920 3162 987 3202 eo
1013 3147 1276 3217 pmniteat
1299 3161 1313 3200 :
1340 3146 1529 3211 veluti,
1558 3147 1605 3203 si
1632 3147 1799 3202 tilium

224 3240 304 3294 vel
327 3238 681 3310 discipulum,
715 3237 799 3293 vel
828 3252 1043 3292 servum
1072 3244 1166 3291 aut
1190 3236 1375 3301 alium,
1408 3237 1501 3306 qui
1514 3238 1616 3291 sub
1643 3252 1803 3292 manu

226 3338 417 3385 nostra
447 3337 552 3395 est,
594 3329 708 3384 Deo
737 3327 1114 3392 obtulerimus,
1160 3343 1337 3396 neque
1364 3335 1576 3382 mutare
1604 3328 1803 3384 malum

227 3421 291 3474 ad
316 3419 537 3484 melius,
576 3427 669 3472 aut
696 3419 900 3474 bonum
926 3417 994 3471 ad
1030 3416 1252 3471 malum.
1284 3416 1481 3471 Malum
1506 3425 1688 3472 autem
1717 3418 1807 3473 hic

226 3510 380 3573 dicit,
430 3508 693 3577 quidquid
739 3521 843 3562 non
887 3521 1111 3576 pravum
1133 3514 1218 3561 est
1260 3505 1438 3562 modis
1470 3507 1721 3561 omnibus
1751 3514 1807 3561 et

224 3600 485 3654 mundum
523 3607 647 3664 est;
676 3599 722 3654 si
767 3605 949 3653 autem
987 3598 1318 3652 immundum
1364 3604 1470 3663 est,
1491 3612 1596 3651 non
1628 3604 1714 3652 est
1740 3598 1806 3651 de

224 3692 326 3748 illis
347 3707 473 3762 qua:
504 3706 620 3746 mos
652 3697 736 3744 est
765 3688 946 3743 offerri
975 3689 1100 3743 Deo.
1131 3688 1262 3742 Esse
1286 3695 1465 3742 autem
1487 3689 1554 3741 de
1575 3687 1660 3741 his
1687 3701 1807 3755 quae

225 3782 500 3837 immolari
531 3787 756 3852 possunt
778 3778 1027 3845 Domino,
1052 3779 1191 3834 hanc
1220 3776 1545 3834 oblationem
1592 3776 1801 3848 legisla-

223 3881 304 3926 tor
323 3872 487 3936 dixit,
517 3871 613 3925 sed
636 3870 831 3924 malum
847 3869 935 3924 hic
962 3869 1112 3934 dicit,
1137 3868 1281 3938 quod
1306 3876 1391 3923 est
1409 3866 1668 3922 deterius.
1704 3865 1796 3922 Sic

223 3964 370 4017 enim
401 3960 691 4016 manifeste
712 3968 767 4015 et
788 3958 1148 4031 Symmachus
1175 3958 1435 4014 tradidit:
1471 3956 1594 4012 Non
1628 3957 1801 4012 reddit

222 4054 412 4107 melius
434 4069 529 4122 pro
562 4051 824 4116 deteriori,
848 4059 940 4105 aut
961 4050 1188 4104 deterius
1219 4066 1313 4120 pro
1333 4049 1535 4105 meliori
1560 4063 1580 4102 :
1608 4057 1671 4103 ut
1697 4063 1806 4104 non

223 4145 369 4200 hunc
395 4143 564 4198 ﬁlium
594 4152 684 4197 aut
712 4158 927 4197 servum
955 4142 1241 4197 offerentes
1265 4142 1477 4197 Domini
1504 4142 1728 4197 servitio
1747 4150 1803 4197 et

226 4236 561 4299 ministerio,
595 4235 836 4303 recipere
858 4249 980 4289 eum
1005 4233 1061 4287 in
1088 4242 1332 4288 nostrum
1352 4233 1714 4288 ministerium
1740 4240 1798 4287 et

224 4320 491 4380 utilitates
510 4325 761 4391 velimus,
786 4325 1162 4396 promittentes
1184 4323 1381 4379 oli‘erre
1400 4323 1674 4379 meliorem
1695 4321 1806 4378 for-

223 4414 367 4468 sitan
391 4414 479 4468 vel
508 4413 852 4468 deteriorem.
896 4412 1078 4482 Neque
1093 4414 1237 4470 enim
1261 4412 1406 4477 licet,
1429 4419 1649 4481 propter
1661 4411 1805 4482 quod

222 4516 275 4559 et
298 4507 463 4560 Anna
505 4505 572 4562 de
590 4504 806 4561 Samuel
842 4505 1054 4561 dicebat
1080 4524 1091 4560 :
1123 4503 1181 4561 Si
1204 4506 1480 4576 respiciens
1513 4505 1803 4575 respexeris

224 4597 293 4648 ad
314 4594 670 4650 humilitatem
698 4593 904 4650 ancilla:
927 4604 1031 4651 tua:
1049 4604 1099 4649 et
1128 4594 1420 4649 memineris
1440 4595 1557 4657 mei,
1582 4603 1630 4647 et
1651 4593 1808 4648 dede-

224 4688 298 4739 ris
319 4685 536 4739 ancilla:
562 4695 668 4739 tua:
691 4702 870 4741 sexum
892 4684 1115 4751 uirilem,
1140 4684 1274 4738 dabo
1309 4701 1426 4739 eum
1456 4684 1512 4738 in
1532 4695 1805 4754 conspectu

224 4786 314 4828 tuo
334 4774 545 4838 datum,
566 4790 727 4844 usque
746 4773 815 4827 ad
836 4773 974 4827 diem
995 4774 1176 4827 mortis
1188 4772 1302 4842 ejus
1330 4771 1380 4843 (Ι
1402 4770 1531 4842 Reg.
1557 4775 1618 4842 ι).
1653 4772 1805 4836 Quod

226 4865 271 4915 si
298 4864 618 4927 mutaverit,
649 4875 699 4919 et
718 4863 886 4935 ipsum
948 4862 1086 4934 quod
1121 4871 1400 4928 mutatum,
1447 4872 1499 4916 et
1523 4860 1668 4916 illud
1710 4878 1805 4932 pro

227 4970 328 5023 quo
375 4961 638 5007 mutatum
683 4961 781 5018 est,
827 4962 1182 5007 consecratum
1202 4953 1300 5007 erit
1346 4951 1592 5007 Domino.
1627 4949 1698 5006 Ut
1747 4958 1803 5005 et

231 5046 377 5099 hunc
411 5059 572 5113 quem
622 5052 781 5100 antea
820 5043 1131 5110 obtulimus,
1178 5051 1233 5098 et
1258 5058 1383 5098 eum
1424 5058 1589 5113 quem
1617 5050 1802 5113 postea

229 5149 355 5190 cum
384 5135 561 5205 prima
581 5134 856 5189 oblatione
874 5134 1292 5198 sanetilicemus,
1318 5142 1375 5188 et
1401 5141 1657 5203 utrosque
1686 5132 1798 5189 Deo

230 5226 624 5292 concedamus;
657 5226 761 5280 hoc
785 5226 930 5280 enim
961 5240 1066 5279 non
1094 5239 1192 5279 nos
1209 5224 1470 5293 permittit
1497 5224 1552 5279 in
1575 5225 1661 5280 his
1685 5239 1804 5295 qua:

230 5315 511 5372 offerimus
547 5316 924 5386 paenitentiam
951 5330 1133 5386 agere,
1160 5315 1259 5370 sed
1284 5323 1341 5370 et
1362 5315 1594 5384 percutit
1619 5316 1802 5371 inimi-

232 5421 356 5461 cum
382 5409 475 5479 qui
499 5409 656 5464 nobis
677 5408 938 5478 poenitere
977 5406 1261 5478 suggessit,
1306 5405 1435 5460 dum
1467 5406 1614 5462 videt
1635 5406 1808 5477 dupli-

233 5505 409 5552 catam
436 5507 680 5554 nostram
713 5497 1063 5565 oblationem,
1104 5512 1267 5567 quam
1314 5494 1403 5552 ille
1425 5512 1524 5567 per
1543 5497 1807 5567 paeniten-

236 5585 366 5642 tiam
393 5587 721 5658 intercipere
750 5587 933 5646 voluit.

1168 308 1669 366 EXPOSITIONES
1705 308 1770 363 1N
1806 308 2196 367 LEVITICUM.
2230 343 2296 353 —
2336 312 2462 369 LIB.
2504 316 2612 371 γη.

1830 4456 1884 4514 D

3385 324 3489 380 574

2509 424 2732 482 CAPUT
2766 429 2878 483 XV.

1964 511 2043 566 De
2065 527 2125 566 eo
2156 512 2246 583 qui
2265 514 2454 567 noverit
2481 516 2680 569 animal
2708 517 3052 582 immundum,
3094 521 3196 573 sive
3223 521 3431 578 dantum

2093 598 2266 647 suam,
2308 599 2397 636 seu
2433 600 2633 654 agrum,
2663 596 2707 638 et
2731 585 2857 656 quid
2880 586 3179 652 faciendum
3207 590 3291 642 sit.

1986 690 2162 763 (ἰδιυ.)
2199 691 2411 746 Animal
2449 692 2796 759 immundum,
2820 694 2958 765 quod
2987 695 3247 751 immolari
3269 697 3490 753 Domino

1917 797 2019 836 non
2038 791 2225 852 potest,
2256 782 2301 836 si
2328 782 2443 852 quis
2462 783 2672 849 vovet-it,
2696 784 2984 837 adducetur
3010 796 3128 839 ante
3153 787 3490 853 sacerdotem,

1913 876 2003 944 qui
2027 873 2325 943 dijudicans
2345 884 2520 927 utrum
2541 873 2731 928 bonum
2752 891 2821 928 an
2842 874 3037 928 malum
3060 876 3150 943 sit,
3173 886 3361 931 statuet
3380 894 3494 948 pre-

1915 964 2066 1017 tium.
2097 962 2250 1028 Quod
2280 964 2326 1017 si
2356 963 2484 1017 dare
2511 963 2727 1018 voluerit
2762 965 2806 1018 is
2831 966 2921 1035 qui
2951 966 3123 1034 offert,
3151 964 3308 1019 addet
3333 985 3491 1028 supra

1914 1054 2311 1108 azstimationem
2351 1054 2587 1125 quintam
2630 1063 2849 1124 partem.
2898 1053 3349 1124 lnquirendusest
3369 1071 3494 1112 sen-

1910 1162 2042 1211 sus,
2108 1144 2376 1215 quomodo
2410 1144 2515 1200 hoc
2545 1145 2855 1201 mandatum
2892 1154 3036 1200 stare
3068 1146 3221 1217 juxta
3259 1147 3490 1202 litteram

1911 1235 2113 1304 possit?
2139 1233 2196 1289 Si
2216 1235 2368 1291 enim
2393 1234 2575 1290 oll'crri
2614 1251 2720 1290 non
2744 1234 2889 1300 licet,
2916 1252 3017 1290 nec
3046 1236 3244 1291 donum
3272 1238 3377 1292 erit
3400 1253 3490 1292 ac-

1912 1322 2200 1395 ceptabile,
2215 1326 2484 1394 quomodo
2500 1333 2786 1393 utrumque
2813 1323 3085 1395 legislator
3107 1332 3361 1395 tanquam
3385 1327 3486 1381 sibi

1913 1431 2217 1488 repugnans
2237 1425 2399 1487 atque
2423 1417 2679 1471 resistens
2699 1415 2947 1486 scripsit?
2973 1415 3080 1471 Sed
3100 1417 3300 1487 aliquid
3326 1432 3489 1472 evan-

1912 1506 2094 1580 gelica:
2128 1508 2434 1577 proximum
2468 1508 2702 1581 largitati
2742 1510 2916 1564 modis
2949 1510 3200 1565 omnibus
3235 1511 3409 1565 innuit
3433 1519 3490 1566 et

1912 1600 2377 1666 eondescensioni,
2407 1618 2568 1672 quam
2593 1605 2766 1674 gratia
2802 1605 2970 1659 novit.
3009 1606 3099 1660 Sic
3128 1619 3256 1677 ergo
3283 1619 3346 1661 ea
3372 1621 3491 1675 quae

1912 1692 2057 1748 dicta
2078 1702 2202 1748 sunt
2224 1694 2603 1766 intelligamus.
2627 1696 2743 1752 Non
2763 1697 2961 1752 licebat
2976 1699 3086 1753 Deo
3109 1697 3289 1753 oll‘erri
3312 1699 3379 1754 de
3399 1714 3493 1770 pe-

1911 1782 2128 1837 coribus
2147 1798 2265 1852 quae
2289 1799 2395 1839 non
2421 1784 2579 1839 simul
2602 1794 2657 1840 et
2679 1786 2933 1857 ungulam
2958 1786 3231 1842 ﬁndebant
3252 1799 3308 1844 et
3328 1789 3493 1843 rumi-

1910 1873 2129 1929 nabanl.
2146 1875 2272 1932 Haec
2292 1878 2437 1931 enim
2459 1878 2542 1934 lex
2558 1880 2793 1934 habebat
2815 1880 3109 1934 immunda.
3126 1879 3288 1948 Cujus
3312 1889 3488 1936 autem

1909 1974 2028 2022 erat
2039 1968 2289 2038 aenigma,
2310 1969 2361 2023 id
2380 1976 2483 2033 est,
2504 1969 2756 2039 ungulam
2778 1984 2882 2024 non
2906 1969 3143 2025 findere?
3163 1969 3278 2026 Non
3303 1971 3491 2026 distiu-

1908 2072 2071 2128 guere
2108 2057 2242 2130 legis
2268 2058 2501 2114 litteram
2548 2067 2601 2113 et
2623 2060 2869 2128 spiritum
2899 2060 3152 2125 scientis;
3176 2076 3282 2115 non
3309 2071 3488 2116 autem

1908 2148 2204 2217 ruminare,
2220 2147 2335 2217 ejus
2371 2150 2459 2219 qui
2501 2165 2608 2203 non
2648 2150 2902 2204 continue
2941 2150 3314 2205 meditationis
3357 2150 3490 2221 legis

1909 2235 2144 2292 habebat
2189 2237 2443 2300 studium,
2484 2246 2539 2292 et
2577 2237 2665 2306 qui
2710 2237 2891 2308 lingua
2924 2237 3118 2301 solum,
3171 2252 3277 2292 non
3325 2238 3489 2292 etiam

1908 2325 2069 2382 corde
2097 2341 2215 2381 eam
2245 2327 2313 2382 ad
2349 2328 2751 2384 meditationem
2780 2336 3020 2385 revocat.
3059 2327 3117 2383 Si
3141 2344 3268 2400 ergo
3297 2328 3490 2399 aliquis

1909 2420 2080 2476 lilium
2106 2421 2267 2477 talem
2297 2421 2383 2476 vel
2411 2437 2648 2487 servum,
2681 2421 2764 2477 vel
2793 2421 3114 2493 discipulum
3142 2421 3253 2476 Deo
3273 2418 3488 2485 oll‘crat,

1907 2514 2000 2584 qui
2030 2521 2212 2569 autem
2247 2514 2319 2568 ad
2343 2513 2896 2571 meditandassacras
2919 2511 3249 2583 Scripturas,
3301 2519 3395 2564 aut
3420 2510 3489 2565 ad

1908 2604 2226 2660 divisionem
2275 2603 2743 2672 contemplationis
2769 2618 2874 2657 non
2903 2619 2971 2658 ex
3004 2601 3233 2668 malitia,
3275 2601 3370 2656 sed
3416 2615 3483 2655 ex

1907 2695 2225 2751 inﬁrmitate
2271 2697 2447 2752 minor
2496 2696 2595 2761 sit,
2637 2695 2866 2751 necdum
2898 2702 2982 2751 est
3027 2693 3245 2763 quidem
3292 2707 3489 2747 munus

1908 2784 2056 2851 Deo;
2079 2801 2253 2855 neque
2271 2787 2413 2840 enim
2444 2787 2597 2856 quasi
2624 2786 2823 2842 oblitus
2844 2785 2914 2839 sit
2935 2783 3050 2854 ejus
3075 2784 3348 2856 legislator
3370 2798 3482 2838 me-

1908 2878 2139 2933 moriam
2177 2877 2324 2932 facit.
2355 2877 2788 2932 Adducitautem
2812 2892 2935 2933 eum
2972 2885 3094 2930 ante
3124 2874 3488 2941 sacerdotem,

1906 2975 1963 3023 et
2009 2968 2198 3022 statuit
2239 2967 2471 3037 pretium
2501 2964 2618 3035 ejus
2644 2968 2914 3031 sacerdos,
2952 2964 3273 3034 “dijudicans
3305 2971 3485 3018 utrum

1911 3059 2112 3113 bonum
2146 3073 2214 3113 an
2252 3057 2453 3113 malum
2482 3058 2591 3112 sit:
2624 3064 2685 3111 ut
2713 3055 3027 3127 imperfecto
3070 3057 3216 3112 enim
3256 3053 3484 3110 condes-

1907 3147 2160 3213 cendens,
2189 3147 2524 3205 moderatum
2555 3148 2607 3204 ei
2625 3146 2816 3219 jugum
2856 3147 3105 3217 imponit,
3152 3145 3207 3201 id
3231 3152 3333 3212 est,
3363 3159 3485 3200 eam

1906 3252 2028 3307 qua:
2052 3237 2282 3295 mediam
2300 3238 2438 3293 inter
2460 3239 2660 3295 bonum
2683 3237 2992 3307 malumque
3014 3235 3483 3292 conversationem

1907 3336 2012 3393 est,
2043 3336 2137 3384 aut
2158 3343 2187 3382 a
2210 3328 2353 3383 malo
2383 3328 2691 3393 declinatio,
2726 3337 2780 3384 et
2812 3337 3098 3398 provectus
3138 3325 3206 3381 ad
3237 3324 3481 3382 meliora.

1905 3418 2018 3475 lloc
2058 3419 2205 3473 enim
2234 3417 2461 3473 forsitan
2504 3419 2721 3489 proprie
2770 3418 3000 3474 dicimus
3024 3433 3143 3473 esse
3169 3417 3313 3472 inter
3335 3416 3479 3472 dete-

1906 3514 2021 3567 rius
2045 3521 2100 3566 et
2130 3512 2345 3576 melius,
2374 3513 2517 3581 quod
2549 3528 2649 3582 pro
2674 3528 2739 3568 eo
2760 3513 2903 3582 quod
2931 3512 3133 3566 dictum
3158 3519 3260 3573 est,
3298 3517 3479 3565 utrum

1902 3602 2102 3656 bonum
2139 3617 2208 3655 an
2245 3602 2477 3668 malum;
2503 3604 2672 3657 edidit
2709 3602 3102 3673 Symmachus:
3144 3600 3326 3654 statuit
3366 3618 3483 3671 pre-

1903 3694 2033 3747 tium
2055 3693 2319 3759 sacerdos,
2344 3694 2389 3748 si
2414 3694 2683 3763 quomodo
2705 3691 2994 3764 proﬁciens
3021 3693 3218 3746 donum
3241 3704 3361 3746 esse
3387 3707 3477 3746 eo-

1904 3800 2025 3839 rum
2054 3800 2174 3856 qua:
2202 3785 2313 3840 Deo
2332 3783 2631 3840 offeruntur
2676 3784 2869 3856 possit.
2898 3783 3049 3849 Quod
3078 3783 3124 3838 si
3144 3780 3270 3833 dare
3293 3780 3473 3837 oofueo

1905 3875 1972 3928 rit
1998 3875 2044 3929 is
2079 3876 2170 3942 qui
2204 3875 2379 3945 oﬂ‘ert,
2419 3874 2577 3930 addet
2618 3890 2774 3945 super
2798 3875 3191 3931 aestimationem
3232 3877 3472 3947 quintam

1903 3973 2124 4034 partem.
2149 3964 2218 4018 Et
2264 3964 2393 4033 quid
2440 3964 2545 4039 hoc
2581 3965 2696 4020 est?
2727 3954 2785 4020 lu
2821 3965 3058 4036 quinque
3109 3982 3334 4023 numero
3356 3980 3481 4020 sen-

1905 4066 1998 4107 sus
2024 4060 2177 4108 suut:
2202 4052 2394 4107 borum
2421 4053 2579 4109 nobis
2597 4054 2784 4123 quinta
2804 4069 2931 4123 pars
2959 4070 3111 4110 mens
3132 4063 3233 4112 est.
3262 4054 3344 4111 Ab
3366 4054 3479 4125 ipsa

1906 4141 2050 4197 enim
2076 4141 2465 4212 gubernantur,
2496 4144 2608 4197 sive
2627 4143 2772 4198 enim
2788 4145 2890 4198 hac
2918 4160 3025 4198 non
3047 4144 3201 4199 valde
3215 4145 3479 4200 habentes

1905 4245 1964 4286 se
1976 4228 2186 4297 juvant.
2214 4229 2417 4285 Horum
2442 4245 2573 4299 ergo
2599 4231 2837 4300 quinque
2864 4232 3123 4303 virgines,
3146 4247 3265 4302 qua:
3290 4232 3359 4286 ad
3383 4248 3479 4285 uu-

1904 4320 2043 4390 ptias
2095 4335 2201 4375 non
2239 4326 2500 4389 susceptae
2525 4328 2672 4385 sunt,
2712 4319 2943 4391 ﬁguram
2984 4329 3205 4390 gerunt.
3233 4318 3480 4390 Quinque

1905 4411 2050 4466 enim
2076 4427 2182 4466 non
2206 4411 2510 4466 habuerunt
2534 4413 2874 4483 sapientiam,
2904 4415 3046 4469 unde
3071 4412 3313 4470 absolute
3327 4421 3382 4468 et
3402 4412 3484 4469 fa-

1911 4514 2013 4559 tuae
2049 4504 2338 4560 nominata:
2368 4512 2493 4561 sunt
2529 4503 2743 4575 (Matth.
2779 4505 2931 4577 xxv).
2961 4506 3103 4577 Ergo
3149 4505 3194 4562 si
3217 4506 3342 4575 quis
3365 4504 3481 4559 vult

1909 4594 2176 4649 redimere
2202 4609 2346 4659 eum,
2377 4595 2468 4664 qui
2491 4604 2712 4665 propter
2737 4597 3020 4666 praedictas
3040 4612 3230 4652 causas
3254 4597 3483 4651 immun-

1906 4686 1990 4741 dis
2019 4696 2362 4755 comparatur
2394 4687 2699 4757 pecoribus,
2750 4702 2946 4744 acuere
2984 4689 3129 4743 huuc
3156 4703 3291 4757 opus
3316 4689 3481 4743 habet

1904 4785 1960 4831 et
1980 4774 2161 4831 facere
2183 4776 2582 4847 intelligentem.
2610 4776 2701 4832 Sic
2725 4777 2870 4831 enim
2897 4777 3243 4847 semetipsum
3285 4776 3481 4846 guber-

1905 4879 2061 4931 nare,
2095 4872 2151 4919 et
2178 4879 2283 4919 non
2319 4879 2542 4920 necesse
2571 4864 2772 4920 habere
2805 4865 3028 4921 alterius
3061 4867 3352 4938 ptcdagogo
3382 4881 3479 4936 ρος

1909 4955 2093 5010 tuerit.
2121 4954 2379 5026 Sequitur
2404 4970 2420 5010 :

1980 5043 2152 5099 Homo
2177 5047 2223 5099 si
2243 5046 2431 5100 noverit
2455 5045 2667 5099 domum
2696 5062 2846 5101 suam
2869 5056 2917 5102 et
2940 5047 3341 5116 sanctiﬁcaverit
3369 5045 3477 5099 Do-

1906 5134 2069 5198 mino,
2105 5133 2450 5188 considerabit
2470 5150 2584 5188 eam
2604 5135 2845 5189 sacerdos
2871 5144 3049 5191 utrum
3072 5134 3207 5190 bona
3229 5152 3298 5188 an
3334 5132 3475 5186 mala

1906 5225 1997 5289 sit,
2024 5233 2073 5278 et
2087 5224 2249 5294 juxta
2273 5226 2497 5296 pretium
2521 5225 2660 5295 quod
2683 5229 2749 5279 ab
2769 5243 2829 5281 eo
2849 5225 3007 5296 fuerit
3035 5225 3371 5280 constitutum
3393 5238 3476 5275 ve-

1908 5315 2186 5370 nundetur.
2216 5314 2275 5371 Si
2303 5326 2477 5371 autem
2515 5315 2606 5371 ille
2631 5317 2721 5387 qui
2733 5326 2958 5381 voverat,
2987 5314 3204 5371 voluerit
3224 5312 3477 5365 redimere

1906 5420 2039 5467 eam,
2056 5403 2199 5458 dabit
2218 5405 2453 5475 quintam
2471 5414 2671 5475 partem
2684 5405 3041 5460 testimationis
3062 5419 3240 5471 supra,
3260 5409 3308 5454 et
3327 5399 3479 5454 habeo
3538 5408 3545 5421 ‘

1911 5493 1982 5546 bit
2013 5491 2242 5546 domum.
2275 5492 2427 5558 Quod
2449 5493 2496 5548 si
2521 5510 2705 5564 agrum
2726 5492 3062 5564 possessionis
3082 5506 3192 5544 sum
3216 5489 3407 5543 voverit
3429 5500 3476 5543 et

1906 5582 2279 5637 consecraverit
2304 5581 2547 5647 Domino,
2564 5582 2725 5652 juxta
2750 5595 3043 5636 mensuram
3069 5577 3307 5632 sementis
3329 5579 3470 5633 testi-

1908 5668 2135 5725 mabitur
2173 5670 2413 5741 pretium.
2469 5669 2528 5725 Si
2577 5671 2790 5739 triginta
2829 5666 3013 5721 modiis
3054 5665 3234 5722 Itordct'
3274 5667 3467 5723 seritur
