3918 6180
469 373 574 428 575

1137 374 1198 429 B.
1236 372 1491 428 RABANI
1528 372 1748 429 MAURI
1786 371 2105 427 ARCHIEP.
2145 373 2453 431 MOGUNT.
2493 375 2777 434 OPERUM
2815 376 2995 434 PARS
3029 378 3070 432 1.

3612 379 3713 435 570

467 493 626 543 terra,
656 481 1033 551 quinquaginta
1059 481 1201 536 siclis
1223 483 1399 536 vendet
1429 484 1652 552 argenti.
1698 481 1756 536 Si
1784 481 1961 534 statim
1981 480 2045 533 ab
2073 481 2120 540 A
2149 495 2301 537 suam
2346 495 2402 539 et
2444 487 2817 557 cognationem
2861 497 2916 543 et
2962 488 3353 559 intelligibilcm
3396 488 3614 543 domum
3666 493 3713 545 it:

468 586 606 625 anno
630 569 922 639 incipientis
941 570 1147 639 jubilwi
1177 572 1368 625 voverit
1416 587 1622 642 agrum,
1662 579 1856 641 quanto
1878 569 2052 624 valere

468 668 654 728 potest,
675 667 819 712 tanta
841 659 1204 713 tcstimabitur.
1220 659 1277 713 Si
1299 671 1410 730 post
1436 660 1763 730 aliquantum
1781 660 2047 730 temporis,

470 748 771 816 supputabit
800 749 1045 803 sacerdos
1065 751 1361 820 pecuniam,
1391 751 1553 819 juxta
1576 766 1833 803 annorum
1859 752 1949 821 qui
1971 768 2051 805 re—

472 839 599 909 liqui
619 849 738 893 sunt
767 857 1059 905 numerum,
1085 858 1245 912 usque
1279 843 1346 894 ad
1374 841 1642 908 iubilrrum
1676 851 1724 895 et
1749 842 2052 896 detrahetur

474 946 537 984 er
556 931 739 999 pretio.
770 931 921 997 Quod
945 933 991 985 si
1021 933 1235 987 voluerit
1268 934 1518 988 redimere
1539 951 1723 1004 agrum
1751 934 1840 989 ille
1857 936 1947 1006 qui
1965 953 2053 990 vo-

475 1030 636 1084 verat,
659 1022 811 1075 addet
832 1024 1066 1094 quintam
1086 1034 1287 1093 partem
1309 1025 1578 1078 wstimata:
1591 1026 1843 1095 pecuniae,
1868 1036 1914 1079 et
1938 1042 2053 1097 pos-

476 1109 661 1163 sidebit
687 1127 823 1163 ρων.

544 1199 659 1253 Νοη
691 1200 1078 1270 qualiscunque
1105 1201 1193 1257 hic
1214 1202 1426 1273 paritur
1460 1201 1768 1275 [qumritur]
1795 1204 2047 1273 quaestio.

475 1292 643 1348 Paulo
672 1304 794 1365 post
818 1295 962 1350 enim
990 1296 1057 1349 ad
1090 1296 1252 1350 ﬁnem
1277 1296 1555 1368 legislator
1578 1297 1658 1352 sic
1684 1297 1815 1352 dicit
1845 1315 1858 1351 :
1886 1296 2052 1352 Omne

473 1385 613 1455 quod
648 1384 872 1440 Domino
904 1398 1259 1454 consecratur,
1286 1389 1393 1443 sive
1419 1389 1572 1443 homo
1602 1390 1697 1443 erit
1721 1390 1825 1443 sive
1850 1390 2074 1453 animal,

474 1477 580 1530 sive
603 1492 750 1545 ager,
775 1493 879 1530 non
910 1478 1161 1532 vendetur
1192 1496 1283 1533 nec
1313 1479 1499 1535 redimi
1520 1482 1750 1550 poterit;
1783 1481 2052 1549 quomodo

472 1581 603 1636 ergo
632 1566 706 1620 ibi
728 1567 944 1636 quidem
972 1569 1164 1624 redimi
1194 1571 1373 1624 oblata
1404 1570 1698 1641 prohibuit,
1744 1571 1834 1625 hic
1871 1578 2052 1625 autem

474 1658 694 1714 domum
726 1667 780 1713 et
815 1675 1002 1730 agrum
1035 1670 1321 1732 postquam
1367 1661 1700 1719 sanctiﬁcata
1742 1652 1888 1729 sunt,
1924 1678 2056 1734 pra:-

474 1751 605 1821 cipit
651 1752 878 1806 redimi:
911 1761 1007 1807 aut
1053 1752 1282 1808 forsitan
1328 1756 1638 1811 omnimodo
1667 1754 1827 1810 aliam
1855 1756 1945 1811 hic
1971 1756 2054 1811 in-

2149 576 2561 631 sauctimoniam
2610 581 2919 635 conversari
2966 580 3103 645 vult,
3151 588 3213 635 ut
3256 580 3496 634 Ecclesia
3544 583 3616 635 sit
3668 592 3715 637 et

2148 668 2477 737 appelletur;
2532 672 2989 741 quemadmodum
3033 672 3186 726 multi
3244 670 3483 725 ﬁdelium
3535 672 3724 729 domos

2148 773 2276 813 suas
2319 769 2543 831 propter
2584 761 3065 817 sanctiﬁcationem
3111 761 3373 817 ecclesias
3417 761 3720 827 habebant,

2149 850 2289 905 sicut
2320 850 2487 905 Paulo
2512 853 2781 907 scribente
2803 853 2869 907 ad
2891 853 3167 908 Romanos
3194 854 3499 908 audivimus
3522 871 3538 907 :
3566 853 3719 908 Salu-

2150 949 2255 995 tate
2300 939 2538 996 Priscum
2570 952 2619 997 et
2646 942 2890 1014 Aquilam
2927 944 3196 1013 adiutores
3242 960 3382 998 meos
3420 944 3476 997 in
3516 943 3729 999 Christo

2149 1030 2309 1096 Iesu;
2337 1033 2427 1102 qui
2450 1049 2545 1102 pro
2584 1050 2700 1087 mea
2748 1034 2925 1088 anima
2966 1035 3188 1088 cervices
3230 1052 3357 1089 suas
3392 1045 3727 1105 posuerunt:

2148 1121 2336 1191 quibus
2354 1138 2457 1175 non
2473 1139 2564 1193 ego
2577 1123 2722 1177 solus
2740 1115 2942 1195 gratias
2966 1143 3085 1197 ago,
3108 1126 3200 1179 sed
3222 1135 3271 1180 et
3285 1143 3464 1181 omnes
3476 1126 3730 1183 Ecclesia:

2149 1211 2378 1281 gentium
2400 1220 2447 1265 et
2473 1214 2757 1269 domestica
2782 1231 2962 1270 eorum
2985 1214 3220 1271 Ecclesia
3243 1215 3423 1287 (Rom.
3450 1216 3589 1288 xvi).

2223 1301 2541 1372 Quicunque
2566 1318 2695 1375 ergo
2731 1304 2870 1360 hanc
2901 1306 3065 1361 habet
3090 1306 3462 1369 intentionem,
3493 1307 3611 1376 ipse
3638 1323 3731 1361 au-

2151 1402 2259 1449 tem
2286 1409 2381 1465 per
2409 1410 2467 1450 se
2508 1411 2612 1450 non
2654 1405 2737 1451 est
2778 1397 3003 1453 idoneus
3047 1397 3114 1451 ad
3155 1412 3292 1467 opus
3328 1399 3629 1468 perducere
3668 1415 3730 1453 ea

2152 1501 2273 1556 qua:
2302 1486 2552 1552 intendit,
2604 1485 2764 1555 hujus
2811 1489 3031 1544 domum
3070 1489 3326 1544 sacerdos
3364 1498 3546 1544 utrum
3587 1489 3731 1544 bona

2154 1589 2222 1628 an
2253 1574 2390 1628 mala
2431 1575 2503 1629 sit
2541 1576 2924 1643 considerabit,
2955 1585 3009 1631 et
3050 1577 3193 1632 sicut
3232 1580 3603 1642 aestimaverit,
3652 1580 3734 1635 sic

2154 1663 2278 1718 erit.
2315 1662 2493 1730 Quare
2515 1673 2695 1719 utrum
2718 1665 2858 1722 bona
2894 1681 2963 1721 an
2993 1667 3156 1732 mala,
3186 1675 3244 1721 ut
3272 1668 3398 1737 quia
3430 1668 3621 1724 domus
3645 1679 3732 1725 est

2153 1768 2218 1808 ex
2260 1754 2443 1809 multis
2480 1756 2728 1824 personis
2763 1765 2819 1811 et
2860 1756 3231 1813 diﬂ‘erentibus
3269 1767 3502 1826 constat,
3530 1760 3584 1814 in
3611 1762 3733 1830 qui-

474 1841 793 1906 tentionem,
828 1843 987 1897 aliam
1030 1843 1141 1899 illic
1167 1843 1441 1901 oﬁerentis
1490 1847 1640 1901 novit
1665 1862 1681 1900 :
1712 1846 1783 1902 ibi
1813 1847 2053 1917 quidem,
2082 1845 2129 1904 B
2156 1846 2258 1903 bus
2280 1846 2433 1901 multi
2461 1847 2919 1904 condescensione
2945 1859 3128 1921 egent,
3159 1866 3265 1906 non
3300 1851 3543 1907 valentes
3568 1867 3734 1924 agere

473 1939 533 1986 ut
574 1948 913 2004 nequaquam
946 1934 1085 1988 ultra
1116 1943 1315 1991 tractet
1338 1937 1481 2006 quod
1503 1937 1718 2003 obtulit,
1763 1937 1857 1994 sed
1884 1948 1944 1993 ut
1970 1953 2060 2010 pe-
2156 1944 2252 1992 aut
2293 1951 2484 2007 sapere
2522 1952 2644 2005 quae
2688 1936 2930 2007 perfecta
2981 1946 3127 2005 sunt,
3188 1939 3320 1995 nihil
3370 1939 3451 1995 eis
3488 1941 3733 2013 injungat

471 2021 618 2075 nitus
649 2022 776 2075 illud
814 2033 1167 2080 consecraret
1216 2026 1360 2092 Deo;
1407 2035 1628 2097 propter
1665 2028 1808 2098 quod
1844 2044 1951 2084 non
1981 2029 2059 2084 ait

473 2114 927 2182 quemadmodum
960 2116 1085 2170 hic:
1115 2116 1173 2171 Si
1200 2120 1602 2174 consecraverit
1641 2120 1860 2176 domum
1901 2136 2056 2177 suam

471 2211 567 2257 aut
605 2219 794 2275 agrum
824 2207 1182 2276 possessionis
1207 2223 1338 2274 suae,
1372 2208 1467 2264 sed
1497 2227 1649 2264 omne
1667 2211 1807 2281 quod
1826 2210 2055 2269 Domino

472 2308 828 2363 consecratur,
858 2314 1047 2353 eorum
1086 2299 1231 2355 enim
1253 2316 1374 2371 qum
1395 2300 1761 2357 oll‘erebantur
1783 2303 1895 2358 Deo
1920 2303 2056 2358 nihil

472 2387 671 2443 licebat
716 2390 771 2443 in
811 2407 969 2445 usum
1016 2392 1312 2447 humanum
1360 2393 1499 2447 ultra
1532 2395 1753 2449 reverti.
1805 2395 1911 2449 Sed
1953 2409 2057 2450 nec

472 2480 732 2557 sacerdos
782 2480 886 2535 illis
931 2482 1011 2535 uti
1061 2490 1293 2551 poterat.
1328 2483 1678 2539 Demonstrat
1723 2493 1903 2540 autem
1948 2485 2055 2540 hoc

471 2581 556 2631 ea,
586 2584 707 2638 quae
733 2575 817 2622 est
851 2564 1298 2637 Amalecitarum,
1326 2572 1578 2628 historia.
1608 2573 1943 2643 Prmceptum
1970 2583 2056 2630 est

470 2663 615 2717 enim
642 2661 771 2717 Saul
793 2670 854 2717 ut
878 2663 1164 2718 anathema
1191 2672 1376 2719 essent
1406 2665 1588 2719 omnia
1614 2664 1836 2721 Amalec
1860 2666 2052 2736 spolia,

470 2762 526 2807 et
567 2753 709 2823 quod
759 2753 1033 2808 concessit
1066 2754 1265 2824 populo
1309 2755 1553 2825 quasdam
1597 2756 1665 2812 de
1712 2756 1966 2828 gregibus
2001 2766 2056 2813 et

470 2842 734 2897 armentis
789 2843 1078 2914 accipere,
1138 2844 1489 2901 maledictum
1546 2848 1750 2919 grande
1806 2849 2056 2920 iramque

470 2933 751 2999 sustinuit,
790 2943 844 2988 et
875 2935 1181 2990 nullatenus
1214 2936 1263 2992 ei
1304 2938 1374 2992 ad
1415 2937 1843 2995 satisfactionem
1891 2939 2056 2996 suffe-

469 3026 563 3088 cit,
588 3043 711 3082 cum
736 3027 1065 3084 irasceretur
1086 3029 1305 3086 Samuel
1326 3039 1382 3086 et
1401 3031 1699 3102 inquireret
1721 3050 1838 3105 qua:
1860 3043 1935 3089 est
1956 3051 2056 3089 vos:

468 3120 637 3189 gregis
693 3120 852 3190 hujus
894 3121 949 3174 in
990 3121 1208 3175 auribus
1248 3125 1375 3177 meis
1420 3133 1468 3178 et
1512 3140 1612 3178 vos:
1659 3135 2047 3190 armentorum,

469 3226 628 3279 quam
675 3226 768 3279 ego
813 3210 973 3264 audio
1003 3210 1059 3281 (Ι
1096 3210 1222 3282 Reg.
1254 3213 1381 3285 xv);
1434 3214 1660 3285 ipseque
1700 3216 2053 3285 responderet

471 3297 577 3350 alia
608 3298 676 3351 ad
701 3300 1019 3368 prophetam
1046 3302 1247 3364 verba;
1281 3310 1333 3356 et
1358 3319 1479 3373 qum
1499 3304 1692 3359 erant?
1724 3304 1801 3360 De
1839 3304 2052 3361 Amalec

469 3386 672 3440 adduxi
715 3404 775 3440 ea
815 3404 932 3457 qum
979 3390 1248 3461 acquisivit
1299 3392 1554 3463 populus,
1607 3393 1824 3450 meliora
1884 3398 2053 3467 gregis

471 3487 520 3532 et
549 3479 725 3546 boum,
764 3488 819 3533 ut
853 3479 1189 3535 immolentur
1217 3481 1444 3537 Domino
1466 3483 1577 3539 Deo
1601 3494 1711 3550 tuo,
1741 3485 1939 3557 reliqua
1967 3503 2055 3540 oc-

470 3569 713 3624 cidimus.
747 3570 887 3641 Ergo
916 3571 1062 3626 aliud
1092 3581 1176 3628 est
1205 3572 1550 3629 sanctiﬁcare
1580 3574 1715 3640 Deo,
1751 3575 1877 3630 licet
1906 3575 2053 3630 enim

470 3662 638 3732 ei.qui
674 3664 1051 3728 sanctiﬁcavit,
1082 3664 1185 3720 hoc
1219 3666 1379 3720 modo
1403 3665 1590 3737 utique
1627 3682 1768 3721 nunc
1791 3666 1948 3722 nobis
1978 3666 2057 3722 le-

474 3750 700 3821 gislator
728 3753 998 3819 ostendit;
1043 3754 1187 3809 aliud
1237 3764 1320 3810 est
1364 3757 1651 3811 anathema
1689 3758 1818 3827 quid
1854 3757 2052 3812 facere.

474 3841 643 3909 Hujus
664 3844 808 3898 enim
842 3861 971 3899 usus
1005 3846 1310 3914 prohibitus
1341 3856 1443 3901 est.
1487 3846 1694 3902 Similis
1723 3856 1902 3903 autem
1930 3849 2056 3904 huic

472 3942 523 3986 et
553 3933 858 3988 intellectus
887 3935 1087 4004 suscipi
1130 3936 1291 3990 debet
1320 3937 1812 4006 contemplationis,
1854 3938 1948 3991 sed
1988 3938 2056 3993 de

471 4022 816 4076 anathemate
857 4023 1071 4092 quidem
1115 4024 1378 4089 dicemus,
1411 4026 1627 4095 quando
1661 4024 1725 4079 ad
1750 4026 1897 4080 illam
1925 4041 2055 4095 par-

474 4122 583 4168 tem
608 4115 905 4171 sanctionis
935 4116 1364 4185 pervenerimus.
1413 4116 1565 4173 Nunc
1604 4127 1782 4173 autem
1828 4117 2057 4187 quidsit

470 4204 690 4259 domum
736 4208 1100 4271 sanctiticare,
1150 4207 1279 4277 quid
1320 4224 1512 4279 agrum
1562 4208 1874 4275 doceamus,
1921 4215 2054 4263 nutu

469 4305 789 4367 suggerente
843 4298 1086 4367 spiritus,
1134 4297 1238 4352 hoc
1275 4300 1450 4368 primo
1478 4298 1597 4354 loco
1630 4299 1890 4363 dicentes,
1930 4299 2055 4369 quia

376 4462 379 4463 ν
476 4386 622 4440 aliud
647 4395 727 4442 est
755 4386 1098 4443 sanetiﬁcare
1127 4387 1257 4453 Deo,
1284 4388 1424 4443 aliud
1458 4396 1702 4443 sanctum
1728 4401 1885 4454 esse;
1912 4387 2056 4441 aliud

479 4474 661 4531 offerri
720 4477 770 4530 ei
825 4477 1067 4548 aliquid,
1129 4477 1271 4531 aliud
1317 4493 1422 4531 non
1467 4493 1600 4546 opus
1641 4478 1842 4533 habere
1899 4476 2053 4531 obla-

474 4567 618 4621 tione
647 4585 658 4620 :
686 4568 780 4621 sed
820 4583 940 4623 esse
984 4567 1079 4622 Dei
1115 4575 1170 4620 et
1209 4566 1486 4624 oﬁ'ereutis
1532 4584 1637 4622 non
1674 4583 1855 4639 egere.
1897 4567 2052 4634 Quod

476 4657 622 4710 enim
667 4658 1040 4713 sanctiﬁcatur
1085 4667 1140 4712 et
1184 4656 1432 4723 oﬂ'ertur,
1460 4672 1524 4711 eo
1553 4672 1660 4727 quo
1686 4655 1909 4712 offertur
1930 4673 2055 4712 san-

472 4745 701 4800 ctiﬁcari
725 4747 933 4816 incipit.
971 4746 1113 4816 Ergo
1139 4747 1286 4815 prius
1315 4762 1421 4801 non
1449 4755 1568 4801 erat
1595 4754 1863 4801 sanctum.
1896 4745 2053 4812 Quod

476 4845 656 4889 autem
690 4837 878 4906 incipit
906 4836 1263 4903 sanctiﬁcari,
1310 4838 1412 4892 hoc
1455 4852 1590 4907 opus
1639 4837 1805 4891 habet
1841 4843 1893 4889 et
1926 4850 2052 4906 pro-

477 4938 689 4984 vectum
718 4938 772 4983 et
801 4946 897 4999 per
918 4939 1103 4999 partes
1131 4940 1499 5001 augmentum.
1529 4928 1683 4995 Quod
1722 4937 1899 4982 autem
1923 4926 2053 4982 olim

475 5028 725 5074 sanctum
757 5026 860 5082 cst,
891 5027 946 5072 et
972 5018 1098 5072 olim
1129 5029 1207 5074 est
1235 5020 1351 5083 Dei,
1377 5020 1481 5073 hoc
1505 5018 1639 5071 nihil
1666 5018 1843 5071 minus
1872 5018 2052 5083 habet,

475 5108 568 5162 sed
619 5117 702 5161 est
744 5107 1066 5179 perfectum,
1129 5124 1228 5164 nec
1278 5109 1387 5162 ullo
1436 5108 1804 5162 additamento
1851 5122 2053 5178 egens:

472 5207 758 5268 propterea
806 5199 1007 5253 bonum
1054 5200 1271 5269 quidem
1321 5207 1405 5254 est
1439 5207 1495 5254 et
1527 5199 1787 5254 doctrinis
1827 5198 2053 5253 aliorum

477 5289 544 5345 ad
590 5289 1074 5345 sanctiﬁcationem
1122 5292 1233 5357 uti;
1286 5291 1477 5347 melius
1520 5298 1701 5346 tamen
1749 5292 1802 5345 in
1844 5298 2053 5345 tantum

473 5381 759 5452 proﬁcere,
807 5389 866 5435 ut
900 5381 1023 5451 quis
1068 5389 1122 5437 et
1168 5383 1539 5454 semetipsum,
1585 5391 1641 5437 et
1674 5397 1768 5438 eos
1813 5382 1905 5452 qui
1939 5381 2056 5452 ejus

478 5482 642 5537 sunt,
710 5474 777 5527 ad
837 5472 1320 5529 sanctiﬁcationcm
1391 5474 1687 5545 perducat,
1747 5475 1890 5544 quod
1947 5489 2054 5528 non

479 5564 661 5618 omnis
710 5564 809 5618 viri
858 5574 973 5630 est,
1015 5565 1109 5620 sed
1160 5564 1327 5620 solius
1374 5566 1595 5621 sensati.
1652 5565 1719 5620 Et
1767 5566 1880 5620 haec
1930 5572 2057 5619 sunt

485 5666 606 5719 quae
647 5652 701 5706 in
748 5653 850 5709 hoc
887 5653 1005 5710 loco
1033 5654 1339 5726 signiﬁcare
1383 5654 1656 5727 legislator
1702 5654 2055 5709 intentionem

480 5739 659 5796 habet.
707 5741 1021 5808 Sanctiﬁcat
1060 5762 1190 5816 ergo
1240 5746 1455 5802 domum
1506 5747 1615 5802 Deo
1657 5746 1749 5816 qui
1794 5743 2053 5800 familiam

2083 4532 2135 4592 D

2156 2040 2337 2095 grave,
2366 2026 2476 2095 sed
2506 2025 2929 2096 uniuscujusque
2953 2042 3185 2097 pensans
3216 2028 3495 2095 virtutem,
3529 2044 3562 2082 a
3588 2029 3734 2085 malo

2156 2127 2249 2168 eos
2273 2114 2546 2170 declinare
2567 2121 2622 2170 et
2642 2115 2709 2170 ad
2738 2115 2968 2171 virtutes
2989 2131 3083 2172 eos
3102 2116 3367 2186 proﬁcere
3384 2116 3597 2185 jubeat.
3635 2118 3730 2174 Sin

2155 2214 2330 2259 autem
2358 2204 2445 2260 ille
2484 2207 2573 2277 qui
2603 2216 2810 2262 voverat
2856 2206 3073 2262 voluerit
3123 2208 3375 2263 redimere
3414 2227 3558 2275 eam,
3586 2211 3730 2264 dabit

2153 2298 2389 2369 quintam
2435 2308 2638 2369 partem
2684 2302 3048 2357 rcstimationis
3083 2320 3244 2372 supra
3291 2313 3340 2358 et
3383 2305 3591 2359 habebit
3639 2306 3734 2359 dav

2153 2401 2330 2452 mum;
2366 2388 2420 2443 id
2440 2396 2553 2453 est,
2592 2388 2638 2444 si
2667 2390 2861 2445 domus
2887 2390 3171 2459 Dominus,
3216 2394 3309 2463 qui
3343 2409 3465 2448 eam
3491 2395 3731 2450 sanctiﬁo

2155 2489 2282 2531 care
2317 2476 2452 2543 vult,
2482 2492 2608 2533 cum
2634 2494 2742 2534 non
2769 2477 2961 2535 fuisset
2991 2492 3177 2536 sancta
3198 2481 3371 2553 prius,
3407 2498 3509 2539 nec
3530 2485 3731 2552 potuis-

2155 2573 2239 2621 set
2282 2565 2524 2621 Ecclesia
2576 2568 2867 2639 appellari;
2912 2584 3038 2624 nam
3090 2578 3145 2625 et
3175 2571 3509 2627 sanetiﬁcata
3549 2574 3731 2643 utique

2154 2666 2318 2726 esset,
2351 2661 2495 2731 quod
2534 2677 2680 2717 nunc
2716 2676 2774 2716 se
2816 2662 2890 2717 ita
2938 2678 3045 2717 non
3081 2663 3262 2728 habet,
3309 2664 3404 2719 sed
3451 2665 3729 2720 exordium

2155 2750 2299 2819 capit
2343 2749 2788 2806 sanctiﬁcationis
2822 2764 2838 2804 :
2878 2751 2925 2807 si
2976 2766 3107 2823 ergo
3146 2752 3236 2807 hic
3275 2753 3464 2808 redimi
3513 2754 3727 2809 domum

2155 2853 2306 2894 suam
2337 2841 2452 2895 vult
2479 2841 2610 2895 illud
2644 2840 2890 2897 absolute
2938 2842 3208 2898 mundana
3252 2843 3371 2914 ejus
3422 2845 3571 2913 quod
3611 2862 3725 2901 eam

2155 2930 2640 3003 sanctiﬁcationem
2672 2945 2831 3003 egere
2857 2933 3159 2988 sacerdotis
3179 2933 3615 2990 exhortationem
3640 2950 3728 2990 ne-

2155 3022 2451 3078 cessariam
2482 3024 2682 3080 habere
2716 3023 2979 3091 faciebat;
3010 3025 3232 3080 redimit
3259 3034 3443 3081 autem
3479 3041 3603 3082 eam
3640 3041 3728 3098 per

2157 3115 2458 3170 doctrinam
2506 3123 2563 3169 et
2590 3116 2713 3171 vita:
2753 3114 3072 3180 formulam,
3121 3116 3360 3173 liberans
3406 3132 3502 3174 eos
3546 3127 3603 3175 et
3651 3119 3724 3174 di-

2080 3187 2126 3250 C
2159 3202 2314 3258 luens
2336 3203 2597 3274 quidquid
2621 3205 2702 3261 eis
2727 3207 2981 3263 obviabat
3016 3206 3083 3262 ad
3122 3208 3562 3275 sanctimoniam,
3603 3209 3726 3282 quid

2151 3296 2349 3352 faciet?
2391 3296 2569 3363 Dabit,
2606 3298 2745 3364 sive,
2767 3301 3061 3355 secundum
3101 3299 3473 3371 Septuaginta,
3523 3303 3726 3372 adiiciet

2150 3388 2387 3460 quintam
2417 3398 2616 3459 partem
2652 3390 3014 3445 a’stimationis
3048 3408 3247 3463 supra;
3270 3393 3575 3448 sacerdotis
3589 3394 3722 3448 enim

2154 3480 2436 3545 doctrinae,
2468 3480 2555 3534 cui
2581 3480 2798 3535 domum
2824 3482 2891 3536 ab
2920 3481 3074 3537 initio
3103 3498 3257 3537 suam
3291 3482 3490 3539 obtulit
3518 3491 3583 3538 ut
3614 3498 3722 3538 eam

2153 3571 2470 3636 aestimaret,
2497 3571 2550 3625 id
2577 3580 2681 3636 est,
2729 3571 3094 3628 deﬁnitionem
3142 3573 3447 3643 imponeret
3472 3574 3543 3629 ad
3568 3589 3719 3644 quam

2156 3663 2377 3717 deberet
2404 3672 2551 3717 stare
2573 3663 2688 3720 sive
2715 3664 3049 3730 conversari,
3074 3666 3187 3735 ipse
3217 3665 3437 3735 adjiciat
3460 3666 3569 3722 hoc
3593 3667 3721 3736 quod

2156 3761 2240 3808 est
2268 3752 2604 3818 intellectus;
2632 3752 2734 3808 hoc
2764 3754 2907 3808 enim
2938 3764 3021 3809 est
3046 3755 3254 3824 quinta,
3286 3755 3339 3809 id
3368 3763 3476 3820 est,
3520 3764 3582 3810 ut
3616 3770 3722 3826 qua:

2157 3845 2415 3900 dicuntur
2455 3845 2716 3915 suscipiat
2754 3852 2809 3900 et
2843 3847 3234 3916 superaediﬁcet
3269 3847 3573 3904 sacerdotis
3613 3863 3720 3903 scr-

2157 3937 2439 4002 monibus;
2470 3935 2809 4006 frequentior
2831 3938 2977 3991 enim
3015 3941 3462 3995 commemoratio
3491 3948 3720 3996 sensatos

2156 4032 2211 4080 et
2232 4024 2591 4093 intelligenles
2611 4024 2861 4080 homines
2880 4024 3030 4081 facit.
3059 4026 3128 4080 Et
3150 4028 3225 4081 sic
3242 4027 3455 4082 habebit
3484 4029 3716 4089 domum;

2156 4130 2265 4168 non
2310 4116 2541 4184 perdens
2588 4114 2917 4170 sanctiﬁcari
2965 4115 3106 4180 Deo,
3141 4131 3243 4172 nec
3297 4117 3352 4170 in
3400 4115 3715 4171 damnumci

2158 4204 2527 4269 convertitur;
2575 4203 2670 4259 sed
2710 4205 2934 4260 habebit
2961 4220 3107 4272 eam,
3135 4207 3262 4277 quia
3291 4207 3341 4261 ei
3375 4205 3717 4263 sanctiﬁcatio

2156 4292 2390 4363 propriae
2431 4291 2622 4347 domus
2670 4293 2980 4360 ascribitur,
3022 4309 3132 4350 non
3172 4294 3346 4351 solum
3375 4303 3440 4349 ut
3468 4292 3712 4354 otl'ereuti.

2159 4383 2255 4438 sed
2278 4390 2333 4439 et
2361 4391 2419 4437 ut
2443 4384 2656 4438 docenti
2681 4399 2694 4437 :
2719 4384 2905 4454 sicque
2941 4400 3052 4439 suae
3089 4385 3270 4441 domui
3306 4386 3449 4442 bene
3483 4382 3718 4456 preposi-

2160 4481 2247 4528 tus
2279 4481 2336 4528 et
2370 4486 2700 4542 recuperans
2744 4488 2866 4529 eam
2909 4475 3014 4530 sibi
3060 4476 3310 4531 sacerdos
3339 4474 3716 4547 quodammodo

2162 4565 2450 4620 invenitur.
2495 4566 2631 4631 Quia
2675 4564 2875 4621 Paulus
2919 4582 3044 4621 eum
3084 4568 3177 4638 qui
3215 4568 3318 4623 scit
3351 4582 3588 4638 praeesse
3620 4579 3716 4621 sua:

2163 4657 2366 4722 domui,
2403 4657 2471 4711 ad
2507 4658 2849 4727 episcopatus
2870 4657 3195 4714 electionem
3224 4667 3387 4729 atque
3414 4660 3711 4731 dignitatem

2162 4749 2472 4803 sublimavit
2501 4747 2554 4821 (1
2579 4748 2713 4801 Tim.
2745 4748 2849 4820 ιιι).
2874 4748 3108 4820 Propter
3132 4751 3276 4820 quod
3296 4751 3516 4822 Aquila,
3543 4766 3635 4822 pro
3656 4763 3713 4803 eo

2160 4838 2305 4907 quod
2353 4839 2556 4893 dictum
2602 4844 2723 4893 est:
2754 4839 2845 4906 qui
2882 4853 3003 4893 eam
3036 4838 3435 4906 sanctiﬁcavit,
3482 4838 3711 4896 redimit:

2164 4927 2225 4983 Si
2263 4928 2599 4996 sanctiﬁcans
2638 4927 2708 4981 ad
2730 4928 2889 4996 ﬁnem
2920 4928 3121 4998 fecerit,
3163 4928 3351 4984 edidit.
3385 4928 3526 4998 Quid
3555 4937 3709 4983 autem

2157 5032 2226 5072 ex
2264 5018 2368 5072 hoc
2411 5017 2714 5072 discimus?
2749 5016 2887 5086 Quia
2914 5018 2961 5072 si
2988 5018 3178 5073 domus
3222 5018 3328 5074 sibi
3372 5019 3709 5090 principatum

2160 5119 2215 5165 et
2253 5111 2719 5179 gubernationem,
2773 5111 2865 5181 qui
2912 5110 3311 5178 sanctiﬁcavit,
3364 5112 3626 5173 vindicat,
3664 5114 3713 5161 et

2158 5202 2301 5257 hanc
2324 5202 2438 5272 ipse
2470 5203 2754 5272 acquirere
2782 5203 2933 5257 vult:
2958 5204 3025 5259 ad
3055 5203 3217 5259 ﬁnem
3245 5215 3431 5261 autem
3455 5204 3625 5261 facere
3644 5213 3712 5255 se-

2160 5293 2394 5348 cundum
2431 5292 2602 5363 legem
2643 5301 2744 5357 est,
2795 5292 2918 5349 aliis
2957 5293 3100 5351 sicut
3132 5304 3427 5364 cognatum
3471 5287 3707 5366 preponi.

2164 5383 2281 5438 hzec
2329 5382 2493 5438 faciat
2538 5398 2659 5453 quae
2705 5383 2758 5437 in
2799 5383 3059 5452 praesenti
3095 5384 3376 5456 legislator
3407 5384 3584 5455 jussit.
3630 5381 3710 5436 llis

2163 5480 2343 5525 autem
2392 5471 2465 5525 ita
2506 5485 2565 5526 se
2611 5470 2958 5536 habentibus,
3005 5473 3149 5541 quod
3184 5474 3406 5543 proprie
3450 5478 3708 5545 argentum

2163 5562 2473 5617 divinorum
2532 5560 2872 5631 eloquiorum
2932 5563 3223 5619 doctoralis
3273 5564 3579 5621 exhortatio
3616 5559 3710 5621 sit.

2163 5656 2287 5711 audi
2310 5655 2480 5711 David
2499 5652 2768 5710 dicentem
2794 5671 2806 5706 :
2833 5652 3058 5726 Eloquia
3085 5654 3297 5710 Domini
3322 5655 3530 5728 eloquia
3554 5659 3706 5711 casta.

2163 5756 2432 5816 argentum
2474 5746 2592 5815 igne
2635 5743 3309 5818 examinatunt,probatum
3346 5754 3502 5801 teme
3524 5754 3713 5817 purga-
