3918 6180
239 198 348 252 577

1164 198 1667 257 EXPOSITIONES
1705 200 1771 256 ΙΝ
1804 201 2201 260 ιιενιτιευιι.
2237 236 2307 247 -
2344 206 2471 263 LIB.
2514 209 2620 266 VII.

3385 222 3490 278 573

236 320 377 399 tum;
403 306 698 399 septupluni
744 305 917 375 (Psal.
954 305 1032 399 xi)
1061 325 1075 375 ;
1121 317 1176 399 et
1218 307 1508 364 Jeremiam
1541 328 1554 364 :
1587 308 1816 365 Frustra
1845 314 1891 373 Α
1921 309 1978 366 Si
2013 320 2193 369 autem
2235 315 2388 372 deest
2421 317 2497 372 illi
2524 319 2591 373 de
2621 319 2763 375 dono
2791 324 2935 391 quod
2978 328 3234 399 percepit,
3263 330 3488 388 decidit-

234 397 487 465 conﬂavit
529 397 821 464 conﬂator,
868 397 1041 450 scoria
1091 397 1202 466 ejus
1247 415 1351 451 non
1398 408 1471 452 est
1511 407 1817 469 consumpta

236 484 379 555 (Jer.
408 482 505 554 vi).
540 482 835 538 Deluda-is
873 483 1024 549 dicit,
1075 485 1201 553 quia
1238 486 1370 539 nihil
1413 486 1494 541 eis
1534 486 1697 541 verba
1724 501 1820 540 ex-

237 574 583 629 hortantium
630 574 943 643 proderant.
990 573 1096 629 Sed
1140 582 1194 630 et
1237 576 1461 630 Paulum
1490 574 1614 631 audi
1643 576 1819 631 dicen-

232 674 350 720 tem
379 681 393 717 :
422 661 480 718 Si
502 664 618 733 quis
661 663 1048 732 superrediﬁcat
1089 680 1245 734 super
1275 663 1677 733 fundamentum
1717 666 1816 720 hoc

229 770 449 819 aurum,
476 752 997 824 argentumhlapides
1025 754 1276 824 pretiosos
1303 753 1355 825 (I
1376 752 1497 809 Cor.
1525 754 1630 826 ιιι).
1662 754 1813 821 Quod

225 848 283 902 si
310 862 494 918 agrum
515 845 860 916 possessionis
890 861 1001 900 suae
1022 846 1212 899 voverit
1238 855 1286 900 et
1308 848 1681 902 consecraverit
1711 846 1814 900 Do-

227 940 401 1002 mino,
416 936 577 1007 juxta
600 952 902 990 mensuram
928 938 1172 991 sementis
1197 937 1542 993 wstimabitur
1565 940 1806 1009 pretium.

225 1028 435 1098 Agrum
459 1024 799 1096 Scripturam
834 1040 953 1080 esse
979 1026 1214 1081 divinam
1248 1041 1408 1081 nemo
1438 1027 1668 1082 dubitat.
1701 1026 1809 1082 Cu-

220 1116 318 1185 jus
352 1116 479 1172 vilis
512 1115 732 1185 proprie
770 1114 1044 1181 Christus,
1072 1123 1127 1170 et
1151 1115 1389 1184 agricola
1416 1115 1579 1170 Pater
1607 1125 1690 1170 est
1714 1134 1725 1169 :
1752 1115 1806 1170 in

226 1223 342 1280 quo
373 1206 723 1261 absconditus
763 1206 1075 1270 thesaurus,
1107 1206 1158 1259 id
1187 1213 1287 1267 est,
1320 1206 1572 1261 salutaris
1612 1206 1807 1275 prmdi-

226 1298 416 1363 catio;
467 1311 629 1365 quem
679 1296 770 1366 qui
819 1296 1087 1350 invenerit
1127 1304 1379 1367 operator
1426 1297 1560 1367 agri,
1613 1298 1806 1352 vendet

223 1386 414 1442 omnia
471 1401 593 1455 quas
651 1386 856 1447 habet,
923 1385 1373 1453 quemadmodum
1435 1386 1695 1441 Dominus
1748 1387 1802 1441 in

223 1476 535 1546 Evangeliis
561 1475 635 1529 ait
660 1474 875 1546 (Matth.
902 1474 1042 1547 xm),
1074 1485 1131 1529 ut
1157 1485 1301 1531 emat
1328 1492 1518 1548 agrum
1544 1477 1713 1531 illum.
1745 1477 1803 1531 In

220 1571 331 1625 hoc
355 1584 487 1638 agro
512 1567 724 1621 diversa
755 1577 837 1622 est
866 1566 1285 1638 uniuscujusque
1307 1569 1597 1638 possessio,
1622 1569 1674 1623 id
1695 1576 1799 1634 est,

1919 418 2024 472 que
2064 405 2133 460 ab
2176 420 2240 461 eo
2286 406 2341 461 in
2385 412 2817 479 conversatione,
2846 414 2948 470 hoc
2971 426 3055 472 est
3078 421 3222 474 enim
3252 421 3491 492 aliquan-

1916 503 2031 550 tum
2086 499 2342 568 temporis
2386 499 2588 568 jubilari
2636 502 2749 557 sive
2794 507 3127 563 remissionis
3168 526 3485 571 consecrare

1915 601 2123 656 agrum,
2166 598 2311 645 recte
2330 591 2380 644 ei
2402 592 2671 660 reputabit
2708 595 2963 651 sacerdos
2998 610 3277 668 argentum
3314 588 3368 657 in
3397 620 3489 659 an-

1913 692 2013 731 nos
2047 678 2281 748 reliquos
2316 696 2487 750 usque
2514 682 2580 736 ad
2619 697 2822 737 annum
2869 687 3203 743 remissionis
3245 691 3358 746 sive
3398 692 3488 761 ju-

1911 765 2074 833 bilzei,
2126 777 2187 822 ut
2226 769 2490 839 reliquum
2530 772 2580 825 ei
2619 779 2830 841 tempus
2872 774 3092 829 deﬁniat
3129 777 3195 831 ad
3222 781 3487 848 poeniten-

1914 857 2064 911 tiam.
2128 858 2198 912 Et
2246 860 2552 916 detrahetur
2590 879 2655 917 ex
2696 866 2862 935 pretio
2891 880 2909 917 :
2934 869 3077 937 quod
3121 871 3266 925 enim
3306 874 3484 930 minus

1910 944 2062 1011 fecit,
2089 954 2146 1001 et
2169 947 2547 1004 detrimentum
2575 954 2815 1021 pertulit,
2844 963 2899 1008 et
2928 956 3166 1013 deterius
3201 975 3485 1016 conversa-

1911 1044 2000 1090 tus
2030 1044 2133 1102 est,
2164 1037 2269 1093 hoc
2299 1039 2439 1095 dono
2468 1042 2733 1099 minuitur
2759 1053 2815 1099 et
2838 1046 3104 1103 infirmior
3126 1051 3347 1109 eﬂ‘ectus
3377 1063 3479 1122 est,

1907 1138 1962 1185 et
2000 1139 2287 1201 propterea
2332 1131 2613 1201 abjectior,
2662 1144 2719 1191 et
2756 1154 2862 1193 non
2896 1138 3009 1209 jam
3048 1142 3170 1197 talis
3197 1154 3281 1199 est
3306 1146 3482 1215 qualis

1906 1237 2029 1276 cum
2070 1223 2341 1293 acciperet
2378 1225 2576 1281 donum
2618 1228 2755 1284 fuit:
2787 1243 3158 1290 verumtamen
3188 1247 3243 1291 et
3274 1238 3360 1293 hic
3388 1255 3482 1294 vo-

1905 1309 2022 1365 lens
2067 1312 2334 1367 redimere
2381 1330 2573 1385 agrum
2618 1333 2773 1373 suum
2814 1323 3034 1390 poterit,
3067 1324 3119 1378 id
3147 1332 3248 1390 est,
3282 1337 3480 1384 semet-

1904 1400 2077 1470 ipsum
2100 1404 2401 1473 gubernare
2429 1412 2483 1460 et
2503 1406 2718 1474 docere,
2744 1412 2999 1481 adjiciens
3022 1416 3257 1484 quintam
3276 1428 3479 1486 partem

1903 1493 2106 1563 argenti
2132 1494 2201 1547 ad
2223 1498 2443 1565 pretium
2464 1513 2651 1564 suum;
2676 1500 2878 1557 addens
2900 1503 3157 1559 doctrinm
3182 1509 3477 1566 sacerdotis

1901 1584 2179 1652 proprium
2210 1584 2563 1653 intellectum,
2595 1598 2656 1643 ut
2682 1590 2987 1661 intelligens
3016 1595 3367 1668 eruditusque
3391 1600 3474 1654 sui

218 1660 439 1725 modus,
486 1674 645 1729 quem
683 1658 786 1713 sibi
810 1674 873 1714 ex
901 1673 964 1714 ea
993 1659 1061 1714 ad
1088 1660 1403 1731 sapiendum
1437 1658 1682 1715 obtinere
1707 1676 1787 1731 po

1903 1650 2230 1740 gubernator
2255 1650 2558 1746 doctorque'
2574 1676 2857 1735 eﬁiciatur.

219 1753 409 1806 tuerit.

295 1843 354 1898 Si
403 1858 533 1914 ergo
570 1843 967 1898 consecraverit
1010 1842 1239 1899 Domino
1266 1843 1407 1899 hanc
1453 1843 1635 1910 homo,
1677 1859 1799 1899 cum

215 1952 327 1992 non
348 1937 499 2006 prius
518 1946 705 1991 saneta
729 1934 912 2000 fuerit,
939 1937 1034 1991 sed
1056 1952 1199 1991 nunc
1222 1936 1446 2006 incipiat
1469 1936 1797 2002 consecrari,

211 2027 636 2099 gubernatorem
663 2026 1094 2080 conversationis
1126 2039 1256 2091 sum,
1296 2040 1420 2079 cum
1450 2025 1565 2094 ipse
1595 2040 1702 2079 non
1727 2024 1799 2078 sit

212 2118 443 2172 idoneus
477 2117 826 2186 semetipsum
857 2116 1180 2187 gubernare,
1221 2115 1561 2170 sacerdotem
1588 2114 1792 2186 eligat:

223 2208 538 2267 consecrari
567 2209 713 2263 enim
742 2208 832 2261 hic
860 2222 922 2261 ea
945 2222 1064 2276 quae
1088 2207 1340 2275 deputata
1373 2213 1501 2260 sunt
1527 2205 1794 2260 sacerdoti

211 2298 493 2370 legislator
520 2297 829 2368 appellavit.
856 2297 1025 2351 Juxta
1053 2312 1352 2351 mensuram
1382 2296 1626 2349 sementis
1655 2295 1795 2349 a'sti-

213 2390 449 2444 mabitur
482 2391 726 2460 pretium,
756 2399 817 2444 ut
843 2397 1103 2458 quantum
1139 2388 1440 2443 seminatus
1468 2395 1575 2454 est,
1602 2386 1790 2442 videli-

211 2490 301 2536 cet
333 2482 579 2535 edoctus.
606 2480 874 2535 Doctrinre
907 2479 1051 2534 enim
1078 2481 1299 2533 verbum
1332 2479 1388 2532 in
1414 2478 1620 2533 semine
1645 2477 1793 2532 acci-

209 2588 342 2645 pere
375 2572 658 2643 Scriptura
686 2571 867 2627 divina
904 2570 1077 2626 solet:
1105 2578 1316 2624 tantum
1344 2569 1395 2624 ei
1425 2567 1679 2624 sacsrdos
1707 2567 1791 2622 in-

210 2665 380 2729 dicat,
407 2671 464 2718 et
488 2672 749 2732 quantum
779 2661 942 2717 fuerit
974 2661 1219 2715 eruditus
1251 2660 1317 2715 de
1347 2660 1591 2714 doctrina
1624 2659 1785 2724 bona,

204 2752 451 2824 legitima
484 2761 537 2807 et
565 2751 817 2821 spiritali,
858 2760 912 2805 et
946 2766 1053 2805 non
1078 2764 1241 2819 quam
1269 2749 1514 2804 homines
1541 2748 1790 2803 seducto-

208 2842 547 2913 res,pagani,
588 2841 738 2897 verbi
782 2842 976 2912 gratia,
1015 2838 1312 2904 VelJudzei,
1360 2839 1475 2894 sive
1520 2838 1785 2904 haeretici,

207 2934 439 3001 docent;
479 2943 703 3005 propter
737 2933 881 3004 quod
918 2943 1206 3004 postquam
1244 2930 1606 2987 dixit:Juxta
1635 2948 1784 2985 men-

199 3043 388 3081 suram
423 3026 688 3091 sementis,
735 3026 978 3081 addidit:
1014 3023 1081 3080 Si
1119 3024 1337 3095 triginta
1370 3022 1559 3076 modiis
1596 3021 1778 3075 hordei
1806 3022 1853 3085 C
1887 3032 2163 3088 ωοιιιευω
2232 3034 2504 3090 scribebat

202 3120 398 3172 seritur
414 3127 580 3182 terra,
610 3117 990 3189 quinquaginta
1012 3116 1155 3171 siclis
1178 3114 1516 3170 venumdetur
1541 3115 1780 3184 argenti;

200 3210 315 3265 sive
332 3216 396 3263 ut
408 3207 784 3281 Septuaginta,
803 3208 1186 3279 quinquaginta
1201 3207 1536 3260 didrachmas
1555 3206 1778 3275 argenti.

198 3302 256 3357 ln
297 3302 503 3373 quibus
543 3302 711 3357 Vetus
754 3309 809 3356 et
848 3300 1058 3355 Novum
1084 3299 1491 3354 Testamentum
1522 3297 1779 3367 intellige.

198 3393 265 3448 Et
289 3407 395 3463 per
442 3392 661 3448 modum
709 3391 824 3446 sive
865 3391 1092 3446 chorum
1132 3388 1341 3454 hordei,
1391 3389 1552 3443 Vetus
1592 3387 1777 3443 Testa-

198 3494 446 3540 mentum
473 3484 728 3550 ostendit,
757 3484 882 3555 quia
912 3482 1071 3552 hujns
1103 3482 1327 3537 seminis
1349 3481 1601 3553 pinguior
1627 3482 1780 3537 cibus

199 3586 310 3642 est;
343 3591 448 3647 per
474 3575 867 3646 quinquaginta
888 3581 1068 3628 autem
1098 3571 1463 3636 didrachmas,
1493 3579 1600 3626 tam
1635 3571 1779 3642 quod

197 3665 445 3738 spiritale
488 3673 571 3720 est
616 3680 779 3735 quam
822 3663 967 3734 quod
1012 3660 1310 3732 perfectum
1363 3661 1524 3716 simul
1567 3660 1774 3725 innuit;

196 3754 441 3826 perfecta
491 3756 635 3810 enim
681 3753 927 3810 doctrina
980 3752 1144 3807 etiam
1198 3749 1460 3819 spiritalis
1509 3757 1613 3804 est.
1670 3747 1777 3802 Sed

197 3848 418 3917 quando
464 3847 582 3902 haec
625 3845 814 3917 regula
857 3845 971 3900 sive
1014 3841 1254 3899 deﬁnitio
1300 3842 1508 3912 integre
1549 3840 1599 3896 ei
1641 3840 1780 3895 indi-

196 3943 389 4009 cenda,
435 3941 652 4011 quando
695 3937 984 3994 minuenda
1013 3937 1086 3992 sit
1107 3952 1206 4008 per
1238 3934 1775 3998 condescensionem,

196 4047 291 4100 per
326 4030 611 4100 sequentia
648 4030 835 4085 disce:
860 4025 919 4082 Si
961 4036 1134 4081 autem
1173 4025 1350 4080 statim
1381 4024 1446 4079 ab
1476 4040 1615 4079 anno
1643 4024 1778 4077 inci-

194 4122 382 4192 pientis
401 4120 614 4192 jubilazi
640 4120 828 4174 vorterit
854 4134 1057 4189 agrum,
1088 4125 1284 4188 quanto
1318 4114 1493 4171 valere
1522 4115 1772 4186 potuerit,

197 4227 343 4272 tanto
372 4215 744 4271 (estimabit-ur.
781 4213 883 4269 Sin
921 4222 1096 4266 autem
1130 4220 1247 4282 post
1291 4209 1622 4282 aliquantum
1650 4218 1777 4263 tem-

197 4308 368 4376 poris,
410 4303 712 4376 supputabit
747 4302 992 4357 sacerdos
1022 4301 1293 4372 pecuniam
1317 4300 1479 4371 juxta
1512 4315 1773 4355 annorum

1974 1762 2067 1818 Sic
2112 1766 2258 1820 enim
2310 1768 2663 1840 intelligihilis
2712 1786 2873 1840 ager,
2924 1789 3083 1843 quem
3137 1782 3475 1836 consecravit

1901 1852 2133 1910 oﬁ‘erens
2182 1859 2472 1924 sacerdoti,
2520 1860 2590 1915 ab
2638 1877 2703 1916 eo
2733 1864 3131 1933 possidebitur;
3177 1879 3233 1924 et
3260 1886 3366 1926 non
3404 1872 3473 1926 ab

1899 1943 2008 1999 alio
2029 1950 2370 2004 conversatio
2393 1959 2448 2003 et
2474 1952 2669 2018 virtus,
2696 1969 2857 2023 quam
2885 1958 3066 2013 studet
3101 1961 3213 2015 sive
3236 1978 3302 2016 ex
3334 1971 3469 2028 toto,

1898 2034 2011 2090 sive
2039 2052 2105 2090 ex
2137 2045 2333 2107 parte:
2367 2040 2460 2094 sed
2498 2042 2598 2110 ipsi
2629 2044 2721 2112 qui
2768 2047 2880 2114 agit
2924 2049 3283 2117 reputabitur.
3320 2051 3471 2106 Divi-

1898 2124 2034 2179 sioni
2070 2126 2214 2179 enim
2256 2126 2583 2197 legislatoris
2614 2132 2851 2200 intende,
2879 2138 3328 2205 quemadmodum
3348 2156 3473 2197 san-

1897 2213 2139 2270 ctiﬁcare
2167 2217 2281 2271 sive
2303 2233 2626 2276 consecrare
2645 2223 2861 2279 domum
2884 2227 2969 2281 vel
2993 2243 3181 2300 agrum
3202 2232 3470 2288 volentem

1895 2307 2360 2361 consecrationem
2401 2309 2553 2378 prius
2581 2309 2765 2367 facere
2792 2314 2931 2381 vult,
2961 2317 3148 2387 sicque
3205 2320 3255 2374 ei
3283 2323 3472 2390 przeci-
3514 2316 3531 2325 ’

1891 2397 1971 2467 pit
1996 2398 2283 2464 redimere,
2306 2416 2428 2469 qua:
2460 2401 2797 2460 sanctiﬁcata
2826 2414 2976 2463 sunt.
3002 2408 3072 2462 Et
3096 2419 3242 2477 tunc,
3272 2412 3465 2483 inquit.

1891 2487 2175 2557 possidebit
2216 2506 2335 2543 eum
2359 2530 2373 2556 ,
2429 2491 2532 2547 hoc
2574 2494 2759 2563 procul
2814 2497 2976 2553 dubio
3015 2501 3293 2566 mandans,
3343 2505 3470 2573 quia

1890 2586 2106 2647 oportet
2137 2580 2353 2649 quidem
2385 2598 2481 2638 nos
2516 2598 2615 2653 per
2653 2587 2995 2643 sacerdotum
3042 2591 3369 2659 doctrinam,
3416 2603 3474 2649 et

1890 2668 2129 2738 regulam
2152 2709 2167 2735 ,
2217 2679 2273 2725 et
2324 2670 2472 2741 leges
2496 2713 2512 2740 ,
2563 2682 2804 2729 nostram
2861 2678 3329 2755 conversationem
3371 2697 3472 2752 gu-

1889 2758 2155 2826 bernare,
2214 2763 2429 2829 quando
2484 2779 2604 2818 eam
2659 2766 2811 2835 prius
2862 2767 3306 2837 sanctiﬁcamus;
3371 2772 3467 2828 sed

1888 2859 2102 2919 oportet
2144 2861 2200 2906 et
2230 2854 2529 2921 proﬁcere,
2573 2864 2629 2910 et
2667 2856 2882 2912 illorum
2913 2859 3172 2914 doctrinm
3217 2869 3465 2916 nostrum

1890 2941 2122 3010 adjicere
2160 2942 2515 3000 intellectum.
2555 2945 2783 3018 Propter
2829 2950 2972 3018 quod
3000 2950 3201 3007 Paulus
3246 2953 3315 3007 ad
3367 2954 3462 3007 Ti-

2558 3053 2572 3089 :
2633 3035 2876 3107 Intellige
2934 3056 3052 3109 qua:
3111 3040 3228 3095 dico
3288 3054 3308 3094 :
3358 3043 3458 3097 da-

1887 3121 1958 3175 bit
2005 3123 2144 3177 enim
2192 3124 2287 3178 tibi
2328 3124 2586 3180 Dominus
2627 3127 2683 3180 in
2729 3127 2968 3182 omnibus
3015 3129 3333 3185 intellectum
3371 3132 3458 3204 (II

1889 3210 2023 3266 Tim.
2050 3212 2135 3285 ιι).
2181 3214 2249 3268 Ει
2290 3222 2419 3269 ιιιηε
2458 3216 2855 3286 possidebimus
2888 3221 3107 3289 proprie
3138 3237 3258 3291 qua:
3285 3224 3461 3293 egeri-

1883 3318 2007 3359 mus
2036 3304 2482 3363 sanctiﬁcationis
2508 3306 2787 3377 proxima';
2821 3310 2904 3364 sin
2942 3320 3121 3366 autem
3156 3314 3296 3370 hanc
3325 3317 3467 3371 divi-

1883 3394 2094 3450 sionem
2119 3412 2226 3453 non
2249 3396 2513 3454 fuerimus
2533 3399 2734 3465 intuiti,
2761 3400 2884 3457 vide
2906 3402 3033 3473 quid
3053 3406 3342 3474 patiemur.
3369 3407 3467 3464 Se-

1882 3488 2068 3556 quitur
2092 3487 2237 3542 enim
2267 3505 2279 3541 :

1957 3576 2019 3631 Si
2050 3586 2227 3630 autem
2256 3576 2482 3632 noluerit
2506 3580 2778 3646 redimere,
2818 3582 2909 3636 sed
2936 3582 3090 3638 alteri
3115 3586 3323 3641 cuilibet
3350 3591 3463 3658 [ue-

1882 3667 1951 3719 rit
1977 3664 2328 3732 venundatus,
2354 3666 2495 3720 ultra
2521 3684 2663 3735 eum,
2693 3670 2782 3740 qui
2809 3680 3038 3737 voverat,
3079 3674 3330 3731 redimere
3358 3695 3464 3733 non

1879 3758 2089 3827 poterit,
2126 3758 2252 3829 quia
2291 3774 2410 3810 cum
2440 3757 2649 3828 jubiltei
2692 3762 2885 3835 venerit
2924 3761 3060 3827 dies,
3099 3765 3461 3835 sanctiﬁcatus

1880 3848 1980 3902 erit
2025 3847 2271 3914 Domino,
2303 3856 2352 3902 et
2381 3850 2638 3919 possessio
2665 3861 2967 3906 consecrata
3012 3852 3083 3907 ad
3109 3853 3204 3923 jus
3240 3855 3459 3926 pertinet

1878 3938 2228 3994 sacerdotum.
2270 3938 2412 3994 Ecce
2449 3939 2708 3995 damnum
2744 3938 2862 4010 ejus
2889 3942 2982 4011 qui
3019 3958 3235 4015 semper
3262 3945 3329 4001 ab
3353 3945 3459 4001 alio

1878 4046 2015 4100 opus
2062 4031 2224 4087 habet
2269 4031 2579 4104 gubernari,
2618 4040 2802 4089 etnon
2831 4034 3069 4105 proﬁcit,
3111 4052 3213 4093 nec
3237 4036 3461 4106 juvatur

1879 4137 1947 4177 ex
1992 4121 2222 4177 aliorum
2261 4122 2528 4187 doctrina,
2571 4124 2666 4178 sed
2692 4138 2820 4179 suns
2848 4140 3064 4196 semper
3096 4128 3211 4198 ipse
3239 4129 3345 4183 dux
3374 4138 3460 4184 est

1877 4215 1947 4268 ad
1996 4215 2203 4284 agenda
2239 4214 2418 4275 utilia,
2471 4228 2572 4282 per
2615 4215 2899 4284 priesentia
2951 4225 3137 4287 aperte
3186 4217 3459 4288 legislator

1878 4305 2132 4359 ostendit.
2168 4305 2269 4372 Qui
2293 4305 2435 4359 enim
2475 4307 2812 4360 consecravit
2851 4322 3038 4375 agrum
3062 4316 3118 4362 et
3143 4316 3328 4377 postea
3364 4325 3454 4365 re-

195 4365 282 4469 qui
310 4365 521 4469 reliqui.
540 4404 662 4450 sunt
691 4410 987 4460 numerum,
1015 4365 1179 4464 usque
1207 4392 1276 4446 ad
1293 4365 1574 4463 j'ubilazum
1608 4401 1655 4444 et
1683 4390 1774 4444 de—
1798 4365 1853 4426 D
1879 4396 2067 4461 demit,
2110 4365 2212 4451 an?
2228 4403 2311 4451 est
2342 4396 2434 4465 qui
2464 4411 2618 4450 suam
2653 4365 3117 4454 conversationem
3143 4365 3235 4456 alii
3260 4403 3457 4474 guber-

197 4489 432 4543 trahetur
450 4502 517 4541 ea:
542 4486 729 4551 pretio.
755 4486 993 4539 Duorum
1019 4483 1108 4538 hic
1133 4497 1399 4537 annorum
1432 4481 1770 4538 remissionis

197 4578 306 4633 sive
342 4576 551 4648 jubilzci
590 4575 905 4631 memoriam
943 4573 1093 4638 facit,
1132 4572 1401 4642 baptisma
1433 4580 1619 4642 aperte
1643 4572 1774 4627 insi-

199 4688 368 4728 nuans
414 4680 472 4727 et
513 4669 908 4740 pmnitentiam.
946 4668 1180 4735 Uterque
1203 4666 1351 4721 enim
1378 4680 1553 4720 annus
1580 4665 1771 4720 remis-

197 4765 363 4819 sionis
382 4770 489 4826 est,
514 4762 640 4832 quia
663 4758 956 4831 perfectam
980 4755 1376 4821 remissionem,
1395 4770 1535 4810 unus
1551 4754 1767 4823 quidem

197 4871 291 4925 per
330 4855 532 4909 donum
577 4851 786 4923 gratim,
825 4848 964 4903 alter
1002 4855 1223 4917 prepter
1248 4861 1341 4901 eos
1367 4845 1460 4915 qui
1492 4854 1686 4900 vacant
1712 4844 1767 4899 in

195 4945 439 5000 oratione
460 4951 517 4997 et
534 4939 756 5012 jejuniis
794 4938 1022 5007 aliisque
1052 4936 1307 5006 operibus
1331 4952 1452 5005 qua:
1481 4936 1769 5004 perﬁciunt

196 5034 597 5105 pmniteutiam,
644 5029 904 5101 possidet.
948 5027 1006 5082 Si
1043 5042 1175 5098 ergo
1214 5027 1373 5082 simul
1416 5027 1538 5095 quis
1583 5027 1770 5097 gratiae

195 5128 353 5191 viam,
378 5141 543 5196 quam
569 5121 1050 5200 elegiggubernari
1082 5135 1180 5189 per
1206 5119 1543 5174 sacerdotem
1568 5126 1623 5173 et
1645 5133 1771 5188 pro-

193 5220 315 5276 duci
343 5219 480 5282 vult,
513 5218 616 5272 hoc
647 5231 772 5272 cum
814 5215 1069 5270 sacerdos
1097 5213 1299 5281 exigat,
1349 5213 1489 5281 quod
1519 5227 1641 5266 cum
1672 5210 1770 5266 do-

190 5319 406 5365 ceretur
454 5325 523 5365 ex
574 5307 818 5378 perfecta
860 5314 915 5362 et
958 5304 1185 5376 spiritali
1231 5302 1476 5358 doctrina
1520 5302 1774 5371 praecepit

190 5401 338 5456 nullo
363 5401 528 5456 modo
549 5401 601 5454 ei
633 5397 1096 5459 condescendens,
1122 5407 1297 5463 neque
1321 5393 1464 5448 enim
1491 5393 1655 5447 habet
1681 5407 1775 5447 ne-

196 5505 371 5557 cesse,
410 5498 625 5561 utpote
670 5488 760 5560 qui
798 5501 898 5558 per
923 5486 1121 5542 denunt
1152 5491 1442 5540 renovatus
1463 5491 1567 5548 est,
1595 5483 1690 5537 sed
1718 5484 1774 5537 in

192 5581 438 5638 doctrina
481 5597 646 5653 quam
689 5579 902 5650 accepit
944 5578 1103 5649 plene
1132 5592 1255 5633 eum
1278 5589 1596 5651 permanere
1624 5574 1771 5632 facit.

1876 4504 2010 4544 nare
2031 4488 2293 4558 permisit,
2344 4497 2643 4560 posteaque
2684 4492 2897 4563 adjutus
2935 4503 3019 4548 est
3048 4504 3102 4550 et
3128 4497 3456 4565 conquisivit

1876 4578 2231 4644 intellectum,
2283 4588 2342 4633 ιιι
2378 4578 2491 4658 jam
2531 4589 2695 4647 esset,
2728 4583 2871 4638 sicut
2895 4586 2973 4639 ait
2996 4588 3281 4657 propheta,
3311 4590 3455 4646 doci-

1876 4671 1993 4726 bilis
2024 4671 2147 4737 Dei,
2187 4681 2241 4726 et
2269 4672 2556 4742 disponere
2596 4673 2738 4745 apud
2786 4678 3136 4745 semetipsum
3180 4682 3355 4749 possit
3396 4682 3453 4736 in

1874 4761 2057 4817 futuro
2091 4778 2212 4833 quae
2246 4764 2562 4835 expediunt,
2603 4765 2692 4821 hic
2732 4781 2920 4837 agrum
2963 4784 3117 4824 suum
3161 4771 3264 4827 sibi
3312 4773 3453 4828 reci-

1876 4854 2030 4922 piens
2067 4854 2413 4925 conquisivit.
2444 4854 2547 4922 Qui
2579 4863 2758 4910 autem
2800 4858 2931 4913 nihil
2972 4860 3187 4929 proﬁcit
3218 4877 3285 4918 ex
3324 4863 3458 4919 alte-

1877 4947 1992 5001 rius
2041 4947 2454 5012 guhcrnatione,
2506 4964 2608 5005 nec
2645 4951 2934 5019 acquisivit
2963 4952 3318 5021 intellectum,
3359 4957 3452 5012 sed

1875 5050 2093 5106 semper
2114 5052 2251 5107 opus
2284 5039 2490 5093 habens
2518 5040 2586 5094 ab
2608 5039 2716 5094 alio
2744 5040 2925 5097 doceri
2958 5051 3014 5098 et
3057 5044 3179 5099 talis
3219 5047 3454 5100 existere

1874 5126 2312 5195 qualesfuerunt
2346 5128 2563 5197 quidam
2607 5127 2937 5196 Iudaeorum,
2966 5118 3162 5201 quibus
3192 5134 3331 5189 Deus
3354 5149 3450 5204 per

1866 5214 2245 5284 .propheticam
2281 5231 2464 5271 vocem
2506 5221 2841 5287 exprobrans
2876 5220 3001 5275 talia
3032 5222 3248 5277 dicebat
3271 5242 3284 5277 :
3311 5222 3448 5286 Quia

1872 5302 2027 5357 electi
2056 5314 2178 5358 sunt
2204 5321 2268 5358 ex
2296 5315 2463 5370 utero,
2505 5308 2675 5363 edocti
2719 5311 2784 5364 ab
2826 5312 3053 5381 infantia
3096 5331 3257 5383 usque
3280 5314 3350 5365 ad
3370 5329 3451 5366 se-

1873 5404 2129 5449 nectutem
2158 5393 2285 5467 (Ose
2306 5396 2416 5463 xu);
2446 5406 2500 5451 et
2524 5415 2713 5456 rursus
2739 5416 2752 5454 :
2781 5401 3034 5472 Ephraim
3054 5405 3186 5457 sicut
3207 5401 3447 5456 columba

1872 5487 2141 5541 insensata
2187 5504 2290 5542 non
2333 5489 2530 5544 habens
2558 5507 2649 5545 cor
2674 5490 2900 5564 (Ibid.);
2937 5493 3062 5562 quia
3086 5492 3131 5546 si
3164 5490 3334 5546 malos
3355 5493 3449 5547 do-

1873 5585 2054 5633 ctores
2094 5575 2383 5644 invenerit,
2418 5579 2559 5633 mala
2592 5582 2766 5637 modis
2795 5582 3046 5637 omnibus
3071 5590 3362 5653 operatur:
3392 5594 3451 5638 ut
