3926 6176
571 227 676 282 579

1213 220 1273 273 Β.
1320 216 1573 273 ΒΑΒᾹΜ
1610 214 1832 272 MAURI
1869 208 2131 269 ARCHIE‘.

2233 206 2535 266 uocum.
2575 203 2863 263 OPERUM
2901 203 3079 261 PARS
3117 206 3157 260 ι.
3655 214 3735 271 διο

562 340 654 412 qui
709 353 817 392 non
858 335 1021 390 habet
1069 331 1474 395 discretionem,
1515 342 1760 400 quaerere
1806 341 1913 381 non
1960 328 2141 395 potest
2164 325 2218 384 Α
2245 321 2470 376 tentiam
2502 319 2684 375 indici.
2723 319 3029 409 Supputant
3073 327 3248 373 autem
3289 333 3452 389 usque
3488 321 3550 377 ad
3580 324 3741 396 jubila-i

564 429 871 487 mercedem
917 425 1135 480 virtutis
1178 438 1339 494 quam
1388 423 1580 491 egerit.
1607 421 1673 475 Et
1698 429 1982 490 propterea
2010 431 2139 486 pro-

564 522 745 593 prium
790 530 978 588 agrum
1031 514 1230 569 dicitur
1271 526 1376 566 non
1421 511 1705 575 redimere,
1752 507 1845 564 sed
1888 506 2140 562 veniente

560 612 798 681 jubilreo,
832 608 881 662 id
927 614 1031 671 est,
1078 614 1319 674 tempore
1348 602 1684 657 remissionis
1707 606 2046 662 transeunte,
2082 597 2136 651 in

566 717 673 772 quo
701 698 949 754 remissio
974 697 1151 751 locum
1185 693 1367 756 habet,
1400 700 1483 746 est
1512 700 1693 745 autem
1723 703 1962 760 praesens
1989 687 2100 741 vita
2119 727 2133 750 ,

563 791 686 843 vide
707 787 863 857 quale
892 792 1264 854 quantumque
1290 781 1362 835 sit
1390 779 1530 849 quod
1558 779 1797 849 patietur
1824 795 1836 830 :
1871 774 2138 829 Possessio

567 875 898 942 sanctiﬁcata
941 872 1041 925 erit
1073 869 1332 930 Domino;
1373 865 1713 921 conversatio
1740 864 1928 928 ‘enim,
1976 877 2139 932 quam

564 963 727 1019 semel
755 968 1076 1017 consecutus
1106 966 1208 1020 est,
1240 955 1454 1010 etiamsi
1485 954 1619 1008 alter
1647 961 1766 1008 erat
1800 951 1890 1022 qui
1935 951 2136 1020 guber-

563 1054 745 1112 nabat,
789 1058 975 1103 sancta
1015 1047 1120 1101 erit
1146 1045 1395 1100 Domino.
1438 1042 1543 1098 Sed
1585 1040 2034 1114 quemadmodum
2082 1049 2138 1093 et

563 1141 830 1211 possessio
878 1145 1193 1194 consecrata
1238 1137 1305 1190 ad
1337 1137 1426 1205 jus
1470 1135 1703 1205 pertinet
1753 1132 2132 1188 sacerdotum:

563 1231 834 1300 possessio
861 1230 1005 1283 enim
1031 1228 1147 1295 ejus
1172 1235 1226 1281 et
1249 1227 1458 1281 lucrum
1485 1225 1532 1280 ei
1563 1224 1653 1293 qui
1682 1222 1933 1277 continue
1953 1220 2140 1289 guber-

561 1321 711 1374 navit
735 1320 1089 1389 reputabitur.

636 1410 697 1465 Si
723 1428 849 1481 ager
877 1420 1077 1480 emptus
1122 1418 1219 1475 est,
1265 1419 1312 1463 et
1365 1426 1467 1462 non
1511 1407 1575 1461 de
1606 1405 1928 1476 possessione
1976 1402 2140 1470 majo-

565 1518 683 1553 rum
713 1500 1076 1567 sanctiﬁcatus
1112 1499 1268 1567 fuerit
1296 1496 1539 1561 Domino,
1569 1493 1869 1564 supputabit
1896 1490 2137 1545 sacerdos

554 1599 711 1667 juxta
736 1612 993 1650 annorum
1018 1610 1289 1648 numerum
1314 1608 1473 1663 usque
1496 1590 1565 1644 ad
1579 1587 1854 1659 jubilrcum
1873 1586 2131 1655 pretium:
2166 1622 2185 1629 -

2244 410 2499 480 pretium,
2546 410 2599 464 id
2624 417 2729 472 est,
2762 424 2828 463 ex
2850 402 2943 462 his
2967 423 3085 478 qua:
3110 408 3174 461 de
3196 408 3501 476 poenitentia
3526 410 3575 466 in
3599 414 3741 472 divina

2246 502 2386 555 dicta
2419 508 2544 555 sunt
2580 499 2879 570 Scriptura.
2920 498 3035 568 Ipsa
3077 499 3219 552 enim
3262 499 3531 555 mstima'io
3553 512 3625 559 est
3646 510 3743 563 anni

2234 592 2435 662 jubilmi
2474 594 2586 647 sive
2618 591 2970 647 remissionis.
3004 590 3073 643 Et
3109 589 3252 643 dabit
3280 589 3366 643 ille
3391 593 3473 661 qui
3503 603 3652 648 votum
3675 614 3744 651 ro—

2240 694 2380 740 t'erat
2411 684 2666 748 Domino;
2706 683 2839 745 sive,
2880 680 3173 736 secundum
3205 678 3558 751 Septuaginta,
3589 695 3630 737 et
3652 688 3746 740 red-

2239 777 2326 831 det
2352 777 2575 847 pretium
2599 777 2653 830 in
2682 776 2766 829 die
2793 773 2886 829 illa
2913 783 3152 828 sanctum
3190 772 3448 837 Domino;
3480 774 3528 828 in
3557 783 3752 846 tempore

2239 866 2406 928 enim,
2437 865 2490 919 in
2522 880 2628 935 quo
2657 864 2950 920 secundum
2986 863 3130 917 hanc
3159 863 3418 916 rationem
3446 878 3504 917 ea
3528 878 3631 933 qua}
3649 876 3749 921 sunt

2239 958 2304 1012 de
2335 957 2650 1027 poenitentia
2698 955 3051 1019 deﬁniuntur,
3095 953 3205 1008 sive
3245 953 3542 1008 indicuntur
3563 955 3625 1019 ei,
3652 972 3748 1012 cum

2237 1047 2543 1101 necessaria
2588 1054 2672 1101 est
2717 1044 2959 1101 deﬁnitio
2991 1045 3106 1115 ejus
3134 1052 3320 1099 sancta
3344 1043 3555 1100 Domino
3578 1046 3749 1101 inveni-

2241 1147 2346 1193 tur.
2383 1137 2527 1193 Bcne
2554 1145 2732 1192 autem
2763 1136 2922 1201 dixit,
2952 1135 3116 1200 dabit,
3147 1135 3234 1189 vel
3262 1135 3400 1189 sicut
3427 1134 3744 1207 Septuaginta,

2239 1232 2435 1295 reddet,
2493 1246 2601 1284 non
2650 1230 2920 1285 reddent:
2951 1244 3073 1283 nam
3121 1228 3221 1283 etsi
3271 1228 3529 1282 communi
3570 1231 3749 1285 consilio

2238 1322 2535 1377 sacerdotis
2559 1329 2614 1376 et
2633 1320 2749 1390 ejus
2774 1321 2866 1390 qui
2890 1320 3059 1375 movit
3081 1328 3420 1390 peccatorem
3445 1320 3506 1373 ad
3527 1321 3749 1390 pmniten-

2238 1414 2388 1477 tiam,
2435 1413 2501 1467 de
2542 1428 2604 1466 ea
2652 1411 2896 1467 deﬁnitio
2935 1412 3282 1467 constituitur
3318 1426 3433 1479 qua:
3470 1412 3744 1472 atstimatur;

2236 1510 2610 1557 verumtamen
2650 1501 2739 1555 ille
2775 1515 2898 1555 eum
2937 1498 3097 1555 offert
3120 1500 3213 1569 qui
3254 1499 3469 1554 fratrem
3500 1499 3746 1569 culpantem

2237 1591 2523 1663 compungi
2563 1588 2707 1646 fecit.
2750 1590 2887 1646 Huic
2917 1590 3061 1645 enim
3088 1598 3143 1644 et
3168 1588 3396 1643 obediet.
3446 1589 3545 1643 Sed
3580 1596 3627 1643 et
3663 1590 3749 1659 ipse

562 1700 608 1743 et
651 1690 795 1743 dabit
830 1687 918 1742 ille
944 1688 1032 1759 qui
1060 1698 1230 1740 vatum
1262 1693 1466 1739 voverat
1515 1681 1755 1735 Domino.
1813 1677 1879 1731 In
1917 1675 2133 1747 jubilteo
2161 1667 2209 1727 Β
2235 1681 2505 1750 obligatur
2529 1682 2582 1735 in
2610 1680 2987 1736 emendatione
3014 1678 3132 1747 ejus
3157 1680 3248 1749 qui
3272 1677 3616 1749 paenitentiam
3645 1680 3745 1749 agit,

561 1791 732 1832 autem
763 1786 1045 1831 revertetur
1074 1776 1143 1829 ad
1168 1775 1395 1845 priorem
1424 1772 1690 1825 dominum
1718 1768 1806 1838 qui
1831 1765 2133 1822 vendiderat

560 1884 696 1932 etim,
724 1877 770 1920 et
792 1866 1045 1919 habuerat
1090 1865 1143 1917 in
1190 1872 1383 1916 sortem
1414 1861 1758 1933 possessionis
1786 1876 1915 1913 suta.
1949 1857 2133 1911 Omnis

567 1960 845 2013 (estimatio
874 1957 1000 2011 siclo
1022 1955 1311 2010 sanctuarii
1335 1953 1727 2025 ponderabitur.
1760 1949 1932 2006 Siclus
1955 1948 2135 2017 viginti

560 2049 738 2104 obolos
776 2048 948 2102 habet.
993 2044 1350 2115 Primogenita
1385 2059 1502 2112 qua:
1539 2042 1609 2095 ad
1648 2042 1814 2095 Deum
1855 2040 2132 2112 pertinent,

558 2157 708 2194 nemo
754 2138 1087 2207 sancti/icore
1139 2135 1330 2206 poterit
1365 2146 1413 2188 et
1450 2149 1628 2187 vovere
1662 2145 1680 2183 :
1718 2131 1825 2185 sive
1871 2130 1981 2193 bos,
2031 2128 2134 2182 sive

558 2230 664 2283 ovis
691 2229 869 2298 fuerit.
910 2227 1123 2281 Domini
1165 2234 1311 2279 sunt.
1365 2224 1652 2277 Maximam
1692 2221 1957 2290 justitiam
2001 2218 2133 2289 legis

558 2319 736 2374 littera
785 2329 838 2372 et
884 2318 1106 2387 spiritus
1134 2315 1406 2370 ostendit:
1436 2314 1616 2367 littera
1648 2311 1912 2382 siquidem
1945 2325 2132 2381 agrum

557 2406 884 2476 possidentis
914 2405 1172 2469 alienum,
1216 2412 1279 2457 ut
1318 2401 1660 2458 sanctiﬁcent
1685 2402 1794 2456 Deo
1824 2408 1879 2455 et
1903 2399 2134 2454 oll’erant

560 2496 951 2560 sacerdotibus,
987 2504 1047 2548 ut
1073 2509 1259 2548 eorum
1288 2493 1361 2547 sit
1380 2492 1620 2547 creditus
1649 2506 1779 2561 ager
1804 2506 1910 2544 non
1938 2490 2131 2554 vetuit,

563 2588 687 2656 quia
750 2601 855 2639 non
918 2583 1227 2653 specialiter
1284 2598 1436 2637 suam
1494 2582 1725 2648 obtulit;
1783 2580 1926 2635 sicut
1986 2581 2132 2635 enim

563 2686 776 2746 emptus
816 2674 931 2743 ejus
966 2683 1094 2728 tunc
1133 2681 1271 2739 erat,
1322 2673 1403 2727 sic
1430 2683 1609 2726 autem
1639 2673 1729 2741 qui
1760 2672 1825 2727 de
1850 2671 2133 2726 vendentis

561 2765 737 2821 fuerat
779 2766 1119 2837 possessione
1161 2772 1308 2819 recte
1344 2763 1553 2818 alienus
1587 2771 1689 2817 est.
1722 2762 1976 2833 Prmeipit
2002 2778 2130 2834 ergo

561 2864 871 2927 computare
910 2855 1245 2912 sacerdotem
1279 2854 1392 2926 agri
1426 2854 1659 2925 pretium
1694 2867 1864 2923 usque
1897 2853 1965 2907 ad
1988 2852 2132 2924 jubi-

563 2949 742 3014 laeum,
766 2959 821 3004 et
852 2952 930 3004 sic
957 2964 1055 3019 pro
1085 2963 1150 3004 eo
1171 2949 1299 3004 dare
1325 2947 1594 3018 pretium;
1622 2942 1677 3000 in
1699 2943 1920 3014 jubilzeo
1947 2954 2128 3001 autem

2234 1778 2296 1825 ut
2325 1780 2449 1840 pote
2479 1771 2572 1840 qui
2614 1770 2781 1826 semel
2816 1768 2932 1838 ejus
2959 1768 3314 1825 correctionis
3350 1768 3471 1823 fecit
3497 1770 3745 1824 exordium.

2235 1860 2337 1928 Qui
2372 1868 2550 1916 autem
2580 1876 2686 1915 non
2712 1860 2855 1915 illico
2876 1874 2999 1915 eum
3031 1858 3290 1914 deﬁnitur
3317 1857 3608 1927 paenitentia
3631 1858 3747 1927 peni-

2238 1960 2323 2006 tus
2359 1950 2671 2016 mundatur,
2701 1952 2795 2006 sed
2823 1951 3039 2021 quando
3059 1964 3177 2005 eam
3203 1948 3437 2020 perfecte
3462 1948 3630 2019 egerit,
3656 1964 3747 2018 pro-

2233 2052 2419 2114 pterea
2459 2043 2574 2096 ait:
2606 2041 2673 2096 In
2704 2042 2923 2112 jubilazo
2957 2050 3129 2095 autem
3161 2041 3432 2094 revertitur
3462 2040 3525 2093 ad
3563 2039 3745 2109 priorem

2232 2133 2522 2198 dominum,
2563 2132 2653 2203 qui
2675 2132 2976 2186 vendiderat
2998 2147 3137 2185 eum.
3164 2131 3306 2202 Ergo
3328 2131 3554 2186 deﬁnitio
3573 2132 3743 2200 quidem

2232 2226 2564 2295 poenitentiae
2610 2225 2666 2279 in
2711 2224 2802 2278 illa
2846 2224 2935 2278 die
2986 2231 3176 2277 sancta
3222 2239 3347 2278 mox
3393 2222 3496 2280 ﬁet.
3536 2223 3582 2276 in
3617 2236 3742 2292 quan

2233 2313 2516 2369 sacerdote
2560 2320 2616 2368 et
2662 2312 3039 2369 exhortatione
3086 2310 3236 2380 ejus,
3291 2312 3380 2382 qui
3430 2312 3741 2383 paenitentiam

2234 2412 2456 2459 acturus
2480 2411 2599 2457 erat
2616 2417 2715 2473 per
2741 2404 2979 2459 divinam
3008 2401 3367 2472 Scripturam,
3397 2404 3637 2473 quomodo
3652 2418 3740 2457 eam

2232 2493 2425 2549 debeat
2453 2506 2613 2564 agere
2633 2494 2954 2548 aestimatur.

2308 2583 2460 2639 Tunc
2493 2592 2672 2638 autem
2696 2583 2967 2654 pcenitens
2981 2587 3379 2653 possessionem
3400 2598 3558 2648 suam,
3582 2598 3742 2652 agrum-

2233 2686 2339 2742 que
2368 2680 2422 2726 et
2452 2673 2918 2729 conversationem
2958 2675 3202 2744 recipiet,
3244 2673 3452 2743 quando
3487 2672 3550 2727 ad
3586 2687 3738 2727 annum

2231 2763 2540 2833 pervenerit
2560 2762 2762 2833 jubilaei
2794 2763 2908 2819 sive
2928 2764 3288 2820 remissionis.
3323 2763 3496 2818 Omnis
3519 2761 3738 2816 a'stimatio

2234 2853 2363 2909 siclo
2383 2855 2674 2908 sanctuarii
2689 2853 3084 2924 ponderabitur.
3109 2851 3305 2919 Siclus,
3328 2853 3438 2909 sive
3460 2851 3737 2913 didrachma,

2230 2945 2413 3016 viginti
2437 2944 2614 2999 obolos
2643 2945 2831 3010 habet;
2866 2952 2928 2999 ut
2960 2945 3137 3000 omnis
3172 2946 3455 3000 aestimatio
3477 2944 3578 2999 sive
3597 2942 3743 2997 deﬁni-

562 3042 756 3097 reverti
783 3057 848 3096 ac
881 3041 1028 3096 reddi
1054 3040 1222 3112 priori
1256 3041 1495 3106 domino,
1526 3039 1577 3094 id
1598 3047 1701 3104 est,
1725 3038 1775 3093 ei
1797 3038 1888 3108 qui
1913 3046 2131 3109 propter
2154 3024 2203 3087 C
2237 3040 2313 3092 tio
2340 3037 2545 3092 sanctis
2572 3035 2667 3090 ﬁat
2689 3038 3033 3108 ponderibus.
3067 3037 3122 3092 id
3147 3046 3260 3103 est,
3302 3039 3386 3093 his
3424 3053 3534 3108 quae
3568 3044 3672 3092 sunt
3699 3034 3746 3088 de

557 3140 930 3203 paupertatem
969 3146 1081 3186 rem
1126 3131 1402 3201 propriam
1427 3129 1689 3195 vendidit,
1737 3137 1794 3184 et
1825 3127 1893 3183 ad
1923 3136 2130 3183 certum

559 3237 679 3275 eam
707 3230 916 3289 tempus
946 3221 1217 3274 alienavit.

626 3311 709 3365 Ab
724 3312 826 3365 hoc
848 3325 977 3381 ergo
998 3317 1054 3363 et
1073 3310 1138 3363 ad
1160 3309 1454 3381 spiritalem
1480 3308 1884 3380 intelligentiam
1904 3308 2126 3364 transit:

559 3400 619 3455 Si
646 3417 770 3472 ager
792 3409 1011 3469 emptus,
1041 3410 1087 3453 et
1119 3417 1221 3454 non
1249 3401 1571 3470 possessione
1599 3399 1863 3468 majorum
1888 3399 2123 3468 sancti/i-

558 3504 706 3547 catus
734 3493 892 3562 fuerit
921 3493 1166 3557 Domino,
1195 3493 1492 3562 supputabit
1520 3492 1761 3546 sacerdos
1775 3491 1935 3562 juxta
1963 3506 2130 3545 anno-

558 3599 674 3636 rum
702 3599 974 3636 numerum
1007 3599 1170 3653 usque
1207 3582 1275 3636 ad
1313 3581 1606 3653 jubilwum.
1656 3582 1860 3650 Agrum
1890 3581 1981 3652 qui
2009 3595 2133 3652 pos-

559 3672 715 3737 sidet,
748 3687 907 3741 quem
934 3672 1085 3736 emit,
1114 3679 1167 3725 et
1196 3687 1303 3726 non
1340 3680 1423 3725 est
1453 3685 1563 3725 suae
1585 3670 1944 3740 possessionis
1971 3670 2018 3724 is
2038 3669 2128 3738 qui

559 3760 949 3833 intelligihilem
978 3769 1353 3831 paupertatem
1396 3763 1687 3833 patientem
1722 3759 1997 3816 exhortari
2036 3775 2131 3814 va-

559 3849 651 3915 let,
674 3864 1007 3920 arguereque
1035 3865 1178 3915 eum,
1211 3858 1374 3919 atque
1398 3863 1615 3904 movere
1640 3850 1705 3903 ad
1731 3848 2126 3917 pmnitentiam.

557 3940 945 4011 lntelligibilem
974 3941 1117 3994 enim
1149 3949 1370 4004 terram,
1404 3955 1565 4008 quam
1591 3939 1679 3994 ille
1708 3939 2034 4008 possidebat,
2064 3938 2130 3993 de

563 4049 668 4103 qua
716 4031 883 4087 David
928 4030 1235 4101 psallebat:
1270 4030 1503 4101 Spiritus
1544 4039 1664 4084 tuus
1705 4029 1866 4083 bonus
1913 4029 2127 4082 deducet

552 4144 637 4182 me
667 4129 721 4181 in
759 4137 952 4182 terram
988 4137 1182 4181 rectam
1230 4127 1401 4200 (Psal.
1430 4126 1566 4200 xxv),
1597 4129 1710 4198 ipse
1738 4129 1996 4199 possidet,
2021 4143 2129 4183 non

553 4218 873 4289 permittens
893 4231 1012 4273 eam
1037 4234 1101 4272 ex
1128 4226 1242 4273 toto
1267 4219 1557 4288 corrumpi,
1587 4219 1679 4273 sed
1706 4217 1920 4272 lucrans
1946 4217 2130 4272 fratris

558 4310 813 4363 virtutem
854 4310 935 4365 vel
965 4311 1169 4375 vitam,
1211 4310 1277 4365 de
1318 4326 1423 4380 qua
1472 4309 1562 4366 ille
1608 4326 1705 4381 per
1747 4309 2127 4383 negligentiam

557 4399 776 4454 cecidit.

631 4488 689 4543 Si
715 4489 879 4561 igitur
907 4505 968 4544 ea
997 4490 1420 4546 sanetiﬁcaverit
1450 4492 1698 4558 Domino,
1740 4492 1793 4547 id
1831 4500 1932 4556 est,
1972 4491 2128 4547 obtu-

557 4576 679 4631 lerit
702 4579 967 4633 sacerdoti
1005 4579 1239 4635 :audisti
1274 4580 1416 4635 enim
1451 4581 1575 4649 quia
1620 4581 1673 4634 in
1719 4582 1968 4650 praesenti
2006 4596 2130 4635 san-

557 4666 784 4721 ctiﬁcari
830 4669 941 4723 Deo
982 4669 1114 4724 dicit
1141 4684 1206 4723 ea
1240 4684 1361 4738 qua:
1393 4670 1765 4724 sacerdotibus
1792 4678 1938 4725 sorte
1965 4670 2130 4724 obve-

555 4765 770 4810 nerunt.
825 4757 1019 4813 Oll’erri
1074 4767 1283 4825 autem,
1316 4761 1618 4829 quomodo?
1661 4761 1714 4815 id
1758 4769 1866 4825 est,
1914 4768 2129 4830 oportet

558 4860 681 4899 eum
709 4848 796 4915 qui
827 4848 1063 4919 culpavit
1094 4850 1393 4915 emendari,
1423 4860 1478 4906 et
1503 4860 1743 4925 sanctam
1776 4852 1890 4922 ejus
1914 4850 2127 4907 efﬁcere

560 4939 1047 4994 conversationem.
1109 4941 1430 5012 Supputabit
1477 4944 1721 4998 sacerdos
1761 4944 1920 5014 juxta
1958 4961 2128 4997 anno-

557 5047 673 5083 rum
709 5046 981 5085 numerum
1006 5047 1168 5102 usque
1206 5033 1275 5086 ad
1314 5033 1595 5102 jubilwum
1632 5035 1874 5105 pretium,
1909 5043 1956 5088 et
1983 5034 2129 5088 dabit

559 5120 649 5175 ille
669 5124 758 5192 qu‘i
780 5131 953 5175 votum
981 5131 1186 5176 voverat
1217 5123 1459 5178 Domino.
1497 5123 1664 5180 ltecte
1693 5124 1946 5181 sacerdos
1968 5124 2128 5179 simul

560 5227 682 5266 cum
711 5227 775 5267 eo
800 5212 892 5282 qui
922 5213 1088 5267 movit
1118 5212 1341 5267 fratrem
1369 5215 1437 5268 ad
1463 5217 1857 5284 paenitentiam,
1885 5216 2009 5284 quia
2039 5213 2126 5268 ille

558 5305 773 5375 quidem
814 5306 1056 5360 districte
1099 5306 1215 5377 ejus
1254 5307 1520 5362 actionem
1555 5316 1610 5361 et
1637 5309 2122 5374 conversationem,

559 5408 618 5451 ut
646 5408 771 5468 pote
800 5398 926 5468 quia
969 5398 1081 5469 ipse
1105 5412 1227 5453 eum
1254 5399 1509 5462 correxit,
1540 5399 1630 5453 hic
1658 5408 1834 5453 autem
1860 5410 1919 5452 ut
1946 5413 2127 5452 sacer-

558 5488 656 5543 dos
694 5490 845 5544 novit
890 5505 1073 5544 veram
1123 5498 1285 5560 atque
1331 5488 1624 5559 perfectam
1678 5489 2121 5559 redemptionem,

558 5583 887 5648 supputavit.
918 5579 1031 5634 sive
1060 5579 1326 5649 probavit,
1355 5578 1572 5649 qualem
1604 5578 1652 5633 ei
1682 5585 1927 5648 Oportcat
1952 5577 2125 5647 paeni-

2151 4376 2207 4437 Β

2232 3145 2387 3184 sacra
2405 3129 2713 3199 Scriptura:
2732 3130 3004 3184 exteriora
3022 3130 3165 3185 enim
3188 3131 3433 3200 pondera
3452 3129 3598 3184 veluti
3617 3128 3748 3197 philo-

2231 3217 2615 3288 sophorum,in
2628 3219 2825 3287 quibus
2853 3218 3015 3273 etiam
3045 3219 3147 3290 ipsi
3172 3222 3325 3277 vitas
3349 3220 3747 3276 eonversationes-

2232 3320 2340 3379 que
2356 3315 2606 3377 pensant,
2623 3323 2729 3362 non
2749 3316 2874 3363 sunt
2891 3317 3095 3374 sancta,
3114 3311 3253 3380 quia
3274 3311 3540 3367 scientiam
3554 3305 3750 3378 imperfe-

2232 3405 2375 3452 ctam
2394 3396 2688 3466 possident.
2707 3396 2814 3453 Sed
2846 3412 2947 3452 nec
2970 3397 3356 3455 haereticorum
3380 3402 3595 3471 pondera
3606 3403 3751 3453 sancta

2231 3494 2398 3541 sunt:
2430 3487 2725 3541 cauteriata
2764 3496 2847 3542 est
2882 3488 3027 3542 enim
3063 3503 3263 3545 eorum
3304 3491 3641 3554 conscientia;
3680 3486 3750 3542 sed

2233 3586 2418 3633 sancta
2445 3587 2569 3633 sunt
2594 3593 2656 3633 ea
2679 3594 2798 3649 quae
2833 3590 2957 3634 sunt
2981 3581 3034 3635 in
3063 3581 3208 3636 divin
3224 3598 3258 3636 a
3289 3582 3572 3653 Scriptura,
3598 3581 3642 3634 in
3662 3593 3750 3647 qm-

2230 3669 2333 3725 bus
2373 3670 2567 3740 viginti
2611 3669 2754 3724 oboli
2801 3679 2946 3725 sunt.
2996 3670 3199 3727 Siclum
3255 3675 3367 3729 sive
3400 3668 3749 3733 didrach't.a,i.l

2230 3769 2335 3827 est,
2375 3762 2563 3817 decem
2607 3763 2885 3830 mandata,
2927 3765 3234 3820 secundum
3274 3767 3499 3822 litteram
3527 3772 3575 3819 et
3604 3776 3750 3818 scena—

2231 3852 2359 3906 dum
2412 3854 2658 3922 spiritum
2697 3854 3061 3922 intellectum,
3102 3856 3255 3912 sicut
3293 3857 3579 3928 evangelica
3618 3851 3749 3924 gratia

2231 3940 2493 4006 insinuat,
2539 3950 2596 3997 et
2629 3943 2718 4012 qui
2753 3944 2807 3997 in
2838 3959 2900 3998 ea
2940 3944 3111 4000 dicit:
3146 3944 3279 4002 Non
3317 3944 3646 4007 arbitremini.
3667 3937 3758 4007 illi“

2231 4035 2346 4087 veni
2379 4033 2573 4090 solvere
2596 4030 2779 4107 (egeni,
2813 4048 2904 4092 aut
2943 4039 3264 4110 praphetas;
3307 4057 3408 4096 non
3437 4039 3544 4094 veni
3576 4034 3747 4095 solvere.

2230 4126 2321 4180 sed
2366 4126 2578 4197 implere
2619 4128 2944 4201 (Matth.-v).
2987 4131 3130 4202 Ergo
3154 4134 3461 4203 quicunque
3502 4136 3584 4183 aut
3614 4126 3747 4194 legem

2232 4214 2443 4270 irritam
2475 4215 2624 4280 facit,
2653 4227 2749 4272 aut
2774 4218 3121 4289 Evangelium
3154 4222 3348 4287 tenuit,
3388 4221 3474 4275 hic
3502 4233 3601 4274 non
3623 4212 3750 4269 habet

2232 4305 2563 4370 didrachma,
2613 4322 2713 4362 nec
2756 4308 2916 4379 hujus
2953 4308 3257 4366 doctrinam
3293 4320 3354 4365 ut
3377 4306 3746 4365 sanctiﬁcantem

2234 4398 2524 4470 recipimus
2551 4413 2567 4452 :
2597 4400 2885 4455 han-eticos
2910 4410 3091 4454 autem
3118 4410 3173 4456 et
3198 4400 3435 4465 Judzeos,
3459 4408 3661 4469 quorum
3680 4387 3748 4444 ali

2233 4492 2447 4561 quidem
2503 4493 2769 4564 gratiam,
2834 4493 2923 4547 alii
2985 4493 3155 4564 legem
3223 4500 3458 4564 negant,
3520 4484 3750 4558 aequaliter

2233 4581 2557 4650 respuimus.
2616 4580 2975 4653 Primogenita
3024 4601 3141 4657 qua:
3202 4587 3274 4640 ad
3324 4586 3488 4641 Deum
3540 4579 3747 4654 pertint“

2234 4686 2382 4725 nemo
2417 4672 2748 4741 sanctiﬁcare
2784 4683 2948 4743 potest
2975 4684 3022 4729 et
3058 4691 3234 4729 vovere
3257 4676 3394 4734 :sioe
3420 4674 3528 4738 bos,
3550 4671 3644 4725 sive
3665 4662 3749 4718 erit

2233 4766 2413 4835 fuerit,
2442 4767 2655 4822 Domini
2680 4778 2820 4823 sunt.
2844 4769 3048 4824 Pecora
3073 4784 3167 4824 eos
3194 4770 3287 4839 qui
3313 4768 3465 4824 nobis
3484 4761 3748 4821 obedlellm

2232 4865 2377 4919 sunt,
2404 4856 2545 4913 ﬁlios
2568 4865 2625 4912 et
2648 4873 2853 4923 servos,
2885 4867 2941 4913 et
2974 4859 3268 4928 discipulos
3297 4861 3351 4913 in
3378 4848 3749 4929 prmeedentibus

2231 4946 2509 5001 diximus:
2545 4946 2737 5002 horum
2783 4948 3233 5019 primogenitum,
3284 4948 3337 5003 id
3376 4954 3475 5010 est,
3514 4941 3598 5012 qui
3630 4932 3749 4991 nobis

2230 5037 2309 5091 sic
2332 5051 2527 5105 parens
2548 5046 2602 5091 et
2624 5038 2880 5093 obediens
2907 5038 3089 5103 fuerit,
3112 5047 3171 5093 ut
3196 5049 3248 5093 et
3271 5039 3391 5092 aliis
3414 5027 3696 5091 obcdientis
3709 5027 3748 5074 et

2230 5126 2453 5196 parendi
2485 5127 2738 5181 ducatum
2765 5129 3023 5198 prmbeat.
3054 5129 3120 5182 Et
3145 5137 3431 5199 propterea
3466 5122 3549 5178 hic
3572 5114 3746 5188 quidem

2228 5216 2642 5286 primogenitum
2684 5217 2911 5279 dicitur;
2957 5218 3082 5273 alibi
3126 5226 3307 5273 autem
3338 5218 3403 5271 de
3432 5228 3495 5269 eo
3526 5205 3748 5279 legishl‘"

2229 5305 2360 5360 dicit
2384 5322 2396 5357 :
2422 5304 2588 5359 Omne
2617 5307 2962 5361 masculinum
2995 5308 3304 5380 adaperiens
3336 5304 3530 5360 vulvam
3554 5301 3747 5353 sanam

2230 5393 2452 5448 Domino
2498 5396 2770 5451 vocabitur
2817 5396 3015 5468 (Exod.
3069 5396 3274 5468 sxxtv).
3342 5390 3590 5463 Adaperit
3632 5380 3745 5438 enim

2227 5482 2442 5537 vulvam
2487 5487 2916 5554 generandorum
2960 5489 3211 5553 ﬁliorum,
3242 5489 3335 5557 qui
3365 5487 3574 5543 obedire
3598 5488 3748 5535 βοωπι-

2228 5573 2354 5629 dum
2394 5574 2559 5630 Deum
2608 5585 2663 5632 et
2701 5593 2822 5634 cum
2865 5580 2950 5649 pia
2995 5579 3324 5651 subjectione
3366 5575 3560 5646 incipit.
3598 5559 3747 5634 0'13!“
