3918 6180
259 220 348 275 581

1140 225 1642 283 ΕΧΡΟΞΠἹΟΝΕΞ
1680 226 1747 283 IN
1787 227 2182 287 LEVITICUM.
2221 261 2290 272 --
2326 231 2453 288 LIB.
2496 235 2602 290 VII.

3393 247 3498 305 582

260 330 404 427 verbi
427 330 755 427 gratia-crat
780 332 944 427 Paulo
972 337 1308 406 Timotheus,
1352 349 1408 395 et
1447 350 1724 412 propterea
1752 341 1818 395 de
1845 343 1895 402 Λ
1924 348 1982 395 et
2008 341 2268 397 doctrina:
2295 342 2647 400 intellectum.
2672 346 2791 418 Ipse
2812 349 2955 405 enim
2988 352 3135 409 solus
3163 355 3215 410 in
3232 365 3492 427 prmsemi

253 436 318 476 eo
339 422 405 475 ad
425 420 735 478 Corinthios
755 426 968 496 scripsit
992 446 1003 480 :
1036 427 1139 494 Qui
1164 440 1235 483 est
1261 430 1401 498 [ilius
1426 448 1570 484 meus
1597 430 1815 484 dilectus

253 514 309 565 in
344 511 591 577 Domino,
630 514 738 583 ipse
762 532 847 569 vos
876 519 1307 588 commonefaciat
1358 522 1468 575 vias
1502 537 1669 586 meas,
1701 536 1819 591 quq:

244 613 364 655 sunt
387 605 439 656 in
462 605 671 659 Christo
689 607 873 679 Jesu(I
888 608 1280 679 Cor.tv).lluuc
1298 613 1391 682 qui
1413 614 1536 668 talis
1553 624 1638 668 est
1658 629 1818 669 nemo

242 692 562 761 sant-tilica,
587 712 693 752 non
713 700 840 768 quia
865 700 1120 770 indignus
1143 710 1227 756 est
1244 701 1696 767 sanctiﬁcatione,
1721 701 1815 755 sed

242 795 302 839 ut
321 786 413 853 qui
438 803 542 841 non
565 800 720 860 egeat
746 792 1075 849 sanctilicari
1106 811 1120 848 :
1146 804 1228 850 est
1253 795 1394 848 enim
1421 794 1546 847 olim
1569 804 1812 848 sanctus.

250 870 497 925 Didicisti
560 872 704 926 enim
763 876 1032 942 quomodo
1079 884 1135 930 et
1183 879 1430 946 superius
1484 879 1816 945 dicebamus,

248 963 373 1031 quia
397 961 538 1017 aliud
564 970 647 1018 est
674 972 919 1018 sanctum
942 980 1061 1020 esse
1085 966 1285 1036 aliquid
1306 966 1439 1031 Deo,
1470 967 1613 1023 aliud
1640 978 1818 1024 autem

250 1051 463 1106 initium
508 1053 953 1110 sanctiﬁcationis
988 1071 1217 1111 sumere.
1271 1056 1406 1112 Illud
1441 1059 1585 1113 enim
1627 1060 1820 1115 melius

251 1158 314 1197 ac
356 1142 606 1211 superius
644 1152 744 1209 est,
790 1153 851 1198 ut
888 1154 1013 1215 pote
1055 1146 1198 1214 quod
1228 1147 1357 1201 olim
1395 1149 1694 1217 perfectum
1735 1158 1821 1205 est

248 1244 303 1288 et
347 1234 721 1290 melioratione
764 1251 869 1291 non
900 1244 1039 1306 eget.
1066 1236 1201 1304 Quia
1231 1252 1359 1309 ergo
1390 1238 1553 1306 ﬁlius,
1585 1241 1676 1309 qui
1702 1250 1819 1296 tan-

250 1338 364 1380 tum
409 1327 641 1381 honorat
687 1336 897 1396 patrem
941 1336 997 1382 et
1039 1337 1269 1384 matrem
1312 1339 1371 1385 ut
1402 1332 1523 1387 aliis
1567 1331 1661 1387 fiat
1697 1329 1819 1389 talis

248 1416 471 1471 honoris
508 1418 847 1487 exemplum:
885 1419 1157 1475 honorans
1192 1430 1372 1476 autem
1403 1432 1624 1493 propter
1646 1425 1820 1494 pieta-

248 1515 382 1572 tem,
425 1508 477 1561 id
519 1515 633 1571 est,
683 1518 904 1578 propter
944 1511 1310 1566 obedientiam
1349 1513 1510 1584 legis,
1550 1524 1606 1570 et
1641 1517 1820 1572 sciens

244 1597 375 1668 quia
404 1597 513 1653 Deo
542 1597 685 1654 hunc
721 1597 877 1655 oﬂ‘ert
915 1600 1174 1657 honorem
1202 1604 1293 1673 qui
1322 1604 1581 1660 honorari
1606 1615 1817 1675 patrem

1926 432 2103 486 minus
2131 443 2234 498 est,
2270 443 2491 503 propter
2528 438 2670 505 quod
2694 439 2831 493 dixit
2860 456 2873 493 :
2903 441 3071 496 Addet
3102 446 3337 514 quintam
3373 468 3495 521 pa

1922 530 2024 575 tem
2073 524 2251 593 pretii,
2304 525 2429 593 quia
2472 526 2703 595 pretium
2751 529 2914 583 habet
2959 534 3286 592 obedientia.
3342 540 3496 598 Unda

1923 625 2033 666 non
2059 611 2135 665 ait
2168 629 2180 665 :
2212 611 2529 669 Estimavit
2555 630 2677 669 eum
2706 618 2963 674 sacerdos
2987 621 3125 675 sicut
3147 639 3307 694 supra
3331 628 3486 695 dixit,

1924 703 2019 757 sed
2032 703 2173 758 sicut
2195 703 2345 777 olim,
2360 706 2590 775 pretium
2606 708 2914 764 habentem.
2940 710 2995 766 Si
3014 721 3193 768 autem
3209 732 3314 771 non
3345 722 3495 776 rede-

1923 792 2082 884 merit
2095 794 2217 864 quis
2233 794 2421 859 lilium,
2450 805 2808 863 aut-servum,
2827 810 2918 855 aut
2942 803 3260 874 discipulum
3286 807 3493 884 [quem]

1922 883 2201 951 possidet;
2234 885 2403 954 ipsius
2428 888 2571 941 enim
2597 903 2721 943 eum
2745 891 3011 948 redimere
3040 904 3144 959 est,
3173 906 3227 951 et
3245 913 3344 967 per
3372 883 3495 969 pru;

1922 970 2138 1027 dentem
2190 972 2614 1031 admonitionem
2667 989 2943 1034 sensatum
2992 982 3246 1053 efﬁcere,
3302 1004 3498 1044 secun-

1923 1060 2050 1114 dum
2109 1063 2328 1119 modum
2386 1065 2478 1137 qui
2535 1067 2710 1123 dictus
2750 1078 2855 1136 est,
2904 1065 3171 1129 alienatur
3220 1079 3290 1133 ab
3334 1079 3494 1149 hujus

1920 1154 2288 1220 possessione.

2520 1248 2747 1306 CAPUT
2786 1251 2925 1309 XVI.

1924 1374 2055 1438 Quae
2105 1380 2730 1460 consrcranturDomino
2757 1402 2864 1460 non
2902 1400 3116 1457 possunt
3154 1393 3356 1460 redimi,
3403 1398 3495 1452 sed

2132 1462 2435 1509 permanere
2470 1452 2650 1505 debent
2672 1455 2725 1507 in
2750 1452 3249 1527 illius'possessione.

1994 1574 2171 1647 (Ιιιιυ.)
2216 1576 2383 1631 Omne
2402 1581 2541 1649 quod
2568 1581 2789 1639 Domino
2832 1600 3172 1643 consecratur
3200 1594 3303 1648 sive
3340 1595 3495 1651 homo

244 1689 505 1757 prmcepit
547 1709 560 1742 :
611 1690 842 1759 primum
892 1691 1085 1746 horum
1142 1665 1452 1749 mandatum
1476 1736 1491 1761 ,
1542 1665 1686 1766 quod
1734 1706 1819 1751 est
1849 1683 1895 1742 Β
1924 1665 2041 1766 erfl’
2084 1667 2186 1766 Si"?
2223 1668 2441 1766 “gini?”
2477 1672 2591 1766 five
2619 1689 2764 1742 age”
2792 1692 2895 1728 mm
2935 1679 3207 1747 vendemr’
3233 1701 3324 1737 nec
3359 1688 3496 1739 redi‘

242 1779 297 1831 in
344 1780 734 1849 promissione;
775 1781 1086 1846 secundum,
1112 1783 1257 1852 quod
1293 1783 1492 1840 Paulus
1528 1786 1683 1851 dixit,
1715 1787 1815 1841 im-

242 1868 434 1937 plcvit.

312 1957 472 2013 Servi
518 1966 696 2013 autem
724 1959 813 2029 qui
847 1959 1073 2015 Domino
1103 1977 1237 2031 pure
1266 1963 1569 2018 subduntur
1593 1975 1818 2036 propter

241 2049 583 2113 mandatum,
618 2047 685 2104 de
713 2050 908 2118 quibus
932 2050 1063 2105 dicit
1092 2068 1106 2105 :
1141 2050 1315 2117 Servi,
1346 2053 1545 2107 obedite
1592 2056 1818 2111 dominis

240 2140 548 2195 carnalibus
580 2157 696 2193 cum
723 2141 907 2195 timore
937 2150 984 2194 et
1019 2150 1240 2195 tremore
1270 2143 1324 2197 in
1359 2143 1687 2213 simplicitate
1709 2162 1821 2199 cor—

238 2230 319 2283 dis
354 2229 493 2283 sicut
536 2228 782 2293 Domino,
833 2245 935 2282 non
983 2228 1051 2281 ad
1092 2228 1298 2282 oculum
1331 2232 1629 2297 servientes,
1681 2235 1816 2287 sicut

238 2316 541 2372 hominibus
579 2316 858 2388 placentes,
902 2318 993 2371 sed
1018 2318 1153 2372 sicut
1191 2320 1327 2373 servi
1355 2319 1551 2375 Christi
1598 2321 1812 2394 (Ephes.

243 2405 343 2475 vi),
379 2405 740 2459 obedientiam
780 2405 892 2459 Deo
929 2406 1221 2459 ostendunt
1261 2422 1275 2458 :
1310 2406 1415 2463 hoc
1443 2416 1625 2463 autem
1672 2411 1813 2464 idem

243 2497 411 2551 faciet
453 2503 508 2550 et
541 2495 855 2564 discipulus,
891 2495 970 2549 sic
1010 2496 1269 2565 magistro
1303 2495 1601 2570 [obediens]
1630 2500 1697 2555 ad
1727 2501 1819 2555 ho-

242 2603 438 2643 norem
467 2587 584 2651 Dci,
616 2586 706 2655 qui
742 2601 838 2656 per
883 2585 1108 2641 Paulum
1145 2590 1374 2643 sancivit
1402 2609 1414 2643 :
1444 2588 1661 2645 Obedite
1686 2610 1819 2663 pra:-

237 2680 429 2748 positis
472 2678 651 2732 vestris
682 2686 730 2731 et
750 2678 1011 2747 subjacete
1046 2679 1118 2732 eis
1141 2693 1159 2730 :
1186 2680 1284 2750 ipsi
1322 2681 1460 2735 enim
1507 2683 1817 2753 pervigilant

238 2787 332 2840 pro
354 2768 633 2823 animabus
646 2769 825 2822 vestris
849 2785 867 2822 :
903 2767 1101 2823 obedite
1128 2778 1176 2823 et
1205 2770 1423 2840 subjecti
1446 2780 1605 2825 estote
1628 2770 1813 2842 (Hebr.

240 2865 393 2936 xm).
428 2864 511 2919 Ad
540 2848 708 2918 Deuri]
743 2864 943 2920 referre
971 2881 1035 2920 ea
1069 2882 1189 2937 quae
1212 2876 1337 2922 sunt
1361 2868 1520 2938 hujus
1550 2869 1813 2924 obedien-

243 2962 331 3016 tia:
384 2968 440 3015 et
488 2958 835 3028 subjectiouis
873 2960 1153 3015 evidenter
1206 2961 1576 3030 unusquisque
1620 2962 1815 3016 horum

1922 1756 1995 1808 mi
2018 1760 2225 1825 poterit.
2258 1758 2525 1831 Quidquid
2556 1763 2712 1816 semel
2754 1764 2911 1831 fuerit
2956 1782 3333 1837 consecratum,
3380 1793 3499 1830 san-

1922 1855 2004 1899 cta
2028 1857 2330 1901 sanctorum
2362 1850 2458 1902 erit
2491 1849 2622 1905 Deo.
2682 1851 2751 1906 Et
2783 1855 2949 1909 omnis
2995 1872 3334 1927 consecratio,
3379 1882 3496 1935 qua:

1922 1939 2143 2007 oﬂ'ertur
2163 1938 2226 1992 ab
2254 1940 2481 2006 homine,
2514 1960 2618 1997 non
2654 1945 2960 2012 redimetur,
2990 1951 3080 2003 sed
3109 1963 3274 2006 morte
3296 1956 3489 2010 morie-

1920 2037 2024 2079 tur.
2078 2027 2209 2093 Qum
2243 2028 2545 2085 dill‘erentia
2599 2041 2684 2087 est
2731 2035 2874 2089 inter
2917 2039 3374 2098 anathematizare
3430 2054 3487 2099 et

1922 2117 2267 2173 sanctiﬁcare
2297 2121 2590 2175 secundum
2616 2121 2851 2178 litteram
2883 2142 2980 2196 per
3008 2144 3070 2183 ea
3098 2146 3217 2199 qua:
3244 2134 3495 2202 superius

1922 2205 2168 2263 discussa
2200 2216 2326 2261 sunt
2361 2210 2715 2276 ostendimus,
2746 2214 2836 2267 ubi
2880 2216 2983 2269 hoc
3011 2221 3150 2286 quod
3185 2210 3497 2278 anathema-

1920 2296 2144 2352 tizatum
2172 2308 2255 2353 est
2281 2300 2427 2354 nullo
2460 2302 2619 2356 modo
2646 2302 2699 2356 in
2751 2321 2904 2359 usum
2932 2308 3250 2376 humanum,
3275 2313 3493 2378 nullius.

1919 2402 1987 2441 ne
2008 2388 2224 2457 quidem
2255 2391 2573 2456 sacerdotis,
2609 2390 2690 2447 fas
2718 2408 2836 2450 esse
2863 2398 3079 2460 reveni,
3124 2398 3379 2466 diximus,
3411 2420 3497 2459 se-

1917 2478 2149 2532 cundum
2170 2478 2590 2535 Amalecitarum
2625 2482 2928 2540 historiam.
2953 2487 3069 2543 Non
3105 2491 3278 2545 solun
3301 2503 3485 2549 autem

1919 2569 2039 2634 hoc,
2086 2571 2182 2626 sed
2218 2571 2345 2641 quia
2390 2588 2723 2644 quascunque
2749 2576 2872 2647 jure
2899 2577 3023 2634 belli
3052 2597 3114 2635 ac
3147 2583 3211 2636 de
3254 2584 3497 2642 inimicis

1918 2676 2039 2717 cum
2067 2662 2264 2733 quibus
2296 2678 2403 2719 non
2425 2666 2705 2734 oportebat
2729 2668 3019 2723 amicitiam
3045 2671 3293 2742 jungcre,
3324 2677 3493 2745 spolia

1919 2754 2205 2809 sumebant
2259 2762 2383 2826 post
2434 2757 2719 2811 victoriam
2762 2765 2817 2813 et
2859 2760 3334 2829 deprtedationcm,
3384 2765 3497 2822 hrcc

1918 2843 2189 2900 faciebant
2229 2847 2536 2913 anathema,
2585 2857 2641 2903 et
2667 2865 2769 2903 non
2801 2867 2830 2904 a
2871 2854 3195 2922 semetipsis,
3248 2857 3343 2910 sed
3381 2856 3494 2913 Deo

1917 2937 2261 3004 prarcipiente
2286 2956 2298 2990 :
2321 2953 2656 3009 quaecunque
2683 2940 2827 2994 enim
2856 2944 3131 3013 prophetae
3152 2946 3499 3016 praecipiunt,

239 3053 491 3108 dicitur:
534 3024 598 3107 et
655 3052 768 3106 sive
827 3067 924 3122 per
985 3054 1183 3108 bonam
1248 3024 1649 3124 simplicitatem
1702 3024 1888 3124 pla—C
1922 3024 2264 3124 ωθηίίθδίιξω
2314 3036 2397 3083 θεῖ
2436 3029 3008 3124 (ζυίίί-Ρίῗξηᾩῗωφβξθ
3043 3042 3194 3124 γευηι·
3247 3035 3389 3106 Ergo
3440 3048 3496 3092 οι

238 3161 372 3199 cens
400 3154 484 3199 est
510 3144 639 3209 Deo,
686 3143 798 3198 sive
834 3160 932 3213 per
959 3145 1257 3199 studiosam
1292 3144 1666 3198 mandatorum
1688 3159 1818 3214 ope-

240 3239 534 3301 rationem,
567 3245 627 3300 θι
650 3235 951 3306 quidebeat
977 3238 1073 3292 bos
1101 3245 1323 3308 propter
1343 3237 1447 3291 hoc
1474 3243 1566 3290 aut
1586 3236 1703 3291 ovis
1727 3250 1818 3290 no-

237 3327 442 3382 minari
469 3327 704 3391 Domini,
733 3336 957 3396 uterque
984 3338 1087 3383 est.

307 3418 471 3483 Quod
496 3418 541 3469 si
572 3416 896 3470 immundum
923 3425 997 3470 est
1046 3415 1261 3481 animal,
1287 3416 1499 3469 redimet
1532 3414 1621 3484 qui
1667 3414 1818 3468 obtu-

238 3509 357 3562 lerit
405 3507 566 3577 juxta
604 3505 1022 3570 testimationem,
1074 3516 1122 3559 et
1168 3506 1322 3559 addet
1354 3506 1591 3576 quintam
1617 3513 1817 3575 partem

237 3598 398 3667 pretii
422 3609 441 3646 .'
473 3596 520 3649 si
570 3595 816 3649 redimere
870 3594 1111 3659 noluerit,
1158 3594 1408 3648 vendetur
1454 3593 1625 3648 alteri.
1679 3591 1817 3660 Quia

238 3686 557 3742 immundus
593 3687 768 3740 omnis
792 3696 1041 3755 peccator
1064 3694 1169 3751 est,
1195 3685 1536 3740 manifestum
1565 3694 1648 3740 est
1674 3683 1819 3737 :Im-

237 3779 476 3834 mundus
510 3779 645 3832 enim
686 3788 779 3843 est,
807 3779 980 3847 inquit
1005 3777 1280 3843 Salomon,
1327 3787 1447 3832 ante
1490 3786 1817 3846 conspectum

238 3869 460 3923 Domini
507 3867 674 3921 omnis
707 3868 916 3937 iniquus
941 3884 960 3931 ;
990 3867 1207 3936 iniquus
1231 3867 1375 3920 enim
1402 3873 1506 3929 est,
1548 3865 1673 3933 quia
1707 3872 1817 3921 tam

237 3956 496 4011 meditari
538 3971 700 4025 quam
733 3956 1046 4011 discernere
1079 3955 1273 4024 legem,
1314 3971 1435 4010 cum
1478 3954 1713 4011 ruminat
1764 3961 1821 4007 et

237 4047 503 4119 ungulam
532 4047 707 4112 ﬁndit,
758 4047 1037 4118 legislator
1059 4045 1223 4114 jussit
1252 4064 1265 4100 :
1296 4047 1604 4117 quicunque
1653 4060 1816 4099 unum

238 4155 305 4193 ex
346 4138 436 4192 his
478 4138 657 4191 minus
711 4138 895 4200 habet,
939 4138 992 4191 id
1038 4145 1143 4203 est,
1208 4136 1515 4208 quicunque
1563 4134 1819 4191 obedicns

235 4229 463 4300 quidem
516 4236 619 4290 est,
652 4237 707 4283 et
753 4229 1103 4284 vehementer
1131 4228 1378 4282 subditus
1404 4227 1565 4298 patri,
1604 4234 1698 4281 aut
1724 4226 1819 4280 do-

235 4320 413 4381 mino,
458 4325 556 4370 aut
587 4318 867 4386 magistro,
916 4333 1021 4371 non
1050 4325 1229 4371 tamen
1258 4316 1393 4387 legis
1437 4317 1575 4371 sicut
1602 4323 1817 4385 oportet

237 4406 501 4462 meditari
552 4415 646 4459 aut
679 4406 1010 4477 distinguere
1047 4406 1220 4470 novit,
1268 4406 1659 4477 primogenitus
1696 4405 1816 4475 qui-

234 4498 359 4553 dem
393 4513 448 4550 In
475 4496 760 4566 pecoribus
798 4504 881 4550 est
903 4497 1043 4551 sicut
1065 4495 1383 4550 obedientiaz
1410 4495 1538 4559 dux,
1585 4495 1817 4549 immun—

236 4586 338 4640 dus
394 4593 579 4638 autem
632 4592 735 4649 est,
771 4586 898 4654 quia
940 4601 1045 4639 non
1093 4584 1255 4639 habet
1294 4585 1397 4638 hoc
1433 4583 1577 4653 quod
1613 4584 1816 4638 habere

236 4677 513 4731 mundum
563 4674 836 4746 legislator
874 4674 1055 4743 jussit.
1109 4674 1167 4729 Si
1192 4690 1322 4745 ergo
1352 4689 1472 4729 eum
1499 4683 1675 4744 pater,
1722 4682 1815 4728 aut

235 4768 523 4830 dominus,
574 4774 666 4819 aut
709 4765 967 4836 magister
1009 4765 1125 4818 vult
1171 4766 1457 4827 redimere,
1520 4763 1814 4818 secundum

235 4857 661 4913 aestimationem
704 4854 820 4924 ejus
879 4856 1197 4921 redimetur,
1258 4863 1313 4909 et
1361 4855 1523 4909 addet
1572 4856 1814 4924 quintam

234 4956 456 5016 partem
518 4945 696 5014 pretii.
755 4944 929 4999 Addet
964 4946 1226 5015 quintam,
1278 4959 1401 4999 cum
1451 4943 1726 4998 intellectu
1767 4943 1816 4998 ei

237 5036 548 5090 doctrinam
578 5032 825 5097 offerens,
877 5034 929 5086 in
962 5034 1283 5102 sapientiam
1322 5047 1445 5087 eum
1484 5032 1814 5102 gubernans,

237 5134 294 5180 ct
323 5139 438 5179 non
465 5123 782 5192 insipienter
813 5137 1004 5192 rqens
1030 5138 1045 5184 ;
1077 5121 1336 5176 insensati
1368 5120 1512 5175 enim
1540 5120 1733 5189 patris,
1763 5126 1819 5173 et

236 5213 477 5277 domini,
509 5220 563 5266 et
582 5212 821 5282 magistri
849 5220 933 5266 est
959 5210 1342 5273 obedientiam,
1374 5224 1493 5278 quae
1517 5210 1587 5264 ad
1617 5223 1674 5263 se
1700 5223 1821 5277 per-

242 5313 411 5375 tinet,
440 5317 500 5364 et
524 5310 717 5362 docere
741 5307 933 5372 lilium,
960 5305 1045 5360 vel
1070 5302 1414 5373 discipulum,
1461 5302 1545 5356 vel
1575 5317 1815 5367 servum,

238 5410 299 5455 et
351 5414 462 5453 non
501 5398 785 5467 disponere
835 5395 951 5464 ejus
999 5394 1189 5459 vitam,
1241 5399 1302 5445 ut
1337 5391 1629 5446 secundum
1684 5390 1819 5461 legis

238 5490 535 5546 scientiam
567 5494 840 5558 operetur,
895 5484 1314 5554 permittereque
1367 5495 1489 5535 eum
1543 5479 1818 5534 indoctum

241 5597 372 5639 esse
404 5582 457 5635 in
498 5581 610 5653 lege
645 5587 698 5634 ct
720 5578 1048 5646 imperitum.
1094 5574 1269 5630 Addat
1309 5574 1468 5643 igitur
1498 5571 1817 5642 subjectioni

1920 3131 2019 3172 nos
2056 3119 2415 3189 quodcunque
2451 3120 2875 3192 intelligibilibus
2903 3122 3156 3190 inimicis,
3193 3124 3247 3180 id
3271 3135 3355 3182 est
3384 3127 3493 3181 dte-

1919 3212 2187 3276 monibus,
2221 3220 2540 3282 pugnantes,
2596 3228 2720 3267 cum
2769 3213 2965 3283 quibus
3006 3217 3164 3272 nobis
3210 3233 3315 3272 non
3364 3219 3495 3275 licet

1920 3301 2189 3357 amicitias
2207 3300 2454 3372 jungere,
2496 3313 2681 3357 contra
2708 3318 2842 3372 quos
2872 3304 3181 3362 inimicitias
3210 3316 3265 3362 et
3286 3309 3493 3364 incom-

1919 3393 2206 3449 mutabiles
2235 3393 2514 3449 habemus.
2540 3393 2768 3464 Propter
2795 3396 2937 3465 quod
2967 3395 3223 3453 Dominus
3246 3401 3490 3457 dicebat:

1922 3480 2045 3535 Non
2072 3481 2188 3536 veni
2221 3482 2430 3535 mittere
2449 3499 2630 3551 pacem
2658 3483 2711 3536 in
2732 3492 2947 3550 terram,
2976 3485 3067 3539 sed
3091 3487 3347 3556 gladium,
3375 3505 3499 3559 pro-

1917 3582 2037 3644 pter
2080 3575 2223 3644 quod
2274 3575 2477 3629 dividet
2519 3575 2794 3630 hominem
2849 3578 3108 3635 adversus
3152 3589 3383 3650 patrem,
3439 3594 3494 3640 ct

1920 3664 2083 3718 ﬁliam
2116 3665 2373 3718 adversus
2415 3672 2643 3719 matrem
2672 3662 2884 3734 (Matth.
2908 3667 2986 3737 ι),
3031 3676 3087 3723 et
3125 3670 3326 3726 scindit
3351 3689 3495 3727 com-

1910 3755 2224 3833 passionem
2269 3754 2504 3825 generis,
2539 3763 2598 3808 ut
2630 3755 2881 3811 deorsum
2909 3756 3275 3827 relinquentes
3309 3764 3493 3819 carnis

1917 3846 2369 3916 compassionem,
2413 3845 2625 3901 facilius
2656 3847 3003 3917 incorporeas
3037 3850 3368 3920 perimamus
3395 3853 3495 3909 ini-

1917 3939 2109 4004 micos,
2155 3937 2269 3993 sive
2296 3937 2590 4005 hominem,
2650 3938 2765 3993 sive
2791 3953 2977 4008 pecus,
3032 3940 3145 3995 sive
3174 3957 3362 4013 agrum
3392 3959 3496 4015 pro

1919 4030 2089 4101 spolio
2118 4046 2184 4085 ex
2209 4028 2351 4084 bello
2374 4029 2516 4098 quod
2552 4037 2738 4085 contra
2761 4045 2854 4086 eos
2893 4030 3176 4097 habemus,
3222 4042 3384 4104 atque
3405 4035 3491 4089 vi-

1918 4123 2144 4177 ctoriam
2187 4121 2694 4191 conquisiverimus,
2739 4138 3062 4178 consecrare
3110 4126 3326 4195 quidem
3382 4126 3493 4181 Deo

1919 4214 2036 4268 haec
2082 4214 2361 4276 debemus,
2400 4213 2479 4267 sic
2526 4224 2707 4267 autem
2763 4228 3105 4279 consecrare,
3162 4223 3219 4268 ut
3259 4216 3392 4270 nihil
3433 4216 3488 4271 in

1920 4302 2000 4357 eis
2023 4302 2318 4356 habeamus
2343 4309 2542 4356 nostra;
2575 4301 2886 4355 voluntatis.
2916 4300 3020 4355 Sed
3048 4302 3162 4356 sive
3189 4318 3307 4357 suae.
3331 4314 3490 4375 pote~

1841 4372 1893 4431 D
1916 4392 2074 4447 statis
2101 4391 2367 4460 quispiam
2390 4398 2494 4455 est,
2553 4390 2655 4444 hoc
2681 4390 2826 4444 enim
2874 4400 2958 4445 est
2982 4404 3109 4446 vere
3151 4372 3347 4457 homo,
3361 4395 3491 4464 quid

1920 4483 2149 4538 dicimus
2174 4489 2353 4534 autem
2382 4496 2502 4534 cum
2544 4482 2634 4549 qui
2672 4480 2978 4536 nullatenus
3003 4481 3159 4537 nobis
3206 4483 3490 4554 subjectus

1918 4580 2023 4637 est,
2072 4571 2164 4626 sed
2191 4569 2415 4639 mqualis
2473 4571 2631 4625 nobis
2667 4580 2753 4625 est
2783 4572 3076 4626 secundum
3125 4575 3492 4628 conversatio-

1919 4678 2065 4729 nem,
2097 4662 2210 4718 sive
2232 4676 2353 4717 eum
2383 4661 2474 4730 qui
2502 4661 2660 4716 nobis
2690 4660 2964 4730 subjectus
2991 4671 3096 4727 est,
3126 4670 3181 4715 et
3204 4671 3489 4732 propterea

1918 4768 2081 4822 pecus
2102 4750 2433 4815 nominatur,
2464 4748 2824 4820 intelligibiles
2869 4749 3054 4805 hostes
3090 4750 3368 4807 vincentes
3395 4768 3487 4808 ac-

1918 4842 2299 4913 quisiverimus
2323 4857 2338 4906 ;
2390 4840 2505 4895 sive
2533 4839 2599 4894 de
2628 4854 2758 4910 agro
2787 4840 3164 4910 possessionis,
3204 4841 3258 4897 id
3281 4851 3383 4908 est,
3419 4858 3487 4899 ex

1919 4950 2024 5006 qua
2050 4934 2224 4989 sortiti
2251 4948 2460 4998 sumus,
2507 4931 2971 4986 conversationem
2995 4931 3049 4985 in
3082 4931 3266 5002 spoliis
3286 4944 3341 4988 et
3376 4943 3487 4988 tro-

1918 5027 2048 5096 pmis
2071 5023 2476 5095 sumpserimus,
2512 5029 2701 5077 contra
2729 5021 2977 5077 inimicos
3002 5021 3365 5093 intelligibiles
3392 5037 3490 5091 pu-

1921 5125 2168 5189 gnantes,
2196 5130 2296 5170 nec
2316 5114 2627 5169 venundare
2648 5113 2763 5167 htec
2787 5128 3096 5183 possumus,
3127 5128 3229 5168 nec
3258 5113 3493 5168 redime-

1921 5224 1979 5262 re
2023 5222 2158 5277 0pus
2183 5206 2465 5270 habemus,
2490 5203 2615 5274 quia
2648 5218 2808 5259 omne
2835 5212 3211 5259 consecratum
3238 5213 3484 5257 sanctum

1921 5305 2231 5353 sanctorum
2267 5303 2351 5349 est
2374 5293 2619 5348 Domino.
2657 5291 2935 5359 Quomodo
2956 5290 3289 5359 autem,audi
3326 5304 3340 5341 :
3379 5303 3485 5340 non

1920 5397 2097 5459 potest
2135 5386 2332 5456 aliquis
2384 5383 2688 5454 exspoliare
2714 5383 2992 5436 inimicum
3019 5391 3304 5446 antequam
3360 5389 3485 5427 eum

1919 5478 2157 5551 perfecte
2181 5477 2445 5546 subjiciat,
2480 5475 2618 5530 sicut
2645 5473 2901 5529 Dominus
2921 5470 3117 5527 Iudaeis
3137 5465 3266 5520 dixit
3293 5481 3306 5518 :
3340 5464 3485 5530 Quo-

1921 5570 2075 5625 modo
2097 5578 2259 5641 potest
2292 5567 2481 5637 aliquis
2511 5565 2710 5636 ingredi
2754 5565 2807 5617 in
2839 5564 3045 5616 domum
3091 5557 3242 5622 fortis
3269 5566 3317 5609 et
3360 5570 3485 5609 vasa
