  <div class='ocr_page' id='page_1' title='image "/cluster/home/n/w/nwhite01/storage/ocr_20150623/108/hvd.32044054759733/297.png"; bbox 0 0 3926 6176; ppageno 0'>
   <div class='ocr_carea' id='block_1_1' title="bbox 528 241 636 298">
    <p class='ocr_par' dir='ltr' id='par_1_1' title="bbox 528 241 636 298">
     <span class='ocr_line' id='line_1_1' title="bbox 528 241 636 298; baseline -0.037 1"><span class='ocrx_word' id='word_1_1' title='bbox 528 241 636 298; x_wconf 72' lang='lat'><strong><em>583</em></strong></span> 
     </span>
    </p>
   </div>
   <div class='ocr_carea' id='block_1_2' title="bbox 1172 224 3708 302">
    <p class='ocr_par' dir='ltr' id='par_1_2' title="bbox 1172 224 3708 302">
     <span class='ocr_line' id='line_1_2' title="bbox 1172 224 3708 302; baseline -0.004 -12"><span class='ocrx_word' id='word_1_2' title='bbox 1172 234 1234 290; x_wconf 89' lang='lat' dir='ltr'><strong><em>B.</em></strong></span> <span class='ocrx_word' id='word_1_3' title='bbox 1277 231 1535 288; x_wconf 77' lang='lat' dir='ltr'><strong><em>RABANI</em></strong></span> <span class='ocrx_word' id='word_1_4' title='bbox 1570 229 1792 287; x_wconf 81' lang='lat' dir='ltr'><strong>MAURI</strong></span> <span class='ocrx_word' id='word_1_5' title='bbox 1828 227 2149 285; x_wconf 81' lang='lat' dir='ltr'><strong><em>ARCHIEP.</em></strong></span> <span class='ocrx_word' id='word_1_6' title='bbox 2191 224 2499 285; x_wconf 82' lang='lat' dir='ltr'><strong><em>MOGUNT.</em></strong></span> <span class='ocrx_word' id='word_1_7' title='bbox 2538 224 2819 283; x_wconf 76' lang='lat' dir='ltr'><strong>OPEPUM</strong></span> <span class='ocrx_word' id='word_1_8' title='bbox 2856 224 3037 282; x_wconf 80' lang='lat' dir='ltr'><strong><em>PARS</em></strong></span> <span class='ocrx_word' id='word_1_9' title='bbox 3073 226 3114 284; x_wconf 89' lang='grc' dir='ltr'><strong><em>Ι.</em></strong></span> <span class='ocrx_word' id='word_1_10' title='bbox 3149 257 3164 272; x_wconf 87' lang='lat'><strong><em>-</em></strong></span> <span class='ocrx_word' id='word_1_11' title='bbox 3627 243 3708 302; x_wconf 53' lang='lat' dir='ltr'><strong><em>{si</em></strong></span> 
     </span>
    </p>
   </div>
   <div class='ocr_carea' id='block_1_3' title="bbox 531 337 3720 423">
    <p class='ocr_par' dir='ltr' id='par_1_3' title="bbox 531 337 3720 423">
     <span class='ocr_line' id='line_1_3' title="bbox 531 337 3720 423; baseline -0.004 -15"><span class='ocrx_word' id='word_1_12' title='bbox 531 354 646 423; x_wconf 85' lang='lat' dir='ltr'><strong><em>ejus</em></strong></span> <span class='ocrx_word' id='word_1_13' title='bbox 667 349 914 421; x_wconf 83' lang='lat' dir='ltr'><strong><em>diripere,</em></strong></span> <span class='ocrx_word' id='word_1_14' title='bbox 955 365 998 403; x_wconf 82' lang='lat' dir='ltr'><strong><em>si</em></strong></span> <span class='ocrx_word' id='word_1_15' title='bbox 1027 363 1132 402; x_wconf 87' lang='lat' dir='ltr'><strong><em>non</em></strong></span> <span class='ocrx_word' id='word_1_16' title='bbox 1173 347 1322 418; x_wconf 81' lang='lat' dir='ltr'><strong><em>prius</em></strong></span> <span class='ocrx_word' id='word_1_17' title='bbox 1349 343 1645 416; x_wconf 77' lang='lat' dir='ltr'><strong><em>alligaverit</em></strong></span> <span class='ocrx_word' id='word_1_18' title='bbox 1667 344 1875 414; x_wconf 79' lang='lat' dir='ltr'><strong><em>fortem,</em></strong></span> <span class='ocrx_word' id='word_1_19' title='bbox 1915 352 1964 398; x_wconf 90' lang='lat' dir='ltr'><strong><em>et</em></strong></span> <span class='ocrx_word' id='word_1_20' title='bbox 1988 351 2110 396; x_wconf 87' lang='lat' dir='ltr'><strong><em>tunc</em></strong></span> <span class='ocrx_word' id='word_1_21' title='bbox 2138 344 2190 405; x_wconf 79' lang='grc' dir='ltr'><strong>Α</strong></span> <span class='ocrx_word' id='word_1_22' title='bbox 2214 338 2434 405; x_wconf 90' lang='lat' dir='ltr'><strong><em>debent,</em></strong></span> <span class='ocrx_word' id='word_1_23' title='bbox 2480 339 2622 394; x_wconf 91' lang='lat' dir='ltr'><strong><em>sicut</em></strong></span> <span class='ocrx_word' id='word_1_24' title='bbox 2647 337 2873 409; x_wconf 74' lang='lat' dir='ltr'><strong><em>perfecti</em></strong></span> <span class='ocrx_word' id='word_1_25' title='bbox 2923 352 3133 410; x_wconf 85' lang='lat' dir='ltr'><strong><em>semper</em></strong></span> <span class='ocrx_word' id='word_1_26' title='bbox 3154 349 3207 395; x_wconf 91' lang='lat' dir='ltr'><strong><em>et</em></strong></span> <span class='ocrx_word' id='word_1_27' title='bbox 3236 348 3564 403; x_wconf 78' lang='lat' dir='ltr'><strong><em>consummati</em></strong></span> <span class='ocrx_word' id='word_1_28' title='bbox 3590 365 3604 403; x_wconf 92' lang='lat'><strong><em>:</em></strong></span> <span class='ocrx_word' id='word_1_29' title='bbox 3631 348 3720 407; x_wconf 81' lang='lat' dir='ltr'><strong><em>lru.</em></strong></span> 
     </span>
    </p>
   </div>
   <div class='ocr_carea' id='block_1_4' title="bbox 526 435 1352 512">
    <p class='ocr_par' dir='ltr' id='par_1_4' title="bbox 526 435 1352 512">
     <span class='ocr_line' id='line_1_4' title="bbox 526 435 1352 512; baseline -0.011 -15"><span class='ocrx_word' id='word_1_30' title='bbox 526 458 653 498; x_wconf 81' lang='lat' dir='ltr'><strong><em>uasa</em></strong></span> <span class='ocrx_word' id='word_1_31' title='bbox 693 440 807 512; x_wconf 81' lang='lat' dir='ltr'><strong><em>ejus</em></strong></span> <span class='ocrx_word' id='word_1_32' title='bbox 828 439 1044 509; x_wconf 75' lang='lat' dir='ltr'><strong><em>diripiat</em></strong></span> <span class='ocrx_word' id='word_1_33' title='bbox 1072 435 1222 510; x_wconf 85' lang='lat' dir='ltr'><strong><em>(Luc.</em></strong></span> <span class='ocrx_word' id='word_1_34' title='bbox 1251 438 1352 508; x_wconf 77' lang='grc' dir='ltr'><strong><em>χι).</em></strong></span> 
     </span>
    </p>
   </div>
   <div class='ocr_carea' id='block_1_5' title="bbox 598 523 2110 598">
    <p class='ocr_par' dir='ltr' id='par_1_5' title="bbox 598 523 2110 598">
     <span class='ocr_line' id='line_1_5' title="bbox 598 523 2110 598; baseline -0.007 -10"><span class='ocrx_word' id='word_1_35' title='bbox 598 532 752 588; x_wconf 86' lang='lat' dir='ltr'><strong><em>Tunc</em></strong></span> <span class='ocrx_word' id='word_1_36' title='bbox 802 538 982 585; x_wconf 89' lang='lat' dir='ltr'><strong><em>autem</em></strong></span> <span class='ocrx_word' id='word_1_37' title='bbox 1022 528 1179 598; x_wconf 85' lang='lat' dir='ltr'><strong>plene</strong></span> <span class='ocrx_word' id='word_1_38' title='bbox 1231 526 1624 596; x_wconf 83' lang='lat' dir='ltr'><strong><em>intelligibilem</em></strong></span> <span class='ocrx_word' id='word_1_39' title='bbox 1663 524 1875 580; x_wconf 90' lang='lat' dir='ltr'><strong><em>hostem</em></strong></span> <span class='ocrx_word' id='word_1_40' title='bbox 1925 523 2110 579; x_wconf 89' lang='lat' dir='ltr'><strong><em>subdi-</em></strong></span> 
     </span>
    </p>
   </div>
   <div class='ocr_carea' id='block_1_6' title="bbox 526 617 2109 688">
    <p class='ocr_par' dir='ltr' id='par_1_6' title="bbox 526 617 2109 688">
     <span class='ocr_line' id='line_1_6' title="bbox 526 617 2109 688; baseline -0.004 -11"><span class='ocrx_word' id='word_1_41' title='bbox 526 638 668 688; x_wconf 86' lang='lat' dir='ltr'><strong><em>mus,</em></strong></span> <span class='ocrx_word' id='word_1_42' title='bbox 714 622 770 675; x_wconf 96' lang='lat' dir='ltr'><strong><em>id</em></strong></span> <span class='ocrx_word' id='word_1_43' title='bbox 802 629 888 676; x_wconf 90' lang='lat' dir='ltr'><strong><em>est</em></strong></span> <span class='ocrx_word' id='word_1_44' title='bbox 920 619 1213 683; x_wconf 89' lang='lat' dir='ltr'><strong><em>diabolum,</em></strong></span> <span class='ocrx_word' id='word_1_45' title='bbox 1247 617 1521 688; x_wconf 83' lang='lat' dir='ltr'><strong><em>ligareque</em></strong></span> <span class='ocrx_word' id='word_1_46' title='bbox 1565 632 1689 672; x_wconf 91' lang='lat' dir='ltr'><strong><em>eum</em></strong></span> <span class='ocrx_word' id='word_1_47' title='bbox 1719 626 1775 671; x_wconf 89' lang='lat' dir='ltr'><strong><em>et</em></strong></span> <span class='ocrx_word' id='word_1_48' title='bbox 1808 617 2109 686; x_wconf 74' lang='lat' dir='ltr'><strong><em>deprzedari</em></strong></span> 
     </span>
    </p>
   </div>
   <div class='ocr_carea' id='block_1_7' title="bbox 524 706 2108 780">
    <p class='ocr_par' dir='ltr' id='par_1_7' title="bbox 524 706 2108 780">
     <span class='ocr_line' id='line_1_7' title="bbox 524 706 2108 780; baseline -0.003 -12"><span class='ocrx_word' id='word_1_49' title='bbox 524 721 581 768; x_wconf 92' lang='lat' dir='ltr'><strong><em>et</em></strong></span> <span class='ocrx_word' id='word_1_50' title='bbox 603 726 922 767; x_wconf 88' lang='lat' dir='ltr'><strong><em>consecrare</em></strong></span> <span class='ocrx_word' id='word_1_51' title='bbox 943 712 1053 765; x_wconf 93' lang='lat' dir='ltr'><strong><em>Deo</em></strong></span> <span class='ocrx_word' id='word_1_52' title='bbox 1083 709 1253 780; x_wconf 90' lang='lat' dir='ltr'><strong><em>spolia</em></strong></span> <span class='ocrx_word' id='word_1_53' title='bbox 1283 707 1399 776; x_wconf 91' lang='lat' dir='ltr'><strong><em>ejus</em></strong></span> <span class='ocrx_word' id='word_1_54' title='bbox 1424 723 1729 778; x_wconf 88' lang='lat' dir='ltr'><strong><em>possumus,</em></strong></span> <span class='ocrx_word' id='word_1_55' title='bbox 1754 708 1972 778; x_wconf 87' lang='lat' dir='ltr'><strong><em>quando</em></strong></span> <span class='ocrx_word' id='word_1_56' title='bbox 1992 706 2108 776; x_wconf 89' lang='lat' dir='ltr'><strong><em>ejus</em></strong></span> 
     </span>
    </p>
   </div>
   <div class='ocr_carea' id='block_1_8' title="bbox 522 798 2108 861">
    <p class='ocr_par' dir='ltr' id='par_1_8' title="bbox 522 798 2108 861">
     <span class='ocr_line' id='line_1_8' title="bbox 522 798 2108 861; baseline -0.002 -5"><span class='ocrx_word' id='word_1_57' title='bbox 522 815 716 856; x_wconf 88' lang='lat' dir='ltr'><strong><em>omnes</em></strong></span> <span class='ocrx_word' id='word_1_58' title='bbox 769 800 1061 855; x_wconf 91' lang='lat' dir='ltr'><strong><em>vicerimus</em></strong></span> <span class='ocrx_word' id='word_1_59' title='bbox 1110 798 1409 861; x_wconf 82' lang='lat' dir='ltr'><strong><em>machinas,</em></strong></span> <span class='ocrx_word' id='word_1_60' title='bbox 1466 813 1627 852; x_wconf 89' lang='lat' dir='ltr'><strong><em>omne</em></strong></span> <span class='ocrx_word' id='word_1_61' title='bbox 1690 798 2108 854; x_wconf 81' lang='lat' dir='ltr'><strong><em>contriverimus</em></strong></span> 
     </span>
    </p>
   </div>
   <div class='ocr_carea' id='block_1_9' title="bbox 523 888 2104 962">
    <p class='ocr_par' dir='ltr' id='par_1_9' title="bbox 523 888 2104 962">
     <span class='ocr_line' id='line_1_9' title="bbox 523 888 2104 962; baseline -0.001 -16"><span class='ocrx_word' id='word_1_62' title='bbox 523 900 703 962; x_wconf 88' lang='lat' dir='ltr'><strong><em>caput,</em></strong></span> <span class='ocrx_word' id='word_1_63' title='bbox 747 906 1071 959; x_wconf 88' lang='lat' dir='ltr'><strong><em>omnemque</em></strong></span> <span class='ocrx_word' id='word_1_64' title='bbox 1103 891 1341 959; x_wconf 86' lang='lat' dir='ltr'><strong><em>speciem</em></strong></span> <span class='ocrx_word' id='word_1_65' title='bbox 1370 889 1584 961; x_wconf 78' lang='lat' dir='ltr'><strong><em>peccati</em></strong></span> <span class='ocrx_word' id='word_1_66' title='bbox 1624 888 2104 956; x_wconf 89' lang='lat' dir='ltr'><strong><em>declinaverimus,</em></strong></span> 
     </span>
    </p>
   </div>
   <div class='ocr_carea' id='block_1_10' title="bbox 523 980 2108 1047">
    <p class='ocr_par' dir='ltr' id='par_1_10' title="bbox 523 980 2108 1047">
     <span class='ocr_line' id='line_1_10' title="bbox 523 980 2108 1047; baseline -0.003 -9"><span class='ocrx_word' id='word_1_67' title='bbox 523 990 716 1038; x_wconf 90' lang='lat' dir='ltr'><strong><em>cuncta</em></strong></span> <span class='ocrx_word' id='word_1_68' title='bbox 746 981 930 1035; x_wconf 89' lang='lat' dir='ltr'><strong><em>mundi</em></strong></span> <span class='ocrx_word' id='word_1_69' title='bbox 976 980 1241 1035; x_wconf 80' lang='lat' dir='ltr'><strong><em>desideria</em></strong></span> <span class='ocrx_word' id='word_1_70' title='bbox 1274 980 1587 1045; x_wconf 80' lang='lat' dir='ltr'><strong><em>vicerimus,</em></strong></span> <span class='ocrx_word' id='word_1_71' title='bbox 1620 988 1949 1047; x_wconf 88' lang='lat' dir='ltr'><strong><em>cunctasque</em></strong></span> <span class='ocrx_word' id='word_1_72' title='bbox 1997 980 2108 1034; x_wconf 89' lang='lat' dir='ltr'><strong><em>vir-</em></strong></span> 
     </span>
    </p>
   </div>
   <div class='ocr_carea' id='block_1_11' title="bbox 514 1068 2106 1140">
    <p class='ocr_par' dir='ltr' id='par_1_11' title="bbox 514 1068 2106 1140">
     <span class='ocr_line' id='line_1_11' title="bbox 514 1068 2106 1140; baseline -0.001 -15"><span class='ocrx_word' id='word_1_73' title='bbox 514 1078 665 1136; x_wconf 80' lang='lat' dir='ltr'><strong><em>tutes</em></strong></span> <span class='ocrx_word' id='word_1_74' title='bbox 720 1070 957 1124; x_wconf 76' lang='lat' dir='ltr'><strong><em>assecuti</em></strong></span> <span class='ocrx_word' id='word_1_75' title='bbox 1000 1068 1311 1123; x_wconf 79' lang='lat' dir='ltr'><strong><em>fuerimus:</em></strong></span> <span class='ocrx_word' id='word_1_76' title='bbox 1358 1077 1485 1123; x_wconf 91' lang='lat' dir='ltr'><strong><em>tunc</em></strong></span> <span class='ocrx_word' id='word_1_77' title='bbox 1533 1068 1676 1122; x_wconf 89' lang='lat' dir='ltr'><strong><em>enim</em></strong></span> <span class='ocrx_word' id='word_1_78' title='bbox 1723 1083 1847 1123; x_wconf 91' lang='lat' dir='ltr'><strong><em>eum</em></strong></span> <span class='ocrx_word' id='word_1_79' title='bbox 1885 1068 2106 1140; x_wconf 86' lang='lat' dir='ltr'><strong><em>ligatum</em></strong></span> 
     </span>
    </p>
   </div>
   <div class='ocr_carea' id='block_1_12' title="bbox 522 1157 2105 1229">
    <p class='ocr_par' dir='ltr' id='par_1_12' title="bbox 522 1157 2105 1229">
     <span class='ocr_line' id='line_1_12' title="bbox 522 1157 2105 1229; baseline -0.001 -16"><span class='ocrx_word' id='word_1_80' title='bbox 522 1159 785 1214; x_wconf 85' lang='lat' dir='ltr'><strong><em>habemus</em></strong></span> <span class='ocrx_word' id='word_1_81' title='bbox 833 1167 887 1213; x_wconf 92' lang='lat' dir='ltr'><strong><em>et</em></strong></span> <span class='ocrx_word' id='word_1_82' title='bbox 929 1157 1209 1229; x_wconf 71' lang='lat' dir='ltr'><strong><em>praedicari</em></strong></span> <span class='ocrx_word' id='word_1_83' title='bbox 1242 1174 1551 1226; x_wconf 88' lang='lat' dir='ltr'><strong><em>possumus.</em></strong></span> <span class='ocrx_word' id='word_1_84' title='bbox 1616 1158 1708 1213; x_wconf 86' lang='lat' dir='ltr'><strong><em>Sic</em></strong></span> <span class='ocrx_word' id='word_1_85' title='bbox 1740 1167 1923 1212; x_wconf 88' lang='lat' dir='ltr'><strong><em>autem</em></strong></span> <span class='ocrx_word' id='word_1_86' title='bbox 1968 1159 2105 1213; x_wconf 88' lang='lat' dir='ltr'><strong><em>diri-</em></strong></span> 
     </span>
    </p>
   </div>
   <div class='ocr_carea' id='block_1_13' title="bbox 516 1247 2107 1319">
    <p class='ocr_par' dir='ltr' id='par_1_13' title="bbox 516 1247 2107 1319">
     <span class='ocr_line' id='line_1_13' title="bbox 516 1247 2107 1319; baseline 0.002 -18"><span class='ocrx_word' id='word_1_87' title='bbox 516 1248 725 1319; x_wconf 89' lang='lat' dir='ltr'><strong><em>pientes</em></strong></span> <span class='ocrx_word' id='word_1_88' title='bbox 748 1256 803 1302; x_wconf 90' lang='lat' dir='ltr'><strong><em>et</em></strong></span> <span class='ocrx_word' id='word_1_89' title='bbox 829 1262 953 1301; x_wconf 91' lang='lat' dir='ltr'><strong><em>eum</em></strong></span> <span class='ocrx_word' id='word_1_90' title='bbox 983 1247 1240 1317; x_wconf 74' lang='lat' dir='ltr'><strong><em>prmdicta</em></strong></span> <span class='ocrx_word' id='word_1_91' title='bbox 1270 1248 1495 1302; x_wconf 84' lang='lat' dir='ltr'><strong><em>victoria</em></strong></span> <span class='ocrx_word' id='word_1_92' title='bbox 1527 1248 1898 1314; x_wconf 90' lang='lat' dir='ltr'><strong><em>devincentes,</em></strong></span> <span class='ocrx_word' id='word_1_93' title='bbox 1930 1250 2107 1318; x_wconf 84' lang='lat' dir='ltr'><strong><em>quod-</em></strong></span> 
     </span>
    </p>
   </div>
   <div class='ocr_carea' id='block_1_14' title="bbox 518 1337 2105 1409">
    <p class='ocr_par' dir='ltr' id='par_1_14' title="bbox 518 1337 2105 1409">
     <span class='ocr_line' id='line_1_14' title="bbox 518 1337 2105 1409; baseline -0.001 -15"><span class='ocrx_word' id='word_1_94' title='bbox 518 1354 732 1409; x_wconf 85' lang='lat' dir='ltr'><strong><em>cunque</em></strong></span> <span class='ocrx_word' id='word_1_95' title='bbox 756 1339 1160 1409; x_wconf 87' lang='lat' dir='ltr'><strong><em>diripuerimus,</em></strong></span> <span class='ocrx_word' id='word_1_96' title='bbox 1193 1339 1304 1393; x_wconf 85' lang='lat' dir='ltr'><strong><em>Deo</em></strong></span> <span class='ocrx_word' id='word_1_97' title='bbox 1329 1348 1476 1393; x_wconf 90' lang='lat' dir='ltr'><strong><em>recte</em></strong></span> <span class='ocrx_word' id='word_1_98' title='bbox 1502 1338 1802 1394; x_wconf 80' lang='lat' dir='ltr'><strong><em>oll&#39;erimus.</em></strong></span> <span class='ocrx_word' id='word_1_99' title='bbox 1838 1337 2105 1394; x_wconf 90' lang='lat' dir='ltr'><strong><em>Sanctum</em></strong></span> 
     </span>
    </p>
   </div>
   <div class='ocr_carea' id='block_1_15' title="bbox 520 1428 2106 1502">
    <p class='ocr_par' dir='ltr' id='par_1_15' title="bbox 520 1428 2106 1502">
     <span class='ocr_line' id='line_1_15' title="bbox 520 1428 2106 1502; baseline 0 -17"><span class='ocrx_word' id='word_1_100' title='bbox 520 1440 703 1485; x_wconf 85' lang='lat' dir='ltr'><strong><em>autem</em></strong></span> <span class='ocrx_word' id='word_1_101' title='bbox 749 1440 1059 1484; x_wconf 88' lang='lat' dir='ltr'><strong><em>sanctorum</em></strong></span> <span class='ocrx_word' id='word_1_102' title='bbox 1096 1428 1395 1500; x_wconf 84' lang='lat' dir='ltr'><strong><em>perfectum</em></strong></span> <span class='ocrx_word' id='word_1_103' title='bbox 1442 1439 1985 1502; x_wconf 89' lang='lat' dir='ltr'><strong><em>consummatumque</em></strong></span> <span class='ocrx_word' id='word_1_104' title='bbox 2010 1432 2106 1486; x_wconf 92' lang='lat' dir='ltr'><strong><em>ha-</em></strong></span> 
     </span>
    </p>
   </div>
   <div class='ocr_carea' id='block_1_16' title="bbox 514 1518 2102 1591">
    <p class='ocr_par' dir='ltr' id='par_1_16' title="bbox 514 1518 2102 1591">
     <span class='ocr_line' id='line_1_16' title="bbox 514 1518 2102 1591; baseline 0.001 -18"><span class='ocrx_word' id='word_1_105' title='bbox 514 1519 707 1574; x_wconf 85' lang='lat' dir='ltr'><strong><em>bemus</em></strong></span> <span class='ocrx_word' id='word_1_106' title='bbox 726 1559 741 1584; x_wconf 95' lang='lat'><strong><em>,</em></strong></span> <span class='ocrx_word' id='word_1_107' title='bbox 786 1534 887 1574; x_wconf 93' lang='lat' dir='ltr'><strong><em>nec</em></strong></span> <span class='ocrx_word' id='word_1_108' title='bbox 916 1527 1098 1573; x_wconf 90' lang='lat' dir='ltr'><strong><em>nostra</em></strong></span> <span class='ocrx_word' id='word_1_109' title='bbox 1128 1518 1506 1573; x_wconf 71' lang='lat' dir='ltr'><strong><em>exhortatione</em></strong></span> <span class='ocrx_word' id='word_1_110' title='bbox 1536 1534 1635 1574; x_wconf 92' lang='lat' dir='ltr'><strong><em>nec</em></strong></span> <span class='ocrx_word' id='word_1_111' title='bbox 1663 1519 1890 1574; x_wconf 89' lang='lat' dir='ltr'><strong><em>aliorum</em></strong></span> <span class='ocrx_word' id='word_1_112' title='bbox 1917 1535 2102 1591; x_wconf 83' lang='lat' dir='ltr'><strong><em>egens,</em></strong></span> 
     </span>
    </p>
   </div>
   <div class='ocr_carea' id='block_1_17' title="bbox 515 1608 2102 1679">
    <p class='ocr_par' dir='ltr' id='par_1_17' title="bbox 515 1608 2102 1679">
     <span class='ocr_line' id='line_1_17' title="bbox 515 1608 2102 1679; baseline 0.003 -18"><span class='ocrx_word' id='word_1_113' title='bbox 515 1608 660 1679; x_wconf 92' lang='lat' dir='ltr'><strong><em>quod</em></strong></span> <span class='ocrx_word' id='word_1_114' title='bbox 705 1623 806 1663; x_wconf 89' lang='lat' dir='ltr'><strong><em>nec</em></strong></span> <span class='ocrx_word' id='word_1_115' title='bbox 846 1608 1272 1664; x_wconf 82' lang='lat' dir='ltr'><strong><em>additamentum</em></strong></span> <span class='ocrx_word' id='word_1_116' title='bbox 1321 1608 1562 1679; x_wconf 85' lang='lat' dir='ltr'><strong><em>aliquod,</em></strong></span> <span class='ocrx_word' id='word_1_117' title='bbox 1618 1625 1721 1664; x_wconf 91' lang='lat' dir='ltr'><strong><em>nec</em></strong></span> <span class='ocrx_word' id='word_1_118' title='bbox 1778 1619 2102 1679; x_wconf 89' lang='lat' dir='ltr'><strong><em>provectum</em></strong></span> 
     </span>
    </p>
   </div>
   <div class='ocr_carea' id='block_1_18' title="bbox 2210 428 3721 502">
    <p class='ocr_par' dir='ltr' id='par_1_18' title="bbox 2210 428 3721 502">
     <span class='ocr_line' id='line_1_18' title="bbox 2210 428 3721 502; baseline 0.008 -18"><span class='ocrx_word' id='word_1_119' title='bbox 2210 444 2304 501; x_wconf 92' lang='lat' dir='ltr'><strong><em>ges</em></strong></span> <span class='ocrx_word' id='word_1_120' title='bbox 2331 444 2461 501; x_wconf 87' lang='lat' dir='ltr'><strong><em>ergo</em></strong></span> <span class='ocrx_word' id='word_1_121' title='bbox 2492 430 2546 484; x_wconf 90' lang='lat' dir='ltr'><strong><em>in</em></strong></span> <span class='ocrx_word' id='word_1_122' title='bbox 2585 430 2840 499; x_wconf 79' lang='lat' dir='ltr'><strong><em>praesenti</em></strong></span> <span class='ocrx_word' id='word_1_123' title='bbox 2868 428 2955 485; x_wconf 81' lang='lat' dir='ltr'><strong><em>lex</em></strong></span> <span class='ocrx_word' id='word_1_124' title='bbox 2986 431 3305 486; x_wconf 90' lang='lat' dir='ltr'><strong><em>messionem</em></strong></span> <span class='ocrx_word' id='word_1_125' title='bbox 3330 448 3440 502; x_wconf 78' lang='lat' dir='ltr'><strong><em>quae</em></strong></span> <span class='ocrx_word' id='word_1_126' title='bbox 3467 446 3541 492; x_wconf 89' lang='lat' dir='ltr'><strong><em>est</em></strong></span> <span class='ocrx_word' id='word_1_127' title='bbox 3579 440 3635 496; x_wconf 92' lang='lat' dir='ltr'><strong><em>de</em></strong></span> <span class='ocrx_word' id='word_1_128' title='bbox 3656 459 3721 500; x_wconf 88' lang='lat' dir='ltr'><strong><em>se-</em></strong></span> 
     </span>
    </p>
   </div>
   <div class='ocr_carea' id='block_1_19' title="bbox 2210 519 3720 590">
    <p class='ocr_par' dir='ltr' id='par_1_19' title="bbox 2210 519 3720 590">
     <span class='ocr_line' id='line_1_19' title="bbox 2210 519 3720 590; baseline 0.011 -18"><span class='ocrx_word' id='word_1_129' title='bbox 2210 519 2357 573; x_wconf 90' lang='lat' dir='ltr'><strong><em>mine</em></strong></span> <span class='ocrx_word' id='word_1_130' title='bbox 2409 519 2571 586; x_wconf 89' lang='lat' dir='ltr'><strong><em>dicit;</em></strong></span> <span class='ocrx_word' id='word_1_131' title='bbox 2622 519 2876 575; x_wconf 89' lang='lat' dir='ltr'><strong><em>similiter</em></strong></span> <span class='ocrx_word' id='word_1_132' title='bbox 2908 528 2962 573; x_wconf 90' lang='lat' dir='ltr'><strong><em>et</em></strong></span> <span class='ocrx_word' id='word_1_133' title='bbox 2989 535 3148 590; x_wconf 90' lang='lat' dir='ltr'><strong><em>poma</em></strong></span> <span class='ocrx_word' id='word_1_134' title='bbox 3196 522 3440 578; x_wconf 87' lang='lat' dir='ltr'><strong><em>arborum</em></strong></span> <span class='ocrx_word' id='word_1_135' title='bbox 3474 530 3720 589; x_wconf 83' lang='lat' dir='ltr'><strong><em>secundum</em></strong></span> 
     </span>
    </p>
   </div>
   <div class='ocr_carea' id='block_1_20' title="bbox 2208 613 2960 680">
    <p class='ocr_par' dir='ltr' id='par_1_20' title="bbox 2208 613 2960 680">
     <span class='ocr_line' id='line_1_20' title="bbox 2208 613 2960 680; baseline 0.001 -15"><span class='ocrx_word' id='word_1_136' title='bbox 2208 616 2421 680; x_wconf 85' lang='lat' dir='ltr'><strong><em>tempus</em></strong></span> <span class='ocrx_word' id='word_1_137' title='bbox 2462 626 2638 665; x_wconf 88' lang='lat' dir='ltr'><strong><em>suum.</em></strong></span> <span class='ocrx_word' id='word_1_138' title='bbox 2953 613 2960 621; x_wconf 90' lang='grc'><strong>”</strong></span> 
     </span>
    </p>
   </div>
   <div class='ocr_carea' id='block_1_21' title="bbox 2279 700 3721 784">
    <p class='ocr_par' dir='ltr' id='par_1_21' title="bbox 2279 700 3721 784">
     <span class='ocr_line' id='line_1_21' title="bbox 2279 700 3721 784; baseline 0.012 -31"><span class='ocrx_word' id='word_1_139' title='bbox 2279 700 2356 754; x_wconf 92' lang='lat' dir='ltr'><strong><em>De</em></strong></span> <span class='ocrx_word' id='word_1_140' title='bbox 2386 700 2475 755; x_wconf 88' lang='lat' dir='ltr'><strong><em>his</em></strong></span> <span class='ocrx_word' id='word_1_141' title='bbox 2502 710 2681 757; x_wconf 90' lang='lat' dir='ltr'><strong><em>autem</em></strong></span> <span class='ocrx_word' id='word_1_142' title='bbox 2718 702 2929 758; x_wconf 87' lang='lat' dir='ltr'><strong><em>decima</em></strong></span> <span class='ocrx_word' id='word_1_143' title='bbox 2950 718 3077 774; x_wconf 89' lang='lat' dir='ltr'><strong><em>pars</em></strong></span> <span class='ocrx_word' id='word_1_144' title='bbox 3110 705 3220 760; x_wconf 94' lang='lat' dir='ltr'><strong><em>Deo</em></strong></span> <span class='ocrx_word' id='word_1_145' title='bbox 3267 708 3542 764; x_wconf 89' lang='lat' dir='ltr'><strong><em>secundum</em></strong></span> <span class='ocrx_word' id='word_1_146' title='bbox 3583 712 3721 784; x_wconf 79' lang='lat' dir='ltr'><strong><em>legem</em></strong></span> 
     </span>
    </p>
   </div>
   <div class='ocr_carea' id='block_1_22' title="bbox 2206 786 3720 869">
    <p class='ocr_par' dir='ltr' id='par_1_22' title="bbox 2206 786 3720 869">
     <span class='ocr_line' id='line_1_22' title="bbox 2206 786 3720 869; baseline 0.012 -27"><span class='ocrx_word' id='word_1_147' title='bbox 2206 786 2452 856; x_wconf 89' lang='lat' dir='ltr'><strong><em>debetur,</em></strong></span> <span class='ocrx_word' id='word_1_148' title='bbox 2484 799 2774 861; x_wconf 92' lang='lat' dir='ltr'><strong><em>utrumque</em></strong></span> <span class='ocrx_word' id='word_1_149' title='bbox 2809 803 2991 848; x_wconf 90' lang='lat' dir='ltr'><strong><em>autem</em></strong></span> <span class='ocrx_word' id='word_1_150' title='bbox 3020 795 3124 851; x_wconf 91' lang='lat' dir='ltr'><strong><em>hoc</em></strong></span> <span class='ocrx_word' id='word_1_151' title='bbox 3149 797 3216 851; x_wconf 90' lang='lat' dir='ltr'><strong><em>ad</em></strong></span> <span class='ocrx_word' id='word_1_152' title='bbox 3241 795 3371 869; x_wconf 84' lang='lat' dir='ltr'><strong><em>legis</em></strong></span> <span class='ocrx_word' id='word_1_153' title='bbox 3403 800 3720 861; x_wconf 79' lang='lat' dir='ltr'><strong><em>fructiﬁcatio—</em></strong></span> 
     </span>
    </p>
   </div>
   <div class='ocr_carea' id='block_1_23' title="bbox 2207 881 3724 954">
    <p class='ocr_par' dir='ltr' id='par_1_23' title="bbox 2207 881 3724 954">
     <span class='ocr_line' id='line_1_23' title="bbox 2207 881 3724 954; baseline 0.013 -22"><span class='ocrx_word' id='word_1_154' title='bbox 2207 894 2330 933; x_wconf 92' lang='lat' dir='ltr'><strong><em>nem</em></strong></span> <span class='ocrx_word' id='word_1_155' title='bbox 2351 881 2526 951; x_wconf 85' lang='lat' dir='ltr'><strong><em>accipi</em></strong></span> <span class='ocrx_word' id='word_1_156' title='bbox 2554 892 2800 952; x_wconf 88' lang='lat' dir='ltr'><strong><em>oportet;</em></strong></span> <span class='ocrx_word' id='word_1_157' title='bbox 2852 885 3119 954; x_wconf 88' lang='lat' dir='ltr'><strong><em>siquidem</em></strong></span> <span class='ocrx_word' id='word_1_158' title='bbox 3145 887 3400 945; x_wconf 90' lang='lat' dir='ltr'><strong><em>Dominus</em></strong></span> <span class='ocrx_word' id='word_1_159' title='bbox 3442 892 3616 948; x_wconf 80' lang='lat' dir='ltr'><strong><em>bonam</em></strong></span> <span class='ocrx_word' id='word_1_160' title='bbox 3641 905 3724 952; x_wconf 86' lang='lat' dir='ltr'><strong><em>ter-</em></strong></span> 
     </span>
    </p>
   </div>
   <div class='ocr_carea' id='block_1_24' title="bbox 2206 970 3723 1056">
    <p class='ocr_par' dir='ltr' id='par_1_24' title="bbox 2206 970 3723 1056">
     <span class='ocr_line' id='line_1_24' title="bbox 2206 970 3723 1056; baseline 0.013 -33"><span class='ocrx_word' id='word_1_161' title='bbox 2206 985 2323 1023; x_wconf 87' lang='lat' dir='ltr'><strong><em>ram</em></strong></span> <span class='ocrx_word' id='word_1_162' title='bbox 2369 970 2605 1027; x_wconf 85' lang='lat' dir='ltr'><strong><em>fructum</em></strong></span> <span class='ocrx_word' id='word_1_163' title='bbox 2664 973 2982 1032; x_wconf 72' lang='lat' dir='ltr'><strong><em>alferentem</em></strong></span> <span class='ocrx_word' id='word_1_164' title='bbox 3027 979 3247 1048; x_wconf 82' lang='lat' dir='ltr'><strong><em>triginta</em></strong></span> <span class='ocrx_word' id='word_1_165' title='bbox 3301 990 3354 1036; x_wconf 90' lang='lat' dir='ltr'><strong><em>et</em></strong></span> <span class='ocrx_word' id='word_1_166' title='bbox 3401 987 3646 1056; x_wconf 79' lang='lat' dir='ltr'><strong><em>sexaginta</em></strong></span> <span class='ocrx_word' id='word_1_167' title='bbox 3682 1001 3723 1044; x_wconf 87' lang='lat' dir='ltr'><strong><em>et</em></strong></span> 
     </span>
    </p>
   </div>
   <div class='ocr_carea' id='block_1_25' title="bbox 2205 1065 3721 1146">
    <p class='ocr_par' dir='ltr' id='par_1_25' title="bbox 2205 1065 3721 1146">
     <span class='ocr_line' id='line_1_25' title="bbox 2205 1065 3721 1146; baseline 0.013 -32"><span class='ocrx_word' id='word_1_168' title='bbox 2205 1068 2442 1129; x_wconf 87' lang='lat' dir='ltr'><strong><em>centum,</em></strong></span> <span class='ocrx_word' id='word_1_169' title='bbox 2482 1079 2577 1119; x_wconf 92' lang='lat' dir='ltr'><strong><em>eos</em></strong></span> <span class='ocrx_word' id='word_1_170' title='bbox 2605 1065 2696 1135; x_wconf 88' lang='lat' dir='ltr'><strong><em>qui</em></strong></span> <span class='ocrx_word' id='word_1_171' title='bbox 2725 1067 3029 1137; x_wconf 89' lang='lat' dir='ltr'><strong><em>suscipiunt</em></strong></span> <span class='ocrx_word' id='word_1_172' title='bbox 3062 1072 3285 1126; x_wconf 82' lang='lat' dir='ltr'><strong><em>verbum</em></strong></span> <span class='ocrx_word' id='word_1_173' title='bbox 3315 1081 3368 1127; x_wconf 92' lang='lat' dir='ltr'><strong><em>et</em></strong></span> <span class='ocrx_word' id='word_1_174' title='bbox 3404 1072 3589 1131; x_wconf 82' lang='lat' dir='ltr'><strong><em>faciunt</em></strong></span> <span class='ocrx_word' id='word_1_175' title='bbox 3608 1094 3721 1146; x_wconf 89' lang='lat' dir='ltr'><strong><em>eum,</em></strong></span> 
     </span>
    </p>
   </div>
   <div class='ocr_carea' id='block_1_26' title="bbox 2205 1151 3717 1235">
    <p class='ocr_par' dir='ltr' id='par_1_26' title="bbox 2205 1151 3717 1235">
     <span class='ocr_line' id='line_1_26' title="bbox 2205 1151 3717 1235; baseline 0.013 -30"><span class='ocrx_word' id='word_1_176' title='bbox 2205 1151 2259 1205; x_wconf 91' lang='lat' dir='ltr'><strong><em>in</em></strong></span> <span class='ocrx_word' id='word_1_177' title='bbox 2287 1155 2543 1221; x_wconf 84' lang='lat' dir='ltr'><strong><em>parabola</em></strong></span> <span class='ocrx_word' id='word_1_178' title='bbox 2571 1158 2838 1212; x_wconf 89' lang='lat' dir='ltr'><strong><em>seminum</em></strong></span> <span class='ocrx_word' id='word_1_179' title='bbox 2861 1161 3292 1231; x_wconf 86' lang='lat' dir='ltr'><strong><em>evangelicorum</em></strong></span> <span class='ocrx_word' id='word_1_180' title='bbox 3315 1179 3571 1235; x_wconf 72' lang='lat' dir='ltr'><strong><em>exponens</em></strong></span> <span class='ocrx_word' id='word_1_181' title='bbox 3588 1170 3717 1235; x_wconf 73' lang='lat' dir='ltr'><strong><em>dixit;</em></strong></span> 
     </span>
    </p>
   </div>
   <div class='ocr_carea' id='block_1_27' title="bbox 2205 1239 3724 1328">
    <p class='ocr_par' dir='ltr' id='par_1_27' title="bbox 2205 1239 3724 1328">
     <span class='ocr_line' id='line_1_27' title="bbox 2205 1239 3724 1328; baseline 0.014 -36"><span class='ocrx_word' id='word_1_182' title='bbox 2205 1239 2372 1295; x_wconf 85' lang='lat' dir='ltr'><strong><em>David</em></strong></span> <span class='ocrx_word' id='word_1_183' title='bbox 2405 1253 2587 1299; x_wconf 87' lang='lat' dir='ltr'><strong><em>autem</em></strong></span> <span class='ocrx_word' id='word_1_184' title='bbox 2620 1262 2762 1301; x_wconf 88' lang='lat' dir='ltr'><strong><em>nunc</em></strong></span> <span class='ocrx_word' id='word_1_185' title='bbox 2800 1248 3000 1303; x_wconf 85' lang='lat' dir='ltr'><strong><em>clamat</em></strong></span> <span class='ocrx_word' id='word_1_186' title='bbox 3026 1270 3037 1303; x_wconf 93' lang='lat'><strong><em>:</em></strong></span> <span class='ocrx_word' id='word_1_187' title='bbox 3063 1250 3249 1307; x_wconf 82' lang='lat' dir='ltr'><strong><em>Justus</em></strong></span> <span class='ocrx_word' id='word_1_188' title='bbox 3282 1265 3336 1307; x_wconf 89' lang='lat' dir='ltr'><strong><em>ul</em></strong></span> <span class='ocrx_word' id='word_1_189' title='bbox 3372 1257 3535 1325; x_wconf 80' lang='lat' dir='ltr'><strong><em>palma</em></strong></span> <span class='ocrx_word' id='word_1_190' title='bbox 3560 1261 3724 1328; x_wconf 78' lang='lat' dir='ltr'><strong><em>ﬂorebit</em></strong></span> 
     </span>
    </p>
   </div>
   <div class='ocr_carea' id='block_1_28' title="bbox 2206 1329 3724 1418">
    <p class='ocr_par' dir='ltr' id='par_1_28' title="bbox 2206 1329 3724 1418">
     <span class='ocr_line' id='line_1_28' title="bbox 2206 1329 3724 1418; baseline 0.014 -36"><span class='ocrx_word' id='word_1_191' title='bbox 2206 1329 2378 1402; x_wconf 87' lang='lat' dir='ltr'><strong><em>(Psal.</em></strong></span> <span class='ocrx_word' id='word_1_192' title='bbox 2440 1334 2590 1405; x_wconf 78' lang='lat' dir='ltr'><strong><em>xei);</em></strong></span> <span class='ocrx_word' id='word_1_193' title='bbox 2646 1344 2701 1390; x_wconf 93' lang='lat' dir='ltr'><strong><em>et</em></strong></span> <span class='ocrx_word' id='word_1_194' title='bbox 2726 1353 2956 1394; x_wconf 87' lang='lat' dir='ltr'><strong><em>rursus:</em></strong></span> <span class='ocrx_word' id='word_1_195' title='bbox 2994 1339 3107 1410; x_wconf 85' lang='lat' dir='ltr'><strong><em>Ego</em></strong></span> <span class='ocrx_word' id='word_1_196' title='bbox 3148 1353 3319 1396; x_wconf 88' lang='lat' dir='ltr'><strong><em>autem</em></strong></span> <span class='ocrx_word' id='word_1_197' title='bbox 3347 1348 3474 1398; x_wconf 88' lang='lat' dir='ltr'><strong><em>sicut</em></strong></span> <span class='ocrx_word' id='word_1_198' title='bbox 3497 1348 3616 1401; x_wconf 77' lang='lat' dir='ltr'><strong><em>oliva</em></strong></span> <span class='ocrx_word' id='word_1_199' title='bbox 3636 1350 3724 1418; x_wconf 80' lang='lat' dir='ltr'><strong><em>[ru-</em></strong></span> 
     </span>
    </p>
   </div>
   <div class='ocr_carea' id='block_1_29' title="bbox 2203 1424 3723 1505">
    <p class='ocr_par' dir='ltr' id='par_1_29' title="bbox 2203 1424 3723 1505">
     <span class='ocr_line' id='line_1_29' title="bbox 2203 1424 3723 1505; baseline 0.011 -28"><span class='ocrx_word' id='word_1_200' title='bbox 2203 1424 2389 1495; x_wconf 71' lang='lat' dir='ltr'><strong><em>ctifera</em></strong></span> <span class='ocrx_word' id='word_1_201' title='bbox 2412 1427 2465 1480; x_wconf 89' lang='lat' dir='ltr'><strong><em>in</em></strong></span> <span class='ocrx_word' id='word_1_202' title='bbox 2484 1427 2639 1482; x_wconf 89' lang='lat' dir='ltr'><strong><em>domo</em></strong></span> <span class='ocrx_word' id='word_1_203' title='bbox 2670 1429 2887 1484; x_wconf 81' lang='lat' dir='ltr'><strong><em>Domini</em></strong></span> <span class='ocrx_word' id='word_1_204' title='bbox 2919 1430 3089 1503; x_wconf 87' lang='lat' dir='ltr'><strong><em>(Psal.</em></strong></span> <span class='ocrx_word' id='word_1_205' title='bbox 3126 1433 3230 1505; x_wconf 84' lang='lat' dir='ltr'><strong><em>LI);</em></strong></span> <span class='ocrx_word' id='word_1_206' title='bbox 3274 1451 3412 1490; x_wconf 89' lang='lat' dir='ltr'><strong><em>nunc</em></strong></span> <span class='ocrx_word' id='word_1_207' title='bbox 3438 1448 3598 1492; x_wconf 85' lang='lat' dir='ltr'><strong><em>autem</em></strong></span> <span class='ocrx_word' id='word_1_208' title='bbox 3624 1441 3723 1495; x_wconf 86' lang='lat' dir='ltr'><strong><em>bre-</em></strong></span> 
     </span>
    </p>
   </div>
   <div class='ocr_carea' id='block_1_30' title="bbox 2201 1515 3722 1601">
    <p class='ocr_par' dir='ltr' id='par_1_30' title="bbox 2201 1515 3722 1601">
     <span class='ocr_line' id='line_1_30' title="bbox 2201 1515 3722 1601; baseline 0.011 -33"><span class='ocrx_word' id='word_1_209' title='bbox 2201 1515 2342 1570; x_wconf 89' lang='lat' dir='ltr'><strong><em>viter</em></strong></span> <span class='ocrx_word' id='word_1_210' title='bbox 2392 1517 2707 1575; x_wconf 84' lang='lat' dir='ltr'><strong><em>describens</em></strong></span> <span class='ocrx_word' id='word_1_211' title='bbox 2740 1519 2945 1590; x_wconf 84' lang='lat' dir='ltr'><strong><em>justum</em></strong></span> <span class='ocrx_word' id='word_1_212' title='bbox 2976 1541 2988 1576; x_wconf 90' lang='lat'><strong><em>:</em></strong></span> <span class='ocrx_word' id='word_1_213' title='bbox 3016 1522 3084 1576; x_wconf 87' lang='lat' dir='ltr'><strong><em>Et</em></strong></span> <span class='ocrx_word' id='word_1_214' title='bbox 3122 1526 3243 1590; x_wconf 88' lang='lat' dir='ltr'><strong><em>erit,</em></strong></span> <span class='ocrx_word' id='word_1_215' title='bbox 3275 1527 3367 1592; x_wconf 85' lang='lat' dir='ltr'><strong><em>ait,</em></strong></span> <span class='ocrx_word' id='word_1_216' title='bbox 3401 1528 3521 1583; x_wconf 81' lang='lat' dir='ltr'><strong><em>sicut</em></strong></span> <span class='ocrx_word' id='word_1_217' title='bbox 3562 1530 3722 1601; x_wconf 80' lang='lat' dir='ltr'><strong><em>lignum</em></strong></span> 
     </span>
    </p>
   </div>
   <div class='ocr_carea' id='block_1_31' title="bbox 2201 1608 3722 1695">
    <p class='ocr_par' dir='ltr' id='par_1_31' title="bbox 2201 1608 3722 1695">
     <span class='ocr_line' id='line_1_31' title="bbox 2201 1608 3722 1695; baseline 0.011 -35"><span class='ocrx_word' id='word_1_218' title='bbox 2201 1608 2343 1677; x_wconf 86' lang='lat' dir='ltr'><strong><em>quod</em></strong></span> <span class='ocrx_word' id='word_1_219' title='bbox 2394 1608 2689 1680; x_wconf 79' lang='lat' dir='ltr'><strong><em>plumatum</em></strong></span> <span class='ocrx_word' id='word_1_220' title='bbox 2721 1622 2795 1667; x_wconf 86' lang='lat' dir='ltr'><strong><em>est</em></strong></span> <span class='ocrx_word' id='word_1_221' title='bbox 2836 1630 2984 1669; x_wconf 86' lang='lat' dir='ltr'><strong><em>secus</em></strong></span> <span class='ocrx_word' id='word_1_222' title='bbox 3032 1615 3281 1671; x_wconf 76' lang='lat' dir='ltr'><strong><em>decursus</em></strong></span> <span class='ocrx_word' id='word_1_223' title='bbox 3320 1636 3576 1688; x_wconf 86' lang='lat' dir='ltr'><strong><em>aquarum,</em></strong></span> <span class='ocrx_word' id='word_1_224' title='bbox 3612 1626 3722 1695; x_wconf 86' lang='lat' dir='ltr'><strong><em>quod</em></strong></span> 
     </span>
    </p>
   </div>
   <div class='ocr_carea' id='block_1_32' title="bbox 516 1694 3722 1781">
    <p class='ocr_par' dir='ltr' id='par_1_32' title="bbox 516 1694 3722 1781">
     <span class='ocr_line' id='line_1_32' title="bbox 516 1694 3722 1781; baseline 0.005 -30"><span class='ocrx_word' id='word_1_225' title='bbox 516 1713 651 1768; x_wconf 89' lang='lat' dir='ltr'><strong><em>opus</em></strong></span> <span class='ocrx_word' id='word_1_226' title='bbox 705 1700 888 1755; x_wconf 88' lang='lat' dir='ltr'><strong><em>habet.</em></strong></span> <span class='ocrx_word' id='word_1_227' title='bbox 926 1700 1205 1767; x_wconf 85' lang='lat' dir='ltr'><strong><em>Quomodo</em></strong></span> <span class='ocrx_word' id='word_1_228' title='bbox 1233 1700 1413 1755; x_wconf 87' lang='lat' dir='ltr'><strong><em>enim?</em></strong></span> <span class='ocrx_word' id='word_1_229' title='bbox 1457 1700 1592 1767; x_wconf 86' lang='lat' dir='ltr'><strong><em>Quia</em></strong></span> <span class='ocrx_word' id='word_1_230' title='bbox 1623 1717 1784 1757; x_wconf 85' lang='lat' dir='ltr'><strong><em>omne</em></strong></span> <span class='ocrx_word' id='word_1_231' title='bbox 1813 1711 2094 1772; x_wconf 90' lang='lat' dir='ltr'><strong><em>peccatum</em></strong></span> <span class='ocrx_word' id='word_1_232' title='bbox 2122 1694 2170 1754; x_wconf 88' lang='lat' dir='ltr'><strong>B</strong></span> <span class='ocrx_word' id='word_1_233' title='bbox 2197 1696 2429 1765; x_wconf 78' lang='lat' dir='ltr'><strong><em>fructum</em></strong></span> <span class='ocrx_word' id='word_1_234' title='bbox 2446 1716 2600 1753; x_wconf 89' lang='lat' dir='ltr'><strong><em>suum</em></strong></span> <span class='ocrx_word' id='word_1_235' title='bbox 2635 1701 2781 1755; x_wconf 85' lang='lat' dir='ltr'><strong><em>dabit</em></strong></span> <span class='ocrx_word' id='word_1_236' title='bbox 2812 1703 2866 1756; x_wconf 91' lang='lat' dir='ltr'><strong><em>in</em></strong></span> <span class='ocrx_word' id='word_1_237' title='bbox 2901 1712 3131 1774; x_wconf 87' lang='lat' dir='ltr'><strong><em>tempore</em></strong></span> <span class='ocrx_word' id='word_1_238' title='bbox 3165 1723 3260 1760; x_wconf 88' lang='lat' dir='ltr'><strong><em>suo</em></strong></span> <span class='ocrx_word' id='word_1_239' title='bbox 3285 1705 3453 1780; x_wconf 84' lang='lat' dir='ltr'><strong><em>(Psal.</em></strong></span> <span class='ocrx_word' id='word_1_240' title='bbox 3488 1710 3544 1781; x_wconf 87' lang='grc' dir='ltr'><strong><em>ι).</em></strong></span> <span class='ocrx_word' id='word_1_241' title='bbox 3588 1694 3722 1780; x_wconf 84' lang='lat' dir='ltr'><strong><em>Hujus</em></strong></span> 
     </span>
    </p>
   </div>
   <div class='ocr_carea' id='block_1_33' title="bbox 514 1789 2099 1861">
    <p class='ocr_par' dir='ltr' id='par_1_33' title="bbox 514 1789 2099 1861">
     <span class='ocr_line' id='line_1_33' title="bbox 514 1789 2099 1861; baseline 0.003 -17"><span class='ocrx_word' id='word_1_242' title='bbox 514 1789 710 1854; x_wconf 82' lang='lat' dir='ltr'><strong><em>evasit,</em></strong></span> <span class='ocrx_word' id='word_1_243' title='bbox 740 1805 955 1846; x_wconf 90' lang='lat' dir='ltr'><strong><em>omnem</em></strong></span> <span class='ocrx_word' id='word_1_244' title='bbox 983 1799 1164 1844; x_wconf 90' lang='lat' dir='ltr'><strong><em>autem</em></strong></span> <span class='ocrx_word' id='word_1_245' title='bbox 1215 1791 1471 1845; x_wconf 77' lang='lat' dir='ltr'><strong><em>virtutem</em></strong></span> <span class='ocrx_word' id='word_1_246' title='bbox 1496 1802 1780 1861; x_wconf 89' lang='lat' dir='ltr'><strong><em>operatum</em></strong></span> <span class='ocrx_word' id='word_1_247' title='bbox 1810 1801 1867 1848; x_wconf 90' lang='lat' dir='ltr'><strong><em>et</em></strong></span> <span class='ocrx_word' id='word_1_248' title='bbox 1895 1793 2099 1848; x_wconf 85' lang='lat' dir='ltr'><strong><em>aliena-</em></strong></span> 
     </span>
    </p>
   </div>
   <div class='ocr_carea' id='block_1_34' title="bbox 513 1882 2098 1955">
    <p class='ocr_par' dir='ltr' id='par_1_34' title="bbox 513 1882 2098 1955">
     <span class='ocr_line' id='line_1_34' title="bbox 513 1882 2098 1955; baseline 0.004 -21"><span class='ocrx_word' id='word_1_249' title='bbox 513 1888 628 1934; x_wconf 91' lang='lat' dir='ltr'><strong><em>tum</em></strong></span> <span class='ocrx_word' id='word_1_250' title='bbox 654 1890 739 1934; x_wconf 92' lang='lat' dir='ltr'><strong><em>est</em></strong></span> <span class='ocrx_word' id='word_1_251' title='bbox 782 1882 984 1936; x_wconf 91' lang='lat' dir='ltr'><strong><em>mundo</em></strong></span> <span class='ocrx_word' id='word_1_252' title='bbox 1026 1882 1333 1950; x_wconf 91' lang='lat' dir='ltr'><strong><em>mundoque</em></strong></span> <span class='ocrx_word' id='word_1_253' title='bbox 1373 1883 1712 1937; x_wconf 76' lang='lat' dir='ltr'><strong><em>cruciﬁxum.</em></strong></span> <span class='ocrx_word' id='word_1_254' title='bbox 1761 1883 1933 1939; x_wconf 88' lang='lat' dir='ltr'><strong><em>Nimis</em></strong></span> <span class='ocrx_word' id='word_1_255' title='bbox 1967 1900 2098 1955; x_wconf 78' lang='lat' dir='ltr'><strong><em>ergo</em></strong></span> 
     </span>
    </p>
   </div>
   <div class='ocr_carea' id='block_1_35' title="bbox 512 1969 2097 2044">
    <p class='ocr_par' dir='ltr' id='par_1_35' title="bbox 512 1969 2097 2044">
     <span class='ocr_line' id='line_1_35' title="bbox 512 1969 2097 2044; baseline 0.001 -19"><span class='ocrx_word' id='word_1_256' title='bbox 512 1978 908 2039; x_wconf 83' lang='lat' dir='ltr'><strong><em>consequenter</em></strong></span> <span class='ocrx_word' id='word_1_257' title='bbox 933 1969 1139 2025; x_wconf 87' lang='lat' dir='ltr'><strong><em>addidit</em></strong></span> <span class='ocrx_word' id='word_1_258' title='bbox 1159 1988 1170 2023; x_wconf 92' lang='lat'><strong><em>:</em></strong></span> <span class='ocrx_word' id='word_1_259' title='bbox 1189 1970 1237 2023; x_wconf 79' lang='grc' dir='ltr'><em>Ε</em></span> <span class='ocrx_word' id='word_1_260' title='bbox 1239 1982 1256 2024; x_wconf 86' lang='grc' dir='ltr'><strong><em>ι</em></strong></span> <span class='ocrx_word' id='word_1_261' title='bbox 1280 1973 1446 2025; x_wconf 88' lang='lat' dir='ltr'><strong><em>omnis</em></strong></span> <span class='ocrx_word' id='word_1_262' title='bbox 1460 1972 1783 2026; x_wconf 89' lang='lat' dir='ltr'><strong><em>consecratio</em></strong></span> <span class='ocrx_word' id='word_1_263' title='bbox 1804 1990 1919 2044; x_wconf 74' lang='lat' dir='ltr'><strong><em>quis</em></strong></span> <span class='ocrx_word' id='word_1_264' title='bbox 1941 1975 2097 2044; x_wconf 74' lang='lat' dir='ltr'><strong><em>o/I‘er-</em></strong></span> 
     </span>
    </p>
   </div>
   <div class='ocr_carea' id='block_1_36' title="bbox 510 2062 2091 2127">
    <p class='ocr_par' dir='ltr' id='par_1_36' title="bbox 510 2062 2091 2127">
     <span class='ocr_line' id='line_1_36' title="bbox 510 2062 2091 2127; baseline 0.003 -12"><span class='ocrx_word' id='word_1_265' title='bbox 510 2070 598 2115; x_wconf 84' lang='lat' dir='ltr'><strong><em>tur</em></strong></span> <span class='ocrx_word' id='word_1_266' title='bbox 623 2062 687 2115; x_wconf 89' lang='lat' dir='ltr'><strong><em>ab</em></strong></span> <span class='ocrx_word' id='word_1_267' title='bbox 720 2063 931 2115; x_wconf 83' lang='lat' dir='ltr'><strong><em>homine</em></strong></span> <span class='ocrx_word' id='word_1_268' title='bbox 971 2078 1074 2114; x_wconf 85' lang='lat' dir='ltr'><strong><em>non</em></strong></span> <span class='ocrx_word' id='word_1_269' title='bbox 1123 2062 1424 2127; x_wconf 79' lang='lat' dir='ltr'><strong><em>redimetur,</em></strong></span> <span class='ocrx_word' id='word_1_270' title='bbox 1453 2063 1542 2115; x_wconf 90' lang='lat' dir='ltr'><strong><em>sed</em></strong></span> <span class='ocrx_word' id='word_1_271' title='bbox 1596 2073 1762 2117; x_wconf 76' lang='lat' dir='ltr'><strong><em>morie</em></strong></span> <span class='ocrx_word' id='word_1_272' title='bbox 1816 2066 2091 2119; x_wconf 85' lang='lat' dir='ltr'><strong><em>morietur.</em></strong></span> 
     </span>
    </p>
   </div>
   <div class='ocr_carea' id='block_1_37' title="bbox 516 2141 2076 2214">
    <p class='ocr_par' dir='ltr' id='par_1_37' title="bbox 516 2141 2076 2214">
     <span class='ocr_line' id='line_1_37' title="bbox 516 2141 2076 2214; baseline 0.004 -21"><span class='ocrx_word' id='word_1_273' title='bbox 516 2141 633 2206; x_wconf 89' lang='lat' dir='ltr'><strong><em>Qua</em></strong></span> <span class='ocrx_word' id='word_1_274' title='bbox 671 2143 889 2197; x_wconf 76' lang='lat' dir='ltr'><strong><em>morte?</em></strong></span> <span class='ocrx_word' id='word_1_275' title='bbox 916 2144 1030 2210; x_wconf 88' lang='lat' dir='ltr'><strong><em>Qua</em></strong></span> <span class='ocrx_word' id='word_1_276' title='bbox 1063 2143 1263 2198; x_wconf 82' lang='lat' dir='ltr'><strong><em>Paulus</em></strong></span> <span class='ocrx_word' id='word_1_277' title='bbox 1303 2144 1550 2198; x_wconf 87' lang='lat' dir='ltr'><strong><em>dicebat:</em></strong></span> <span class='ocrx_word' id='word_1_278' title='bbox 1592 2144 1716 2198; x_wconf 83' lang='lat' dir='ltr'><strong><em>Vivo</em></strong></span> <span class='ocrx_word' id='word_1_279' title='bbox 1744 2148 2076 2214; x_wconf 76' lang='lat' dir='ltr'><strong><em>autem,jam</em></strong></span> 
     </span>
    </p>
   </div>
   <div class='ocr_carea' id='block_1_38' title="bbox 515 2228 2069 2308">
    <p class='ocr_par' dir='ltr' id='par_1_38' title="bbox 515 2228 2069 2308">
     <span class='ocr_line' id='line_1_38' title="bbox 515 2228 2069 2308; baseline 0.005 -22"><span class='ocrx_word' id='word_1_280' title='bbox 515 2249 617 2287; x_wconf 88' lang='lat' dir='ltr'><strong><em>non</em></strong></span> <span class='ocrx_word' id='word_1_281' title='bbox 643 2248 755 2302; x_wconf 86' lang='lat' dir='ltr'><strong><em>ego,</em></strong></span> <span class='ocrx_word' id='word_1_282' title='bbox 785 2228 906 2289; x_wconf 71' lang='lat' dir='ltr'><strong><em>uiuit</em></strong></span> <span class='ocrx_word' id='word_1_283' title='bbox 934 2244 1108 2289; x_wconf 87' lang='lat' dir='ltr'><strong><em>autem</em></strong></span> <span class='ocrx_word' id='word_1_284' title='bbox 1138 2237 1192 2288; x_wconf 90' lang='lat' dir='ltr'><strong><em>in</em></strong></span> <span class='ocrx_word' id='word_1_285' title='bbox 1224 2252 1304 2289; x_wconf 88' lang='lat' dir='ltr'><strong><em>me</em></strong></span> <span class='ocrx_word' id='word_1_286' title='bbox 1337 2235 1580 2290; x_wconf 81' lang='lat' dir='ltr'><strong><em>Christus</em></strong></span> <span class='ocrx_word' id='word_1_287' title='bbox 1607 2236 1747 2308; x_wconf 83' lang='lat' dir='ltr'><strong><em>(Gal.</em></strong></span> <span class='ocrx_word' id='word_1_288' title='bbox 1771 2242 1851 2305; x_wconf 89' lang='grc' dir='ltr'>ιι).</span> <span class='ocrx_word' id='word_1_289' title='bbox 1873 2237 1936 2293; x_wconf 80' lang='lat' dir='ltr'><strong><em>Et</em></strong></span> <span class='ocrx_word' id='word_1_290' title='bbox 1956 2254 2069 2294; x_wconf 86' lang='lat' dir='ltr'><strong><em>rur—</em></strong></span> 
     </span>
    </p>
   </div>
   <div class='ocr_carea' id='block_1_39' title="bbox 514 2318 2076 2396">
    <p class='ocr_par' dir='ltr' id='par_1_39' title="bbox 514 2318 2076 2396">
     <span class='ocr_line' id='line_1_39' title="bbox 514 2318 2076 2396; baseline 0.006 -24"><span class='ocrx_word' id='word_1_291' title='bbox 514 2332 610 2373; x_wconf 85' lang='lat' dir='ltr'><strong><em>sus</em></strong></span> <span class='ocrx_word' id='word_1_292' title='bbox 635 2336 650 2373; x_wconf 92' lang='lat'><strong><em>:</em></strong></span> <span class='ocrx_word' id='word_1_293' title='bbox 677 2318 766 2373; x_wconf 86' lang='lat' dir='ltr'><strong><em>Sic</em></strong></span> <span class='ocrx_word' id='word_1_294' title='bbox 784 2328 834 2373; x_wconf 88' lang='lat' dir='ltr'><strong><em>et</em></strong></span> <span class='ocrx_word' id='word_1_295' title='bbox 854 2337 940 2375; x_wconf 85' lang='lat' dir='ltr'><strong><em>vos</em></strong></span> <span class='ocrx_word' id='word_1_296' title='bbox 961 2323 1215 2375; x_wconf 69' lang='lat' dir='ltr'><strong><em>mstimate</em></strong></span> <span class='ocrx_word' id='word_1_297' title='bbox 1240 2339 1325 2376; x_wconf 88' lang='lat' dir='ltr'><strong><em>vos</em></strong></span> <span class='ocrx_word' id='word_1_298' title='bbox 1354 2334 1585 2378; x_wconf 88' lang='lat' dir='ltr'><strong><em>mortuos</em></strong></span> <span class='ocrx_word' id='word_1_299' title='bbox 1603 2326 1814 2395; x_wconf 86' lang='lat' dir='ltr'><strong><em>quidem</em></strong></span> <span class='ocrx_word' id='word_1_300' title='bbox 1843 2340 2076 2396; x_wconf 89' lang='lat' dir='ltr'><strong><em>peccata,</em></strong></span> 
     </span>
    </p>
   </div>
   <div class='ocr_carea' id='block_1_40' title="bbox 514 2411 2081 2488">
    <p class='ocr_par' dir='ltr' id='par_1_40' title="bbox 514 2411 2081 2488">
     <span class='ocr_line' id='line_1_40' title="bbox 514 2411 2081 2488; baseline 0.008 -26"><span class='ocrx_word' id='word_1_301' title='bbox 514 2411 733 2463; x_wconf 75' lang='lat' dir='ltr'><strong><em>viventes</em></strong></span> <span class='ocrx_word' id='word_1_302' title='bbox 766 2420 939 2466; x_wconf 88' lang='lat' dir='ltr'><strong><em>autem</em></strong></span> <span class='ocrx_word' id='word_1_303' title='bbox 980 2411 1084 2466; x_wconf 74' lang='lat' dir='ltr'><strong><em>Dee</em></strong></span> <span class='ocrx_word' id='word_1_304' title='bbox 1121 2414 1174 2467; x_wconf 86' lang='lat' dir='ltr'><strong><em>in</em></strong></span> <span class='ocrx_word' id='word_1_305' title='bbox 1203 2412 1412 2470; x_wconf 81' lang='lat' dir='ltr'><strong><em>Christo</em></strong></span> <span class='ocrx_word' id='word_1_306' title='bbox 1438 2414 1563 2471; x_wconf 81' lang='lat' dir='ltr'><strong><em>Jesu</em></strong></span> <span class='ocrx_word' id='word_1_307' title='bbox 1592 2415 1757 2487; x_wconf 84' lang='lat' dir='ltr'><strong><em>(Rom.</em></strong></span> <span class='ocrx_word' id='word_1_308' title='bbox 1791 2421 1886 2488; x_wconf 80' lang='lat' dir='ltr'><strong><em>vi).</em></strong></span> <span class='ocrx_word' id='word_1_309' title='bbox 1926 2419 2081 2475; x_wconf 85' lang='lat' dir='ltr'><strong><em>Talis</em></strong></span> 
     </span>
    </p>
   </div>
   <div class='ocr_carea' id='block_1_41' title="bbox 513 2500 2077 2579">
    <p class='ocr_par' dir='ltr' id='par_1_41' title="bbox 513 2500 2077 2579">
     <span class='ocr_line' id='line_1_41' title="bbox 513 2500 2077 2579; baseline 0.011 -28"><span class='ocrx_word' id='word_1_310' title='bbox 513 2514 665 2567; x_wconf 85' lang='lat' dir='ltr'><strong><em>ergo,</em></strong></span> <span class='ocrx_word' id='word_1_311' title='bbox 698 2500 838 2554; x_wconf 89' lang='lat' dir='ltr'><strong><em>sicut</em></strong></span> <span class='ocrx_word' id='word_1_312' title='bbox 868 2500 960 2570; x_wconf 89' lang='lat' dir='ltr'><strong><em>qui</em></strong></span> <span class='ocrx_word' id='word_1_313' title='bbox 995 2517 1169 2570; x_wconf 88' lang='lat' dir='ltr'><strong><em>usque</em></strong></span> <span class='ocrx_word' id='word_1_314' title='bbox 1217 2504 1280 2557; x_wconf 90' lang='lat' dir='ltr'><strong><em>ad</em></strong></span> <span class='ocrx_word' id='word_1_315' title='bbox 1328 2505 1542 2559; x_wconf 88' lang='lat' dir='ltr'><strong><em>culmen</em></strong></span> <span class='ocrx_word' id='word_1_316' title='bbox 1575 2509 1793 2562; x_wconf 82' lang='lat' dir='ltr'><strong><em>virtutis</em></strong></span> <span class='ocrx_word' id='word_1_317' title='bbox 1845 2512 2077 2579; x_wconf 84' lang='lat' dir='ltr'><strong><em>proﬁcit,</em></strong></span> 
     </span>
    </p>
   </div>
   <div class='ocr_carea' id='block_1_42' title="bbox 511 2594 2079 2667">
    <p class='ocr_par' dir='ltr' id='par_1_42' title="bbox 511 2594 2079 2667">
     <span class='ocr_line' id='line_1_42' title="bbox 511 2594 2079 2667; baseline 0.01 -23"><span class='ocrx_word' id='word_1_318' title='bbox 511 2598 566 2644; x_wconf 93' lang='lat' dir='ltr'><strong><em>ct</em></strong></span> <span class='ocrx_word' id='word_1_319' title='bbox 594 2607 878 2646; x_wconf 86' lang='lat' dir='ltr'><strong><em>mensuras</em></strong></span> <span class='ocrx_word' id='word_1_320' title='bbox 908 2594 1154 2663; x_wconf 79' lang='lat' dir='ltr'><strong><em>contigit,</em></strong></span> <span class='ocrx_word' id='word_1_321' title='bbox 1200 2594 1250 2647; x_wconf 92' lang='lat' dir='ltr'><strong><em>id</em></strong></span> <span class='ocrx_word' id='word_1_322' title='bbox 1285 2596 1632 2665; x_wconf 79' lang='lat' dir='ltr'><strong><em>perfectionis</em></strong></span> <span class='ocrx_word' id='word_1_323' title='bbox 1664 2608 1783 2667; x_wconf 86' lang='lat' dir='ltr'><strong><em>est;</em></strong></span> <span class='ocrx_word' id='word_1_324' title='bbox 1833 2613 2079 2660; x_wconf 87' lang='lat' dir='ltr'><strong><em>mortuus</em></strong></span> 
     </span>
    </p>
   </div>
   <div class='ocr_carea' id='block_1_43' title="bbox 510 2682 2076 2760">
    <p class='ocr_par' dir='ltr' id='par_1_43' title="bbox 510 2682 2076 2760">
     <span class='ocr_line' id='line_1_43' title="bbox 510 2682 2076 2760; baseline 0.01 -26"><span class='ocrx_word' id='word_1_325' title='bbox 510 2682 654 2735; x_wconf 89' lang='lat' dir='ltr'><strong><em>enim</em></strong></span> <span class='ocrx_word' id='word_1_326' title='bbox 688 2684 887 2737; x_wconf 62' lang='lat' dir='ltr'><strong><em>saeculo</em></strong></span> <span class='ocrx_word' id='word_1_327' title='bbox 915 2694 1016 2749; x_wconf 90' lang='lat' dir='ltr'><strong><em>est,</em></strong></span> <span class='ocrx_word' id='word_1_328' title='bbox 1054 2696 1108 2739; x_wconf 90' lang='lat' dir='ltr'><strong><em>et</em></strong></span> <span class='ocrx_word' id='word_1_329' title='bbox 1133 2701 1161 2739; x_wconf 86' lang='lat' dir='ltr'><strong><em>a</em></strong></span> <span class='ocrx_word' id='word_1_330' title='bbox 1196 2687 1554 2757; x_wconf 73' lang='lat' dir='ltr'><strong><em>przesentibus</em></strong></span> <span class='ocrx_word' id='word_1_331' title='bbox 1600 2690 1831 2760; x_wconf 86' lang='lat' dir='ltr'><strong><em>alienus,</em></strong></span> <span class='ocrx_word' id='word_1_332' title='bbox 1856 2702 1909 2748; x_wconf 92' lang='lat' dir='ltr'><strong><em>et</em></strong></span> <span class='ocrx_word' id='word_1_333' title='bbox 1947 2695 2076 2749; x_wconf 80' lang='lat' dir='ltr'><strong><em>olim</em></strong></span> 
     </span>
    </p>
   </div>
   <div class='ocr_carea' id='block_1_44' title="bbox 509 2773 2077 2845">
    <p class='ocr_par' dir='ltr' id='par_1_44' title="bbox 509 2773 2077 2845">
     <span class='ocr_line' id='line_1_44' title="bbox 509 2773 2077 2845; baseline 0.01 -20"><span class='ocrx_word' id='word_1_334' title='bbox 509 2786 540 2825; x_wconf 86' lang='lat' dir='ltr'><strong><em>a</em></strong></span> <span class='ocrx_word' id='word_1_335' title='bbox 569 2773 755 2827; x_wconf 88' lang='lat' dir='ltr'><strong><em>mundi</em></strong></span> <span class='ocrx_word' id='word_1_336' title='bbox 796 2775 1044 2844; x_wconf 81' lang='lat' dir='ltr'><strong><em>migravit</em></strong></span> <span class='ocrx_word' id='word_1_337' title='bbox 1090 2778 1380 2845; x_wconf 84' lang='lat' dir='ltr'><strong><em>sapientia;</em></strong></span> <span class='ocrx_word' id='word_1_338' title='bbox 1414 2789 1560 2835; x_wconf 90' lang='lat' dir='ltr'><strong><em>recte</em></strong></span> <span class='ocrx_word' id='word_1_339' title='bbox 1608 2793 1831 2838; x_wconf 85' lang='lat' dir='ltr'><strong><em>sanctus</em></strong></span> <span class='ocrx_word' id='word_1_340' title='bbox 1858 2795 2077 2840; x_wconf 82' lang='lat' dir='ltr'><strong><em>sancto-</em></strong></span> 
     </span>
    </p>
   </div>
   <div class='ocr_carea' id='block_1_45' title="bbox 508 2870 2073 2942">
    <p class='ocr_par' dir='ltr' id='par_1_45' title="bbox 508 2870 2073 2942">
     <span class='ocr_line' id='line_1_45' title="bbox 508 2870 2073 2942; baseline 0.008 -19"><span class='ocrx_word' id='word_1_341' title='bbox 508 2884 628 2923; x_wconf 85' lang='lat' dir='ltr'><strong><em>rum</em></strong></span> <span class='ocrx_word' id='word_1_342' title='bbox 659 2870 886 2925; x_wconf 91' lang='lat' dir='ltr'><strong><em>Domino</em></strong></span> <span class='ocrx_word' id='word_1_343' title='bbox 916 2880 1022 2933; x_wconf 86' lang='lat' dir='ltr'><strong><em>est,</em></strong></span> <span class='ocrx_word' id='word_1_344' title='bbox 1056 2873 1147 2942; x_wconf 89' lang='lat' dir='ltr'><strong><em>qui</em></strong></span> <span class='ocrx_word' id='word_1_345' title='bbox 1196 2884 1445 2927; x_wconf 89' lang='lat' dir='ltr'><strong><em>sanctum</em></strong></span> <span class='ocrx_word' id='word_1_346' title='bbox 1482 2884 1794 2930; x_wconf 84' lang='lat' dir='ltr'><strong><em>sanctorum</em></strong></span> <span class='ocrx_word' id='word_1_347' title='bbox 1829 2877 2073 2937; x_wconf 85' lang='lat' dir='ltr'><strong><em>imitatus</em></strong></span> 
     </span>
    </p>
   </div>
   <div class='ocr_carea' id='block_1_46' title="bbox 505 2965 1552 3032">
    <p class='ocr_par' dir='ltr' id='par_1_46' title="bbox 505 2965 1552 3032">
     <span class='ocr_line' id='line_1_46' title="bbox 505 2965 1552 3032; baseline 0.008 -20"><span class='ocrx_word' id='word_1_348' title='bbox 505 2969 587 3014; x_wconf 89' lang='lat' dir='ltr'><strong><em>cst</em></strong></span> <span class='ocrx_word' id='word_1_349' title='bbox 618 2966 915 3017; x_wconf 87' lang='lat' dir='ltr'><strong><em>secundum</em></strong></span> <span class='ocrx_word' id='word_1_350' title='bbox 958 2965 1365 3032; x_wconf 74' lang='lat' dir='ltr'><strong><em>possibilitatem</em></strong></span> <span class='ocrx_word' id='word_1_351' title='bbox 1399 2980 1552 3020; x_wconf 78' lang='lat' dir='ltr'><strong><em>suam</em></strong></span> 
     </span>
    </p>
   </div>
   <div class='ocr_carea' id='block_1_47' title="bbox 1092 3048 1518 3105">
    <p class='ocr_par' dir='ltr' id='par_1_47' title="bbox 1092 3048 1518 3105">
     <span class='ocr_line' id='line_1_47' title="bbox 1092 3048 1518 3105; baseline 0.005 -2"><span class='ocrx_word' id='word_1_352' title='bbox 1092 3048 1318 3105; x_wconf 83' lang='lat' dir='ltr'><strong><em>CAPUT</em></strong></span> <span class='ocrx_word' id='word_1_353' title='bbox 1356 3050 1518 3105; x_wconf 79' lang='lat' dir='ltr'><strong><em>XVII.</em></strong></span> 
     </span>
    </p>
   </div>
   <div class='ocr_carea' id='block_1_48' title="bbox 506 3135 2089 3215">
    <p class='ocr_par' dir='ltr' id='par_1_48' title="bbox 506 3135 2089 3215">
     <span class='ocr_line' id='line_1_48' title="bbox 506 3135 2089 3215; baseline 0.006 -25"><span class='ocrx_word' id='word_1_354' title='bbox 506 3135 585 3191; x_wconf 90' lang='lat' dir='ltr'><strong><em>De</em></strong></span> <span class='ocrx_word' id='word_1_355' title='bbox 611 3135 828 3191; x_wconf 83' lang='lat' dir='ltr'><strong><em>decimis</em></strong></span> <span class='ocrx_word' id='word_1_356' title='bbox 858 3147 1013 3192; x_wconf 71' lang='lat' dir='ltr'><strong><em>terrm</em></strong></span> <span class='ocrx_word' id='word_1_357' title='bbox 1051 3155 1116 3193; x_wconf 72' lang='lat' dir='ltr'><strong><em>ea:</em></strong></span> <span class='ocrx_word' id='word_1_358' title='bbox 1146 3141 1388 3215; x_wconf 77' lang='lat' dir='ltr'><strong><em>frugibus</em></strong></span> <span class='ocrx_word' id='word_1_359' title='bbox 1410 3152 1463 3215; x_wconf 81' lang='lat' dir='ltr'><strong><em>et</em></strong></span> <span class='ocrx_word' id='word_1_360' title='bbox 1478 3143 1644 3211; x_wconf 79' lang='lat' dir='ltr'><strong><em>pomis</em></strong></span> <span class='ocrx_word' id='word_1_361' title='bbox 1674 3143 1933 3214; x_wconf 89' lang='lat' dir='ltr'><strong><em>quomodo</em></strong></span> <span class='ocrx_word' id='word_1_362' title='bbox 1967 3160 2089 3215; x_wconf 86' lang='lat' dir='ltr'><strong><em>pos-</em></strong></span> 
     </span>
    </p>
   </div>
   <div class='ocr_carea' id='block_1_49' title="bbox 1136 3211 1484 3263">
    <p class='ocr_par' dir='ltr' id='par_1_49' title="bbox 1136 3211 1484 3263">
     <span class='ocr_line' id='line_1_49' title="bbox 1136 3211 1484 3263; baseline 0 0"><span class='ocrx_word' id='word_1_363' title='bbox 1136 3212 1239 3263; x_wconf 85' lang='lat' dir='ltr'><strong><em>sint</em></strong></span> <span class='ocrx_word' id='word_1_364' title='bbox 1279 3211 1484 3263; x_wconf 85' lang='lat' dir='ltr'><strong><em>redimi.</em></strong></span> 
     </span>
    </p>
   </div>
   <div class='ocr_carea' id='block_1_50' title="bbox 581 3317 2088 3396">
    <p class='ocr_par' dir='ltr' id='par_1_50' title="bbox 581 3317 2088 3396">
     <span class='ocr_line' id='line_1_50' title="bbox 581 3317 2088 3396; baseline 0.008 -25"><span class='ocrx_word' id='word_1_365' title='bbox 581 3317 757 3388; x_wconf 75' lang='lat'><strong><em>(1311).)</em></strong></span> <span class='ocrx_word' id='word_1_366' title='bbox 801 3317 993 3373; x_wconf 81' lang='lat' dir='ltr'><strong><em>Omnes</em></strong></span> <span class='ocrx_word' id='word_1_367' title='bbox 1031 3321 1244 3374; x_wconf 71' lang='lat' dir='ltr'><strong><em>decima:</em></strong></span> <span class='ocrx_word' id='word_1_368' title='bbox 1272 3330 1446 3388; x_wconf 69' lang='lat' dir='ltr'><strong><em>terrm,</em></strong></span> <span class='ocrx_word' id='word_1_369' title='bbox 1472 3324 1578 3378; x_wconf 85' lang='lat' dir='ltr'><strong><em>sive</em></strong></span> <span class='ocrx_word' id='word_1_370' title='bbox 1605 3325 1670 3379; x_wconf 92' lang='lat' dir='ltr'><strong><em>de</em></strong></span> <span class='ocrx_word' id='word_1_371' title='bbox 1698 3325 1960 3396; x_wconf 79' lang='lat' dir='ltr'><strong><em>frugibus,</em></strong></span> <span class='ocrx_word' id='word_1_372' title='bbox 1983 3327 2088 3383; x_wconf 83' lang='lat' dir='ltr'><strong><em>sive</em></strong></span> 
     </span>
    </p>
   </div>
   <div class='ocr_carea' id='block_1_51' title="bbox 510 3408 2089 3488">
    <p class='ocr_par' dir='ltr' id='par_1_51' title="bbox 510 3408 2089 3488">
     <span class='ocr_line' id='line_1_51' title="bbox 510 3408 2089 3488; baseline 0.008 -27"><span class='ocrx_word' id='word_1_373' title='bbox 510 3408 576 3461; x_wconf 89' lang='lat' dir='ltr'><strong><em>de</em></strong></span> <span class='ocrx_word' id='word_1_374' title='bbox 615 3408 784 3479; x_wconf 83' lang='lat' dir='ltr'><strong><em>pomis</em></strong></span> <span class='ocrx_word' id='word_1_375' title='bbox 826 3408 1095 3472; x_wconf 87' lang='lat' dir='ltr'><strong><em>arborum,</em></strong></span> <span class='ocrx_word' id='word_1_376' title='bbox 1139 3410 1352 3465; x_wconf 86' lang='lat' dir='ltr'><strong><em>Domini</em></strong></span> <span class='ocrx_word' id='word_1_377' title='bbox 1381 3426 1524 3478; x_wconf 85' lang='lat' dir='ltr'><strong><em>sunt,</em></strong></span> <span class='ocrx_word' id='word_1_378' title='bbox 1554 3423 1601 3467; x_wconf 90' lang='lat' dir='ltr'><strong><em>et</em></strong></span> <span class='ocrx_word' id='word_1_379' title='bbox 1636 3414 1715 3469; x_wconf 83' lang='lat' dir='ltr'><strong><em>illi</em></strong></span> <span class='ocrx_word' id='word_1_380' title='bbox 1753 3417 2089 3488; x_wconf 78' lang='lat' dir='ltr'><strong><em>sanctiﬁcan-</em></strong></span> 
     </span>
    </p>
   </div>
   <div class='ocr_carea' id='block_1_52' title="bbox 506 3495 2085 3574">
    <p class='ocr_par' dir='ltr' id='par_1_52' title="bbox 506 3495 2085 3574">
     <span class='ocr_line' id='line_1_52' title="bbox 506 3495 2085 3574; baseline 0.008 -24"><span class='ocrx_word' id='word_1_381' title='bbox 506 3506 613 3551; x_wconf 89' lang='lat' dir='ltr'><strong><em>tur.</em></strong></span> <span class='ocrx_word' id='word_1_382' title='bbox 651 3495 710 3552; x_wconf 88' lang='lat' dir='ltr'><strong><em>Si</em></strong></span> <span class='ocrx_word' id='word_1_383' title='bbox 744 3499 860 3569; x_wconf 88' lang='lat' dir='ltr'><strong><em>quis</em></strong></span> <span class='ocrx_word' id='word_1_384' title='bbox 910 3508 1083 3553; x_wconf 88' lang='lat' dir='ltr'><strong><em>autem</em></strong></span> <span class='ocrx_word' id='word_1_385' title='bbox 1115 3500 1334 3555; x_wconf 77' lang='lat' dir='ltr'><strong><em>uoluerit</em></strong></span> <span class='ocrx_word' id='word_1_386' title='bbox 1374 3502 1628 3559; x_wconf 84' lang='lat' dir='ltr'><strong><em>redimere</em></strong></span> <span class='ocrx_word' id='word_1_387' title='bbox 1675 3505 1905 3560; x_wconf 84' lang='lat' dir='ltr'><strong><em>decimas</em></strong></span> <span class='ocrx_word' id='word_1_388' title='bbox 1941 3525 2085 3574; x_wconf 85' lang='lat' dir='ltr'><strong><em>suas,</em></strong></span> 
     </span>
    </p>
   </div>
   <div class='ocr_carea' id='block_1_53' title="bbox 509 3589 2087 3661">
    <p class='ocr_par' dir='ltr' id='par_1_53' title="bbox 509 3589 2087 3661">
     <span class='ocr_line' id='line_1_53' title="bbox 509 3589 2087 3661; baseline 0.007 -20"><span class='ocrx_word' id='word_1_389' title='bbox 509 3589 668 3642; x_wconf 87' lang='lat' dir='ltr'><strong><em>addet</em></strong></span> <span class='ocrx_word' id='word_1_390' title='bbox 727 3590 965 3661; x_wconf 86' lang='lat' dir='ltr'><strong><em>quintam</em></strong></span> <span class='ocrx_word' id='word_1_391' title='bbox 1010 3601 1211 3660; x_wconf 89' lang='lat' dir='ltr'><strong><em>partem</em></strong></span> <span class='ocrx_word' id='word_1_392' title='bbox 1256 3608 1456 3647; x_wconf 89' lang='lat' dir='ltr'><strong><em>earum.</em></strong></span> <span class='ocrx_word' id='word_1_393' title='bbox 1493 3594 1740 3650; x_wconf 85' lang='lat' dir='ltr'><strong><em>Omnium</em></strong></span> <span class='ocrx_word' id='word_1_394' title='bbox 1768 3597 2087 3652; x_wconf 86' lang='lat' dir='ltr'><strong><em>decimarum</em></strong></span> 
     </span>
    </p>
   </div>
   <div class='ocr_carea' id='block_1_54' title="bbox 506 3679 2088 3758">
    <p class='ocr_par' dir='ltr' id='par_1_54' title="bbox 506 3679 2088 3758">
     <span class='ocr_line' id='line_1_54' title="bbox 506 3679 2088 3758; baseline 0.006 -25"><span class='ocrx_word' id='word_1_395' title='bbox 506 3679 648 3734; x_wconf 85' lang='lat' dir='ltr'><strong><em>bovis</em></strong></span> <span class='ocrx_word' id='word_1_396' title='bbox 675 3688 725 3734; x_wconf 86' lang='lat' dir='ltr'><strong><em>et</em></strong></span> <span class='ocrx_word' id='word_1_397' title='bbox 759 3681 870 3735; x_wconf 82' lang='lat' dir='ltr'><strong><em>ovis</em></strong></span> <span class='ocrx_word' id='word_1_398' title='bbox 893 3698 1168 3753; x_wconf 75' lang='lat' dir='ltr'><strong><em>capra&#39;que</em></strong></span> <span class='ocrx_word' id='word_1_399' title='bbox 1202 3699 1321 3753; x_wconf 80' lang='lat' dir='ltr'><strong><em>qua:</em></strong></span> <span class='ocrx_word' id='word_1_400' title='bbox 1347 3683 1442 3737; x_wconf 85' lang='lat' dir='ltr'><strong><em>sub</em></strong></span> <span class='ocrx_word' id='word_1_401' title='bbox 1479 3687 1705 3754; x_wconf 81' lang='lat' dir='ltr'><strong><em>pastoris</em></strong></span> <span class='ocrx_word' id='word_1_402' title='bbox 1738 3687 1883 3758; x_wconf 83' lang='lat' dir='ltr'><strong><em>virga</em></strong></span> <span class='ocrx_word' id='word_1_403' title='bbox 1909 3697 2088 3743; x_wconf 87' lang='lat' dir='ltr'><strong><em>trans-</em></strong></span> 
     </span>
    </p>
   </div>
   <div class='ocr_carea' id='block_1_55' title="bbox 502 3770 2089 3845">
    <p class='ocr_par' dir='ltr' id='par_1_55' title="bbox 502 3770 2089 3845">
     <span class='ocr_line' id='line_1_55' title="bbox 502 3770 2089 3845; baseline 0.006 -23"><span class='ocrx_word' id='word_1_404' title='bbox 502 3778 645 3835; x_wconf 85' lang='lat' dir='ltr'><strong><em>eunt,</em></strong></span> <span class='ocrx_word' id='word_1_405' title='bbox 696 3770 951 3842; x_wconf 90' lang='lat' dir='ltr'><strong><em>quidquid</em></strong></span> <span class='ocrx_word' id='word_1_406' title='bbox 975 3771 1235 3825; x_wconf 87' lang='lat' dir='ltr'><strong><em>decimum</em></strong></span> <span class='ocrx_word' id='word_1_407' title='bbox 1271 3773 1485 3840; x_wconf 83' lang='lat' dir='ltr'><strong><em>venerit,</em></strong></span> <span class='ocrx_word' id='word_1_408' title='bbox 1515 3776 1935 3845; x_wconf 77' lang='lat' dir='ltr'><strong><em>sancti/imbitur</em></strong></span> <span class='ocrx_word' id='word_1_409' title='bbox 1982 3778 2089 3833; x_wconf 91' lang='lat' dir='ltr'><strong><em>Do-</em></strong></span> 
     </span>
    </p>
   </div>
   <div class='ocr_carea' id='block_1_56' title="bbox 502 3857 2091 3933">
    <p class='ocr_par' dir='ltr' id='par_1_56' title="bbox 502 3857 2091 3933">
     <span class='ocr_line' id='line_1_56' title="bbox 502 3857 2091 3933; baseline 0.007 -23"><span class='ocrx_word' id='word_1_410' title='bbox 502 3859 666 3913; x_wconf 85' lang='lat' dir='ltr'><strong><em>mino.</em></strong></span> <span class='ocrx_word' id='word_1_411' title='bbox 700 3857 827 3914; x_wconf 81' lang='lat' dir='ltr'><strong><em>Non</em></strong></span> <span class='ocrx_word' id='word_1_412' title='bbox 852 3859 1074 3930; x_wconf 84' lang='lat' dir='ltr'><strong><em>eligetur</em></strong></span> <span class='ocrx_word' id='word_1_413' title='bbox 1102 3877 1122 3916; x_wconf 90' lang='lat'><strong><em>:</em></strong></span> <span class='ocrx_word' id='word_1_414' title='bbox 1152 3879 1243 3916; x_wconf 89' lang='lat' dir='ltr'><strong><em>nec</em></strong></span> <span class='ocrx_word' id='word_1_415' title='bbox 1270 3862 1459 3917; x_wconf 89' lang='lat' dir='ltr'><strong><em>bonum</em></strong></span> <span class='ocrx_word' id='word_1_416' title='bbox 1502 3881 1595 3919; x_wconf 83' lang='lat' dir='ltr'><strong><em>nec</em></strong></span> <span class='ocrx_word' id='word_1_417' title='bbox 1638 3866 1857 3933; x_wconf 85' lang='lat' dir='ltr'><strong><em>malum,</em></strong></span> <span class='ocrx_word' id='word_1_418' title='bbox 1888 3884 1980 3923; x_wconf 88' lang='lat' dir='ltr'><strong><em>nec</em></strong></span> <span class='ocrx_word' id='word_1_419' title='bbox 2010 3869 2091 3922; x_wconf 91' lang='lat' dir='ltr'><strong><em>al-</em></strong></span> 
     </span>
    </p>
   </div>
   <div class='ocr_carea' id='block_1_57' title="bbox 407 3949 2092 4029">
    <p class='ocr_par' dir='ltr' id='par_1_57' title="bbox 407 3949 2092 4029">
     <span class='ocr_line' id='line_1_57' title="bbox 407 3949 2092 4029; baseline 0.008 -30"><span class='ocrx_word' id='word_1_420' title='bbox 407 4021 414 4029; x_wconf 74' lang='lat'><em>_</em></span> <span class='ocrx_word' id='word_1_421' title='bbox 503 3955 615 4001; x_wconf 88' lang='lat' dir='ltr'><strong><em>tero</em></strong></span> <span class='ocrx_word' id='word_1_422' title='bbox 645 3949 1053 4003; x_wconf 88' lang='lat' dir='ltr'><strong><em>commutabitur</em></strong></span> <span class='ocrx_word' id='word_1_423' title='bbox 1083 3963 1102 4001; x_wconf 88' lang='lat'><em>:</em></span> <span class='ocrx_word' id='word_1_424' title='bbox 1127 3952 1172 4004; x_wconf 88' lang='lat' dir='ltr'><strong><em>si</em></strong></span> <span class='ocrx_word' id='word_1_425' title='bbox 1198 3952 1315 4023; x_wconf 88' lang='lat' dir='ltr'><strong><em>quis</em></strong></span> <span class='ocrx_word' id='word_1_426' title='bbox 1362 3954 1657 4019; x_wconf 79' lang='lat' dir='ltr'><strong><em>mutauerit,</em></strong></span> <span class='ocrx_word' id='word_1_427' title='bbox 1702 3965 1750 4009; x_wconf 86' lang='lat' dir='ltr'><strong><em>et</em></strong></span> <span class='ocrx_word' id='word_1_428' title='bbox 1786 3957 1927 4026; x_wconf 86' lang='lat' dir='ltr'><strong><em>quod</em></strong></span> <span class='ocrx_word' id='word_1_429' title='bbox 1974 3975 2092 4012; x_wconf 88' lang='lat' dir='ltr'><strong><em>mu-</em></strong></span> 
     </span>
    </p>
   </div>
   <div class='ocr_carea' id='block_1_58' title="bbox 506 4045 2093 4114">
    <p class='ocr_par' dir='ltr' id='par_1_58' title="bbox 506 4045 2093 4114">
     <span class='ocr_line' id='line_1_58' title="bbox 506 4045 2093 4114; baseline 0.007 -24"><span class='ocrx_word' id='word_1_430' title='bbox 506 4047 677 4091; x_wconf 86' lang='lat' dir='ltr'><strong><em>tatum</em></strong></span> <span class='ocrx_word' id='word_1_431' title='bbox 700 4047 799 4104; x_wconf 89' lang='lat' dir='ltr'><strong><em>est,</em></strong></span> <span class='ocrx_word' id='word_1_432' title='bbox 825 4048 875 4092; x_wconf 88' lang='lat' dir='ltr'><strong><em>et</em></strong></span> <span class='ocrx_word' id='word_1_433' title='bbox 903 4056 998 4109; x_wconf 81' lang='lat' dir='ltr'><strong><em>pro</em></strong></span> <span class='ocrx_word' id='word_1_434' title='bbox 1023 4056 1124 4111; x_wconf 90' lang='lat' dir='ltr'><strong><em>quo</em></strong></span> <span class='ocrx_word' id='word_1_435' title='bbox 1150 4050 1407 4095; x_wconf 88' lang='lat' dir='ltr'><strong><em>mutatum</em></strong></span> <span class='ocrx_word' id='word_1_436' title='bbox 1428 4052 1528 4109; x_wconf 84' lang='lat' dir='ltr'><strong><em>est,</em></strong></span> <span class='ocrx_word' id='word_1_437' title='bbox 1555 4045 1971 4114; x_wconf 85' lang='lat' dir='ltr'><strong><em>sancti/icabitur</em></strong></span> <span class='ocrx_word' id='word_1_438' title='bbox 1989 4047 2093 4102; x_wconf 89' lang='lat' dir='ltr'><strong><em>Do-</em></strong></span> 
     </span>
    </p>
   </div>
   <div class='ocr_carea' id='block_1_59' title="bbox 504 4130 2091 4208">
    <p class='ocr_par' dir='ltr' id='par_1_59' title="bbox 504 4130 2091 4208">
     <span class='ocr_line' id='line_1_59' title="bbox 504 4130 2091 4208; baseline 0.006 -25"><span class='ocrx_word' id='word_1_439' title='bbox 504 4130 647 4183; x_wconf 86' lang='lat' dir='ltr'><strong><em>mino</em></strong></span> <span class='ocrx_word' id='word_1_440' title='bbox 666 4138 713 4183; x_wconf 87' lang='lat' dir='ltr'><strong><em>et</em></strong></span> <span class='ocrx_word' id='word_1_441' title='bbox 743 4145 849 4183; x_wconf 84' lang='lat' dir='ltr'><strong><em>non</em></strong></span> <span class='ocrx_word' id='word_1_442' title='bbox 869 4130 1173 4185; x_wconf 85' lang='lat' dir='ltr'><strong><em>redimetur.</em></strong></span> <span class='ocrx_word' id='word_1_443' title='bbox 1203 4131 1413 4198; x_wconf 71' lang='lat' dir='ltr'><strong><em>Quaeris</em></strong></span> <span class='ocrx_word' id='word_1_444' title='bbox 1440 4132 1618 4188; x_wconf 84' lang='lat' dir='ltr'><strong><em>forsan</em></strong></span> <span class='ocrx_word' id='word_1_445' title='bbox 1640 4133 1792 4204; x_wconf 88' lang='lat' dir='ltr'><strong><em>cujus</em></strong></span> <span class='ocrx_word' id='word_1_446' title='bbox 1815 4136 1891 4191; x_wconf 85' lang='lat' dir='ltr'><strong><em>rei</em></strong></span> <span class='ocrx_word' id='word_1_447' title='bbox 1916 4139 2091 4208; x_wconf 86' lang='lat' dir='ltr'><strong><em>gratia</em></strong></span> 
     </span>
    </p>
   </div>
   <div class='ocr_carea' id='block_1_60' title="bbox 500 4216 2084 4300">
    <p class='ocr_par' dir='ltr' id='par_1_60' title="bbox 500 4216 2084 4300">
     <span class='ocr_line' id='line_1_60' title="bbox 500 4216 2084 4300; baseline 0.007 -27"><span class='ocrx_word' id='word_1_448' title='bbox 500 4216 736 4274; x_wconf 79' lang='lat' dir='ltr'><strong><em>fructum</em></strong></span> <span class='ocrx_word' id='word_1_449' title='bbox 791 4221 1009 4291; x_wconf 87' lang='lat' dir='ltr'><strong><em>quidem</em></strong></span> <span class='ocrx_word' id='word_1_450' title='bbox 1064 4230 1223 4277; x_wconf 70' lang='lat' dir='ltr'><strong><em>terrm</em></strong></span> <span class='ocrx_word' id='word_1_451' title='bbox 1273 4224 1463 4279; x_wconf 88' lang='lat' dir='ltr'><strong><em>redimi</em></strong></span> <span class='ocrx_word' id='word_1_452' title='bbox 1513 4223 1780 4281; x_wconf 88' lang='lat' dir='ltr'><strong><em>decimam</em></strong></span> <span class='ocrx_word' id='word_1_453' title='bbox 1819 4229 2084 4300; x_wconf 69' lang='lat' dir='ltr'><strong><em>praecipit,</em></strong></span> 
     </span>
    </p>
   </div>
   <div class='ocr_carea' id='block_1_61' title="bbox 506 4312 2089 4392">
    <p class='ocr_par' dir='ltr' id='par_1_61' title="bbox 506 4312 2089 4392">
     <span class='ocr_line' id='line_1_61' title="bbox 506 4312 2089 4392; baseline 0.009 -26"><span class='ocrx_word' id='word_1_454' title='bbox 506 4312 672 4367; x_wconf 90' lang='lat' dir='ltr'><strong><em>boum</em></strong></span> <span class='ocrx_word' id='word_1_455' title='bbox 714 4322 898 4369; x_wconf 89' lang='lat' dir='ltr'><strong><em>autem</em></strong></span> <span class='ocrx_word' id='word_1_456' title='bbox 924 4325 981 4371; x_wconf 91' lang='lat' dir='ltr'><strong><em>et</em></strong></span> <span class='ocrx_word' id='word_1_457' title='bbox 1003 4317 1185 4371; x_wconf 88' lang='lat' dir='ltr'><strong><em>ovium</em></strong></span> <span class='ocrx_word' id='word_1_458' title='bbox 1216 4333 1322 4372; x_wconf 94' lang='lat' dir='ltr'><strong><em>non</em></strong></span> <span class='ocrx_word' id='word_1_459' title='bbox 1371 4320 1658 4392; x_wconf 80' lang='lat' dir='ltr'><strong><em>praecipit?</em></strong></span> <span class='ocrx_word' id='word_1_460' title='bbox 1696 4322 1849 4390; x_wconf 83' lang='lat' dir='ltr'><strong><em>Quod</em></strong></span> <span class='ocrx_word' id='word_1_461' title='bbox 1873 4321 2089 4380; x_wconf 63' lang='lat' dir='ltr'><strong><em>Iudaeus</em></strong></span> 
     </span>
    </p>
   </div>
   <div class='ocr_carea' id='block_1_62' title="bbox 505 4392 2168 4491">
    <p class='ocr_par' dir='ltr' id='par_1_62' title="bbox 505 4392 2168 4491">
     <span class='ocr_line' id='line_1_62' title="bbox 505 4392 2168 4491; baseline 0.008 -35"><span class='ocrx_word' id='word_1_462' title='bbox 505 4401 688 4458; x_wconf 87' lang='lat' dir='ltr'><strong><em>dicere</em></strong></span> <span class='ocrx_word' id='word_1_463' title='bbox 739 4420 845 4460; x_wconf 94' lang='lat' dir='ltr'><strong><em>non</em></strong></span> <span class='ocrx_word' id='word_1_464' title='bbox 881 4414 1080 4476; x_wconf 89' lang='lat' dir='ltr'><strong><em>potest,</em></strong></span> <span class='ocrx_word' id='word_1_465' title='bbox 1128 4407 1253 4476; x_wconf 90' lang='lat' dir='ltr'><strong><em>quia</em></strong></span> <span class='ocrx_word' id='word_1_466' title='bbox 1305 4408 1403 4463; x_wconf 88' lang='lat' dir='ltr'><strong><em>soli</em></strong></span> <span class='ocrx_word' id='word_1_467' title='bbox 1431 4410 1599 4464; x_wconf 87' lang='lat' dir='ltr'><strong><em>servit</em></strong></span> <span class='ocrx_word' id='word_1_468' title='bbox 1621 4411 1834 4477; x_wconf 58' lang='lat' dir='ltr'><strong><em>litterae,</em></strong></span> <span class='ocrx_word' id='word_1_469' title='bbox 1884 4392 2168 4491; x_wconf 9' lang='lat' dir='ltr'><strong><em>inqquaD</em></strong></span> 
     </span>
    </p>
   </div>
   <div class='ocr_carea' id='block_1_63' title="bbox 506 4495 2089 4573">
    <p class='ocr_par' dir='ltr' id='par_1_63' title="bbox 506 4495 2089 4573">
     <span class='ocr_line' id='line_1_63' title="bbox 506 4495 2089 4573; baseline 0.008 -28"><span class='ocrx_word' id='word_1_470' title='bbox 506 4495 745 4549; x_wconf 76' lang='lat' dir='ltr'><strong><em>maxime</em></strong></span> <span class='ocrx_word' id='word_1_471' title='bbox 810 4496 979 4550; x_wconf 90' lang='lat' dir='ltr'><strong><em>multa</em></strong></span> <span class='ocrx_word' id='word_1_472' title='bbox 1039 4498 1388 4567; x_wconf 72' lang='lat' dir='ltr'><strong><em>quaesﬁonem</em></strong></span> <span class='ocrx_word' id='word_1_473' title='bbox 1451 4501 1766 4571; x_wconf 86' lang='lat' dir='ltr'><strong><em>recipientia</em></strong></span> <span class='ocrx_word' id='word_1_474' title='bbox 1815 4502 2089 4573; x_wconf 87' lang='lat' dir='ltr'><strong><em>legislator</em></strong></span> 
     </span>
    </p>
   </div>
   <div class='ocr_carea' id='block_1_64' title="bbox 502 4583 2091 4660">
    <p class='ocr_par' dir='ltr' id='par_1_64' title="bbox 502 4583 2091 4660">
     <span class='ocr_line' id='line_1_64' title="bbox 502 4583 2091 4660; baseline 0.006 -22"><span class='ocrx_word' id='word_1_475' title='bbox 502 4583 824 4655; x_wconf 86' lang='lat' dir='ltr'><strong><em>interponit,</em></strong></span> <span class='ocrx_word' id='word_1_476' title='bbox 873 4598 935 4643; x_wconf 93' lang='lat' dir='ltr'><strong><em>ut</em></strong></span> <span class='ocrx_word' id='word_1_477' title='bbox 986 4590 1255 4658; x_wconf 83' lang='lat' dir='ltr'><strong><em>angustati</em></strong></span> <span class='ocrx_word' id='word_1_478' title='bbox 1310 4591 1379 4643; x_wconf 90' lang='lat' dir='ltr'><strong><em>ad</em></strong></span> <span class='ocrx_word' id='word_1_479' title='bbox 1433 4592 1683 4660; x_wconf 90' lang='lat' dir='ltr'><strong><em>spiritum</em></strong></span> <span class='ocrx_word' id='word_1_480' title='bbox 1736 4601 1982 4660; x_wconf 89' lang='lat' dir='ltr'><strong><em>currant,</em></strong></span> <span class='ocrx_word' id='word_1_481' title='bbox 2034 4602 2091 4648; x_wconf 87' lang='lat' dir='ltr'><strong><em>et</em></strong></span> 
     </span>
    </p>
   </div>
   <div class='ocr_carea' id='block_1_65' title="bbox 504 4676 2088 4753">
    <p class='ocr_par' dir='ltr' id='par_1_65' title="bbox 504 4676 2088 4753">
     <span class='ocr_line' id='line_1_65' title="bbox 504 4676 2088 4753; baseline 0.007 -24"><span class='ocrx_word' id='word_1_482' title='bbox 504 4676 682 4730; x_wconf 86' lang='lat' dir='ltr'><strong><em>sciant</em></strong></span> <span class='ocrx_word' id='word_1_483' title='bbox 739 4680 866 4749; x_wconf 87' lang='lat' dir='ltr'><strong><em>quia</em></strong></span> <span class='ocrx_word' id='word_1_484' title='bbox 930 4680 1111 4735; x_wconf 85' lang='lat' dir='ltr'><strong><em>littera</em></strong></span> <span class='ocrx_word' id='word_1_485' title='bbox 1184 4689 1314 4736; x_wconf 90' lang='lat' dir='ltr'><strong><em>tunc</em></strong></span> <span class='ocrx_word' id='word_1_486' title='bbox 1370 4692 1455 4735; x_wconf 91' lang='lat' dir='ltr'><strong><em>est</em></strong></span> <span class='ocrx_word' id='word_1_487' title='bbox 1510 4683 1653 4737; x_wconf 87' lang='lat' dir='ltr'><strong><em>bona</em></strong></span> <span class='ocrx_word' id='word_1_488' title='bbox 1715 4686 1933 4753; x_wconf 89' lang='lat' dir='ltr'><strong><em>quando</em></strong></span> <span class='ocrx_word' id='word_1_489' title='bbox 1998 4686 2088 4741; x_wconf 90' lang='lat' dir='ltr'><strong><em>illa</em></strong></span> 
     </span>
    </p>
   </div>
   <div class='ocr_carea' id='block_1_66' title="bbox 506 4769 2087 4849">
    <p class='ocr_par' dir='ltr' id='par_1_66' title="bbox 506 4769 2087 4849">
     <span class='ocr_line' id='line_1_66' title="bbox 506 4769 2087 4849; baseline 0.008 -28"><span class='ocrx_word' id='word_1_490' title='bbox 506 4769 588 4823; x_wconf 88' lang='lat' dir='ltr'><strong><em>usi</em></strong></span> <span class='ocrx_word' id='word_1_491' title='bbox 651 4769 856 4826; x_wconf 83' lang='lat' dir='ltr'><strong><em>fuerint</em></strong></span> <span class='ocrx_word' id='word_1_492' title='bbox 920 4774 1068 4827; x_wconf 77' lang='lat' dir='ltr'><strong><em>velut</em></strong></span> <span class='ocrx_word' id='word_1_493' title='bbox 1129 4775 1489 4829; x_wconf 89' lang='lat' dir='ltr'><strong><em>instrumento</em></strong></span> <span class='ocrx_word' id='word_1_494' title='bbox 1542 4784 1598 4829; x_wconf 91' lang='lat' dir='ltr'><strong><em>et</em></strong></span> <span class='ocrx_word' id='word_1_495' title='bbox 1651 4777 1904 4831; x_wconf 89' lang='lat' dir='ltr'><strong><em>ministra</em></strong></span> <span class='ocrx_word' id='word_1_496' title='bbox 1975 4779 2087 4849; x_wconf 90' lang='lat' dir='ltr'><strong><em>spi-</em></strong></span> 
     </span>
    </p>
   </div>
   <div class='ocr_carea' id='block_1_67' title="bbox 508 4859 665 4915">
    <p class='ocr_par' dir='ltr' id='par_1_67' title="bbox 508 4859 665 4915">
     <span class='ocr_line' id='line_1_67' title="bbox 508 4859 665 4915; baseline -0.006 -1"><span class='ocrx_word' id='word_1_497' title='bbox 508 4859 665 4915; x_wconf 86' lang='lat' dir='ltr'><strong><em>ritus.</em></strong></span> 
     </span>
    </p>
   </div>
   <div class='ocr_carea' id='block_1_68' title="bbox 579 4950 2085 5029">
    <p class='ocr_par' dir='ltr' id='par_1_68' title="bbox 579 4950 2085 5029">
     <span class='ocr_line' id='line_1_68' title="bbox 579 4950 2085 5029; baseline 0.008 -26"><span class='ocrx_word' id='word_1_498' title='bbox 579 4950 949 5007; x_wconf 77' lang='lat' dir='ltr'><strong><em>Diﬂ&#39;erentiam</em></strong></span> <span class='ocrx_word' id='word_1_499' title='bbox 978 4968 1108 5025; x_wconf 88' lang='lat' dir='ltr'><strong><em>ergo</em></strong></span> <span class='ocrx_word' id='word_1_500' title='bbox 1133 4954 1520 5025; x_wconf 89' lang='lat' dir='ltr'><strong><em>discipulorum</em></strong></span> <span class='ocrx_word' id='word_1_501' title='bbox 1546 4955 1679 5026; x_wconf 82' lang='lat' dir='ltr'><strong><em>legis</em></strong></span> <span class='ocrx_word' id='word_1_502' title='bbox 1704 4958 1796 5013; x_wconf 89' lang='lat' dir='ltr'><strong><em>hic</em></strong></span> <span class='ocrx_word' id='word_1_503' title='bbox 1817 4960 2085 5029; x_wconf 87' lang='lat' dir='ltr'><strong><em>proponit,</em></strong></span> 
     </span>
    </p>
   </div>
   <div class='ocr_carea' id='block_1_69' title="bbox 507 5044 2089 5118">
    <p class='ocr_par' dir='ltr' id='par_1_69' title="bbox 507 5044 2089 5118">
     <span class='ocr_line' id='line_1_69' title="bbox 507 5044 2089 5118; baseline 0.006 -21"><span class='ocrx_word' id='word_1_504' title='bbox 507 5048 563 5097; x_wconf 91' lang='lat' dir='ltr'><strong><em>et</em></strong></span> <span class='ocrx_word' id='word_1_505' title='bbox 582 5044 1036 5112; x_wconf 84' lang='lat' dir='ltr'><strong><em>quemadmodum</em></strong></span> <span class='ocrx_word' id='word_1_506' title='bbox 1063 5046 1116 5100; x_wconf 94' lang='lat' dir='ltr'><strong><em>in</em></strong></span> <span class='ocrx_word' id='word_1_507' title='bbox 1142 5047 1517 5118; x_wconf 87' lang='lat' dir='ltr'><strong><em>primogenitis</em></strong></span> <span class='ocrx_word' id='word_1_508' title='bbox 1540 5050 1756 5105; x_wconf 92' lang='lat' dir='ltr'><strong><em>mundis</em></strong></span> <span class='ocrx_word' id='word_1_509' title='bbox 1777 5058 1832 5106; x_wconf 90' lang='lat' dir='ltr'><strong><em>et</em></strong></span> <span class='ocrx_word' id='word_1_510' title='bbox 1857 5052 2089 5107; x_wconf 90' lang='lat' dir='ltr'><strong><em>immun-</em></strong></span> 
     </span>
    </p>
   </div>
   <div class='ocr_carea' id='block_1_70' title="bbox 509 5132 2090 5211">
    <p class='ocr_par' dir='ltr' id='par_1_70' title="bbox 509 5132 2090 5211">
     <span class='ocr_line' id='line_1_70' title="bbox 509 5132 2090 5211; baseline 0.008 -25"><span class='ocrx_word' id='word_1_511' title='bbox 509 5132 614 5198; x_wconf 89' lang='lat' dir='ltr'><strong><em>dis,</em></strong></span> <span class='ocrx_word' id='word_1_512' title='bbox 644 5134 861 5203; x_wconf 89' lang='lat' dir='ltr'><strong><em>quidam</em></strong></span> <span class='ocrx_word' id='word_1_513' title='bbox 888 5149 1010 5188; x_wconf 91' lang='lat' dir='ltr'><strong><em>cum</em></strong></span> <span class='ocrx_word' id='word_1_514' title='bbox 1039 5136 1365 5203; x_wconf 89' lang='lat' dir='ltr'><strong><em>obedientia,</em></strong></span> <span class='ocrx_word' id='word_1_515' title='bbox 1391 5145 1446 5191; x_wconf 86' lang='lat' dir='ltr'><strong><em>et</em></strong></span> <span class='ocrx_word' id='word_1_516' title='bbox 1466 5138 1665 5194; x_wconf 89' lang='lat' dir='ltr'><strong><em>bonam</em></strong></span> <span class='ocrx_word' id='word_1_517' title='bbox 1696 5141 1829 5211; x_wconf 82' lang='lat' dir='ltr'><strong><em>legis</em></strong></span> <span class='ocrx_word' id='word_1_518' title='bbox 1858 5144 2090 5199; x_wconf 89' lang='lat' dir='ltr'><strong><em>medita-</em></strong></span> 
     </span>
    </p>
   </div>
   <div class='ocr_carea' id='block_1_71' title="bbox 510 5227 2087 5306">
    <p class='ocr_par' dir='ltr' id='par_1_71' title="bbox 510 5227 2087 5306">
     <span class='ocr_line' id='line_1_71' title="bbox 510 5227 2087 5306; baseline 0.008 -25"><span class='ocrx_word' id='word_1_519' title='bbox 510 5227 712 5282; x_wconf 92' lang='lat' dir='ltr'><strong><em>tionem</em></strong></span> <span class='ocrx_word' id='word_1_520' title='bbox 743 5236 798 5281; x_wconf 91' lang='lat' dir='ltr'><strong><em>et</em></strong></span> <span class='ocrx_word' id='word_1_521' title='bbox 839 5229 1120 5284; x_wconf 89' lang='lat' dir='ltr'><strong><em>scientiam</em></strong></span> <span class='ocrx_word' id='word_1_522' title='bbox 1148 5232 1609 5300; x_wconf 88' lang='lat' dir='ltr'><strong><em>conquisiverunt,</em></strong></span> <span class='ocrx_word' id='word_1_523' title='bbox 1652 5236 1873 5306; x_wconf 87' lang='lat' dir='ltr'><strong><em>quidam</em></strong></span> <span class='ocrx_word' id='word_1_524' title='bbox 1904 5248 2087 5294; x_wconf 88' lang='lat' dir='ltr'><strong><em>autem</em></strong></span> 
     </span>
    </p>
   </div>
   <div class='ocr_carea' id='block_1_72' title="bbox 513 5320 2088 5400">
    <p class='ocr_par' dir='ltr' id='par_1_72' title="bbox 513 5320 2088 5400">
     <span class='ocr_line' id='line_1_72' title="bbox 513 5320 2088 5400; baseline 0.008 -26"><span class='ocrx_word' id='word_1_525' title='bbox 513 5329 640 5374; x_wconf 89' lang='lat' dir='ltr'><strong><em>sunt</em></strong></span> <span class='ocrx_word' id='word_1_526' title='bbox 662 5320 753 5390; x_wconf 91' lang='lat' dir='ltr'><strong><em>qui</em></strong></span> <span class='ocrx_word' id='word_1_527' title='bbox 780 5320 951 5376; x_wconf 90' lang='lat' dir='ltr'><strong><em>solam</em></strong></span> <span class='ocrx_word' id='word_1_528' title='bbox 979 5322 1342 5377; x_wconf 88' lang='lat' dir='ltr'><strong><em>obedientiam</em></strong></span> <span class='ocrx_word' id='word_1_529' title='bbox 1374 5326 1610 5394; x_wconf 89' lang='lat' dir='ltr'><strong><em>habent;</em></strong></span> <span class='ocrx_word' id='word_1_530' title='bbox 1644 5328 1723 5383; x_wconf 91' lang='lat' dir='ltr'><strong><em>sic</em></strong></span> <span class='ocrx_word' id='word_1_531' title='bbox 1753 5338 1809 5384; x_wconf 92' lang='lat' dir='ltr'><strong><em>et</em></strong></span> <span class='ocrx_word' id='word_1_532' title='bbox 1853 5331 1942 5385; x_wconf 92' lang='lat' dir='ltr'><strong><em>hic</em></strong></span> <span class='ocrx_word' id='word_1_533' title='bbox 1968 5332 2088 5400; x_wconf 91' lang='lat' dir='ltr'><strong><em>qui-</em></strong></span> 
     </span>
    </p>
   </div>
   <div class='ocr_carea' id='block_1_73' title="bbox 506 5411 2090 5487">
    <p class='ocr_par' dir='ltr' id='par_1_73' title="bbox 506 5411 2090 5487">
     <span class='ocr_line' id='line_1_73' title="bbox 506 5411 2090 5487; baseline 0.009 -23"><span class='ocrx_word' id='word_1_534' title='bbox 506 5411 628 5465; x_wconf 86' lang='lat' dir='ltr'><strong><em>dam</em></strong></span> <span class='ocrx_word' id='word_1_535' title='bbox 661 5422 951 5483; x_wconf 85' lang='lat' dir='ltr'><strong><em>operantes</em></strong></span> <span class='ocrx_word' id='word_1_536' title='bbox 1001 5416 1252 5470; x_wconf 85' lang='lat' dir='ltr'><strong><em>mandata</em></strong></span> <span class='ocrx_word' id='word_1_537' title='bbox 1301 5417 1622 5487; x_wconf 88' lang='lat' dir='ltr'><strong><em>sapientiam</em></strong></span> <span class='ocrx_word' id='word_1_538' title='bbox 1676 5429 1944 5477; x_wconf 87' lang='lat' dir='ltr'><strong><em>terrenam</em></strong></span> <span class='ocrx_word' id='word_1_539' title='bbox 1994 5425 2090 5479; x_wconf 78' lang='lat' dir='ltr'><strong><em>lia-</em></strong></span> 
     </span>
    </p>
   </div>
   <div class='ocr_carea' id='block_1_74' title="bbox 508 5502 2087 5588">
    <p class='ocr_par' dir='ltr' id='par_1_74' title="bbox 508 5502 2087 5588">
     <span class='ocr_line' id='line_1_74' title="bbox 508 5502 2087 5588; baseline 0.009 -30"><span class='ocrx_word' id='word_1_540' title='bbox 508 5502 657 5571; x_wconf 90' lang='lat' dir='ltr'><strong><em>bent,</em></strong></span> <span class='ocrx_word' id='word_1_541' title='bbox 703 5517 759 5563; x_wconf 93' lang='lat' dir='ltr'><strong><em>et</em></strong></span> <span class='ocrx_word' id='word_1_542' title='bbox 799 5518 1084 5579; x_wconf 82' lang='lat' dir='ltr'><strong><em>pr0pterea</em></strong></span> <span class='ocrx_word' id='word_1_543' title='bbox 1126 5509 1495 5581; x_wconf 89' lang='lat' dir='ltr'><strong><em>redemptione</em></strong></span> <span class='ocrx_word' id='word_1_544' title='bbox 1534 5516 1845 5571; x_wconf 89' lang='lat' dir='ltr'><strong><em>necessario</em></strong></span> <span class='ocrx_word' id='word_1_545' title='bbox 1898 5526 2087 5588; x_wconf 83' lang='lat' dir='ltr'><strong><em>egent;</em></strong></span> 
     </span>
    </p>
   </div>
   <div class='ocr_carea' id='block_1_75' title="bbox 509 5595 2089 5672">
    <p class='ocr_par' dir='ltr' id='par_1_75' title="bbox 509 5595 2089 5672">
     <span class='ocr_line' id='line_1_75' title="bbox 509 5595 2089 5672; baseline 0.011 -25"><span class='ocrx_word' id='word_1_546' title='bbox 509 5595 724 5662; x_wconf 89' lang='lat' dir='ltr'><strong><em>quidam</em></strong></span> <span class='ocrx_word' id='word_1_547' title='bbox 772 5615 875 5656; x_wconf 91' lang='lat' dir='ltr'><strong><em>nec</em></strong></span> <span class='ocrx_word' id='word_1_548' title='bbox 916 5601 1108 5657; x_wconf 86' lang='lat' dir='ltr'><strong><em>redimi</em></strong></span> <span class='ocrx_word' id='word_1_549' title='bbox 1155 5616 1288 5672; x_wconf 89' lang='lat' dir='ltr'><strong><em>opus</em></strong></span> <span class='ocrx_word' id='word_1_550' title='bbox 1337 5603 1559 5671; x_wconf 84' lang='lat' dir='ltr'><strong><em>habent,</em></strong></span> <span class='ocrx_word' id='word_1_551' title='bbox 1607 5606 1700 5662; x_wconf 89' lang='lat' dir='ltr'><strong><em>sed</em></strong></span> <span class='ocrx_word' id='word_1_552' title='bbox 1744 5622 1842 5663; x_wconf 91' lang='lat' dir='ltr'><strong><em>nec</em></strong></span> <span class='ocrx_word' id='word_1_553' title='bbox 1889 5610 2089 5665; x_wconf 89' lang='lat' dir='ltr'><strong><em>mutari</em></strong></span> 
     </span>
    </p>
   </div>
   <div class='ocr_carea' id='block_1_76' title="bbox 2200 1788 3721 1858">
    <p class='ocr_par' dir='ltr' id='par_1_76' title="bbox 2200 1788 3721 1858">
     <span class='ocr_line' id='line_1_76' title="bbox 2200 1788 3721 1858; baseline 0.011 -17"><span class='ocrx_word' id='word_1_554' title='bbox 2200 1801 2331 1858; x_wconf 85' lang='lat' dir='ltr'><strong><em>ergo</em></strong></span> <span class='ocrx_word' id='word_1_555' title='bbox 2360 1788 2570 1845; x_wconf 91' lang='lat' dir='ltr'><strong><em>decima</em></strong></span> <span class='ocrx_word' id='word_1_556' title='bbox 2599 1801 2786 1847; x_wconf 87' lang='lat' dir='ltr'><strong><em>sancta</em></strong></span> <span class='ocrx_word' id='word_1_557' title='bbox 2827 1801 2931 1849; x_wconf 89' lang='lat' dir='ltr'><strong><em>est.</em></strong></span> <span class='ocrx_word' id='word_1_558' title='bbox 2967 1794 3173 1851; x_wconf 86' lang='lat' dir='ltr'><strong><em>Sancta</em></strong></span> <span class='ocrx_word' id='word_1_559' title='bbox 3203 1799 3345 1852; x_wconf 87' lang='lat' dir='ltr'><strong><em>enim</em></strong></span> <span class='ocrx_word' id='word_1_560' title='bbox 3391 1800 3565 1855; x_wconf 89' lang='lat' dir='ltr'><strong><em>horum</em></strong></span> <span class='ocrx_word' id='word_1_561' title='bbox 3606 1804 3721 1857; x_wconf 87' lang='lat' dir='ltr'><strong><em>actio</em></strong></span> 
     </span>
    </p>
   </div>
   <div class='ocr_carea' id='block_1_77' title="bbox 2196 1883 3724 1962">
    <p class='ocr_par' dir='ltr' id='par_1_77' title="bbox 2196 1883 3724 1962">
     <span class='ocr_line' id='line_1_77' title="bbox 2196 1883 3724 1962; baseline 0.01 -30"><span class='ocrx_word' id='word_1_562' title='bbox 2196 1886 2280 1933; x_wconf 87' lang='lat' dir='ltr'><strong><em>cst</em></strong></span> <span class='ocrx_word' id='word_1_563' title='bbox 2325 1888 2380 1935; x_wconf 92' lang='lat' dir='ltr'><strong><em>et</em></strong></span> <span class='ocrx_word' id='word_1_564' title='bbox 2429 1883 2667 1937; x_wconf 84' lang='lat' dir='ltr'><strong><em>studium</em></strong></span> <span class='ocrx_word' id='word_1_565' title='bbox 2705 1892 2791 1938; x_wconf 88' lang='lat' dir='ltr'><strong><em>est</em></strong></span> <span class='ocrx_word' id='word_1_566' title='bbox 2820 1902 2834 1939; x_wconf 89' lang='lat'><strong><em>:</em></strong></span> <span class='ocrx_word' id='word_1_567' title='bbox 2863 1886 2991 1955; x_wconf 88' lang='lat' dir='ltr'><strong><em>quia</em></strong></span> <span class='ocrx_word' id='word_1_568' title='bbox 3031 1889 3125 1956; x_wconf 89' lang='lat' dir='ltr'><strong><em>qui</em></strong></span> <span class='ocrx_word' id='word_1_569' title='bbox 3174 1888 3305 1959; x_wconf 81' lang='lat' dir='ltr'><strong><em>legis</em></strong></span> <span class='ocrx_word' id='word_1_570' title='bbox 3353 1891 3583 1946; x_wconf 84' lang='lat' dir='ltr'><strong><em>mandata</em></strong></span> <span class='ocrx_word' id='word_1_571' title='bbox 3621 1907 3724 1962; x_wconf 86' lang='lat' dir='ltr'><strong><em>ope-</em></strong></span> 
     </span>
    </p>
   </div>
   <div class='ocr_carea' id='block_1_78' title="bbox 2198 1973 3725 2050">
    <p class='ocr_par' dir='ltr' id='par_1_78' title="bbox 2198 1973 3725 2050">
     <span class='ocr_line' id='line_1_78' title="bbox 2198 1973 3725 2050; baseline 0.009 -26"><span class='ocrx_word' id='word_1_572' title='bbox 2198 1985 2345 2036; x_wconf 89' lang='lat' dir='ltr'><strong><em>rans,</em></strong></span> <span class='ocrx_word' id='word_1_573' title='bbox 2377 1986 2527 2042; x_wconf 89' lang='lat' dir='ltr'><strong><em>spem</em></strong></span> <span class='ocrx_word' id='word_1_574' title='bbox 2559 1973 2612 2027; x_wconf 87' lang='lat' dir='ltr'><strong><em>in</em></strong></span> <span class='ocrx_word' id='word_1_575' title='bbox 2641 1983 2935 2043; x_wconf 66' lang='lat' dir='ltr'><strong><em>praesentes</em></strong></span> <span class='ocrx_word' id='word_1_576' title='bbox 2981 1978 3367 2034; x_wconf 84' lang='lat' dir='ltr'><strong><em>retributiones</em></strong></span> <span class='ocrx_word' id='word_1_577' title='bbox 3393 1982 3547 2050; x_wconf 87' lang='lat' dir='ltr'><strong><em>ponit,</em></strong></span> <span class='ocrx_word' id='word_1_578' title='bbox 3594 1992 3725 2038; x_wconf 86' lang='lat' dir='ltr'><strong><em>terre-</em></strong></span> 
     </span>
    </p>
   </div>
   <div class='ocr_carea' id='block_1_79' title="bbox 2195 2063 3723 2143">
    <p class='ocr_par' dir='ltr' id='par_1_79' title="bbox 2195 2063 3723 2143">
     <span class='ocr_line' id='line_1_79' title="bbox 2195 2063 3723 2143; baseline 0.01 -30"><span class='ocrx_word' id='word_1_579' title='bbox 2195 2075 2263 2114; x_wconf 86' lang='lat' dir='ltr'><strong><em>na</em></strong></span> <span class='ocrx_word' id='word_1_580' title='bbox 2304 2063 2467 2132; x_wconf 90' lang='lat' dir='ltr'><strong><em>sapit,</em></strong></span> <span class='ocrx_word' id='word_1_581' title='bbox 2492 2063 2680 2133; x_wconf 89' lang='lat' dir='ltr'><strong><em>quales</em></strong></span> <span class='ocrx_word' id='word_1_582' title='bbox 2708 2074 2868 2120; x_wconf 89' lang='lat' dir='ltr'><strong><em>erant</em></strong></span> <span class='ocrx_word' id='word_1_583' title='bbox 2894 2067 3113 2136; x_wconf 88' lang='lat' dir='ltr'><strong><em>quidam</em></strong></span> <span class='ocrx_word' id='word_1_584' title='bbox 3153 2068 3469 2137; x_wconf 69' lang='lat' dir='ltr'><strong><em>Judmorum,</em></strong></span> <span class='ocrx_word' id='word_1_585' title='bbox 3513 2073 3572 2128; x_wconf 90' lang='lat' dir='ltr'><strong><em>ad</em></strong></span> <span class='ocrx_word' id='word_1_586' title='bbox 3614 2090 3723 2143; x_wconf 90' lang='lat' dir='ltr'><strong><em>quos</em></strong></span> 
     </span>
    </p>
   </div>
   <div class='ocr_carea' id='block_1_80' title="bbox 2194 2155 3721 2223">
    <p class='ocr_par' dir='ltr' id='par_1_80' title="bbox 2194 2155 3721 2223">
     <span class='ocr_line' id='line_1_80' title="bbox 2194 2155 3721 2223; baseline 0.01 -21"><span class='ocrx_word' id='word_1_587' title='bbox 2194 2159 2249 2202; x_wconf 87' lang='lat' dir='ltr'><strong><em>ut</em></strong></span> <span class='ocrx_word' id='word_1_588' title='bbox 2302 2159 2426 2219; x_wconf 89' lang='lat' dir='ltr'><strong><em>pote</em></strong></span> <span class='ocrx_word' id='word_1_589' title='bbox 2469 2159 2630 2207; x_wconf 75' lang='lat' dir='ltr'><strong><em>terra:</em></strong></span> <span class='ocrx_word' id='word_1_590' title='bbox 2656 2155 3011 2223; x_wconf 60' lang='lat' dir='ltr'><strong><em>haerentibus,</em></strong></span> <span class='ocrx_word' id='word_1_591' title='bbox 3058 2157 3318 2215; x_wconf 91' lang='lat' dir='ltr'><strong><em>Dominus</em></strong></span> <span class='ocrx_word' id='word_1_592' title='bbox 3372 2163 3606 2218; x_wconf 90' lang='lat' dir='ltr'><strong><em>dicebat:</em></strong></span> <span class='ocrx_word' id='word_1_593' title='bbox 3644 2162 3721 2218; x_wconf 77' lang='lat' dir='ltr'><strong><em>Vos</em></strong></span> 
     </span>
    </p>
   </div>
   <div class='ocr_carea' id='block_1_81' title="bbox 2205 2243 3716 2318">
    <p class='ocr_par' dir='ltr' id='par_1_81' title="bbox 2205 2243 3716 2318">
     <span class='ocr_line' id='line_1_81' title="bbox 2205 2243 3716 2318; baseline 0.005 -24"><span class='ocrx_word' id='word_1_594' title='bbox 2205 2243 2447 2297; x_wconf 83' lang='lat' dir='ltr'><strong><em>deorsum</em></strong></span> <span class='ocrx_word' id='word_1_595' title='bbox 2470 2246 2619 2310; x_wconf 84' lang='lat' dir='ltr'><strong><em>estis,</em></strong></span> <span class='ocrx_word' id='word_1_596' title='bbox 2644 2263 2735 2313; x_wconf 78' lang='lat' dir='ltr'><strong><em>ego</em></strong></span> <span class='ocrx_word' id='word_1_597' title='bbox 2762 2248 3036 2300; x_wconf 84' lang='lat' dir='ltr'><strong><em>desursum</em></strong></span> <span class='ocrx_word' id='word_1_598' title='bbox 3060 2264 3176 2300; x_wconf 87' lang='lat' dir='ltr'><strong><em>sum</em></strong></span> <span class='ocrx_word' id='word_1_599' title='bbox 3196 2247 3370 2317; x_wconf 85' lang='lat' dir='ltr'><strong><em>(Joau.</em></strong></span> <span class='ocrx_word' id='word_1_600' title='bbox 3400 2260 3528 2318; x_wconf 86' lang='lat' dir='ltr'><strong><em>vm).</em></strong></span> <span class='ocrx_word' id='word_1_601' title='bbox 3565 2250 3596 2302; x_wconf 88' lang='lat' dir='ltr'>S</span> <span class='ocrx_word' id='word_1_602' title='bbox 3624 2250 3650 2303; x_wconf 92' lang='lat' dir='ltr'><strong><em>d</em></strong></span> <span class='ocrx_word' id='word_1_603' title='bbox 3675 2262 3716 2304; x_wconf 78' lang='lat' dir='ltr'><strong><em>et</em></strong></span> 
     </span>
    </p>
   </div>
   <div class='ocr_carea' id='block_1_82' title="bbox 2205 2334 3715 2407">
    <p class='ocr_par' dir='ltr' id='par_1_82' title="bbox 2205 2334 3715 2407">
     <span class='ocr_line' id='line_1_82' title="bbox 2205 2334 3715 2407; baseline 0.003 -19"><span class='ocrx_word' id='word_1_604' title='bbox 2205 2334 2402 2391; x_wconf 83' lang='lat' dir='ltr'><strong><em>Paulus</em></strong></span> <span class='ocrx_word' id='word_1_605' title='bbox 2418 2338 2484 2390; x_wconf 90' lang='lat' dir='ltr'><strong><em>de</em></strong></span> <span class='ocrx_word' id='word_1_606' title='bbox 2500 2336 2580 2390; x_wconf 78' lang='lat' dir='ltr'><strong><em>eis</em></strong></span> <span class='ocrx_word' id='word_1_607' title='bbox 2603 2337 2760 2389; x_wconf 78' lang='lat' dir='ltr'><strong><em>dixit:</em></strong></span> <span class='ocrx_word' id='word_1_608' title='bbox 2793 2336 2896 2402; x_wconf 85' lang='lat' dir='ltr'><strong><em>Qui</em></strong></span> <span class='ocrx_word' id='word_1_609' title='bbox 2918 2347 3123 2392; x_wconf 77' lang='lat' dir='ltr'><strong><em>terrenti</em></strong></span> <span class='ocrx_word' id='word_1_610' title='bbox 3145 2343 3379 2407; x_wconf 84' lang='lat' dir='ltr'><strong><em>sapiunt,</em></strong></span> <span class='ocrx_word' id='word_1_611' title='bbox 3403 2350 3564 2393; x_wconf 74' lang='lat' dir='ltr'><strong><em>ucstra</em></strong></span> <span class='ocrx_word' id='word_1_612' title='bbox 3580 2354 3715 2393; x_wconf 80' lang='lat' dir='ltr'><strong><em>autem</em></strong></span> 
     </span>
    </p>
   </div>
   <div class='ocr_carea' id='block_1_83' title="bbox 2204 2428 3717 2500">
    <p class='ocr_par' dir='ltr' id='par_1_83' title="bbox 2204 2428 3717 2500">
     <span class='ocr_line' id='line_1_83' title="bbox 2204 2428 3717 2500; baseline 0.005 -22"><span class='ocrx_word' id='word_1_613' title='bbox 2204 2428 2529 2481; x_wconf 76' lang='lat' dir='ltr'><strong><em>conversatio</em></strong></span> <span class='ocrx_word' id='word_1_614' title='bbox 2553 2429 2605 2480; x_wconf 85' lang='lat' dir='ltr'><strong><em>iu</em></strong></span> <span class='ocrx_word' id='word_1_615' title='bbox 2629 2428 2771 2482; x_wconf 71' lang='lat' dir='ltr'><strong><em>cwlis</em></strong></span> <span class='ocrx_word' id='word_1_616' title='bbox 2804 2439 2880 2482; x_wconf 88' lang='lat' dir='ltr'><strong><em>est</em></strong></span> <span class='ocrx_word' id='word_1_617' title='bbox 2902 2429 3128 2499; x_wconf 80' lang='lat' dir='ltr'><strong><em>(Philip.</em></strong></span> <span class='ocrx_word' id='word_1_618' title='bbox 3159 2442 3261 2500; x_wconf 73' lang='grc' dir='ltr'>ιιι).</span> <span class='ocrx_word' id='word_1_619' title='bbox 3288 2430 3393 2485; x_wconf 62' lang='lat' dir='ltr'><strong><em>llnc</em></strong></span> <span class='ocrx_word' id='word_1_620' title='bbox 3416 2442 3576 2485; x_wconf 86' lang='lat' dir='ltr'><strong><em>autem</em></strong></span> <span class='ocrx_word' id='word_1_621' title='bbox 3604 2446 3717 2486; x_wconf 88' lang='lat' dir='ltr'><strong><em>nunc</em></strong></span> 
     </span>
    </p>
   </div>
   <div class='ocr_carea' id='block_1_84' title="bbox 2203 2517 3717 2590">
    <p class='ocr_par' dir='ltr' id='par_1_84' title="bbox 2203 2517 3717 2590">
     <span class='ocr_line' id='line_1_84' title="bbox 2203 2517 3717 2590; baseline 0.003 -18"><span class='ocrx_word' id='word_1_622' title='bbox 2203 2517 2382 2572; x_wconf 85' lang='lat' dir='ltr'><strong><em>innuit</em></strong></span> <span class='ocrx_word' id='word_1_623' title='bbox 2407 2533 2425 2585; x_wconf 84' lang='lat'><strong>;</strong></span> <span class='ocrx_word' id='word_1_624' title='bbox 2451 2535 2623 2587; x_wconf 85' lang='lat' dir='ltr'><strong><em>neque</em></strong></span> <span class='ocrx_word' id='word_1_625' title='bbox 2644 2525 2789 2574; x_wconf 75' lang='lat' dir='ltr'><strong><em>enim</em></strong></span> <span class='ocrx_word' id='word_1_626' title='bbox 2817 2522 3139 2590; x_wconf 83' lang='lat' dir='ltr'><strong><em>simpliciter</em></strong></span> <span class='ocrx_word' id='word_1_627' title='bbox 3160 2523 3322 2576; x_wconf 76' lang='lat' dir='ltr'><strong><em>dixit:</em></strong></span> <span class='ocrx_word' id='word_1_628' title='bbox 3345 2522 3519 2577; x_wconf 83' lang='lat' dir='ltr'><strong><em>Omnis</em></strong></span> <span class='ocrx_word' id='word_1_629' title='bbox 3537 2524 3717 2576; x_wconf 69' lang='lat' dir='ltr'><strong><em>decima:</em></strong></span> 
     </span>
    </p>
   </div>
   <div class='ocr_carea' id='block_1_85' title="bbox 2205 2610 3717 2682">
    <p class='ocr_par' dir='ltr' id='par_1_85' title="bbox 2205 2610 3717 2682">
     <span class='ocr_line' id='line_1_85' title="bbox 2205 2610 3717 2682; baseline 0.001 -18"><span class='ocrx_word' id='word_1_630' title='bbox 2205 2618 2379 2675; x_wconf 63' lang='lat' dir='ltr'><strong><em>terrae,</em></strong></span> <span class='ocrx_word' id='word_1_631' title='bbox 2411 2610 2504 2663; x_wconf 86' lang='lat' dir='ltr'><strong><em>sed</em></strong></span> <span class='ocrx_word' id='word_1_632' title='bbox 2540 2618 2596 2664; x_wconf 88' lang='lat' dir='ltr'><strong><em>et</em></strong></span> <span class='ocrx_word' id='word_1_633' title='bbox 2625 2627 2798 2665; x_wconf 84' lang='lat' dir='ltr'><strong><em>omnes</em></strong></span> <span class='ocrx_word' id='word_1_634' title='bbox 2832 2613 3045 2666; x_wconf 81' lang='lat' dir='ltr'><strong><em>decima:</em></strong></span> <span class='ocrx_word' id='word_1_635' title='bbox 3076 2622 3235 2669; x_wconf 78' lang='lat' dir='ltr'><strong><em>terra:</em></strong></span> <span class='ocrx_word' id='word_1_636' title='bbox 3272 2613 3524 2682; x_wconf 69' lang='lat' dir='ltr'><strong><em>praedixit,</em></strong></span> <span class='ocrx_word' id='word_1_637' title='bbox 3540 2623 3586 2667; x_wconf 88' lang='lat' dir='ltr'><strong><em>et</em></strong></span> <span class='ocrx_word' id='word_1_638' title='bbox 3616 2623 3717 2666; x_wconf 77' lang='lat' dir='ltr'><strong><em>tunc</em></strong></span> 
     </span>
    </p>
   </div>
   <div class='ocr_carea' id='block_1_86' title="bbox 2203 2700 3713 2775">
    <p class='ocr_par' dir='ltr' id='par_1_86' title="bbox 2203 2700 3713 2775">
     <span class='ocr_line' id='line_1_86' title="bbox 2203 2700 3713 2775; baseline -0.001 -19"><span class='ocrx_word' id='word_1_639' title='bbox 2203 2700 2463 2767; x_wconf 77' lang='lat' dir='ltr'><strong><em>subdidit,</em></strong></span> <span class='ocrx_word' id='word_1_640' title='bbox 2491 2704 2596 2756; x_wconf 85' lang='lat' dir='ltr'><strong><em>sive</em></strong></span> <span class='ocrx_word' id='word_1_641' title='bbox 2620 2703 2683 2756; x_wconf 92' lang='lat' dir='ltr'><strong><em>de</em></strong></span> <span class='ocrx_word' id='word_1_642' title='bbox 2710 2703 2969 2773; x_wconf 85' lang='lat' dir='ltr'><strong><em>frugibus,</em></strong></span> <span class='ocrx_word' id='word_1_643' title='bbox 3004 2713 3060 2758; x_wconf 92' lang='lat' dir='ltr'><strong><em>ut</em></strong></span> <span class='ocrx_word' id='word_1_644' title='bbox 3103 2705 3415 2774; x_wconf 67' lang='lat' dir='ltr'><strong><em>praedicaret</em></strong></span> <span class='ocrx_word' id='word_1_645' title='bbox 3435 2719 3601 2775; x_wconf 79' lang='lat' dir='ltr'><strong><em>aperte</em></strong></span> <span class='ocrx_word' id='word_1_646' title='bbox 3617 2720 3713 2757; x_wconf 82' lang='lat' dir='ltr'><strong><em>cum</em></strong></span> 
     </span>
    </p>
   </div>
   <div class='ocr_carea' id='block_1_87' title="bbox 2204 2791 3712 2864">
    <p class='ocr_par' dir='ltr' id='par_1_87' title="bbox 2204 2791 3712 2864">
     <span class='ocr_line' id='line_1_87' title="bbox 2204 2791 3712 2864; baseline 0.001 -19"><span class='ocrx_word' id='word_1_647' title='bbox 2204 2791 2296 2861; x_wconf 89' lang='lat' dir='ltr'><strong><em>qui</em></strong></span> <span class='ocrx_word' id='word_1_648' title='bbox 2324 2792 2679 2849; x_wconf 86' lang='lat' dir='ltr'><strong><em>intentionem</em></strong></span> <span class='ocrx_word' id='word_1_649' title='bbox 2702 2799 3104 2864; x_wconf 66' lang='lat' dir='ltr'><strong><em>exsliectutione</em></strong></span> <span class='ocrx_word' id='word_1_650' title='bbox 3126 2807 3210 2853; x_wconf 88' lang='lat' dir='ltr'><strong><em>ter</em></strong></span> <span class='ocrx_word' id='word_1_651' title='bbox 3221 2813 3466 2853; x_wconf 87' lang='lat' dir='ltr'><strong><em>reuorum</em></strong></span> <span class='ocrx_word' id='word_1_652' title='bbox 3496 2800 3712 2852; x_wconf 87' lang='lat' dir='ltr'><strong><em>bonorum</em></strong></span> 
     </span>
    </p>
   </div>
   <div class='ocr_carea' id='block_1_88' title="bbox 2201 2884 3715 2962">
    <p class='ocr_par' dir='ltr' id='par_1_88' title="bbox 2201 2884 3715 2962">
     <span class='ocr_line' id='line_1_88' title="bbox 2201 2884 3715 2962; baseline 0.003 -24"><span class='ocrx_word' id='word_1_653' title='bbox 2201 2884 2339 2954; x_wconf 82' lang='lat' dir='ltr'><strong><em>legis</em></strong></span> <span class='ocrx_word' id='word_1_654' title='bbox 2372 2887 2622 2941; x_wconf 88' lang='lat' dir='ltr'><strong><em>mandata</em></strong></span> <span class='ocrx_word' id='word_1_655' title='bbox 2651 2901 2926 2959; x_wconf 88' lang='lat' dir='ltr'><strong><em>operatur,</em></strong></span> <span class='ocrx_word' id='word_1_656' title='bbox 2953 2899 3008 2945; x_wconf 91' lang='lat' dir='ltr'><strong><em>et</em></strong></span> <span class='ocrx_word' id='word_1_657' title='bbox 3031 2891 3077 2945; x_wconf 90' lang='lat' dir='ltr'><strong><em>si</em></strong></span> <span class='ocrx_word' id='word_1_658' title='bbox 3109 2902 3298 2947; x_wconf 88' lang='lat' dir='ltr'><strong><em>sancta</em></strong></span> <span class='ocrx_word' id='word_1_659' title='bbox 3325 2893 3435 2962; x_wconf 91' lang='lat' dir='ltr'><strong><em>ejus</em></strong></span> <span class='ocrx_word' id='word_1_660' title='bbox 3458 2892 3655 2953; x_wconf 86' lang='lat' dir='ltr'><strong><em>decima,</em></strong></span> <span class='ocrx_word' id='word_1_661' title='bbox 3673 2889 3715 2943; x_wconf 86' lang='lat' dir='ltr'><strong><em>id</em></strong></span> 
     </span>
    </p>
   </div>
   <div class='ocr_carea' id='block_1_89' title="bbox 2203 2976 3716 3052">
    <p class='ocr_par' dir='ltr' id='par_1_89' title="bbox 2203 2976 3716 3052">
     <span class='ocr_line' id='line_1_89' title="bbox 2203 2976 3716 3052; baseline 0.002 -23"><span class='ocrx_word' id='word_1_662' title='bbox 2203 2987 2306 3039; x_wconf 82' lang='lat' dir='ltr'><strong><em>est,</em></strong></span> <span class='ocrx_word' id='word_1_663' title='bbox 2348 2976 2584 3030; x_wconf 88' lang='lat' dir='ltr'><strong><em>mandati</em></strong></span> <span class='ocrx_word' id='word_1_664' title='bbox 2615 2980 2859 3047; x_wconf 86' lang='lat' dir='ltr'><strong><em>operatio</em></strong></span> <span class='ocrx_word' id='word_1_665' title='bbox 2888 2990 2993 3047; x_wconf 88' lang='lat' dir='ltr'><strong><em>est,</em></strong></span> <span class='ocrx_word' id='word_1_666' title='bbox 3027 2991 3400 3036; x_wconf 74' lang='lat' dir='ltr'><strong><em>verumtamen</em></strong></span> <span class='ocrx_word' id='word_1_667' title='bbox 3428 2998 3526 3035; x_wconf 90' lang='lat' dir='ltr'><strong><em>non</em></strong></span> <span class='ocrx_word' id='word_1_668' title='bbox 3552 2980 3716 3052; x_wconf 79' lang='lat' dir='ltr'><strong><em>grande</em></strong></span> 
     </span>
    </p>
   </div>
   <div class='ocr_carea' id='block_1_90' title="bbox 2116 3045 3721 3137">
    <p class='ocr_par' dir='ltr' id='par_1_90' title="bbox 2116 3045 3721 3137">
     <span class='ocr_line' id='line_1_90' title="bbox 2116 3045 3721 3137; baseline 0 -19"><span class='ocrx_word' id='word_1_669' title='bbox 2116 3045 2161 3108; x_wconf 68' lang='grc' dir='ltr'><strong>Ο</strong></span> <span class='ocrx_word' id='word_1_670' title='bbox 2186 3064 2440 3136; x_wconf 86' lang='lat' dir='ltr'><strong><em>juvamen</em></strong></span> <span class='ocrx_word' id='word_1_671' title='bbox 2463 3045 2665 3118; x_wconf 78' lang='lat' dir='ltr'><strong><em>eorum</em></strong></span> <span class='ocrx_word' id='word_1_672' title='bbox 2678 3074 2762 3119; x_wconf 93' lang='lat' dir='ltr'><strong><em>est</em></strong></span> <span class='ocrx_word' id='word_1_673' title='bbox 2793 3081 2859 3119; x_wconf 82' lang='lat' dir='ltr'><strong><em>ex</em></strong></span> <span class='ocrx_word' id='word_1_674' title='bbox 2893 3066 2984 3120; x_wconf 88' lang='lat' dir='ltr'><strong><em>tali</em></strong></span> <span class='ocrx_word' id='word_1_675' title='bbox 3016 3071 3335 3137; x_wconf 87' lang='lat' dir='ltr'><strong><em>operatione</em></strong></span> <span class='ocrx_word' id='word_1_676' title='bbox 3358 3071 3493 3123; x_wconf 84' lang='lat' dir='ltr'><strong><em>circa</em></strong></span> <span class='ocrx_word' id='word_1_677' title='bbox 3529 3068 3721 3122; x_wconf 83' lang='lat' dir='ltr'><strong><em>retribu-</em></strong></span> 
     </span>
    </p>
   </div>
   <div class='ocr_carea' id='block_1_91' title="bbox 2192 3156 3722 3233">
    <p class='ocr_par' dir='ltr' id='par_1_91' title="bbox 2192 3156 3722 3233">
     <span class='ocr_line' id='line_1_91' title="bbox 2192 3156 3722 3233; baseline 0.001 -23"><span class='ocrx_word' id='word_1_678' title='bbox 2192 3156 2394 3211; x_wconf 90' lang='lat' dir='ltr'><strong><em>tionem</em></strong></span> <span class='ocrx_word' id='word_1_679' title='bbox 2431 3173 2592 3227; x_wconf 89' lang='lat' dir='ltr'><strong><em>quam</em></strong></span> <span class='ocrx_word' id='word_1_680' title='bbox 2630 3174 2737 3212; x_wconf 89' lang='lat' dir='ltr'><strong><em>non</em></strong></span> <span class='ocrx_word' id='word_1_681' title='bbox 2787 3167 3003 3229; x_wconf 90' lang='lat' dir='ltr'><strong><em>oportet</em></strong></span> <span class='ocrx_word' id='word_1_682' title='bbox 3038 3176 3068 3214; x_wconf 88' lang='lat' dir='ltr'><strong><em>a</em></strong></span> <span class='ocrx_word' id='word_1_683' title='bbox 3100 3161 3214 3217; x_wconf 89' lang='lat' dir='ltr'><strong><em>Deo</em></strong></span> <span class='ocrx_word' id='word_1_684' title='bbox 3259 3162 3544 3233; x_wconf 83' lang='lat' dir='ltr'><strong><em>exspectari</em></strong></span> <span class='ocrx_word' id='word_1_685' title='bbox 3571 3160 3628 3213; x_wconf 88' lang='lat' dir='ltr'><strong><em>ab</em></strong></span> <span class='ocrx_word' id='word_1_686' title='bbox 3660 3158 3722 3213; x_wconf 89' lang='lat' dir='ltr'><strong><em>eis</em></strong></span> 
     </span>
    </p>
   </div>
   <div class='ocr_carea' id='block_1_92' title="bbox 2190 3248 3743 3327">
    <p class='ocr_par' dir='ltr' id='par_1_92' title="bbox 2190 3248 3743 3327">
     <span class='ocr_line' id='line_1_92' title="bbox 2190 3248 3743 3327; baseline 0.001 -23"><span class='ocrx_word' id='word_1_687' title='bbox 2190 3249 2284 3320; x_wconf 90' lang='lat' dir='ltr'><strong><em>qui</em></strong></span> <span class='ocrx_word' id='word_1_688' title='bbox 2318 3251 2550 3306; x_wconf 89' lang='lat' dir='ltr'><strong><em>terrenis</em></strong></span> <span class='ocrx_word' id='word_1_689' title='bbox 2580 3253 2808 3307; x_wconf 89' lang='lat' dir='ltr'><strong><em>inhiant.</em></strong></span> <span class='ocrx_word' id='word_1_690' title='bbox 2851 3253 3004 3310; x_wconf 92' lang='lat' dir='ltr'><strong><em>Unde</em></strong></span> <span class='ocrx_word' id='word_1_691' title='bbox 3028 3255 3075 3309; x_wconf 90' lang='lat' dir='ltr'><strong><em>si</em></strong></span> <span class='ocrx_word' id='word_1_692' title='bbox 3100 3256 3222 3312; x_wconf 88' lang='lat' dir='ltr'><strong><em>vult</em></strong></span> <span class='ocrx_word' id='word_1_693' title='bbox 3246 3257 3420 3327; x_wconf 78' lang='lat' dir='ltr'><strong><em>quivis</em></strong></span> <span class='ocrx_word' id='word_1_694' title='bbox 3450 3248 3743 3322; x_wconf 55' lang='lat' dir='ltr'><strong><em>siliiuictipsi&#39;</em></strong></span> 
     </span>
    </p>
   </div>
   <div class='ocr_carea' id='block_1_93' title="bbox 2189 3340 3721 3416">
    <p class='ocr_par' dir='ltr' id='par_1_93' title="bbox 2189 3340 3721 3416">
     <span class='ocr_line' id='line_1_93' title="bbox 2189 3340 3721 3416; baseline 0 -21"><span class='ocrx_word' id='word_1_695' title='bbox 2189 3340 2455 3395; x_wconf 88' lang='lat' dir='ltr'><strong><em>decimam</em></strong></span> <span class='ocrx_word' id='word_1_696' title='bbox 2483 3343 2624 3397; x_wconf 87' lang='lat' dir='ltr'><strong><em>hanc</em></strong></span> <span class='ocrx_word' id='word_1_697' title='bbox 2653 3343 2956 3412; x_wconf 85' lang='lat' dir='ltr'><strong><em>acquirere,</em></strong></span> <span class='ocrx_word' id='word_1_698' title='bbox 2999 3345 3163 3400; x_wconf 87' lang='lat' dir='ltr'><strong><em>addat</em></strong></span> <span class='ocrx_word' id='word_1_699' title='bbox 3185 3348 3440 3416; x_wconf 89' lang='lat' dir='ltr'><strong><em>quintam,</em></strong></span> <span class='ocrx_word' id='word_1_700' title='bbox 3471 3346 3626 3409; x_wconf 88' lang='lat' dir='ltr'><strong><em>idest,</em></strong></span> <span class='ocrx_word' id='word_1_701' title='bbox 3654 3344 3721 3396; x_wconf 88' lang='lat' dir='ltr'><strong><em>in-</em></strong></span> 
     </span>
    </p>
   </div>
   <div class='ocr_carea' id='block_1_94' title="bbox 2189 3429 3721 3509">
    <p class='ocr_par' dir='ltr' id='par_1_94' title="bbox 2189 3429 3721 3509">
     <span class='ocr_line' id='line_1_94' title="bbox 2189 3429 3721 3509; baseline 0.002 -26"><span class='ocrx_word' id='word_1_702' title='bbox 2189 3429 2561 3501; x_wconf 86' lang='lat' dir='ltr'><strong><em>telligentiam,</em></strong></span> <span class='ocrx_word' id='word_1_703' title='bbox 2592 3442 2650 3487; x_wconf 92' lang='lat' dir='ltr'><strong><em>ut</em></strong></span> <span class='ocrx_word' id='word_1_704' title='bbox 2677 3451 2792 3504; x_wconf 74' lang='lat' dir='ltr'><strong><em>qua:</em></strong></span> <span class='ocrx_word' id='word_1_705' title='bbox 2830 3451 3040 3489; x_wconf 88' lang='lat' dir='ltr'><strong><em>sursum</em></strong></span> <span class='ocrx_word' id='word_1_706' title='bbox 3073 3448 3199 3492; x_wconf 85' lang='lat' dir='ltr'><strong><em>sunt</em></strong></span> <span class='ocrx_word' id='word_1_707' title='bbox 3242 3440 3431 3509; x_wconf 86' lang='lat' dir='ltr'><strong><em>sapiat,</em></strong></span> <span class='ocrx_word' id='word_1_708' title='bbox 3471 3447 3513 3491; x_wconf 89' lang='lat' dir='ltr'><strong><em>et</em></strong></span> <span class='ocrx_word' id='word_1_709' title='bbox 3545 3454 3597 3490; x_wconf 89' lang='lat' dir='ltr'><strong><em>ea</em></strong></span> <span class='ocrx_word' id='word_1_710' title='bbox 3630 3448 3721 3504; x_wconf 74' lang='lat' dir='ltr'><strong><em>quis</em></strong></span> 
     </span>
    </p>
   </div>
   <div class='ocr_carea' id='block_1_95' title="bbox 2189 3523 3727 3597">
    <p class='ocr_par' dir='ltr' id='par_1_95' title="bbox 2189 3523 3727 3597">
     <span class='ocr_line' id='line_1_95' title="bbox 2189 3523 3727 3597; baseline -0.001 -22"><span class='ocrx_word' id='word_1_711' title='bbox 2189 3538 2399 3576; x_wconf 84' lang='lat' dir='ltr'><strong><em>sursum</em></strong></span> <span class='ocrx_word' id='word_1_712' title='bbox 2426 3532 2544 3576; x_wconf 84' lang='lat' dir='ltr'><strong><em>sunt</em></strong></span> <span class='ocrx_word' id='word_1_713' title='bbox 2568 3534 2769 3595; x_wconf 71' lang='lat' dir='ltr'><strong><em>quierat</em></strong></span> <span class='ocrx_word' id='word_1_714' title='bbox 2791 3524 3014 3596; x_wconf 82' lang='lat' dir='ltr'><strong><em>(Coloss.</em></strong></span> <span class='ocrx_word' id='word_1_715' title='bbox 3038 3527 3146 3597; x_wconf 91' lang='grc' dir='ltr'>ιιι),</span> <span class='ocrx_word' id='word_1_716' title='bbox 3169 3527 3600 3597; x_wconf 82' lang='lat' dir='ltr'><strong><em>quemadmodum</em></strong></span> <span class='ocrx_word' id='word_1_717' title='bbox 3620 3523 3727 3576; x_wconf 81' lang='lat' dir='ltr'><strong><em>Pau-</em></strong></span> 
     </span>
    </p>
   </div>
   <div class='ocr_carea' id='block_1_96' title="bbox 2191 3611 3724 3687">
    <p class='ocr_par' dir='ltr' id='par_1_96' title="bbox 2191 3611 3724 3687">
     <span class='ocr_line' id='line_1_96' title="bbox 2191 3611 3724 3687; baseline -0.001 -20"><span class='ocrx_word' id='word_1_718' title='bbox 2191 3611 2274 3668; x_wconf 93' lang='lat' dir='ltr'><strong><em>lus</em></strong></span> <span class='ocrx_word' id='word_1_719' title='bbox 2329 3615 2618 3669; x_wconf 66' lang='lat' dir='ltr'><strong><em>scrlbebat.</em></strong></span> <span class='ocrx_word' id='word_1_720' title='bbox 2651 3614 2755 3683; x_wconf 89' lang='lat' dir='ltr'><strong><em>Qui</em></strong></span> <span class='ocrx_word' id='word_1_721' title='bbox 2782 3616 2926 3671; x_wconf 90' lang='lat' dir='ltr'><strong><em>enim</em></strong></span> <span class='ocrx_word' id='word_1_722' title='bbox 2953 3617 3088 3687; x_wconf 80' lang='lat' dir='ltr'><strong><em>legis</em></strong></span> <span class='ocrx_word' id='word_1_723' title='bbox 3113 3620 3193 3674; x_wconf 90' lang='lat' dir='ltr'><strong><em>sic</em></strong></span> <span class='ocrx_word' id='word_1_724' title='bbox 3232 3621 3475 3674; x_wconf 88' lang='lat' dir='ltr'><strong><em>mandata</em></strong></span> <span class='ocrx_word' id='word_1_725' title='bbox 3497 3624 3724 3687; x_wconf 84' lang='lat' dir='ltr'><strong><em>operatur,</em></strong></span> 
     </span>
    </p>
   </div>
   <div class='ocr_carea' id='block_1_97' title="bbox 2191 3706 3723 3783">
    <p class='ocr_par' dir='ltr' id='par_1_97' title="bbox 2191 3706 3723 3783">
     <span class='ocr_line' id='line_1_97' title="bbox 2191 3706 3723 3783; baseline -0.001 -23"><span class='ocrx_word' id='word_1_726' title='bbox 2191 3721 2298 3760; x_wconf 92' lang='lat' dir='ltr'><strong><em>non</em></strong></span> <span class='ocrx_word' id='word_1_727' title='bbox 2322 3706 2499 3776; x_wconf 88' lang='lat' dir='ltr'><strong><em>perdit</em></strong></span> <span class='ocrx_word' id='word_1_728' title='bbox 2528 3706 2736 3762; x_wconf 91' lang='lat' dir='ltr'><strong><em>lucrum</em></strong></span> <span class='ocrx_word' id='word_1_729' title='bbox 2765 3708 2905 3779; x_wconf 86' lang='lat' dir='ltr'><strong><em>ejus,</em></strong></span> <span class='ocrx_word' id='word_1_730' title='bbox 2952 3711 3079 3779; x_wconf 89' lang='lat' dir='ltr'><strong><em>quia</em></strong></span> <span class='ocrx_word' id='word_1_731' title='bbox 3107 3711 3326 3781; x_wconf 84' lang='lat' dir='ltr'><strong><em>decima</em></strong></span> <span class='ocrx_word' id='word_1_732' title='bbox 3360 3713 3470 3783; x_wconf 88' lang='lat' dir='ltr'><strong><em>ejus</em></strong></span> <span class='ocrx_word' id='word_1_733' title='bbox 3520 3707 3723 3763; x_wconf 73' lang='lat' dir='ltr'><strong><em>edicitur.</em></strong></span> 
     </span>
    </p>
   </div>
   <div class='ocr_carea' id='block_1_98' title="bbox 2191 3797 3725 3872">
    <p class='ocr_par' dir='ltr' id='par_1_98' title="bbox 2191 3797 3725 3872">
     <span class='ocr_line' id='line_1_98' title="bbox 2191 3797 3725 3872; baseline 0.001 -21"><span class='ocrx_word' id='word_1_734' title='bbox 2191 3797 2333 3869; x_wconf 85' lang='lat' dir='ltr'><strong><em>Ergo</em></strong></span> <span class='ocrx_word' id='word_1_735' title='bbox 2362 3799 2478 3870; x_wconf 91' lang='lat' dir='ltr'><strong><em>ejus</em></strong></span> <span class='ocrx_word' id='word_1_736' title='bbox 2502 3801 2595 3870; x_wconf 91' lang='lat' dir='ltr'><strong><em>qui</em></strong></span> <span class='ocrx_word' id='word_1_737' title='bbox 2649 3807 2865 3856; x_wconf 88' lang='lat' dir='ltr'><strong><em>terrena</em></strong></span> <span class='ocrx_word' id='word_1_738' title='bbox 2918 3803 3061 3872; x_wconf 90' lang='lat' dir='ltr'><strong><em>sapit</em></strong></span> <span class='ocrx_word' id='word_1_739' title='bbox 3096 3805 3313 3860; x_wconf 90' lang='lat' dir='ltr'><strong><em>decima</em></strong></span> <span class='ocrx_word' id='word_1_740' title='bbox 3344 3814 3521 3860; x_wconf 86' lang='lat' dir='ltr'><strong><em>sancta</em></strong></span> <span class='ocrx_word' id='word_1_741' title='bbox 3550 3801 3725 3872; x_wconf 86' lang='lat' dir='ltr'><strong><em>quidem</em></strong></span> 
     </span>
    </p>
   </div>
   <div class='ocr_carea' id='block_1_99' title="bbox 2191 3889 3724 3966">
    <p class='ocr_par' dir='ltr' id='par_1_99' title="bbox 2191 3889 3724 3966">
     <span class='ocr_line' id='line_1_99' title="bbox 2191 3889 3724 3966; baseline -0.001 -23"><span class='ocrx_word' id='word_1_742' title='bbox 2191 3899 2296 3954; x_wconf 82' lang='grc' dir='ltr'>εει,</span> <span class='ocrx_word' id='word_1_743' title='bbox 2331 3889 2426 3944; x_wconf 91' lang='lat' dir='ltr'><strong><em>sed</em></strong></span> <span class='ocrx_word' id='word_1_744' title='bbox 2454 3906 2561 3945; x_wconf 91' lang='lat' dir='ltr'><strong><em>non</em></strong></span> <span class='ocrx_word' id='word_1_745' title='bbox 2589 3891 2659 3957; x_wconf 91' lang='lat' dir='ltr'><strong><em>ei,</em></strong></span> <span class='ocrx_word' id='word_1_746' title='bbox 2699 3892 2824 3960; x_wconf 88' lang='lat' dir='ltr'><strong><em>quia</em></strong></span> <span class='ocrx_word' id='word_1_747' title='bbox 2856 3907 2961 3946; x_wconf 91' lang='lat' dir='ltr'><strong><em>non</em></strong></span> <span class='ocrx_word' id='word_1_748' title='bbox 3001 3893 3412 3966; x_wconf 88' lang='lat' dir='ltr'><strong><em>intelligibilitcr</em></strong></span> <span class='ocrx_word' id='word_1_749' title='bbox 3462 3893 3724 3949; x_wconf 88' lang='lat' dir='ltr'><strong><em>mandatum</em></strong></span> 
     </span>
    </p>
   </div>
   <div class='ocr_carea' id='block_1_100' title="bbox 2191 3982 3726 4055">
    <p class='ocr_par' dir='ltr' id='par_1_100' title="bbox 2191 3982 3726 4055">
     <span class='ocr_line' id='line_1_100' title="bbox 2191 3982 3726 4055; baseline 0.004 -25"><span class='ocrx_word' id='word_1_750' title='bbox 2191 3984 2468 4047; x_wconf 90' lang='lat' dir='ltr'><strong><em>operatur,</em></strong></span> <span class='ocrx_word' id='word_1_751' title='bbox 2505 3994 2606 4034; x_wconf 92' lang='lat' dir='ltr'><strong><em>nec</em></strong></span> <span class='ocrx_word' id='word_1_752' title='bbox 2634 3984 2745 4034; x_wconf 87' lang='lat' dir='ltr'><strong><em>scit</em></strong></span> <span class='ocrx_word' id='word_1_753' title='bbox 2775 3982 2917 4050; x_wconf 90' lang='lat' dir='ltr'><strong><em>quod</em></strong></span> <span class='ocrx_word' id='word_1_754' title='bbox 2955 3982 3165 4038; x_wconf 90' lang='lat' dir='ltr'><strong><em>lucrum</em></strong></span> <span class='ocrx_word' id='word_1_755' title='bbox 3190 3986 3249 4039; x_wconf 89' lang='lat' dir='ltr'><strong><em>in</em></strong></span> <span class='ocrx_word' id='word_1_756' title='bbox 3272 4001 3335 4040; x_wconf 91' lang='lat' dir='ltr'><strong><em>ea</em></strong></span> <span class='ocrx_word' id='word_1_757' title='bbox 3364 3990 3632 4055; x_wconf 78' lang='lat' dir='ltr'><strong><em>exspectet,</em></strong></span> <span class='ocrx_word' id='word_1_758' title='bbox 3653 3986 3726 4035; x_wconf 75' lang='lat' dir='ltr'><strong><em>aut</em></strong></span> 
     </span>
    </p>
   </div>
   <div class='ocr_carea' id='block_1_101' title="bbox 2191 4069 3725 4144">
    <p class='ocr_par' dir='ltr' id='par_1_101' title="bbox 2191 4069 3725 4144">
     <span class='ocr_line' id='line_1_101' title="bbox 2191 4069 3725 4144; baseline 0.003 -24"><span class='ocrx_word' id='word_1_759' title='bbox 2191 4082 2354 4136; x_wconf 91' lang='lat' dir='ltr'><strong><em>quam</em></strong></span> <span class='ocrx_word' id='word_1_760' title='bbox 2401 4069 2812 4126; x_wconf 88' lang='lat' dir='ltr'><strong><em>retributionem</em></strong></span> <span class='ocrx_word' id='word_1_761' title='bbox 2863 4073 2916 4126; x_wconf 92' lang='lat' dir='ltr'><strong><em>in</em></strong></span> <span class='ocrx_word' id='word_1_762' title='bbox 2969 4088 3033 4128; x_wconf 90' lang='lat' dir='ltr'><strong><em>ea</em></strong></span> <span class='ocrx_word' id='word_1_763' title='bbox 3081 4086 3289 4144; x_wconf 87' lang='lat' dir='ltr'><strong><em>speret.</em></strong></span> <span class='ocrx_word' id='word_1_764' title='bbox 3345 4077 3490 4131; x_wconf 74' lang='lat' dir='ltr'><strong><em>Raris</em></strong></span> <span class='ocrx_word' id='word_1_765' title='bbox 3515 4084 3661 4129; x_wconf 87' lang='lat' dir='ltr'><strong><em>autem</em></strong></span> <span class='ocrx_word' id='word_1_766' title='bbox 3688 4079 3725 4124; x_wconf 81' lang='lat' dir='ltr'><strong><em>et</em></strong></span> 
     </span>
    </p>
   </div>
   <div class='ocr_carea' id='block_1_102' title="bbox 2193 4156 3724 4235">
    <p class='ocr_par' dir='ltr' id='par_1_102' title="bbox 2193 4156 3724 4235">
     <span class='ocr_line' id='line_1_102' title="bbox 2193 4156 3724 4235; baseline 0.004 -25"><span class='ocrx_word' id='word_1_767' title='bbox 2193 4156 2321 4222; x_wconf 82' lang='lat' dir='ltr'><strong><em>ovis,</em></strong></span> <span class='ocrx_word' id='word_1_768' title='bbox 2363 4167 2412 4212; x_wconf 86' lang='lat' dir='ltr'><strong><em>et</em></strong></span> <span class='ocrx_word' id='word_1_769' title='bbox 2460 4176 2784 4233; x_wconf 81' lang='lat' dir='ltr'><strong><em>qutrcunque</em></strong></span> <span class='ocrx_word' id='word_1_770' title='bbox 2822 4165 2916 4217; x_wconf 89' lang='lat' dir='ltr'><strong><em>sub</em></strong></span> <span class='ocrx_word' id='word_1_771' title='bbox 2941 4182 3155 4220; x_wconf 85' lang='lat' dir='ltr'><strong><em>numero</em></strong></span> <span class='ocrx_word' id='word_1_772' title='bbox 3198 4180 3320 4222; x_wconf 86' lang='lat' dir='ltr'><strong><em>sunt</em></strong></span> <span class='ocrx_word' id='word_1_773' title='bbox 3357 4179 3404 4223; x_wconf 89' lang='lat' dir='ltr'><strong><em>et</em></strong></span> <span class='ocrx_word' id='word_1_774' title='bbox 3441 4167 3528 4222; x_wconf 84' lang='lat' dir='ltr'><strong><em>sub</em></strong></span> <span class='ocrx_word' id='word_1_775' title='bbox 3564 4167 3724 4235; x_wconf 81' lang='lat' dir='ltr'><strong><em>virgam</em></strong></span> 
     </span>
    </p>
   </div>
   <div class='ocr_carea' id='block_1_103' title="bbox 2193 4238 3725 4328">
    <p class='ocr_par' dir='ltr' id='par_1_103' title="bbox 2193 4238 3725 4328">
     <span class='ocr_line' id='line_1_103' title="bbox 2193 4238 3725 4328; baseline 0.001 -29"><span class='ocrx_word' id='word_1_776' title='bbox 2193 4255 2498 4312; x_wconf 86' lang='lat' dir='ltr'><strong><em>transeunt;</em></strong></span> <span class='ocrx_word' id='word_1_777' title='bbox 2531 4249 2660 4303; x_wconf 90' lang='lat' dir='ltr'><strong><em>dicit</em></strong></span> <span class='ocrx_word' id='word_1_778' title='bbox 2693 4252 2836 4305; x_wconf 89' lang='lat' dir='ltr'><strong><em>enim</em></strong></span> <span class='ocrx_word' id='word_1_779' title='bbox 2858 4268 2954 4307; x_wconf 88' lang='lat' dir='ltr'><strong><em>eos</em></strong></span> <span class='ocrx_word' id='word_1_780' title='bbox 2986 4253 3076 4323; x_wconf 90' lang='lat' dir='ltr'><strong><em>qui</em></strong></span> <span class='ocrx_word' id='word_1_781' title='bbox 3113 4238 3213 4311; x_wconf 77' lang='lat' dir='ltr'><strong><em>sub</em></strong></span> <span class='ocrx_word' id='word_1_782' title='bbox 3246 4258 3393 4328; x_wconf 83' lang='lat' dir='ltr'><strong><em>virga</em></strong></span> <span class='ocrx_word' id='word_1_783' title='bbox 3420 4260 3725 4311; x_wconf 72' lang='lat' dir='ltr'><strong><em>numerantur</em></strong></span> 
     </span>
    </p>
   </div>
   <div class='ocr_carea' id='block_1_104' title="bbox 2195 4339 3724 4410">
    <p class='ocr_par' dir='ltr' id='par_1_104' title="bbox 2195 4339 3724 4410">
     <span class='ocr_line' id='line_1_104' title="bbox 2195 4339 3724 4410; baseline 0 -18"><span class='ocrx_word' id='word_1_784' title='bbox 2195 4339 2397 4407; x_wconf 89' lang='lat' dir='ltr'><strong><em>crucis,</em></strong></span> <span class='ocrx_word' id='word_1_785' title='bbox 2427 4341 2630 4410; x_wconf 89' lang='lat' dir='ltr'><strong><em>quibus</em></strong></span> <span class='ocrx_word' id='word_1_786' title='bbox 2659 4351 2719 4396; x_wconf 92' lang='lat' dir='ltr'><strong><em>ut</em></strong></span> <span class='ocrx_word' id='word_1_787' title='bbox 2750 4354 3105 4400; x_wconf 88' lang='lat' dir='ltr'><strong><em>numerentur</em></strong></span> <span class='ocrx_word' id='word_1_788' title='bbox 3152 4346 3289 4404; x_wconf 77' lang='lat' dir='ltr'><strong><em>ﬁdes</em></strong></span> <span class='ocrx_word' id='word_1_789' title='bbox 3331 4348 3423 4403; x_wconf 92' lang='lat' dir='ltr'><strong><em>Dei</em></strong></span> <span class='ocrx_word' id='word_1_790' title='bbox 3453 4357 3505 4403; x_wconf 90' lang='lat' dir='ltr'><strong><em>et</em></strong></span> <span class='ocrx_word' id='word_1_791' title='bbox 3531 4342 3724 4401; x_wconf 77' lang='lat' dir='ltr'><strong><em>amicitia</em></strong></span> 
     </span>
    </p>
   </div>
   <div class='ocr_carea' id='block_1_105' title="bbox 2194 4429 3728 4506">
    <p class='ocr_par' dir='ltr' id='par_1_105' title="bbox 2194 4429 3728 4506">
     <span class='ocr_line' id='line_1_105' title="bbox 2194 4429 3728 4506; baseline 0.003 -22"><span class='ocrx_word' id='word_1_792' title='bbox 2194 4429 2395 4497; x_wconf 87' lang='lat' dir='ltr'><strong><em>donat;</em></strong></span> <span class='ocrx_word' id='word_1_793' title='bbox 2445 4432 2692 4502; x_wconf 91' lang='lat' dir='ltr'><strong><em>quisquis</em></strong></span> <span class='ocrx_word' id='word_1_794' title='bbox 2728 4435 2876 4489; x_wconf 90' lang='lat' dir='ltr'><strong><em>enim</em></strong></span> <span class='ocrx_word' id='word_1_795' title='bbox 2916 4434 3092 4492; x_wconf 83' lang='lat' dir='ltr'><strong><em>ﬁdelis</em></strong></span> <span class='ocrx_word' id='word_1_796' title='bbox 3138 4446 3223 4493; x_wconf 90' lang='lat' dir='ltr'><strong><em>est</em></strong></span> <span class='ocrx_word' id='word_1_797' title='bbox 3263 4439 3396 4506; x_wconf 91' lang='lat' dir='ltr'><strong><em>Deo,</em></strong></span> <span class='ocrx_word' id='word_1_798' title='bbox 3442 4439 3525 4493; x_wconf 89' lang='lat' dir='ltr'><strong><em>hic</em></strong></span> <span class='ocrx_word' id='word_1_799' title='bbox 3547 4435 3647 4505; x_wconf 90' lang='lat' dir='ltr'><strong><em>ejus</em></strong></span> <span class='ocrx_word' id='word_1_800' title='bbox 3686 4436 3728 4483; x_wconf 80' lang='lat' dir='ltr'><strong><em>cl</em></strong></span> 
     </span>
    </p>
   </div>
   <div class='ocr_carea' id='block_1_106' title="bbox 2193 4520 3728 4592">
    <p class='ocr_par' dir='ltr' id='par_1_106' title="bbox 2193 4520 3728 4592">
     <span class='ocr_line' id='line_1_106' title="bbox 2193 4520 3728 4592; baseline 0.002 -17"><span class='ocrx_word' id='word_1_801' title='bbox 2193 4522 2403 4577; x_wconf 83' lang='lat' dir='ltr'><strong><em>amicus</em></strong></span> <span class='ocrx_word' id='word_1_802' title='bbox 2457 4523 2748 4578; x_wconf 82' lang='lat' dir='ltr'><strong><em>invenitur.</em></strong></span> <span class='ocrx_word' id='word_1_803' title='bbox 2806 4524 2958 4592; x_wconf 91' lang='lat' dir='ltr'><strong><em>Quod</em></strong></span> <span class='ocrx_word' id='word_1_804' title='bbox 3004 4528 3343 4583; x_wconf 88' lang='lat' dir='ltr'><strong><em>demonstrat</em></strong></span> <span class='ocrx_word' id='word_1_805' title='bbox 3383 4527 3652 4586; x_wconf 84' lang='lat' dir='ltr'><strong><em>Abraham,</em></strong></span> <span class='ocrx_word' id='word_1_806' title='bbox 3677 4520 3728 4574; x_wconf 80' lang='lat' dir='ltr'><strong><em>de</em></strong></span> 
     </span>
    </p>
   </div>
   <div class='ocr_carea' id='block_1_107' title="bbox 2191 4611 3727 4685">
    <p class='ocr_par' dir='ltr' id='par_1_107' title="bbox 2191 4611 3727 4685">
     <span class='ocr_line' id='line_1_107' title="bbox 2191 4611 3727 4685; baseline 0.001 -20"><span class='ocrx_word' id='word_1_807' title='bbox 2191 4627 2300 4682; x_wconf 89' lang='lat' dir='ltr'><strong><em>quo</em></strong></span> <span class='ocrx_word' id='word_1_808' title='bbox 2330 4613 2531 4667; x_wconf 91' lang='lat' dir='ltr'><strong><em>dictum</em></strong></span> <span class='ocrx_word' id='word_1_809' title='bbox 2577 4625 2700 4668; x_wconf 91' lang='lat' dir='ltr'><strong><em>est:</em></strong></span> <span class='ocrx_word' id='word_1_810' title='bbox 2733 4611 2970 4671; x_wconf 83' lang='lat' dir='ltr'><strong><em>Credidit</em></strong></span> <span class='ocrx_word' id='word_1_811' title='bbox 3004 4618 3273 4674; x_wconf 81' lang='lat' dir='ltr'><strong><em>Abraham</em></strong></span> <span class='ocrx_word' id='word_1_812' title='bbox 3307 4619 3416 4674; x_wconf 90' lang='lat' dir='ltr'><strong><em>Deo</em></strong></span> <span class='ocrx_word' id='word_1_813' title='bbox 3459 4627 3507 4673; x_wconf 83' lang='lat' dir='ltr'><strong><em>et</em></strong></span> <span class='ocrx_word' id='word_1_814' title='bbox 3548 4622 3727 4685; x_wconf 80' lang='lat' dir='ltr'><strong><em>reputa—</em></strong></span> 
     </span>
    </p>
   </div>
   <div class='ocr_carea' id='block_1_108' title="bbox 2192 4706 3727 4783">
    <p class='ocr_par' dir='ltr' id='par_1_108' title="bbox 2192 4706 3727 4783">
     <span class='ocr_line' id='line_1_108' title="bbox 2192 4706 3727 4783; baseline 0 -25"><span class='ocrx_word' id='word_1_815' title='bbox 2192 4715 2301 4759; x_wconf 88' lang='lat' dir='ltr'><strong><em>tum</em></strong></span> <span class='ocrx_word' id='word_1_816' title='bbox 2336 4714 2411 4760; x_wconf 88' lang='lat' dir='ltr'><strong><em>est</em></strong></span> <span class='ocrx_word' id='word_1_817' title='bbox 2450 4706 2499 4760; x_wconf 88' lang='lat' dir='ltr'><strong><em>ei</em></strong></span> <span class='ocrx_word' id='word_1_818' title='bbox 2525 4706 2594 4760; x_wconf 90' lang='lat' dir='ltr'><strong><em>ad</em></strong></span> <span class='ocrx_word' id='word_1_819' title='bbox 2612 4708 2902 4778; x_wconf 85' lang='lat' dir='ltr'><strong><em>justitiam,</em></strong></span> <span class='ocrx_word' id='word_1_820' title='bbox 2935 4718 2984 4763; x_wconf 90' lang='lat' dir='ltr'><strong><em>et</em></strong></span> <span class='ocrx_word' id='word_1_821' title='bbox 3019 4712 3221 4766; x_wconf 90' lang='lat' dir='ltr'><strong><em>amicus</em></strong></span> <span class='ocrx_word' id='word_1_822' title='bbox 3255 4712 3353 4767; x_wconf 86' lang='lat' dir='ltr'><strong><em>Dei</em></strong></span> <span class='ocrx_word' id='word_1_823' title='bbox 3387 4709 3653 4783; x_wconf 84' lang='lat' dir='ltr'><strong><em>appellatus</em></strong></span> <span class='ocrx_word' id='word_1_824' title='bbox 3668 4709 3727 4758; x_wconf 75' lang='lat' dir='ltr'><strong><em>est</em></strong></span> 
     </span>
    </p>
   </div>
   <div class='ocr_carea' id='block_1_109' title="bbox 2195 4794 3726 4874">
    <p class='ocr_par' dir='ltr' id='par_1_109' title="bbox 2195 4794 3726 4874">
     <span class='ocr_line' id='line_1_109' title="bbox 2195 4794 3726 4874; baseline 0.003 -26"><span class='ocrx_word' id='word_1_825' title='bbox 2195 4794 2373 4866; x_wconf 85' lang='lat' dir='ltr'><strong><em>(Rom.</em></strong></span> <span class='ocrx_word' id='word_1_826' title='bbox 2405 4796 2503 4867; x_wconf 81' lang='lat' dir='ltr'><strong><em>iv).</em></strong></span> <span class='ocrx_word' id='word_1_827' title='bbox 2535 4797 2636 4865; x_wconf 92' lang='lat' dir='ltr'><strong><em>Qui</em></strong></span> <span class='ocrx_word' id='word_1_828' title='bbox 2667 4800 2811 4854; x_wconf 90' lang='lat' dir='ltr'><strong><em>enim</em></strong></span> <span class='ocrx_word' id='word_1_829' title='bbox 2834 4800 2995 4856; x_wconf 87' lang='lat' dir='ltr'><strong><em>amici</em></strong></span> <span class='ocrx_word' id='word_1_830' title='bbox 3022 4802 3116 4858; x_wconf 92' lang='lat' dir='ltr'><strong><em>Dei</em></strong></span> <span class='ocrx_word' id='word_1_831' title='bbox 3137 4819 3364 4859; x_wconf 88' lang='lat' dir='ltr'><strong><em>numero</em></strong></span> <span class='ocrx_word' id='word_1_832' title='bbox 3388 4803 3529 4874; x_wconf 88' lang='lat' dir='ltr'><strong><em>digni</em></strong></span> <span class='ocrx_word' id='word_1_833' title='bbox 3555 4800 3726 4855; x_wconf 86' lang='lat' dir='ltr'><strong><em>haben-</em></strong></span> 
     </span>
    </p>
   </div>
   <div class='ocr_carea' id='block_1_110' title="bbox 2196 4885 3723 4961">
    <p class='ocr_par' dir='ltr' id='par_1_110' title="bbox 2196 4885 3723 4961">
     <span class='ocr_line' id='line_1_110' title="bbox 2196 4885 3723 4961; baseline 0.005 -24"><span class='ocrx_word' id='word_1_834' title='bbox 2196 4892 2304 4950; x_wconf 90' lang='lat' dir='ltr'><strong><em>tur,</em></strong></span> <span class='ocrx_word' id='word_1_835' title='bbox 2362 4885 2491 4941; x_wconf 87' lang='lat' dir='ltr'><strong><em>licet</em></strong></span> <span class='ocrx_word' id='word_1_836' title='bbox 2516 4887 2625 4941; x_wconf 90' lang='lat' dir='ltr'><strong><em>sint</em></strong></span> <span class='ocrx_word' id='word_1_837' title='bbox 2653 4889 2931 4945; x_wconf 71' lang='lat' dir='ltr'><strong><em>immensa:</em></strong></span> <span class='ocrx_word' id='word_1_838' title='bbox 2956 4892 3337 4961; x_wconf 90' lang='lat' dir='ltr'><strong><em>multitudinis,</em></strong></span> <span class='ocrx_word' id='word_1_839' title='bbox 3370 4903 3423 4949; x_wconf 91' lang='lat' dir='ltr'><strong><em>et</em></strong></span> <span class='ocrx_word' id='word_1_840' title='bbox 3446 4907 3548 4947; x_wconf 91' lang='lat' dir='ltr'><strong><em>non</em></strong></span> <span class='ocrx_word' id='word_1_841' title='bbox 3587 4888 3723 4945; x_wconf 74' lang='lat' dir='ltr'><strong><em>solum</em></strong></span> 
     </span>
    </p>
   </div>
   <div class='ocr_carea' id='block_1_111' title="bbox 2194 4974 3729 5043">
    <p class='ocr_par' dir='ltr' id='par_1_111' title="bbox 2194 4974 3729 5043">
     <span class='ocr_line' id='line_1_111' title="bbox 2194 4974 3729 5043; baseline -0.001 -14"><span class='ocrx_word' id='word_1_842' title='bbox 2194 4974 2239 5029; x_wconf 88' lang='lat' dir='ltr'><strong><em>si</em></strong></span> <span class='ocrx_word' id='word_1_843' title='bbox 2268 4991 2575 5043; x_wconf 89' lang='lat' dir='ltr'><strong><em>numerum,</em></strong></span> <span class='ocrx_word' id='word_1_844' title='bbox 2629 4977 2724 5033; x_wconf 90' lang='lat' dir='ltr'><strong><em>sed</em></strong></span> <span class='ocrx_word' id='word_1_845' title='bbox 2778 4979 2945 5036; x_wconf 88' lang='lat' dir='ltr'><strong><em>etiam</em></strong></span> <span class='ocrx_word' id='word_1_846' title='bbox 2990 4983 3035 5037; x_wconf 91' lang='lat' dir='ltr'><strong><em>si</em></strong></span> <span class='ocrx_word' id='word_1_847' title='bbox 3074 4999 3384 5039; x_wconf 90' lang='lat' dir='ltr'><strong><em>mensuram</em></strong></span> <span class='ocrx_word' id='word_1_848' title='bbox 3419 4977 3729 5039; x_wconf 75' lang='lat' dir='ltr'><strong><em>excesserint,</em></strong></span> 
     </span>
    </p>
   </div>
   <div class='ocr_carea' id='block_1_112' title="bbox 2193 5065 3732 5141">
    <p class='ocr_par' dir='ltr' id='par_1_112' title="bbox 2193 5065 3732 5141">
     <span class='ocr_line' id='line_1_112' title="bbox 2193 5065 3732 5141; baseline 0.002 -23"><span class='ocrx_word' id='word_1_849' title='bbox 2193 5067 2318 5120; x_wconf 90' lang='lat' dir='ltr'><strong><em>audi</em></strong></span> <span class='ocrx_word' id='word_1_850' title='bbox 2358 5065 2526 5120; x_wconf 89' lang='lat' dir='ltr'><strong><em>David</em></strong></span> <span class='ocrx_word' id='word_1_851' title='bbox 2559 5068 2861 5125; x_wconf 89' lang='lat' dir='ltr'><strong><em>dicentem:</em></strong></span> <span class='ocrx_word' id='word_1_852' title='bbox 2895 5072 3030 5127; x_wconf 84' lang='lat' dir='ltr'><strong><em>Mihi</em></strong></span> <span class='ocrx_word' id='word_1_853' title='bbox 3057 5085 3231 5130; x_wconf 87' lang='lat' dir='ltr'><strong><em>autem</em></strong></span> <span class='ocrx_word' id='word_1_854' title='bbox 3260 5078 3413 5131; x_wconf 85' lang='lat' dir='ltr'><strong><em>nimis</em></strong></span> <span class='ocrx_word' id='word_1_855' title='bbox 3441 5066 3732 5141; x_wconf 79' lang='lat' dir='ltr'><strong><em>honori/irati</em></strong></span> 
     </span>
    </p>
   </div>
   <div class='ocr_carea' id='block_1_113' title="bbox 2196 5156 3733 5239">
    <p class='ocr_par' dir='ltr' id='par_1_113' title="bbox 2196 5156 3733 5239">
     <span class='ocr_line' id='line_1_113' title="bbox 2196 5156 3733 5239; baseline 0.003 -30"><span class='ocrx_word' id='word_1_856' title='bbox 2196 5165 2320 5209; x_wconf 85' lang='lat' dir='ltr'><strong><em>sunt</em></strong></span> <span class='ocrx_word' id='word_1_857' title='bbox 2361 5156 2517 5211; x_wconf 86' lang='lat' dir='ltr'><strong><em>amici</em></strong></span> <span class='ocrx_word' id='word_1_858' title='bbox 2543 5160 2641 5224; x_wconf 90' lang='lat' dir='ltr'><strong><em>tui,</em></strong></span> <span class='ocrx_word' id='word_1_859' title='bbox 2674 5159 2836 5225; x_wconf 89' lang='lat' dir='ltr'><strong><em>Deus,</em></strong></span> <span class='ocrx_word' id='word_1_860' title='bbox 2867 5164 3022 5218; x_wconf 88' lang='lat' dir='ltr'><strong><em>nimis</em></strong></span> <span class='ocrx_word' id='word_1_861' title='bbox 3049 5167 3374 5236; x_wconf 80' lang='lat' dir='ltr'><strong><em>confortatus</em></strong></span> <span class='ocrx_word' id='word_1_862' title='bbox 3397 5183 3471 5223; x_wconf 71' lang='lat' dir='ltr'><strong><em>es:</em></strong></span> <span class='ocrx_word' id='word_1_863' title='bbox 3508 5162 3733 5239; x_wconf 79' lang='lat' dir='ltr'><strong><em>principa-</em></strong></span> 
     </span>
    </p>
   </div>
   <div class='ocr_carea' id='block_1_114' title="bbox 2192 5249 3731 5329">
    <p class='ocr_par' dir='ltr' id='par_1_114' title="bbox 2192 5249 3731 5329">
     <span class='ocr_line' id='line_1_114' title="bbox 2192 5249 3731 5329; baseline 0.005 -29"><span class='ocrx_word' id='word_1_864' title='bbox 2192 5259 2277 5302; x_wconf 87' lang='lat' dir='ltr'><strong><em>tus</em></strong></span> <span class='ocrx_word' id='word_1_865' title='bbox 2308 5265 2506 5315; x_wconf 89' lang='lat' dir='ltr'><strong><em>eorum,</em></strong></span> <span class='ocrx_word' id='word_1_866' title='bbox 2539 5251 2884 5308; x_wconf 86' lang='lat' dir='ltr'><strong><em>dinumerabo</em></strong></span> <span class='ocrx_word' id='word_1_867' title='bbox 2909 5272 2996 5309; x_wconf 85' lang='lat' dir='ltr'><strong><em>eos</em></strong></span> <span class='ocrx_word' id='word_1_868' title='bbox 3020 5266 3067 5310; x_wconf 87' lang='lat' dir='ltr'><strong><em>et</em></strong></span> <span class='ocrx_word' id='word_1_869' title='bbox 3096 5274 3253 5329; x_wconf 82' lang='lat' dir='ltr'><strong><em>super</em></strong></span> <span class='ocrx_word' id='word_1_870' title='bbox 3277 5276 3493 5316; x_wconf 84' lang='lat' dir='ltr'><strong><em>arenam</em></strong></span> <span class='ocrx_word' id='word_1_871' title='bbox 3515 5249 3731 5322; x_wconf 80' lang='lat' dir='ltr'><strong><em>multipli-</em></strong></span> 
     </span>
    </p>
   </div>
   <div class='ocr_carea' id='block_1_115' title="bbox 2193 5339 3734 5418">
    <p class='ocr_par' dir='ltr' id='par_1_115' title="bbox 2193 5339 3734 5418">
     <span class='ocr_line' id='line_1_115' title="bbox 2193 5339 3734 5418; baseline 0.005 -28"><span class='ocrx_word' id='word_1_872' title='bbox 2193 5342 2451 5393; x_wconf 75' lang='lat' dir='ltr'><strong><em>cabttnmr</em></strong></span> <span class='ocrx_word' id='word_1_873' title='bbox 2488 5339 2661 5411; x_wconf 84' lang='lat' dir='ltr'><strong><em>(Psal.</em></strong></span> <span class='ocrx_word' id='word_1_874' title='bbox 2701 5346 2963 5418; x_wconf 72' lang='lat' dir='ltr'><strong><em>cum&quot;)</em></strong></span> <span class='ocrx_word' id='word_1_875' title='bbox 2992 5366 3004 5402; x_wconf 93' lang='lat'><strong><em>:</em></strong></span> <span class='ocrx_word' id='word_1_876' title='bbox 3032 5348 3084 5402; x_wconf 90' lang='lat' dir='ltr'><strong><em>hi</em></strong></span> <span class='ocrx_word' id='word_1_877' title='bbox 3114 5358 3386 5408; x_wconf 81' lang='lat' dir='ltr'><strong><em>terrenam</em></strong></span> <span class='ocrx_word' id='word_1_878' title='bbox 3433 5367 3533 5407; x_wconf 90' lang='lat' dir='ltr'><strong><em>non</em></strong></span> <span class='ocrx_word' id='word_1_879' title='bbox 3566 5344 3734 5403; x_wconf 67' lang='lat' dir='ltr'><strong><em>habent</em></strong></span> 
     </span>
    </p>
   </div>
   <div class='ocr_carea' id='block_1_116' title="bbox 2194 5429 3731 5513">
    <p class='ocr_par' dir='ltr' id='par_1_116' title="bbox 2194 5429 3731 5513">
     <span class='ocr_line' id='line_1_116' title="bbox 2194 5429 3731 5513; baseline 0.005 -31"><span class='ocrx_word' id='word_1_880' title='bbox 2194 5429 2537 5497; x_wconf 78' lang='lat' dir='ltr'><strong><em>sapientiam,</em></strong></span> <span class='ocrx_word' id='word_1_881' title='bbox 2564 5447 2666 5487; x_wconf 89' lang='lat' dir='ltr'><strong><em>nec</em></strong></span> <span class='ocrx_word' id='word_1_882' title='bbox 2697 5432 2751 5487; x_wconf 90' lang='lat' dir='ltr'><strong><em>in</em></strong></span> <span class='ocrx_word' id='word_1_883' title='bbox 2786 5434 2871 5489; x_wconf 90' lang='lat' dir='ltr'><strong><em>his</em></strong></span> <span class='ocrx_word' id='word_1_884' title='bbox 2896 5452 3014 5506; x_wconf 71' lang='lat' dir='ltr'><strong><em>quze</em></strong></span> <span class='ocrx_word' id='word_1_885' title='bbox 3057 5452 3225 5513; x_wconf 78' lang='lat' dir='ltr'><strong><em>agunt</em></strong></span> <span class='ocrx_word' id='word_1_886' title='bbox 3252 5438 3635 5512; x_wconf 88' lang='lat' dir='ltr'><strong><em>corruptibilem</em></strong></span> <span class='ocrx_word' id='word_1_887' title='bbox 3660 5443 3731 5484; x_wconf 76' lang='lat' dir='ltr'><strong><em>re-</em></strong></span> 
     </span>
    </p>
   </div>
   <div class='ocr_carea' id='block_1_117' title="bbox 2198 5518 3737 5604">
    <p class='ocr_par' dir='ltr' id='par_1_117' title="bbox 2198 5518 3737 5604">
     <span class='ocr_line' id='line_1_117' title="bbox 2198 5518 3737 5604; baseline 0.002 -34"><span class='ocrx_word' id='word_1_888' title='bbox 2198 5518 2547 5575; x_wconf 83' lang='lat' dir='ltr'><strong><em>tributionem</em></strong></span> <span class='ocrx_word' id='word_1_889' title='bbox 2597 5534 2878 5591; x_wconf 70' lang='lat' dir='ltr'><strong><em>quterunt,</em></strong></span> <span class='ocrx_word' id='word_1_890' title='bbox 2922 5540 3147 5601; x_wconf 74' lang='lat' dir='ltr'><strong><em>propter</em></strong></span> <span class='ocrx_word' id='word_1_891' title='bbox 3200 5533 3341 5604; x_wconf 70' lang='lat' dir='ltr'><strong><em>quod</em></strong></span> <span class='ocrx_word' id='word_1_892' title='bbox 3380 5547 3485 5587; x_wconf 70' lang='lat' dir='ltr'><strong><em>non</em></strong></span> <span class='ocrx_word' id='word_1_893' title='bbox 3539 5518 3737 5597; x_wconf 65' lang='lat' dir='ltr'><strong><em>speciale</em></strong></span> 
     </span>
    </p>
   </div>
   <div class='ocr_carea' id='block_1_118' title="bbox 2198 5611 3736 5698">
    <p class='ocr_par' dir='ltr' id='par_1_118' title="bbox 2198 5611 3736 5698">
     <span class='ocr_line' id='line_1_118' title="bbox 2198 5611 3736 5698; baseline 0.001 -33"><span class='ocrx_word' id='word_1_894' title='bbox 2198 5611 2471 5682; x_wconf 88' lang='lat' dir='ltr'><strong><em>quippiam</em></strong></span> <span class='ocrx_word' id='word_1_895' title='bbox 2503 5614 2740 5686; x_wconf 89' lang='lat' dir='ltr'><strong><em>illorum,</em></strong></span> <span class='ocrx_word' id='word_1_896' title='bbox 2773 5619 2867 5674; x_wconf 85' lang='lat' dir='ltr'><strong><em>sed</em></strong></span> <span class='ocrx_word' id='word_1_897' title='bbox 2891 5626 3254 5698; x_wconf 71' lang='lat' dir='ltr'><strong><em>quodcunque</em></strong></span> <span class='ocrx_word' id='word_1_898' title='bbox 3283 5626 3510 5697; x_wconf 83' lang='lat' dir='ltr'><strong><em>egerint.</em></strong></span> <span class='ocrx_word' id='word_1_899' title='bbox 3546 5613 3736 5676; x_wconf 84' lang='lat' dir='ltr'><strong><em>manda-</em></strong></span> 
     </span>
    </p>
   </div>
  </div>
