1963 3088
145 123 198 153 585

589 131 841 164 EXPOSITIONES
859 137 894 164 ΙΝ
913 137 1110 169 LEVITICUM.
1131 157 1165 162 —
1183 143 1248 172 LIB.
1270 145 1324 175 νιι.

1717 158 1771 186 586

140 186 199 209 tum
214 187 337 209 sanctum
350 184 405 211 Deo
426 189 478 212 est.
493 184 547 213 Sed
558 195 603 214 nec
618 187 730 223 eligetur
747 190 817 217 inter
833 191 931 219 bonum
944 196 971 225 Α
983 199 1067 222 tecum
1082 204 1092 227 ;
1106 201 1144 224 est
1159 199 1228 226 enim
1249 200 1314 228 milii
1329 202 1401 230 utili:
1424 204 1452 231 in
1479 207 1623 236 ministerio
1643 210 1685 246 λιι
1701 199 1767 241 iam

140 233 164 246 ιι
179 228 277 246 malum
308 228 333 246 ςιΙ
356 234 395 246 Mn
426 231 497 246 :nln-
519 232 637 246 unum“-
655 239 677 246 Α.
697 236 790 246 ..-νηί
851 245 854 246 ,
923 242 929 246 .
1012 240 1018 246 ε
1057 240 1079 246 ι.
1215 244 1220 246 .
1299 245 1303 246 ,

139 233 164 254 el
179 228 291 261 mulum,
307 228 333 255 id
356 234 408 262 est,
426 231 497 259 inter
519 232 638 261 deterius
653 239 680 261 et
696 236 792 264 melius
806 246 813 263 τ
826 245 879 265 ηοη
891 242 932 266 est

139 273 213 300 enim
238 281 333 302 eorum
355 275 442 304 facilis
457 277 595 312 discretio,
617 281 680 314 quia
704 283 757 309 etsi
768 282 932 312 alterutrum

139 325 280 353 superent,
295 323 522 355 quemadmodum
553 325 629 353 stella
645 327 751 355 stellam
772 329 798 356 in
818 329 931 364 gloriam

138 364 306 398 dilierentes,
332 366 378 394 sed
401 374 497 397 omnes
514 369 542 398 in
556 371 625 400 calo
639 377 712 406 sunt,
734 378 765 401 ut
779 383 873 403 revera
889 385 932 405 sc-

137 414 253 443 qucntes
277 411 408 445 caelestia,
425 418 453 440 et
465 422 480 441 a
492 415 550 442 solo
571 424 604 444 eo
614 418 660 452 qui
677 419 791 447 idoneus
811 426 852 448 est
873 422 930 449 dis-

139 462 253 483 cernere
271 461 381 486 sanctos
399 466 619 496 cognoscuntur;
638 466 788 495 secundum
803 467 873 495 hanc
888 476 933 496 ra-

138 502 241 529 tionem
263 508 371 538 oportet
387 505 512 541 intelligi,
535 516 589 541 non
614 509 730 545 eligetur
755 519 806 541 nec
829 514 931 544 bonum

137 554 187 574 nec
212 548 324 581 malum,
352 558 401 578 nec
419 552 504 580 altero
529 556 748 584 commutabitur.
777 558 844 586 Cum
859 561 931 588 enim

137 591 227 618 nullus
243 592 275 620 de
288 594 327 621 eis
342 594 377 621 sit
393 596 439 629 qui
453 598 543 632 respui
563 600 659 633 possit,
681 608 765 635 quem
789 610 843 637 quo
856 611 931 633 com-

137 637 266 671 mutabis,
286 643 333 666 aut
345 640 409 674 quid
424 642 509 677 magis
520 643 613 678 eligas,
630 651 731 674 nostra:
755 655 808 675 non
829 654 872 676 est
886 650 926 678 di-

135 681 259 715 iudicare
277 684 396 712 virtutis.
420 685 468 713 llis
495 695 560 722 ergo
584 691 803 724 superzedilicans
826 695 930 725 addidit

135 733 195 760 quae
210 733 361 763 sequuntur
376 738 382 756 :
401 729 431 758 Si
445 733 503 766 quis
515 735 663 767 mutaverit,
676 740 700 762 et
716 738 785 772 quod
800 744 928 767 mutatum

135 776 182 804 est,
193 777 218 799 et
232 781 279 807 pro
293 782 344 808 quo
359 780 488 803 mutatum
497 783 545 811 est,
558 780 767 814 sancti/imbitur
780 783 893 812 Domino
903 790 928 812 et

135 824 186 842 non
205 817 370 851 redimetur;
397 821 459 854 quia
482 823 554 849 enim
567 825 687 852 omnium
702 834 798 854 cursus
819 829 926 857 divinus

136 865 162 888 et
176 862 318 895 sublimis,
334 868 362 891 et
375 873 498 900 superna:
512 870 709 897 conversationi
724 872 864 906 proximus
873 878 924 907 est,
941 871 963 900 Β

134 904 237 932 frustra
255 908 362 935 conaris
376 909 448 936 hunc
462 918 588 946 respuere
605 921 611 937 :
629 913 711 942 alium
725 904 815 943 autem
829 925 879 952 pro
891 926 924 946 eo

136 950 319 986 introducere,
348 958 376 981 et
404 962 566 985 consecrare
585 958 641 986 Deo
666 961 743 995 quasi
773 963 923 999 meliorem,

134 1004 187 1024 non
197 1001 242 1024 est
257 1002 353 1032 tuum;
369 1007 418 1028 nec
429 1005 504 1029 tuum
518 1007 561 1030 est
577 1003 629 1031 hoc
651 1005 815 1042 discernere,
835 1018 924 1045 neque

134 1041 206 1069 hunc
230 1043 277 1070 illo
297 1044 370 1071 inter
388 1050 497 1074 sanctos
514 1048 650 1083 appellare
663 1050 836 1087 deteriorem,
849 1041 923 1090 quod

133 1087 214 1114 etiam
227 1095 267 1115 ex‘
276 1089 396 1117 historia:
416 1091 488 1119 facto
502 1100 634 1128 cognosce
647 1104 653 1122 :
667 1095 766 1125 Paulus
777 1099 922 1135 aliquando

133 1136 158 1158 et
172 1131 313 1161 Barnabas
326 1134 399 1162 inter
411 1138 572 1173 semetipsos
585 1141 793 1171 contenderunt.
817 1131 921 1174 list-na-

133 1177 181 1205 bas
196 1179 271 1205 enim
290 1179 396 1207 dicebat
420 1182 519 1211 debere
538 1187 638 1213 assumi
660 1187 796 1223 Marcum;
823 1191 922 1221 Paulus

133 1226 221 1250 autem
237 1224 343 1252 dicebat
355 1233 427 1260 eum,
442 1229 487 1263 qui
497 1230 577 1257 semel
597 1234 698 1260 recessit
713 1242 729 1260 a
751 1233 918 1272 Pamphylia,

132 1271 154 1293 et
174 1268 220 1302 qui
245 1277 296 1296 tum
318 1273 452 1299 concurrit
472 1274 510 1301 eis
530 1275 558 1302 in
581 1284 667 1311 opere,
681 1287 732 1306 non
742 1280 919 1310 debereassu-

132 1313 176 1339 mi.
189 1312 273 1341 Facta
284 1320 323 1342 est
328 1321 415 1343 autem
427 1318 494 1345 inter
499 1328 543 1348 eos
553 1321 613 1349 talis
620 1325 749 1351 contentio
756 1324 905 1364 [dissensio]
910 1348 917 1360 ,

130 1357 167 1383 ita
179 1363 207 1384 ut
230 1359 391 1389 discederent
399 1363 556 1392 abinvicem.
570 1366 604 1394 Et
621 1357 766 1397 Barnabas
783 1357 918 1407 assumptb

131 1401 219 1430 lurco
238 1405 373 1440 navigaret
383 1405 513 1442 Cyprum;
532 1409 634 1439 Paulus
655 1417 741 1440 autem
763 1414 860 1450 eligens
872 1401 918 1446 ἐξ.

129 1446 187 1480 lam,
205 1450 322 1477 traditus
340 1456 378 1478 est
399 1454 492 1487 gratia
515 1455 565 1482 Dei
593 1455 661 1491 (Act.
683 1458 740 1495 xv).
755 1446 835 1489 Vides
847 1470 917 1497 quo-

128 1493 205 1521 modo
229 1498 345 1524 mutavit
368 1499 474 1533 melius,
499 1502 569 1530 sicut
584 1493 739 1540 aestimavit,
768 1508 915 1539 deteriore.

127 1536 213 1572 lpsum
228 1545 331 1575 autem,
354 1545 425 1578 quod
439 1550 573 1576 mutatum
583 1554 636 1583 est,
651 1555 680 1578 et
693 1536 744 1587 pro
756 1561 810 1588 quo
825 1561 914 1585 muta-
926 1557 949 1587 C

127 1586 179 1610 tum
191 1588 248 1617 est,
265 1585 367 1614 factum
381 1593 422 1616 est
435 1598 574 1627 sanctum;
598 1594 681 1623 Silam
694 1585 774 1625 enim
787 1600 856 1628 sicut
868 1609 915 1637 ap-

126 1628 220 1656 tiorem
235 1630 326 1660 Marco
347 1634 380 1661 ad
394 1636 574 1666 ministerium
596 1641 799 1675 przedicationis
817 1628 910 1681 elegit,

125 1680 174 1700 non
198 1679 290 1704 tamen
315 1679 443 1713 expulsus
466 1687 509 1710 est
527 1683 647 1719 Marcus;
674 1687 815 1717 Barnabas
834 1679 913 1726 quip-

125 1724 163 1751 pe,
180 1727 245 1748 eum
260 1728 410 1757 assumens,
426 1726 493 1754 abiit
503 1727 632 1764 Cyprum,
652 1736 681 1759 et
694 1739 755 1761 cum
769 1740 802 1762 eo
814 1724 912 1770 praedi-

124 1763 200 1791 cabat
213 1766 279 1793 etin
295 1770 400 1796 tantum
417 1775 477 1798 erat
495 1780 618 1809 magnus,
647 1780 678 1803 ut
697 1781 725 1804 et
746 1763 911 1815 evangelista

124 1814 189 1836 unus
208 1810 243 1837 de
256 1816 373 1845 quatuor
385 1813 472 1843 ﬁeret.

155 1863 226 1900 Ergo
240 1865 340 1895 Paulus
354 1873 505 1899 retractans
520 1877 548 1901 et
561 1882 727 1910 cognoscens
741 1880 804 1914 quia
817 1881 908 1910 nullus

124 1913 276 1938 sanctorum
286 1916 453 1949 respuendas
467 1921 518 1951 est,
533 1927 583 1947 nec
596 1925 687 1955 potest
701 1913 800 1959 aliquis
812 1933 907 1956 eorum

123 1953 164 1988 qui
174 1955 297 1988 perfecte
307 1959 479 1993 profecerunt
490 1963 562 1992 hunc
573 1953 662 1994 dicere
674 1953 846 2004 deteriorem,
860 1979 911 2001 nec

122 1996 192 2026 illum
215 2001 365 2036 meliorem,
381 2004 438 2040 ipse
453 2014 548 2037 rursus
573 2009 691 2039 Marcum
709 2017 865 2051 assumpsit,
879 2022 907 2046 et

123 2042 153 2069 ad
163 2043 336 2075 Timotheum
355 2050 490 2080 scribebat
504 2061 511 2081 :
525 2054 667 2084 Assumens
686 2042 813 2088 Mummi

331 2859 462 2890 ΡΑτειοι.
481 2862 574 2893 Ci'lll

982 240 1031 275 iv).
1056 240 1115 269 Non
1137 250 1200 279 ergo
1213 244 1359 274 intendatis
1376 248 1437 282 quis
1456 250 1528 277 inter
1550 253 1599 280 hos
1616 240 1702 284 bonus
1724 265 1771 286 aut

982 287 1080 320 malus,
1096 289 1144 316 sed
1158 297 1209 318 nec
1223 298 1373 321 commutes
1384 294 1502 324 alterum
1514 297 1608 332 altero,
1621 306 1648 327 et
1661 310 1714 330 non
1727 313 1770 332 re-

982 330 1108 360 dimetur.
1124 333 1172 362 Cui
1186 336 1258 364 enim
1273 337 1340 365 nihil
1356 340 1447 368 minus
1458 346 1509 374 est,
1520 351 1573 378 qua
1585 346 1770 385 redemptione

982 381 1043 412 eget
1056 377 1068 404 *ἓ
1079 378 1180 407 Praeter
1194 380 1245 409 alia
1259 389 1319 416 quas
1334 383 1360 411 in
1376 387 1503 419 praesenti
1518 377 1590 416 dicta
1603 377 1772 424 sunt,‘osten-

982 421 1046 450 dere
1066 423 1204 459 legislator
1223 427 1280 455 vult
1293 429 1355 463 quia
1381 430 1408 458 lii
1433 432 1509 467 quia
1529 435 1607 463 nobis
1628 421 1768 472 docentur,

982 469 1089 502 quando
1110 470 1175 497 ﬁunt
1193 473 1317 507 perfecti,
1345 475 1411 503 nihil
1425 476 1482 512 jam
1498 484 1590 507 nostro
1615 484 1770 517 magisterio

981 519 1069 552 egent,
1094 521 1119 542 ct
1138 523 1281 552 propterea
1293 520 1491 551 immundorum
1506 527 1683 562 primogenita
1700 532 1771 559 redis

980 559 1018 586 mi
1037 560 1085 592 ait,
1105 563 1264 590 mundorum
1284 571 1375 593 autem
1399 576 1579 605 nequaquam,
1604 575 1651 602 sed
1670 583 1722 604 nec
1736 585 1768 605 ea

980 610 1041 639 qua:
1056 603 1111 633 Deo
1129 613 1288 636 consecrata
1303 615 1376 645 sunt,
1399 603 1456 663 nec‘
1468 614 1525 642 hazc
1535 616 1568 644 de
1589 618 1686 652 quibus
1699 629 1770 649 nunc

980 655 1068 663 Mm-
1087 656 1125 663 η-.
1152 653 1223 663 HJ,
1236 660 1253 663 ,.
1322 657 1328 663 .
1384 658 1391 663 .

980 655 1069 677 sermo
1084 656 1136 684 est,
1151 653 1273 687 perfecta
1285 657 1357 684 enim
1375 653 1561 689 demdnslrata
1577 669 1649 698 sunt,
1665 670 1694 693 ut
1705 672 1769 702 potc

979 702 1039 729 quae
1071 697 1247 728 intentionem
1282 702 1400 731 divinam
1431 706 1623 744 cmlestemque
1660 717 1766 746 gerunt.

978 741 1062 774 Quem
1069 743 1140 770 enim
1153 744 1233 772 linem
1246 746 1308 774 libri
1321 748 1399 782 hujus
1409 741 1634 787 prmceperitesse
1646 741 1765 791 spiritus.

978 786 1051 814 hunc
1064 788 1092 815 in
1106 791 1281 824 sequentibus
1296 793 1410 823 intuere.

1013 841 1079 870 Illuc
1090 849 1151 871 sunt
1171 852 1300 882 prtecepta
1315 857 1374 884 qum
1388 853 1520 880 mandavit
1534 855 1661 885 Dominus
1681 859 1767 895 Moysi

977 888 1012 914 ad
1033 888 1103 923 ﬁlios
1125 889 1211 918 Israel
1224 892 1251 919 in
1264 898 1353 921 monte
1367 895 1454 923 Sinni.
1472 898 1505 925 Et
1523 900 1599 934 cujus
1619 903 1659 930 rei
1679 888 1765 939 graiia

975 941 1028 961 non
1043 935 1109 969 ipsis
1132 936 1193 965 liiiis
1215 937 1309 972 Israel,
1333 940 1379 968 sed
1404 941 1491 978 Moysi
1513 946 1549 972 αιι
1571 947 1642 982 ﬁlios
1661 935 1767 978 Israel?

974 977 1042 1011 Quia
1065 981 1178 1014 populus
1199 987 1259 1010 erat
1272 984 1414 1018 inﬁrmior,
1433 977 1536 1017 tantam
1555 977 1622 1027 legis
1644 996 1763 1023 sanctio-

974 1031 1036 1051 nem
1053 1032 1150 1060 capere
1166 1035 1219 1054 non
1239 1029 1343 1063 valens,
1365 1031 1393 1058 in
1411 1040 1480 1067 qua,
1501 1036 1572 1064 sicut
1584 1038 1614 1064 in
1635 1040 1761 1074 speculis,

973 1068 1061 1097 claras
1075 1070 1177 1099 fortnas
1198 1080 1309 1101 suorum
1332 1078 1523 1111 mysteriorum
1545 1081 1615 1109 Deus
1629 1086 1760 1113 ostendit.

973 1112 1013 1140 Tu
1023 1121 1087 1149 ergo
1100 1116 1122 1142 si
1138 1124 1192 1145 non
1207 1119 1248 1146 vis
1259 1120 1292 1147 de
1307 1121 1388 1157 vulgo
1401 1131 1472 1157 esse,
1488 1126 1536 1153 sed
1548 1128 1636 1163 qualis
1655 1112 1763 1166 Moyses

971 1157 1033 1191 fuit,
1045 1160 1136 1193 praebe
1149 1164 1318 1198 temetipsum
1336 1167 1516 1204 obedientem,
1532 1157 1763 1211 mundaeque'ba:

971 1202 1080 1233 bentem
1102 1213 1198 1235 omnes
1221 1210 1318 1238 anima:
1341 1219 1446 1247 sensus,
1467 1220 1495 1243 et
1516 1218 1559 1246 dic
1575 1219 1630 1247 Deo
1645 1222 1762 1251 :Revela

971 1248 1059 1276 oculos
1083 1258 1164 1285 meos,
1183 1258 1206 1279 et
1229 1256 1399 1285 considerabo
1424 1260 1557 1290 mirabilia
1581 1267 1613 1293 de
1634 1266 1689 1302 lege
1712 1273 1759 1296 tua

972 1292 1011 1302 ,η
1046 1294 1052 1302 ι
1161 1297 1166 1302 -
1235 1299 1251 1302 --

971 1292 980 1328 (
988 1292 1061 1321 Psal.
1076 1297 1186 1333 cxvm);
1204 1299 1327 1336 relinque
1338 1305 1479 1333 materiam
1493 1309 1593 1343 carnis,
1607 1315 1634 1338 et
1649 1292 1760 1348 spiritus

970 1339 1078 1369 divitias
1104 1350 1232 1378 sequere;
1260 1347 1304 1375 dic
1330 1357 1391 1377 cum
1423 1351 1531 1381 David:
1556 1339 1641 1389 Quam

968 1386 1090 1420 faucibus
1100 1391 1165 1417 meis
1179 1391 1283 1428 eloquia
1300 1399 1358 1428 tua,
1377 1396 1498 1432 Domine,
1517 1409 1596 1436 super
1608 1404 1660 1430 mel
1674 1409 1699 1431 et
1716 1406 1759 1441 fa—

969 1439 1028 1459 vum
1046 1434 1085 1460 ori
1099 1443 1156 1462 meo
1180 1436 1261 1472 (Ibid.
1273 1441 1293 1473 ),
1317 1445 1346 1467 ut
1368 1446 1396 1470 et
1417 1444 1465 1471 tibi
1482 1434 1760 1480 quemadmodum'et

968 1476 1052 1514 Moysi
1064 1480 1173 1508 mandet
1187 1489 1318 1518 suamque
1337 1486 1385 1514 tibi
1397 1476 1663 1527 credat-sapientiam
1676 1505 1683 1522 :
1701 1496 1759 1525 Me-

968 1522 1019 1550 lior
1037 1530 1075 1552 est
1094 1527 1163 1553 enim
1186 1530 1326 1564 negotiatio
1338 1533 1396 1567 ejus
1412 1541 1519 1570 argento
1533 1543 1558 1564 et
1572 1547 1638 1567 auro
1660 1543 1756 1577 primo,

968 1567 999 1577 ,η
1029 1573 1035 1577 .
1109 1571 1114 1577 -
1228 1574 1233 1577 -
1268 1575 1274 1577 -

966 1567 1067 1603 fructm
1088 1571 1146 1606 ejus
1167 1574 1306 1608 pretiosior
1324 1582 1361 1604 est
1377 1567 1478 1607 canalis
1497 1582 1599 1617 opibus,
1622 1589 1647 1612 et
1660 1567 1757 1616 romm‘a,

964 1621 1023 1648 qua:
1035 1614 1227 1652 desiderantur,
1243 1620 1304 1647 huic
1319 1630 1370 1649 non
1386 1624 1471 1652 valent
1484 1614 1633 1663 comparari
1647 1639 1656 1658 :
1672 1631 1757 1668 longi-

964 1659 1027 1686 tudo
1044 1660 1147 1689 dierum
1162 1663 1190 1691 in
1204 1665 1311 1694 dextera
1321 1668 1398 1703 ejus;
1413 1670 1440 1697 in
1458 1659 1567 1701 sinistra
1586 1675 1646 1710 ejus
1658 1659 1757 1706 divitia:

962 1709 986 1731 et
997 1705 1082 1741 gloria
1096 1709 1164 1736 :vt'ar
1176 1710 1245 1746 ejus,
1260 1713 1307 1740 via:
1323 1715 1450 1751 pulchris,
1467 1727 1556 1748 omnes
1569 1705 1668 1750 semitae
1683 1705 1755 1753 illius

961 1751 1080 1785 paci/ica:
1100 1753 1195 1790 (Prov.
1209 1758 1267 1794 tu).
1293 1759 1406 1795 Lignum
1427 1764 1485 1791 tiin
1499 1770 1538 1792 est
1549 1766 1590 1794 his
1602 1769 1647 1804 qui
1663 1751 1756 1805 αρριίιέζ

962 1795 1099 1824 henden’nt
1119 1808 1186 1833 eam,
1202 1806 1227 1827 et
1244 1804 1289 1837 qui
1302 1807 1415 1833 tenuerit
1432 1816 1489 1835 eam
1510 1810 1599 1838 beatus
1607 1795 1622 1840 I:
1636 1795 1753 1848 ﬁlinmi,

963 1841 1027 1868 audi
1042 1842 1189 1872 doctrinam
1202 1848 1285 1881 patris
1305 1851 1354 1882 tui,
1368 1851 1395 1878 id
1405 1857 1448 1879 est
1461 1854 1519 1887 Dei,
1532 1860 1556 1882 et
1569 1864 1620 1884 non
1633 1841 1753 1888 discedas

961 1893 978 1911 α
991 1885 1046 1921 lege
1059 1890 1151 1917 matris
1171 1896 1233 1924 ture,
1258 1893 1286 1921 id
1300 1898 1342 1922 est
1360 1897 1499 1932 sapientiae
1519 1909 1525 1927 :
1546 1909 1670 1930 coronam
1683 1905 1753 1933 enim

961 1931 1106 1966 gratiarum
1124 1936 1197 1964 dabit
1217 1940 1298 1975 capiti
1315 1931 1424 1975 ιιιοξίά
1440 1950 1481 1973 est
1498 1946 1647 1982 Christum,
1663 1954 1687 1977 et
1700 1956 1753 1978 lor-

961 1985 1023 2012 ques
1034 1987 1115 2008 aurea
1128 1982 1161 2009 sit
1182 1984 1253 2012 circa
1272 1986 1368 2015 collum
1388 1994 1463 2018 tuum
1484 1991 1494 2028 (
1506 1990 1585 2021 Prov.
1602 1994 1641 2031 ι),
1657 1996 1683 2022 id
1708 2001 1751 2024 est

960 2022 1078 2058 Spiritus
1091 2034 1210 2064 sanctus,
1223 2032 1265 2059 cui
1277 2038 1319 2061 est
1329 2034 1414 2070 gloria
1428 2037 1455 2064 in
1468 2022 1563 2066 saecula
1577 2041 1746 2070 saeculorum.

957 2067 1052 2098 Amen.

1481 2879 1521 2912 19
