3918 6180
511 281 612 336 587

522 419 814 449 mra—2...;

1569 415 1814 428 -ι--ν--ι-ε

1089 421 1100 423 ._
1137 418 1180 424 .-
1201 419 1222 423 -
1267 416 1566 427 ~—nc~-.~o—-—-o—

953 433 1292 445 __—-———

823 436 952 445 ...ο-.-

1149 277 1208 332 Β.
1251 276 1508 333 RABANI
1544 273 1762 332 MAURI
1798 273 2116 330 ARCIIIEP.
2161 272 2468 329 MOGLTN'I’.
2513 273 2795 330 OPEI‘tUM
2832 274 3012 332 PARS
3051 279 3092 332 I.

1823 414 2068 424 .————-——-
2095 412 2298 421 ιιο--υ--ν
2324 413 2358 419 -σ
2389 414 2474 420 ...-

3479 417 3498 420 η,
3515 414 3726 426 ._.______

2493 414 2622 419 ..ν-
2643 414 2720 421 --νη
2746 415 2812 420 η..-
2835 416 2840 420 .
2873 417 2924 420 ν,-
2957 416 2988 422 νη
3011 416 3022 420 -
3067 416 3130 424 νην·
3155 417 3252 427 σπι.-.

3423 427 3727 446 ⁴--ω---αη

1071 569 1646 683 ΒΕΔΤῙ
1723 565 2470 680 ΒΔΒΔΝῙ
2543 567 3161 680 ΜΔΠΒῙ

1217 773 1505 831 ABBATIS
1545 772 1933 830 FULDENSIS
1971 771 2059 828 ΕΤ
2099 771 2480 829 MOGUNTINI
2520 770 3041 830 ARCHIEPISCOPI

870 959 1781 1125 ENAIIRA’I‘IIINIIII
1838 1039 1842 1042 η
1891 960 2021 1113 ΙΝ
2127 959 2569 1114 LIBRUM
2675 957 3401 1116 NUMEMRUM

1537 1222 1750 1286 LIBRI
1793 1221 2197 1297 QUATUOR.
2246 1221 2489 1302 (ANNO
2531 1220 2697 1302 83's.)

1842 1427 2416 1504 ΡΒᾹΞΕΑΤΙΟ

1335 1569 1425 1623 AD
1467 1561 1932 1621 FRECL’LPIIUM
1974 1557 2463 1615 LEXOVIENSEM
2505 1557 2908 1617 EPISCOPUM.

1910 1683 2345 1696 -α--ῇ

559 1761 914 1814 Numerorum
971 1754 1166 1807 librum
1229 1749 1616 1820 multiplicibus
1688 1745 2069 1817 mysteriorum
2098 1753 2148 1813 Α
2174 1743 2344 1814 pinxi,
2369 1743 2510 1798 sicut
2536 1752 2592 1797 et
2638 1743 2692 1796 in
2718 1743 2840 1799 aliis
2871 1746 3150 1813 opusculis
3182 1746 3386 1802 nostris
3419 1762 3538 1816 μω
3569 1765 3644 1805 me
3671 1750 3723 1805 fe

397 1861 401 1865 ‘
487 1848 906 1905 obscuritatibus
954 1842 1273 1903 involutum,
1324 1848 1637 1895 sanctorum
1679 1837 1903 1893 Patrum
1951 1852 2074 1892 sen-

483 1940 668 1994 tentiae
706 1938 940 2008 produnt
973 1953 985 1987 :
1017 1933 1143 2004 quia
1198 1932 1270 1987 ibi
1318 1945 1576 1985 numerus
1623 1928 1854 1984 ﬁliorum
1904 1926 2073 1990 Israel

481 2032 710 2103 mystice
736 2027 1083 2091 describitur,
1132 2032 1187 2079 et
1229 2021 1565 2093 singularum
1595 2021 1833 2076 tribuum
1863 2029 2073 2075 castra-

480 2130 750 2176 mctatura
785 2119 930 2174 circa
963 2113 1369 2171 tabernaculum
1409 2111 1704 2167 testimonii
1734 2111 1803 2166 ad
1833 2109 2069 2165 formam

479 2219 681 2267 sancta:
708 2209 963 2265 Ecclesiae
988 2205 1242 2262 refertur.
1272 2202 1373 2260 Ubi
1401 2203 1713 2257 Leritarum
1744 2201 1797 2256 in
1831 2200 2071 2256 ministe-

480 2306 561 2359 rio
591 2304 686 2359 Dei
729 2301 1041 2357 distributio
1071 2307 1234 2368 atque
1261 2295 1466 2352 oblatio
1503 2295 1834 2365 principum,
1877 2308 2071 2348 secun-

477 2393 606 2446 dum
631 2390 1067 2446 convenientiam
1096 2387 1402 2443 divinorum
1431 2391 1898 2440 sacramentorum
1927 2395 2069 2451 pra:-

477 2482 760 2552 liguratur.
798 2479 1102 2534 Novissime
1141 2491 1359 2548 quoque
1397 2483 1522 2546 post
1562 2473 1795 2544 plurima
1826 2471 2068 2526 diversa-

488 2585 610 2624 rum
684 2584 866 2625 rerum
924 2576 1084 2638 atque
1136 2567 1428 2623 ellectuum
1478 2564 1732 2636 explicita
1784 2563 2066 2634 mysteria,

474 2659 716 2713 omnium
771 2657 1109 2714 mansionum
1153 2657 1222 2711 ab
1271 2654 1509 2728 Egypto
1547 2669 1720 2727 usque
1760 2653 1828 2708 ad
1863 2660 2065 2709 terram

479 2748 943 2822 repromissionis,
993 2748 1048 2804 in
1078 2748 1274 2818 quibus
1311 2745 1572 2801 Israelitaa
1613 2743 1941 2800 transeundo
1975 2758 2066 2799 ca-

469 2840 780 2898 strametati
823 2847 988 2906 sunt,
1039 2838 1320 2910 catalogus
1357 2845 1739 2903 enumeratur;
1798 2844 1858 2890 ut
1906 2835 2064 2891 nobis

469 2933 808 2988 demonstret
833 2929 1072 3002 qualiter
1099 2929 1166 2985 de
1190 2927 1428 3000 Egypto
1453 2925 1684 2998 spiritali
1715 2923 1938 2996 egressi,
1967 2937 2066 2994 per

467 3039 624 3080 mare
667 3023 914 3080 Rubrum
951 3031 1118 3093 atque
1140 3033 1382 3076 eremum
1417 3016 1784 3074 vastissimam
1827 3028 2064 3086 praesen-

2172 1839 2314 1896 cisse
2349 1839 2624 1902 recordor,
2655 1845 2717 1892 ut
2752 1837 2917 1894 sciret
2965 1839 3137 1894 lector
3174 1855 3281 1911 qua
3327 1843 3624 1898 securitate
3651 1843 3724 1896 1³η-

2175 1943 2318 1990 trum
2345 1934 2490 1988 dicta
2534 1932 2715 2004 legere
2745 1941 2963 2002 posset,
2991 1941 3302 2003 quantaque
3327 1935 3540 1991 cautela
3573 1947 3728 1992 nostra

2171 2025 2362 2081 rimari
2401 2023 2640 2079 deberet.
2690 2021 2748 2077 Si
2781 2031 2960 2077 autem
2998 2024 3180 2093 aliqua
3219 2039 3409 2080 eorum
3450 2041 3575 2095 qum
3602 2030 3731 2096 posui

2172 2115 2431 2170 lectorem
2465 2111 2812 2178 offenderint,
2861 2114 3017 2183 quasi
3047 2130 3153 2170 non
3182 2114 3288 2170 rite
3320 2116 3555 2186 prolata,
3588 2118 3734 2187 magis

2172 2206 2472 2262 infirmitati
2493 2215 2656 2276 atque
2686 2206 2971 2277 imperitiae
3001 2221 3132 2262 mere
3160 2207 3403 2278 deputet,
3429 2225 3594 2279 quam
3620 2226 3732 2280 prr-

2169 2297 2463 2369 sumptioni
2512 2312 2608 2352 seu
2657 2297 2897 2361 malitias,
2936 2312 3163 2367 eamque
3209 2299 3504 2368 diligenter
3552 2301 3728 2355 exami-

2169 2403 2326 2454 nans,
2369 2389 2414 2444 si
2448 2403 2597 2443 same
2623 2387 2748 2442 fidei
2778 2388 2976 2444 viderit
3003 2388 3362 2452 concordare,
3415 2405 3527 2444 non
3559 2399 3730 2444 temere

2167 2493 2266 2547 pro
2289 2477 2497 2532 vilitate
2539 2477 2826 2532 locutionis
2850 2490 2914 2532 ea
2947 2477 3328 2547 reprehendat.
3362 2477 3419 2532 Si
3449 2488 3629 2533 autem
3649 2478 3728 2531 ali-

2169 2569 2293 2624 cubi
2342 2586 2428 2624 me
2477 2584 2692 2625 errasse
2735 2569 2790 2623 in
2833 2583 2997 2624 sensu
3043 2569 3494 2639 deprehenderit,
3541 2573 3728 2628 veniam

2166 2662 2308 2731 apud
2356 2661 2838 2716 clementissimum
2877 2658 3115 2730 iudicem
3161 2661 3448 2718 charitatis
3493 2664 3728 2718 instinctu

2166 2753 2496 2817 admonitus,
2530 2752 2662 2806 mihi
2707 2751 3003 2820 impetrare
3040 2750 3280 2818 festinet,
3311 2767 3474 2822 quem
3506 2754 3636 2809 nihil
3663 2755 3730 2808 in-

2165 2843 2440 2900 firmitatis
2471 2843 2720 2896 humana:
2750 2841 2913 2908 latet;
2961 2841 3054 2910 qui
3081 2841 3249 2897 etiam
3278 2852 3498 2898 nostras
3528 2843 3727 2898 inﬁrmi-

2167 2941 2306 2989 tates
2333 2933 2386 2987 in
2413 2946 2473 2987 se
2513 2929 2806 2998 suscipere,
2851 2937 2907 2984 et
2934 2930 3314 2999 aagrotationes
3354 2940 3592 3001 portare,
3618 2947 3722 2986 san-

2165 3023 2490 3094 guinemque
2531 3034 2688 3074 suum
2734 3019 3187 3088 pretiosissimum
3234 3035 3334 3089 pro
3383 3021 3723 3091 redemptione

473 3113 544 3168 tis
569 3111 760 3170 saeculi
803 3112 1099 3168 debeamus
1143 3111 1211 3165 ad
1255 3109 1641 3180 repromissam
1677 3107 1732 3161 in
1777 3105 1930 3160 CQBIIS
1966 3118 2061 3174 pa-
2088 3104 2136 3164 B
2163 3118 2512 3182 peccatorum
2557 3117 2868 3165 nostrorum
2917 3107 3193 3163 eﬂ'underc
3239 3109 3493 3178 dignatus
3537 3120 3618 3164 εει
3643 3118 3722 3161 :ut

471 3206 632 3258 triam
677 3215 993 3272 properare.
1034 3201 1143 3257 Sed
1186 3200 1313 3270 quia
1347 3199 1461 3252 haec
1502 3198 1621 3264 tibi,
1664 3203 1854 3251 sancte
1888 3194 2060 3251 frater

468 3293 790 3361 Freculpbe,
827 3300 1017 3348 nostro
1065 3291 1248 3346 labore
1295 3288 1579 3360 postulasti
1609 3285 1841 3357 spiritali
1889 3286 2060 3342 inter-

469 3381 776 3452 pretatione
821 3381 1041 3450 exponi,
1091 3388 1213 3448 post
1238 3379 1468 3448 primam
1503 3375 1910 3432 excusationem
1948 3390 2056 3446 qua

472 3487 559 3525 me
593 3487 622 3524 a
657 3479 1000 3526 tantoonere
1036 3469 1178 3540 apud
1206 3477 1259 3524 te
1287 3467 1568 3523 absolvere
1601 3467 1780 3532 volui,
1823 3481 1890 3522 ne
1914 3465 2056 3522 forte

467 3560 846 3616 inobedientiae
891 3567 1017 3615 nota
1068 3559 1338 3624 inurerer,
1393 3557 1572 3614 studui
1615 3557 1900 3627 praeceptis
1946 3555 2054 3612 tuis

463 3667 677 3721 parere,
709 3660 764 3706 et
786 3660 1097 3706 sanctorum
1127 3648 1352 3704 Patrum
1376 3650 1677 3706 sententias
1705 3649 1772 3704 ad
1797 3649 1899 3704 hoc
1919 3663 2056 3720 opus

469 3742 708 3812 undique
730 3741 1000 3814 colligere.
1036 3741 1138 3798 Ubi
1159 3755 1376 3813 quoque
1403 3741 1580 3798 minus
1607 3740 1932 3797 elucidatum
1956 3755 2050 3796 eo-

465 3849 587 3887 rum
636 3835 942 3899 scntentiis,
993 3834 1047 3888 id
1086 3834 1515 3902 praetermissum
1562 3849 1671 3888 non
1721 3849 1819 3902 pro
1862 3848 2052 3888 eorum

465 3929 788 3999 ignorantia,
817 3928 914 3984 sed
953 3928 1096 3984 forte
1119 3945 1222 3999 pro
1247 3929 1604 4000 occupatione
1639 3928 1819 3997 aliqua
1855 3929 2049 3999 reperi,

465 4018 673 4074 (scelesti
713 4019 889 4090 gratia
934 4019 1213 4074 conlidens
1251 4034 1372 4090 qua:
1413 4017 1590 4089 aperit
1643 4033 1705 4073 os
1755 4025 2049 4082 mutorum,

460 4117 517 4161 et
541 4105 751 4178 linguas
780 4106 1068 4161 infantium
1098 4106 1227 4162 facit
1253 4121 1376 4162 esse
1400 4105 1632 4160 disertas
1651 4143 1665 4170 ,
1695 4104 1895 4158 tentavi
1933 4103 2051 4176 ple-

463 4212 634 4269 raque
679 4195 835 4267 juxta
881 4213 1072 4254 eorum
1108 4213 1304 4254 sensus
1356 4196 1581 4268 vestigia
1624 4195 1888 4261 inserere,
1939 4209 2048 4248 non

464 4299 643 4346 tamen
672 4291 922 4356 latenter,
963 4306 1034 4348 ne
1072 4290 1214 4346 forte
1239 4306 1338 4362 pro
1361 4291 1553 4346 fraude
1579 4288 1709 4344 furti
1740 4301 2001 4359 arguerer
2031 4304 2044 4338 :

464 4383 557 4436 sed
596 4385 885 4439 manifeste
930 4398 991 4438 ea
1038 4384 1342 4454 agnominis
1383 4383 1488 4438 mei
1523 4381 1910 4453 praenotatione
1953 4380 2047 4435 de-
2073 4371 2119 4432 C

473 4505 720 4519 ———...

2165 3201 2260 3272 qui
2307 3215 2414 3256 non
2452 3199 2656 3259 nostris
2695 3197 2906 3257 meritis
2947 3199 3243 3270 potuimus,
3283 3214 3383 3269 per
3426 3199 3593 3269 ipsius
3623 3213 3724 3269 gra-

2164 3293 2296 3348 tiam
2330 3291 2686 3346 salvaremur.
2719 3289 2796 3344 Te
2817 3299 3018 3356 autem,
3058 3289 3368 3344 venerande
3393 3288 3572 3352 Pater,
3601 3290 3720 3344 sicut

2161 3391 2526 3439 correctorem
2564 3382 2620 3438 in
2663 3380 3006 3445 necessariis,
3059 3380 3135 3435 ita
3171 3379 3512 3436 defensorem
3547 3380 3721 3434 habere

2160 3473 2282 3530 volo
2326 3474 2380 3528 in
2413 3472 2924 3544 reprehensionibus
2952 3471 3258 3542 superﬂuis.
3305 3473 3574 3544 Deprecor
3610 3485 3718 3540 ergo

2158 3577 2220 3622 ut
2243 3565 2594 3636 fragilitatem
2622 3581 2800 3620 meam
2831 3565 2973 3636 apud
2999 3565 3369 3620 Altithronum
3404 3564 3716 3621 orationibus

2159 3658 2382 3730 adjuves
2416 3676 2429 3711 :
2460 3664 2730 3727 quatenus
2771 3672 2860 3712 me
2906 3658 2960 3711 in
3001 3657 3104 3714 hac
3137 3659 3394 3728 presenti
3436 3658 3540 3712 vita
3583 3663 3712 3711 scuto

2156 3748 2282 3804 fidei
2312 3763 2424 3805 sua:
2463 3747 2730 3802 munitum
2773 3746 2979 3818 aliquid
3023 3763 3240 3821 semper
3279 3748 3363 3803 sui
3407 3746 3602 3803 servitii
3635 3760 3712 3798 ex-

2156 3838 2307 3910 plere
2333 3837 2518 3904 faciat,
2550 3846 2605 3893 et
2629 3847 2752 3908 post
2774 3853 3054 3911 egressum
3094 3839 3292 3894 animae
3313 3839 3380 3894 de
3401 3851 3631 3907 corpore,
3663 3834 3706 3886 in

2156 3944 2254 3984 sua
2308 3927 2595 3999 praesentia
2647 3925 2838 3996 jubeat
2892 3928 3062 3982 vitam
3120 3929 3401 3998 percipere
3456 3935 3703 3981 aeternam.

2159 4020 2301 4076 Deus
2323 4021 2688 4092 omnipotens,
2718 4028 2910 4076 auctor
2929 4029 2986 4076 et
3002 4029 3284 4092 reparator
3299 4021 3486 4076 salutis
3507 4027 3699 4078 nostris,

2156 4109 2316 4180 longo
2343 4119 2584 4180 tempore
2612 4109 2681 4164 ad
2710 4109 3003 4165 multorum
3033 4120 3352 4181 provectum
3379 4120 3428 4166 te
3450 4114 3704 4167 conservet

2157 4202 2501 4265 incolumem,
2551 4208 2714 4272 atque
2751 4202 2804 4256 in
2842 4201 2970 4269 fine,
3019 4213 3332 4260 sanctorum
3359 4203 3511 4260 coetui
3539 4201 3693 4254 inser-

2156 4300 2290 4358 tum,
2322 4300 2540 4347 aeterna:
2568 4292 2752 4363 gloriae
2774 4291 2939 4348 faciat
2962 4307 3084 4349 esse
3107 4304 3430 4350 consortem.

1897 4570 2301 4633 INCIPIUNT

1015 4639 2344 4869 ENARBATIOW
2434 4699 3148 4814 NUMEROS.

1699 4909 2003 4986 LIBER
2074 4909 2488 4988 PRIMUS.

965 5111 1190 5169 CAPUT
1228 5109 1517 5170 PRIMUM.

456 5224 639 5279 Sermo
670 5223 882 5279 Domini
923 5224 992 5277 ad
1024 5221 1240 5280 Moysen
1274 5223 1339 5276 de
1384 5224 1722 5279 numerandis
1754 5225 2032 5280 duodecim

524 5293 769 5365 tribubus
798 5303 846 5348 et
887 5292 1209 5365 principibus
1253 5292 1579 5362 singularum
1624 5294 1872 5360 tribuum,
1904 5294 2032 5365 quid

525 5309 761 5348 tribunus
798 5309 846 5348 et
887 5309 1056 5363 princ:
1115 5309 1209 5348 ous

525 5363 874 5435 spiritualiter
898 5309 1210 5433 signiﬂent.

525 5479 699 5550 (Cn.
736 5481 818 5550 ι.)
853 5478 1179 5549 Locutusque
1223 5488 1299 5532 est
1337 5476 1592 5532 Dominus
1628 5478 1697 5532 ad
1734 5477 1950 5549 Moysen
1977 5481 2032 5534 in

453 5573 655 5624 deserto
686 5570 836 5625 Sinai
881 5572 934 5624 in
969 5569 1304 5624 tabernaculo
1345 5569 1555 5638 {aderis
1592 5569 1821 5635 Domini,
1859 5571 2031 5639 prima

453 5663 535 5714 diu
565 5665 750 5718 mensis
778 5662 1014 5720 secundi.
1053 5679 1191 5719 anno
1227 5663 1392 5719 altero
1419 5662 1724 5733 egressionis
1761 5678 1939 5717 eorum
1966 5679 2030 5717 ea:

1497 5791 1528 5800 π

2145 5113 2377 5186 ὢθῃρεο
2416 5117 2614 5170 dicens.
2647 5116 2807 5172 Juxta
2836 5116 2996 5172 finem
3026 5117 3221 5184 Exodi,
3249 5119 3338 5174 ubi
3361 5119 3424 5174 de
3447 5114 3668 5172 erectiwe

2146 5203 2479 5260 tabernaculi
2507 5216 2779 5274 narratur,
2808 5208 2882 5261 ita
2911 5207 3172 5278 scriptum
3201 5216 3284 5263 est
3308 5226 3321 5262 :
3350 5207 3507 5278 Igitur
3530 5213 3665 5255 tum

2140 5295 2308 5364 primo
2335 5296 2462 5350 anni
2486 5296 2720 5362 secundi,
2744 5298 2798 5351 in
2822 5299 2992 5368 prima
3013 5297 3098 5352 die
3120 5299 3338 5362 mensis,
3373 5297 3589 5352 collatum
3605 5296 3660 5341 nl

2139 5386 2558 5454 tabernaculum,
2594 5391 2858 5460 erexitque
2885 5389 3017 5443 illud
3047 5389 3279 5460 Moyses,
3310 5399 3364 5445 et
3391 5388 3588 5457 reliqua.
3612 5379 3659 5432 Et

2141 5493 2282 5532 nunc
2312 5479 2363 5532 in
2392 5479 2570 5548 capite
2608 5477 2970 5534 Numerorum
3012 5479 3085 5533 ita
3124 5480 3360 5549 positum
3397 5487 3499 5533 est:
3525 5473 3655 5528 ιυιι·

2138 5579 2322 5638 (usque
2361 5579 2436 5623 est
2488 5569 2744 5623 Dominus
2791 5570 2860 5624 ad
2909 5569 3126 5640 Moysen
3171 5573 3225 5625 in
3271 5573 3464 5625 deserto
3509 5557 3656 5618 Sindi.

2138 5664 2188 5716 in
2238 5662 2573 5718 tabernaculo
2618 5663 2847 5733 (aderis,
2895 5666 3066 5735 primo
3118 5665 3204 5720 die
3249 5665 3427 5720 mensis
3451 5650 3655 5716 secundi,
