3926 6176
291 310 392 366 ὗξνιῐ)

1007 299 1544 360 ENARRATIONES
1583 298 1651 354 lN
1692 296 1955 356 LIBRUM
1996 294 2463 352 NUMEBOBUM.
2500 324 2572 338 -
2607 296 2733 350 LIB.
2771 295 2811 348 l.

3459 301 3568 356 590

262 392 431 478 'anno
497 417 664 473 altero
727 416 1038 487 egressionis
1105 432 1286 471 eorum
1346 432 1412 470 ea:
1461 414 1714 486 Afgypto.
1777 410 1882 468 Ubi
1909 412 1957 470 A
1988 406 2114 476 quis
2141 406 2358 461 dabitur
2383 421 2450 460 ex
2479 405 2582 460 boc
2602 404 2879 474 profectus
2907 404 2990 458 bis
3019 405 3112 474 qui
3136 409 3306 464 sacris
3334 409 3558 466 volumi-

288 509 590 568 notandum
633 507 779 578 quod
836 507 891 561 in
931 506 1248 563 duodecima
1296 505 1602 571 mansione,
1653 505 1710 559 id
1765 513 1876 570 est,

285 604 348 662 in
377 602 668 659 solitudine
718 599 895 664 Sinai,
931 599 1021 653 ubi
1065 599 1277 669 Moyses
1314 598 1558 654 ascendit
1593 597 1661 652 ad
1700 598 1880 653 Domi-

285 712 443 758 num,
469 693 856 763 descenditque
883 691 1145 747 Dominus
1176 692 1228 746 in
1259 698 1502 746 montem
1531 690 1705 756 Sinai,
1746 691 1882 745 dans

288 787 471 858 legem
523 783 721 854 pOpulo
777 797 896 847 suo,
953 782 1028 837 ibi
1088 781 1390 836 fabricatur
1449 780 1880 847 tabernaculum,

287 881 370 935 ibi
395 877 707 948 praecipitur
732 875 972 929 varietas
1005 875 1330 940 hostiarum,
1365 880 1622 928 vasorum
1647 872 1880 927 diversi-

287 979 400 1035 tas,
433 968 746 1022 indumenta
773 965 1068 1037 pontiﬁcis,
1106 964 1449 1020 sacerdotum
1481 980 1545 1020 ac
1569 964 1884 1019 Levitarum

287 1059 634 1114 cmremonize
661 1075 675 1110 :
706 1058 888 1126 ibique
931 1057 1266 1111 enumeratio
1310 1056 1629 1126 populorum
1669 1055 1884 1110 Levita-

287 1165 549 1219 rnmque,
580 1157 635 1206 et
663 1165 762 1220 per
803 1149 1046 1218 singulas
1092 1150 1266 1204 tribus
1296 1147 1478 1219 populi
1522 1147 1878 1203 distributio:

286 1241 599 1296 oblationes
620 1255 834 1310 quoque
859 1239 1188 1308 principum,
1219 1250 1274 1293 et
1302 1238 1511 1308 reliqua
1541 1246 1883 1292 sacramenta

286 1330 350 1384 in
379 1333 486 1385 hac
528 1331 810 1385 mansione
851 1329 1051 1398 scripta
1081 1337 1226 1383 sunt.
1261 1329 1370 1383 Sed
1393 1329 1449 1382 in
1479 1329 1670 1384 eodem
1714 1341 1881 1391 anno,

284 1420 422 1475 licet
447 1436 554 1476 non
581 1421 771 1475 eodem
810 1434 996 1474 mense
1027 1435 1136 1490 quo
1173 1429 1418 1475 erectum
1448 1427 1533 1474 est
1557 1419 1884 1473 tabernacu-

284 1513 429 1577 lum,
484 1526 743 1566 numerus
778 1511 1013 1566 ﬁliorum
1057 1511 1224 1566 Israel
1258 1511 1563 1582 descriptus
1607 1519 1710 1565 est.
1742 1508 1882 1576 Quid

286 1610 478 1656 autem
524 1601 798 1671 signiﬁcat
819 1617 994 1657 annus
1028 1603 1319 1667 secundus,
1352 1601 1436 1656 vel
1462 1601 1664 1655 mensis
1691 1615 1885 1654 secun—

283 1693 397 1748 dus
447 1695 576 1747 anni
627 1693 873 1758 secundi,
923 1693 1031 1748 nisi
1081 1702 1293 1764 tempus
1337 1691 1471 1747 Novi
1525 1691 1878 1753 Testamenti,

1984 499 2144 554 nibus
2167 498 2405 568 gestiunt
2431 496 2679 552 erudiri?
2702 495 2842 561 Quid
2868 496 3012 549 enim
3042 497 3262 566 prodest
3290 500 3396 555 ista
3423 502 3565 562 didi-

1984 591 2159 659 cisse,
2211 602 2306 647 aut
2350 595 2480 664 quid
2524 594 2721 650 anima:
2769 593 3051 649 confertur
3096 596 3163 649 ad
3215 596 3465 664 salutem,
3519 601 3566 654 si

1983 683 2123 738 sciat
2159 685 2302 754 quod
2335 700 2462 755 pars
2487 684 2667 755 aliqua
2711 685 2894 755 populi
2933 694 3214 740 numerata
3255 694 3339 741 est
3383 688 3438 742 in
3473 691 3569 744 de-

1984 782 2154 841 serto,
2205 792 2334 847 pars
2362 791 2495 832 vero
2535 778 2878 832 innumerata
2916 777 3170 833 derelicta
3197 780 3316 834 est?
3345 778 3406 834 Si
3433 797 3566 837 vero

1983 873 2274 933 sequentes
2313 865 2464 920 Pauli
2493 866 2818 921 sententiam
2859 865 3049 938 (Rom.
3076 867 3183 938 vn)
3206 866 3368 938 legem
3413 870 3568 939 spiri-

1984 952 2142 1007 talem
2174 969 2285 1009 esse
2327 955 2632 1020 credamus,
2684 963 2739 1010 et
2791 955 3109 1023 spiritaliter
3153 972 3274 1025 quae
3326 958 3571 1013 continet

1985 1046 2287 1112 audiamus,
2331 1047 2524 1117 ingens
2552 1046 2831 1116 proiectus
2869 1048 3062 1102 animae
3091 1049 3144 1101 in
3175 1049 3258 1104 his
3289 1065 3410 1118 quae
3433 1051 3569 1106 scri-

1983 1131 2079 1204 pta
2107 1145 2236 1190 sunt
2265 1139 2564 1207 apparebit.
2602 1139 2768 1193 Docet
2793 1139 2938 1192 enim
2966 1154 3205 1208 praesens
3234 1140 3394 1195 lectio
3425 1141 3569 1211 quod

1985 1225 2031 1280 si
2061 1227 2451 1282 transcendere
2497 1227 2720 1297 puerilis
2747 1228 2926 1282 aetatis
2968 1229 3356 1298 insipientiam,
3403 1233 3447 1286 si
3478 1233 3572 1288 deo

1985 1316 2133 1372 siero
2167 1318 2425 1388 parvulus
2468 1334 2590 1373 esse
2633 1319 2915 1383 sensibus,
2945 1328 3001 1374 et
3038 1321 3120 1374 vir
3155 1320 3378 1377 effectus
3407 1324 3570 1394 depo-

1985 1424 2147 1464 suero
2173 1425 2295 1479 quae
2321 1417 2449 1464 sunt
2484 1409 2726 1479 parvuli;
2771 1409 2841 1473 si,
2875 1409 3116 1478 inquam,
3149 1410 3372 1466 eﬁ‘ectus
3416 1411 3574 1468 fuero

1985 1501 2224 1571 iuvenis,
2277 1511 2332 1560 et
2375 1503 2499 1558 talis
2550 1503 2770 1574 juvenis
2823 1504 2916 1572 qui
2967 1505 3181 1559 vincam
3238 1506 3569 1576 malignum,

1985 1602 2144 1660 aptus
2184 1593 2411 1647 videbor
2447 1592 2530 1647 his
2568 1593 2637 1648 de
2663 1593 2863 1662 quibus
2891 1594 3151 1664 scriptum
3193 1603 3277 1650 est
3317 1609 3333 1648 :
3369 1595 3573 1654 Omnes

1985 1681 2077 1749 qui
2107 1683 2400 1751 procedent
2447 1685 2500 1738 in
2542 1684 2744 1738 virtute
2792 1684 2974 1751 Israel,
3030 1695 3086 1741 et
3133 1687 3328 1758 dignus
3375 1689 3573 1745 divinis

287 1781 442 1852 quod
477 1788 601 1849 post
648 1781 938 1834 adventum
973 1778 1198 1846 Christi,
1245 1779 1553 1849 passionem
1594 1787 1649 1832 et
1698 1791 1881 1832 rese-r-
1917 1773 1962 1830 Β
1988 1775 2231 1829 numeris
2291 1776 2665 1845 computabor.
2734 1774 2917 1831 Donec
2971 1784 3154 1832 autem
3216 1779 3360 1834 inest
3411 1779 3572 1835 alicui

291 1872 596 1926 rectionem
635 1867 775 1938 ejus,
813 1885 986 1940 usque
1024 1869 1093 1923 ad
1137 1869 1300 1924 ﬁnem
1346 1869 1532 1924 mundi
1580 1868 1885 1940 pertinget?

286 1961 426 2017 Post
446 1962 705 2017 collatum
733 1961 879 2014 enim
905 1975 1004 2030 per
1029 1961 1263 2028 gratiam
1293 1959 1493 2014 Christi
1531 1959 1883 2029 baptismum,

288 2051 352 2106 in
379 2067 490 2121 quo
530 2051 760 2122 spiritali
791 2049 1052 2120 Egypto,
1099 2050 1382 2105 submerso
1421 2064 1551 2104 vero
1579 2049 1884 2114 Pharaone,

289 2143 502 2214 egressi
549 2157 760 2207 sumus,
804 2141 1075 2211 reliquum
1107 2149 1317 2210 tempus
1363 2155 1587 2202 necesse
1615 2148 1700 2194 est
1742 2140 1885 2194 utin

291 2235 542 2288 novitate
566 2233 692 2287 vita:
717 2231 1074 2296 ambulemus,
1123 2231 1192 2286 ad
1215 2227 1419 2285 te'rram
1448 2231 1887 2301 repromissionis

294 2327 586 2381 tendentes
619 2326 674 2379 in
703 2327 922 2380 deserto
949 2324 1120 2379 Sinai.
1154 2323 1304 2379 Sinai
1339 2324 1540 2394 quippe
1563 2324 1888 2393 interpreta-

293 2423 390 2468 tur
427 2415 627 2479 rubus,
669 2429 775 2484 quo
816 2414 1152 2486 signiﬁcatur
1187 2413 1454 2479 Ecclesia,
1503 2414 1557 2467 in
1588 2429 1697 2484 qua
1733 2414 1890 2469 nobis

297 2505 532 2575 apostoli
569 2506 886 2576 praedicant,
931 2512 986 2559 et
1020 2503 1263 2574 spiritale
1295 2503 1541 2573 przelium
1571 2513 1761 2558 contra
1793 2519 1889 2559 ne-

302 2598 504 2666 quitias
550 2597 823 2668 spiritales
853 2597 1012 2652 nobis
1038 2595 1332 2667 gerendum
1359 2606 1462 2651 est.
1491 2597 1676 2667 ibique
1707 2597 1888 2668 loqui-

303 2701 397 2746 tur
443 2691 707 2748 Dominus
755 2693 823 2747 ad
870 2692 1110 2765 Moysen,
1164 2692 1258 2763 qui
1308 2691 1480 2762 legem
1538 2693 1777 2748 instituit
1820 2695 1889 2749 ad

297 2783 719 2838 instructionem
757 2785 1113 2849 credentium,
1146 2784 1252 2839 hoc
1304 2792 1410 2850 est,
1453 2785 1776 2854 spiritalium
1813 2785 1891 2842 ls-

297 2876 640 2930 raelitarum.
693 2875 879 2930 Tollite
900 2893 1159 2930 summam
1195 2877 1449 2931 universa:
1475 2863 1891 2948 congregationis

294 2964 540 3033 ﬁliorum
568 2965 742 3020 Israel
766 2983 859 3036 per
897 2968 1232 3038 cognationes
1258 2977 1304 3020 et
1339 2967 1522 3021 domos
1551 2985 1676 3022 suas
1707 2977 1756 3022 et
1796 2985 1892 3024 no-

294 3058 447 3110 mina
498 3057 824 3127 singulorum
856 3099 872 3124 ,
925 3058 1180 3130 quidquid
1237 3067 1313 3112 est
1359 3075 1513 3113 sexus
1568 3059 1890 3126 masculini,

1987 1871 2228 1918 vestrum
2258 1864 2339 1918 vel
2371 1866 2554 1934 pueris
2594 1874 2650 1920 et
2675 1866 2916 1922 lubricus
2959 1883 3174 1936 sensus,
3215 1871 3301 1925 vel
3337 1871 3572 1929 feminea

1985 1961 2042 2008 et
2063 1954 2297 2008 resoluta
2347 1956 2629 2025 segnities,
2660 1956 2746 2011 vel
2773 1956 3062 2029 Egyptios
3091 1962 3330 2030 gerimus
3353 1971 3408 2018 et
3449 1965 3574 2019 bar-

1987 2047 2149 2101 baros
2180 2061 2380 2113 mores,
2411 2048 2600 2104 haberi
2635 2053 2776 2121 apud
2804 2054 2972 2108 Deum
3000 2055 3052 2108 in
3083 2063 3273 2110 sancto
3304 2065 3359 2110 et
3383 2070 3573 2111 conse-

1987 2145 2142 2192 crato
2168 2153 2396 2194 numero
2424 2155 2530 2194 non
2562 2157 2852 2198 meremur.
2896 2147 3172 2202 innumeri
3215 2156 3394 2203 autem
3435 2147 3576 2218 apud

1991 2230 2634 2290 Salomonem'dicnntur
2682 2250 2804 2292 esse
2847 2239 2939 2308 qui
2995 2248 3246 2308 pereunt,
3307 2242 3574 2295 numerati

1991 2333 2172 2378 autem
2208 2339 2398 2380 omnes
2433 2327 2524 2395 qui
2568 2327 2870 2382 salvantur.
2918 2329 2985 2384 Et
3023 2330 3108 2385 vis
3155 2330 3253 2385 tibi
3291 2331 3574 2386 ostendam

1990 2413 2118 2484 quia
2147 2424 2457 2471 sanctorum
2487 2433 2746 2473 numerus
2772 2419 3004 2475 habetur
3031 2421 3175 2491 apud
3205 2421 3412 2476 Deum?
3433 2421 3576 2476 Audi

1992 2507 2264 2575 quomodo
2285 2508 2351 2562 de
2380 2510 2543 2564 astris
2587 2511 2805 2579 quidem
2843 2511 3155 2568 cmlestibus
3197 2513 3329 2567 dicit
3358 2511 3528 2568 David
3561 2531 3575 2566 :

1995 2597 2099 2663 Qui
2113 2609 2352 2654 numerat
2367 2599 2755 2656 multitudinem
2771 2602 3065 2668 stellarum,
3083 2614 3130 2657 et
3145 2605 3383 2659 omnibus
3399 2605 3474 2660 eis
3493 2621 3582 2660 no-

1991 2689 2135 2744 mina
2173 2699 2321 2745 vocat
2355 2691 2374 2763 (
2403 2689 2552 2746 Psal.
2583 2707 2740 2747 cxm
2766 2693 2804 2764 ).
2835 2693 3088 2750 Salvator
3111 2709 3242 2750 vero
3269 2709 3377 2750 non
3403 2695 3577 2750 solum

1994 2781 2287 2852 discipulos
2329 2799 2456 2840 suos
2501 2784 2703 2841 electos
2747 2787 2848 2842 sub
2876 2801 3104 2842 numero
3156 2788 3363 2851 statuit,
3393 2802 3580 2843 verum

1993 2881 2049 2927 et
2076 2873 2300 2944 capillos
2329 2876 2523 2943 capitis
2557 2891 2747 2930 eorum
2785 2876 2919 2930 dicit
2954 2890 3076 2931 esse
3107 2884 3439 2931 numeratos.
3485 2876 3580 2930 Ait

1995 2965 2190 3020 enim:
2238 2964 2408 3019 Vestri
2459 2977 2636 3020 autem
2683 2966 2861 3038 capilli
2915 2968 3102 3037 capitis
3149 2967 3409 3020 numerati
3456 2977 3580 3021 sunt

1997 3055 2016 3128 (
2047 3055 2238 3110 Matth.
2267 3073 2302 3110 ι
2333 3053 2373 3126 ).
2404 3057 2461 3111 in
2484 3073 2593 3126 quo
2620 3059 2806 3127 utique
2831 3073 2937 3112 non
2970 3058 3090 3113 illos
3117 3057 3333 3112 dicebat
3356 3057 3580 3128 capillos

281 3161 333 3200 ἀ
389 3147 643 3217 vigesimo
697 3164 836 3202 anno
892 3157 941 3203 et
993 3165 1154 3219 supra
1208 3150 1441 3203 omnium
1503 3150 1734 3203 virorum
1781 3150 1892 3219 [or-
1919 3121 1964 3182 (ἶ
1994 3163 2116 3204 esse
2167 3158 2503 3214 numeratos,
2535 3150 2626 3220 qui
2673 3149 2756 3204 vel
2801 3149 2946 3205 ferro
2975 3150 3247 3206 attonderi
3294 3158 3352 3205 et
3388 3150 3580 3221 projici

296 3237 436 3290 tium
467 3254 536 3291 ea:
563 3234 764 3305 Israel,
802 3247 850 3292 et
880 3240 1220 3294 numerabilis
1259 3255 1346 3294 eos
1385 3256 1478 3310 per
1511 3249 1714 3294 turmas
1743 3255 1890 3306 suas,

297 3338 358 3381 tu
405 3338 456 3382 et
508 3329 687 3384 Aaron
729 3346 748 3385 :
798 3340 1052 3402 eruntque
1110 3333 1369 3403 principes
1427 3331 1658 3386 tribuum
1719 3333 1891 3388 vobis-

297 3434 422 3472 cum
479 3436 544 3473 ac
600 3421 875 3474 domorum
928 3422 984 3475 in
1034 3422 1433 3492 cognationibus
1482 3425 1615 3478 suis.
1685 3423 1894 3479 Divinis

299 3510 550 3566 numeris
597 3527 703 3567 non
754 3527 946 3568 omnes
992 3511 1140 3584 digni
1191 3523 1356 3578 sunt,
1411 3515 1507 3569 sed
1554 3513 1721 3569 certis
1773 3515 1892 3584 qui-

298 3601 532 3656 busdam
572 3602 946 3673 przerogativis
987 3603 1340 3674 designantur
1375 3603 1429 3659 bi
1468 3605 1560 3672 qui
1601 3604 1746 3658 intra
1793 3620 1894 3658 nu-

299 3705 516 3745 merum
559 3691 655 3746 Dei
706 3691 939 3746 debeant
989 3693 1396 3763 comprehendi.
1453 3692 1626 3762 Hujus
1666 3693 1744 3747 rei
1779 3693 1894 3748 evi-

297 3779 439 3836 dens
467 3781 730 3837 indicium
760 3784 1006 3839 continet
1031 3783 1171 3839 liber
1196 3785 1304 3848 hic,
1331 3785 1423 3854 qui
1454 3784 1772 3839 inscribitur
1783 3783 1892 3840 Nu-

301 3888 608 3938 merorum,
643 3874 697 3927 in
727 3889 836 3943 quo
857 3874 1092 3929 refertur
1117 3875 1262 3945 quod
1281 3891 1347 3930 ex
1378 3881 1650 3946 praecepto
1679 3874 1893 3931 Domini

297 3978 479 4034 neque
516 3963 772 4018 mulieres
801 3964 1139 4020 deducantur
1163 3965 1233 4020 ad
1271 3979 1585 4029 numerum,
1614 3962 1892 4020 feminina:

301 4054 423 4108 sine
453 4055 619 4110 dubio
663 4054 1000 4110 inﬁrmitatis
1027 4055 1310 4111 obstaculo
1335 4073 1349 4122 ;
1405 4071 1581 4126 neque
1609 4071 1891 4113 servorum

301 4147 619 4216 quisquam,
660 4157 721 4200 ut
747 4156 876 4217 puta
903 4148 1014 4202 vita
1050 4149 1401 4218 moribusque
1440 4149 1767 4218 degeneres;
1798 4151 1893 4206 sed

300 4258 372 4298 ne
395 4239 777 4313 Egyptiorum
824 4241 1044 4312 quidem
1077 4243 1220 4298 ullus
1247 4258 1312 4297 es
1359 4244 1445 4298 his
1485 4244 1577 4313 qui
1606 4253 1765 4299 erant
1799 4245 1896 4298 ad-

298 4333 457 4387 misti
504 4343 843 4398 numeratur,
889 4332 1152 4403 prol‘ecto,
1210 4343 1270 4388 ut
1311 4334 1628 4406 alienigena;
1667 4343 1722 4389 et
1769 4336 1895 4388 itar-

303 4421 449 4486 bari,
498 4421 595 4476 sed
645 4421 746 4476 soli
797 4431 1155 4478 numerantur
1205 4424 1482 4479 lsraelitae.
1531 4426 1597 4480 Et
1646 4427 1737 4480 isti
1784 4441 1890 4480 non

300 4529 519 4580 omnes,
561 4515 654 4569 sed
684 4529 715 4568 a
756 4516 950 4586 viginti
1003 4517 1160 4571 annis
1204 4525 1258 4570 et
1298 4531 1481 4586 supra.
1536 4517 1604 4572 Et
1641 4532 1743 4572 nec
1777 4517 1891 4572 sola

303 4608 488 4661 aetatis
524 4607 754 4661 habetur
778 4608 1100 4669 observatio,
1153 4609 1245 4663 sed
1275 4608 1536 4677 quaeritur
1557 4609 1602 4662 si
1626 4615 1682 4663 et
1709 4616 1892 4677 aptum

299 4697 467 4751 bellis
489 4698 658 4751 robur
678 4698 946 4752 ostendat.
981 4698 1301 4769 Designatur
1320 4697 1518 4752 etenim
1545 4711 1643 4767 per
1667 4699 1891 4753 verbum

305 4789 404 4844 Dei
453 4799 516 4844 ut
562 4798 881 4845 numeretur
923 4790 1101 4844 omnis
1145 4789 1236 4860 qui
1274 4789 1521 4860 procedit
1567 4790 1621 4844 in
1668 4791 1890 4845 virtute.

303 4879 428 4935 Non
463 4897 592 4953 ergo
617 4881 730 4937 sola
758 4891 910 4948 anas,
956 4884 1052 4937 sed
1079 4883 1251 4938 virtus
1292 4884 1346 4938 in
1390 4882 1634 4937 lsraelita
1663 4884 1896 4952 requiri-

304 4979 416 5026 tur.
463 4970 696 5025 Puerilis
720 4979 855 5026 aetas
881 4986 988 5024 non
1027 4973 1365 5035 numeratur,
1413 4985 1516 5026 nec
1544 4979 1670 5042 apta
1696 4971 1894 5026 divinis

305 5060 534 5115 calculis
582 5061 819 5125 ducitur,
876 5060 980 5116 nisi
1033 5059 1171 5115 forte
1225 5061 1571 5130 primogeniti
1617 5061 1747 5127 sint,
1803 5071 1895 5115 aut

309 5150 634 5207 sacerdotali
667 5151 753 5204 vel
785 5150 1224 5222 Levitica'stirpe
1265 5152 1634 5208 descendant:
1670 5152 1758 5207 isti
1794 5151 1891 5206 soli

309 5241 364 5294 in
421 5243 607 5312 pueris
661 5241 1006 5297 adducuntur
1059 5241 1113 5295 in
1168 5257 1475 5298 numerum.
1546 5243 1894 5298 Feminarum

309 5345 439 5388 vero
489 5332 635 5388 nulla
673 5347 901 5403 prorsus
946 5332 1251 5389 adducitur.
1303 5333 1413 5389 Sed
1461 5335 1590 5406 quid
1639 5334 1897 5390 videtur?

311 5422 562 5481 Possunt
591 5426 710 5480 haec
738 5439 907 5480 vacua
929 5439 1051 5480 esse
1099 5426 1410 5497 mysteriis?
1448 5426 1543 5480 sed
1579 5426 1684 5481 hoc
1719 5425 1893 5481 solum

311 5531 637 5586 procurasse
661 5517 904 5573 creditur
935 5513 1171 5586 Spiritus
1211 5524 1450 5580 sanctus,
1490 5516 1581 5586 qui
1613 5515 1728 5569 haec
1761 5516 1897 5570 scri-

311 5609 488 5667 benda
522 5611 766 5676 dictavit,
801 5617 863 5663 ut
888 5608 1151 5664 sciremus
1185 5609 1280 5679 qui
1311 5619 1439 5662 tunc
1485 5609 1538 5660 in
1569 5606 1661 5660 illo
1698 5606 1895 5676 populo

317 5703 585 5757 numerati
625 5710 774 5765 sunt,
809 5707 866 5755 et
899 5697 992 5769 qui
1030 5699 1149 5754 sine
1192 5713 1417 5756 numero
1464 5697 1780 5753 manserint.
1827 5697 1892 5752 Et

1920 4469 1971 4528 D

1994 3241 2191 3310 solent,
2226 3241 2310 3296 vel
2347 3243 2605 3313 temporis
2655 3251 2816 3299 (etate
2861 3245 3096 3300 deﬁuere
3140 3258 3203 3299 ac
3228 3243 3430 3313 perire,
3483 3246 3577 3299 sed

1995 3333 2072 3388 illi
2099 3335 2293 3404 capitis
2317 3335 2496 3405 capilli
2527 3335 2667 3404 apud
2693 3335 2864 3390 Deum
2906 3336 3174 3390 numerati
3205 3341 3348 3395 sunt,
3393 3335 3484 3404 qui
3523 3335 3575 3388 in

1994 3423 2266 3481 Nazaraeis
2287 3435 2465 3491 erant,
2508 3427 2705 3496 quibus
2733 3427 2902 3482 inerat
2937 3427 3108 3482 virtus
3135 3424 3373 3495 Spiritus
3402 3426 3580 3479 sancti

1994 3515 2062 3570 ad
2108 3514 2537 3584 prosternendos
2575 3514 2920 3586 alienigenas.
2953 3515 3197 3570 Virtutes
3239 3529 3369 3585 ergo
3414 3514 3583 3568 animi

1987 3613 2052 3661 et
2087 3606 2491 3661 multitudinem
2518 3620 2797 3672 sensuum,
2842 3607 2932 3675 qui
2961 3607 3027 3661 de
3049 3606 3331 3676 principali
3363 3608 3580 3669 mentis,

1996 3705 2254 3766 tanquam
2317 3696 2383 3750 de
2435 3697 2612 3766 capite
2662 3697 3064 3765 apostolorum,
3120 3697 3579 3767 producebantur,

1994 3786 2220 3857 capillos
2244 3786 2441 3857 capitis
2470 3787 2777 3858 appellavit.
2814 3787 2920 3843 Sed
2957 3789 3010 3842 in
3037 3789 3153 3844 haec
3174 3804 3273 3858 per
3295 3802 3582 3844 excessum

1995 3872 2282 3946 quemdam
2309 3876 2655 3944 devenimus;
2705 3891 2852 3934 nunc
2878 3879 2943 3933 ad
2969 3880 3304 3949 propositum
3335 3890 3581 3935 reverta-

1996 3983 2137 4023 mur.
2164 3968 2233 4023 Et
2256 3968 2461 4025 loeutus
2480 3978 2576 4035 est,
2605 3968 2800 4040 inquit,
2824 3969 3078 4024 Dominus
3094 3970 3163 4024 ad
3183 3970 3400 4041 Moysen
3420 3972 3475 4025 in
3497 3971 3586 4026 de—

1995 4067 2134 4112 serto
2163 4058 2337 4114 Sinai.
2355 4059 2449 4114 illa
2470 4058 2680 4115 scilicet
2699 4060 2880 4115 omnia
2903 4074 3024 4129 quae
3053 4060 3302 4129 superius
3333 4074 3586 4129 compen-

1996 4149 2146 4205 diosa
2185 4151 2497 4206 narratione
2544 4151 3075 4222 comprehendimus,
3126 4150 3218 4204 uhi
3268 4149 3584 4219 pratcipitur

1997 4242 2274 4296 numerari
2317 4257 2349 4295 a
2387 4243 2576 4312 viginti
2612 4242 2770 4296 annis
2795 4250 2851 4296 et
2887 4256 3076 4309 supra,
3107 4241 3284 4294 omnis
3330 4239 3423 4309 qui
3452 4255 3580 4310 pro-

1998 4333 2144 4386 cedit
2184 4331 2239 4386 in
2259 4333 2458 4388 virtute
2488 4332 2672 4387 lsrael.
2705 4331 2762 4386 Si
2791 4332 2913 4402 quis
2949 4346 3080 4400 ergo
3111 4331 3354 4401 procedit
3375 4331 3430 4384 in
3473 4331 3583 4384 vir-

1999 4429 2132 4487 tute,
2177 4420 2293 4490 ipse
2333 4430 2652 4476 numeratur
2689 4439 2702 4474 :
2736 4429 2792 4476 ct
2819 4423 3026 4476 non-in
3068 4420 3434 4492 qualicunque
3471 4422 3582 4476 vir-

1997 4513 2133 4576 tute,
2161 4511 2215 4566 id
2243 4521 2345 4578 est,
2379 4529 2484 4568 non
2518 4513 2893 4584 [Egyptiorum
2924 4513 3156 4578 virtute,
3196 4528 3371 4583 neque
3399 4516 3452 4568 in
3479 4513 3582 4570 As-

1998 4605 2292 4675 syriorum,
2321 4621 2496 4675 neque
2527 4606 2579 4660 in
2607 4606 2939 4668 Graecorum,
2968 4604 3061 4660 sed
3082 4606 3136 4659 in
3163 4606 3366 4660 virtute
3393 4607 3578 4672 Israel,

1997 4695 2112 4763 ipse
2143 4687 2456 4764 numeratﬁi'
2487 4696 2628 4766 apud
2662 4696 2851 4750 Deum.
2886 4695 2981 4749 Est
3015 4697 3158 4750 enim
3191 4695 3363 4750 virtus
3389 4697 3578 4761 animi,

1995 4801 2159 4855 quam
2208 4783 2521 4842 Graecorum
2571 4785 2874 4856 phil050plii
2923 4786 3138 4841 docent.
3183 4785 3290 4840 Sed
3329 4786 3444 4842 huic
3470 4803 3578 4842 non

1995 4879 2232 4949 pertinet
2279 4881 2346 4934 ad
2376 4894 2661 4933 numerum
2702 4879 2816 4933 Dei.
2846 4879 2962 4933 Non
2991 4879 3135 4933 enim
3175 4894 3274 4948 pro
3305 4880 3432 4942 Deo,
3467 4882 3580 4954 sed

1995 4982 2093 5036 pro
2135 4967 2304 5038 gloria
2348 4975 2638 5023 exercetur
2689 4967 2944 5021 humana.
2993 4967 3089 5022 Est
3131 4977 3186 5022 et
3231 4969 3574 5037 Assyriorum

2000 5059 2168 5112 virtus
2197 5058 2279 5114 vel
2309 5058 2702 5123 Chaldaeorum,
2737 5074 2856 5128 quae
2881 5059 3188 5130 astrologiae
3215 5059 3407 5114 studiis
3441 5074 3576 5128 pra:-

1995 5151 2227 5207 dicatur.
2277 5150 2384 5207 Sed
2410 5166 2518 5206 non
2547 5160 2630 5206 est
2657 5152 2758 5207 ista
2789 5151 2962 5206 virtus
3000 5150 3318 5214 lsraelitica,
3359 5160 3413 5205 et
3460 5151 3578 5204 ideo

1999 5258 2103 5298 non
2135 5244 2370 5312 pertinet
2405 5244 2471 5297 ad
2499 5243 2687 5297 Deum.
2713 5233 2809 5298 Est
2833 5253 2890 5298 et
2915 5243 3291 5316 Egyptiortim
3319 5241 3490 5296 virtus
3523 5243 3574 5295 in

1999 5347 2061 5385 ea
2082 5348 2241 5402 quam
2274 5333 2459 5388 dicunt
2493 5342 2701 5388 secreta
2729 5334 3018 5405 sapientia,
3062 5334 3154 5388 sed
3194 5334 3309 5387 htec
3349 5347 3453 5385 non
3483 5332 3578 5385 ad-

1991 5425 2236 5496 jungitur
2284 5427 2350 5480 ad
2402 5425 2666 5480 calculum
2722 5425 2954 5482 Domini.
3013 5425 3137 5491 Sola
3198 5431 3376 5478 autem
3433 5425 3576 5494 apud

1998 5517 2166 5572 Deum
2196 5517 2369 5572 virtus
2399 5517 2691 5572 Israelitica
2720 5524 3058 5579 numeratur,
3091 5517 3194 5572 hoc
3223 5522 3328 5579 est,
3355 5515 3446 5570 illa
3475 5517 3581 5570 vir-

1997 5616 2083 5662 tus
2112 5622 2230 5677 quae
2256 5622 2285 5660 a
2313 5609 2425 5662 Deo
2446 5608 2672 5663 docetur
2690 5647 2704 5672 ,
2754 5619 2874 5676 quae
2909 5620 3006 5676 per
3031 5604 3341 5674 Scripturas
3368 5606 3579 5663 divinas

1993 5697 2238 5764 discitur,
2270 5712 2390 5766 quas
2415 5713 2512 5768 per
2541 5696 2700 5751 ﬁdem
2740 5694 3103 5762 evangelicam
3143 5703 3194 5749 et
3226 5695 3578 5767 apostolicam
