  <div class='ocr_page' id='page_1' title='image "/cluster/home/n/w/nwhite01/storage/ocr_20150623/108/hvd.32044054759733/301.png"; bbox 0 0 3926 6176; ppageno 0'>
   <div class='ocr_carea' id='block_1_1' title="bbox 403 297 498 351">
    <p class='ocr_par' dir='ltr' id='par_1_1' title="bbox 403 297 498 351">
     <span class='ocr_line' id='line_1_1' title="bbox 403 297 498 351; baseline -0.021 0"><span class='ocrx_word' id='word_1_1' title='bbox 403 297 498 351; x_wconf 80' lang='grc'><strong>591</strong></span> 
     </span>
    </p>
   </div>
   <div class='ocr_carea' id='block_1_2' title="bbox 1039 286 1982 346">
    <p class='ocr_par' dir='ltr' id='par_1_2' title="bbox 1039 287 1982 346">
     <span class='ocr_line' id='line_1_2' title="bbox 1039 287 1982 346; baseline -0.005 0"><span class='ocrx_word' id='word_1_2' title='bbox 1039 292 1099 346; x_wconf 79' lang='grc' dir='ltr'><strong>Β.</strong></span> <span class='ocrx_word' id='word_1_3' title='bbox 1135 289 1393 346; x_wconf 73' lang='lat' dir='ltr'><strong>RABANI</strong></span> <span class='ocrx_word' id='word_1_4' title='bbox 1434 289 1648 346; x_wconf 71' lang='lat' dir='ltr'><strong>MAURl</strong></span> <span class='ocrx_word' id='word_1_5' title='bbox 1683 287 1982 343; x_wconf 76' lang='lat' dir='ltr'><strong>ARClllEP</strong></span> 
     </span>
    </p>
   </div>
   <div class='ocr_carea' id='block_1_3' title="bbox 2084 286 2977 346">
    <p class='ocr_par' dir='ltr' id='par_1_3' title="bbox 2084 286 2977 346">
     <span class='ocr_line' id='line_1_3' title="bbox 2084 286 2977 346; baseline 0.004 -4"><span class='ocrx_word' id='word_1_6' title='bbox 2084 286 2353 343; x_wconf 66' lang='lat' dir='ltr'><strong>MGUNT.</strong></span> <span class='ocrx_word' id='word_1_7' title='bbox 2393 288 2679 345; x_wconf 72' lang='lat' dir='ltr'><strong>OPEilUM</strong></span> <span class='ocrx_word' id='word_1_8' title='bbox 2719 290 2900 345; x_wconf 75' lang='lat' dir='ltr'><strong>PARS</strong></span> <span class='ocrx_word' id='word_1_9' title='bbox 2938 291 2977 346; x_wconf 87' lang='grc' dir='ltr'><strong>ῐ.</strong></span> 
     </span>
    </p>
   </div>
   <div class='ocr_carea' id='block_1_4' title="bbox 3544 293 3654 350">
    <p class='ocr_par' dir='ltr' id='par_1_4' title="bbox 3544 293 3654 350">
     <span class='ocr_line' id='line_1_4' title="bbox 3544 293 3654 350; baseline 0.018 -2"><span class='ocrx_word' id='word_1_10' title='bbox 3544 293 3654 350; x_wconf 68' lang='lat'><strong>592</strong></span> 
     </span>
    </p>
   </div>
   <div class='ocr_carea' id='block_1_5' title="bbox 403 401 3655 474">
    <p class='ocr_par' dir='ltr' id='par_1_5' title="bbox 403 401 3655 474">
     <span class='ocr_line' id='line_1_5' title="bbox 403 401 3655 474; baseline -0.001 -10"><span class='ocrx_word' id='word_1_11' title='bbox 403 408 650 464; x_wconf 84' lang='lat' dir='ltr'><strong>traditur.</strong></span> <span class='ocrx_word' id='word_1_12' title='bbox 695 412 762 466; x_wconf 67' lang='lat' dir='ltr'><strong>Et</strong></span> <span class='ocrx_word' id='word_1_13' title='bbox 803 408 922 460; x_wconf 80' lang='lat' dir='ltr'><strong>ideo</strong></span> <span class='ocrx_word' id='word_1_14' title='bbox 967 405 1100 459; x_wconf 81' lang='lat' dir='ltr'><strong>dicit</strong></span> <span class='ocrx_word' id='word_1_15' title='bbox 1129 413 1188 457; x_wconf 85' lang='lat' dir='ltr'><strong>ut</strong></span> <span class='ocrx_word' id='word_1_16' title='bbox 1230 403 1305 457; x_wconf 80' lang='lat' dir='ltr'><strong>illi</strong></span> <span class='ocrx_word' id='word_1_17' title='bbox 1353 403 1452 457; x_wconf 87' lang='lat' dir='ltr'><strong>soli</strong></span> <span class='ocrx_word' id='word_1_18' title='bbox 1497 411 1854 458; x_wconf 87' lang='lat' dir='ltr'><strong>numerentur</strong></span> <span class='ocrx_word' id='word_1_19' title='bbox 1891 401 1982 471; x_wconf 83' lang='lat' dir='ltr'><strong>qui</strong></span> <span class='ocrx_word' id='word_1_20' title='bbox 2009 403 2060 463; x_wconf 81' lang='grc' dir='ltr'><strong>Α</strong></span> <span class='ocrx_word' id='word_1_21' title='bbox 2085 402 2200 456; x_wconf 85' lang='lat' dir='ltr'><strong>bito</strong></span> <span class='ocrx_word' id='word_1_22' title='bbox 2229 405 2380 473; x_wconf 81' lang='lat' dir='ltr'><strong>quod</strong></span> <span class='ocrx_word' id='word_1_23' title='bbox 2409 404 2455 458; x_wconf 98' lang='lat' dir='ltr'><strong>is</strong></span> <span class='ocrx_word' id='word_1_24' title='bbox 2495 404 2586 473; x_wconf 86' lang='lat' dir='ltr'><strong>qui</strong></span> <span class='ocrx_word' id='word_1_25' title='bbox 2619 403 2899 473; x_wconf 83' lang='lat' dir='ltr'><strong>religiosos</strong></span> <span class='ocrx_word' id='word_1_26' title='bbox 2955 403 3180 473; x_wconf 84' lang='lat' dir='ltr'><strong>spiritus</strong></span> <span class='ocrx_word' id='word_1_27' title='bbox 3209 409 3406 474; x_wconf 82' lang='lat' dir='ltr'><strong>gessit,</strong></span> <span class='ocrx_word' id='word_1_28' title='bbox 3436 413 3494 459; x_wconf 85' lang='lat' dir='ltr'><strong>et</strong></span> <span class='ocrx_word' id='word_1_29' title='bbox 3513 407 3655 462; x_wconf 80' lang='lat' dir='ltr'><strong>bene</strong></span> 
     </span>
    </p>
   </div>
   <div class='ocr_carea' id='block_1_6' title="bbox 402 493 1976 573">
    <p class='ocr_par' dir='ltr' id='par_1_6' title="bbox 402 493 1976 573">
     <span class='ocr_line' id='line_1_6' title="bbox 402 493 1976 573; baseline -0.006 -15"><span class='ocrx_word' id='word_1_30' title='bbox 402 501 820 573; x_wconf 72' lang='lat' dir='ltr'><strong>progrediuntur</strong></span> <span class='ocrx_word' id='word_1_31' title='bbox 843 499 898 553; x_wconf 86' lang='lat' dir='ltr'><strong>in</strong></span> <span class='ocrx_word' id='word_1_32' title='bbox 931 497 1130 552; x_wconf 89' lang='lat' dir='ltr'><strong>virtute</strong></span> <span class='ocrx_word' id='word_1_33' title='bbox 1155 496 1341 552; x_wconf 84' lang='lat' dir='ltr'><strong>Israel.</strong></span> <span class='ocrx_word' id='word_1_34' title='bbox 1375 495 1482 551; x_wconf 85' lang='lat' dir='ltr'><strong>Sed</strong></span> <span class='ocrx_word' id='word_1_35' title='bbox 1511 495 1640 550; x_wconf 83' lang='lat' dir='ltr'><strong>illud</strong></span> <span class='ocrx_word' id='word_1_36' title='bbox 1659 493 1976 551; x_wconf 77' lang='lat' dir='ltr'><strong>considere-</strong></span> 
     </span>
    </p>
   </div>
   <div class='ocr_carea' id='block_1_7' title="bbox 405 590 1976 663">
    <p class='ocr_par' dir='ltr' id='par_1_7' title="bbox 405 590 1976 663">
     <span class='ocr_line' id='line_1_7' title="bbox 405 590 1976 663; baseline -0.006 -13"><span class='ocrx_word' id='word_1_37' title='bbox 405 611 524 651; x_wconf 77' lang='lat' dir='ltr'><strong>mus</strong></span> <span class='ocrx_word' id='word_1_38' title='bbox 563 594 693 663; x_wconf 88' lang='lat' dir='ltr'><strong>quid</strong></span> <span class='ocrx_word' id='word_1_39' title='bbox 723 601 805 646; x_wconf 87' lang='lat' dir='ltr'><strong>est</strong></span> <span class='ocrx_word' id='word_1_40' title='bbox 841 591 984 662; x_wconf 63' lang='lat' dir='ltr'><strong>quod</strong></span> <span class='ocrx_word' id='word_1_41' title='bbox 1018 605 1126 645; x_wconf 82' lang='lat' dir='ltr'><strong>non</strong></span> <span class='ocrx_word' id='word_1_42' title='bbox 1157 590 1341 645; x_wconf 88' lang='lat' dir='ltr'><strong>statim</strong></span> <span class='ocrx_word' id='word_1_43' title='bbox 1377 599 1440 643; x_wconf 88' lang='lat' dir='ltr'><strong>ut</strong></span> <span class='ocrx_word' id='word_1_44' title='bbox 1477 604 1728 659; x_wconf 85' lang='lat' dir='ltr'><strong>egressus</strong></span> <span class='ocrx_word' id='word_1_45' title='bbox 1760 596 1844 642; x_wconf 88' lang='lat' dir='ltr'><strong>est</strong></span> <span class='ocrx_word' id='word_1_46' title='bbox 1877 602 1976 656; x_wconf 88' lang='lat' dir='ltr'><strong>po-</strong></span> 
     </span>
    </p>
   </div>
   <div class='ocr_carea' id='block_1_8' title="bbox 399 677 1978 754">
    <p class='ocr_par' dir='ltr' id='par_1_8' title="bbox 399 677 1978 754">
     <span class='ocr_line' id='line_1_8' title="bbox 399 677 1978 754; baseline -0.004 -18"><span class='ocrx_word' id='word_1_47' title='bbox 399 684 561 754; x_wconf 75' lang='lat' dir='ltr'><strong>pulus</strong></span> <span class='ocrx_word' id='word_1_48' title='bbox 581 683 655 736; x_wconf 78' lang='lat' dir='ltr'><strong>de</strong></span> <span class='ocrx_word' id='word_1_49' title='bbox 677 681 908 752; x_wconf 58' lang='lat' dir='ltr'><strong>{Egypto</strong></span> <span class='ocrx_word' id='word_1_50' title='bbox 932 687 1248 734; x_wconf 85' lang='lat' dir='ltr'><strong>numeratr</strong></span> <span class='ocrx_word' id='word_1_51' title='bbox 1262 720 1278 744; x_wconf 94' lang='lat'><strong>,</strong></span> <span class='ocrx_word' id='word_1_52' title='bbox 1315 679 1492 733; x_wconf 82' lang='lat' dir='ltr'><strong>adhuc</strong></span> <span class='ocrx_word' id='word_1_53' title='bbox 1513 677 1658 733; x_wconf 88' lang='lat' dir='ltr'><strong>enim</strong></span> <span class='ocrx_word' id='word_1_54' title='bbox 1684 689 1978 745; x_wconf 76' lang='lat' dir='ltr'><strong>perseque-</strong></span> 
     </span>
    </p>
   </div>
   <div class='ocr_carea' id='block_1_9' title="bbox 401 769 1974 838">
    <p class='ocr_par' dir='ltr' id='par_1_9' title="bbox 401 769 1974 838">
     <span class='ocr_line' id='line_1_9' title="bbox 401 769 1974 838; baseline -0.004 -13"><span class='ocrx_word' id='word_1_55' title='bbox 401 775 564 827; x_wconf 71' lang='lat' dir='ltr'><strong>batur</strong></span> <span class='ocrx_word' id='word_1_56' title='bbox 586 772 814 832; x_wconf 77' lang='lat' dir='ltr'><strong>Pharao,</strong></span> <span class='ocrx_word' id='word_1_57' title='bbox 858 771 954 825; x_wconf 84' lang='lat' dir='ltr'><strong>sed</strong></span> <span class='ocrx_word' id='word_1_58' title='bbox 981 786 1080 824; x_wconf 86' lang='lat' dir='ltr'><strong>nec</strong></span> <span class='ocrx_word' id='word_1_59' title='bbox 1102 785 1226 825; x_wconf 86' lang='lat' dir='ltr'><strong>cum</strong></span> <span class='ocrx_word' id='word_1_60' title='bbox 1255 784 1408 824; x_wconf 82' lang='lat' dir='ltr'><strong>mare</strong></span> <span class='ocrx_word' id='word_1_61' title='bbox 1437 769 1655 838; x_wconf 83' lang='lat' dir='ltr'><strong>quidem</strong></span> <span class='ocrx_word' id='word_1_62' title='bbox 1681 769 1974 831; x_wconf 74' lang='lat' dir='ltr'><strong>transiens,</strong></span> 
     </span>
    </p>
   </div>
   <div class='ocr_carea' id='block_1_10' title="bbox 405 855 1978 923">
    <p class='ocr_par' dir='ltr' id='par_1_10' title="bbox 405 855 1978 923">
     <span class='ocr_line' id='line_1_10' title="bbox 405 855 1978 923; baseline -0.004 -10"><span class='ocrx_word' id='word_1_63' title='bbox 405 861 640 913; x_wconf 63' lang='lat' dir='ltr'><strong>veniisset</strong></span> <span class='ocrx_word' id='word_1_64' title='bbox 694 860 744 913; x_wconf 90' lang='lat' dir='ltr'><strong>in</strong></span> <span class='ocrx_word' id='word_1_65' title='bbox 795 859 1088 923; x_wconf 80' lang='lat' dir='ltr'><strong>desertum,</strong></span> <span class='ocrx_word' id='word_1_66' title='bbox 1141 858 1339 912; x_wconf 80' lang='lat' dir='ltr'><strong>dicitur</strong></span> <span class='ocrx_word' id='word_1_67' title='bbox 1385 856 1682 912; x_wconf 80' lang='lat' dir='ltr'><strong>numerari.</strong></span> <span class='ocrx_word' id='word_1_68' title='bbox 1731 855 1978 909; x_wconf 82' lang='lat' dir='ltr'><strong>Nondum</strong></span> 
     </span>
    </p>
   </div>
   <div class='ocr_carea' id='block_1_11' title="bbox 403 948 1980 1014">
    <p class='ocr_par' dir='ltr' id='par_1_11' title="bbox 403 948 1980 1014">
     <span class='ocr_line' id='line_1_11' title="bbox 403 948 1980 1014; baseline -0.003 -10"><span class='ocrx_word' id='word_1_69' title='bbox 403 953 548 1004; x_wconf 89' lang='lat' dir='ltr'><strong>enim</strong></span> <span class='ocrx_word' id='word_1_70' title='bbox 576 951 790 1013; x_wconf 84' lang='lat' dir='ltr'><strong>tentati,</strong></span> <span class='ocrx_word' id='word_1_71' title='bbox 842 951 1078 1004; x_wconf 89' lang='lat' dir='ltr'><strong>nondum</strong></span> <span class='ocrx_word' id='word_1_72' title='bbox 1103 950 1250 1004; x_wconf 88' lang='lat' dir='ltr'><strong>enim</strong></span> <span class='ocrx_word' id='word_1_73' title='bbox 1280 949 1494 1004; x_wconf 80' lang='lat' dir='ltr'><strong>fuerant</strong></span> <span class='ocrx_word' id='word_1_74' title='bbox 1519 950 1588 1003; x_wconf 83' lang='lat' dir='ltr'><strong>ab</strong></span> <span class='ocrx_word' id='word_1_75' title='bbox 1626 948 1980 1014; x_wconf 82' lang='lat' dir='ltr'><strong>hosteimpu-</strong></span> 
     </span>
    </p>
   </div>
   <div class='ocr_carea' id='block_1_12' title="bbox 402 1037 1980 1110">
    <p class='ocr_par' dir='ltr' id='par_1_12' title="bbox 402 1037 1980 1110">
     <span class='ocr_line' id='line_1_12' title="bbox 402 1037 1980 1110; baseline -0.001 -18"><span class='ocrx_word' id='word_1_76' title='bbox 402 1041 570 1109; x_wconf 81' lang='lat' dir='ltr'><strong>gnati.</strong></span> <span class='ocrx_word' id='word_1_77' title='bbox 618 1038 930 1110; x_wconf 58' lang='lat' dir='ltr'><strong>(buﬁigunt</strong></span> <span class='ocrx_word' id='word_1_78' title='bbox 975 1040 1121 1094; x_wconf 88' lang='lat' dir='ltr'><strong>cnim</strong></span> <span class='ocrx_word' id='word_1_79' title='bbox 1175 1040 1438 1094; x_wconf 83' lang='lat' dir='ltr'><strong>adversus</strong></span> <span class='ocrx_word' id='word_1_80' title='bbox 1488 1038 1708 1092; x_wconf 79' lang='lat' dir='ltr'><strong>Amalec</strong></span> <span class='ocrx_word' id='word_1_81' title='bbox 1753 1044 1810 1092; x_wconf 91' lang='lat' dir='ltr'><strong>et</strong></span> <span class='ocrx_word' id='word_1_82' title='bbox 1857 1037 1980 1090; x_wconf 88' lang='lat' dir='ltr'><strong>vin-</strong></span> 
     </span>
    </p>
   </div>
   <div class='ocr_carea' id='block_1_13' title="bbox 404 1129 1978 1198">
    <p class='ocr_par' dir='ltr' id='par_1_13' title="bbox 404 1129 1978 1198">
     <span class='ocr_line' id='line_1_13' title="bbox 404 1129 1978 1198; baseline -0.001 -16"><span class='ocrx_word' id='word_1_83' title='bbox 404 1139 560 1192; x_wconf 84' lang='lat' dir='ltr'><strong>cunt,</strong></span> <span class='ocrx_word' id='word_1_84' title='bbox 620 1131 713 1184; x_wconf 84' lang='lat' dir='ltr'><strong>sed</strong></span> <span class='ocrx_word' id='word_1_85' title='bbox 769 1145 870 1184; x_wconf 85' lang='lat' dir='ltr'><strong>nec</strong></span> <span class='ocrx_word' id='word_1_86' title='bbox 933 1138 1062 1183; x_wconf 86' lang='lat' dir='ltr'><strong>tunc</strong></span> <span class='ocrx_word' id='word_1_87' title='bbox 1114 1129 1335 1198; x_wconf 79' lang='lat' dir='ltr'><strong>quidem</strong></span> <span class='ocrx_word' id='word_1_88' title='bbox 1385 1136 1746 1183; x_wconf 76' lang='lat' dir='ltr'><strong>numerantur</strong></span> <span class='ocrx_word' id='word_1_89' title='bbox 1801 1145 1812 1179; x_wconf 94' lang='lat'>:</span> <span class='ocrx_word' id='word_1_90' title='bbox 1872 1141 1978 1180; x_wconf 83' lang='lat' dir='ltr'><strong>non</strong></span> 
     </span>
    </p>
   </div>
   <div class='ocr_carea' id='block_1_14' title="bbox 403 1216 1979 1287">
    <p class='ocr_par' dir='ltr' id='par_1_14' title="bbox 403 1216 1979 1287">
     <span class='ocr_line' id='line_1_14' title="bbox 403 1216 1979 1287; baseline -0.003 -13"><span class='ocrx_word' id='word_1_91' title='bbox 403 1221 546 1274; x_wconf 84' lang='lat' dir='ltr'><strong>enim</strong></span> <span class='ocrx_word' id='word_1_92' title='bbox 577 1219 774 1273; x_wconf 81' lang='lat' dir='ltr'><strong>suliicit</strong></span> <span class='ocrx_word' id='word_1_93' title='bbox 815 1220 883 1273; x_wconf 84' lang='lat' dir='ltr'><strong>ad</strong></span> <span class='ocrx_word' id='word_1_94' title='bbox 934 1217 1320 1287; x_wconf 87' lang='lat' dir='ltr'><strong>perfectionem</strong></span> <span class='ocrx_word' id='word_1_95' title='bbox 1363 1217 1603 1272; x_wconf 83' lang='lat' dir='ltr'><strong>tendenti</strong></span> <span class='ocrx_word' id='word_1_96' title='bbox 1642 1232 1748 1270; x_wconf 79' lang='lat' dir='ltr'><strong>una</strong></span> <span class='ocrx_word' id='word_1_97' title='bbox 1801 1216 1979 1270; x_wconf 86' lang='lat' dir='ltr'><strong>victo-</strong></span> 
     </span>
    </p>
   </div>
   <div class='ocr_carea' id='block_1_15' title="bbox 397 1309 1981 1379">
    <p class='ocr_par' dir='ltr' id='par_1_15' title="bbox 397 1309 1981 1379">
     <span class='ocr_line' id='line_1_15' title="bbox 397 1309 1981 1379; baseline -0.001 -13"><span class='ocrx_word' id='word_1_98' title='bbox 397 1316 503 1366; x_wconf 80' lang='lat' dir='ltr'><strong>ria.</strong></span> <span class='ocrx_word' id='word_1_99' title='bbox 558 1313 746 1365; x_wconf 84' lang='lat' dir='ltr'><strong>Manna</strong></span> <span class='ocrx_word' id='word_1_100' title='bbox 786 1310 1058 1379; x_wconf 85' lang='lat' dir='ltr'><strong>accipiunt</strong></span> <span class='ocrx_word' id='word_1_101' title='bbox 1090 1310 1301 1374; x_wconf 80' lang='lat' dir='ltr'><strong>cibum,</strong></span> <span class='ocrx_word' id='word_1_102' title='bbox 1349 1317 1405 1364; x_wconf 91' lang='lat' dir='ltr'><strong>et</strong></span> <span class='ocrx_word' id='word_1_103' title='bbox 1432 1325 1587 1379; x_wconf 70' lang='lat' dir='ltr'><strong>aqua:</strong></span> <span class='ocrx_word' id='word_1_104' title='bbox 1627 1311 1885 1378; x_wconf 70' lang='lat' dir='ltr'><strong>penatum</strong></span> <span class='ocrx_word' id='word_1_105' title='bbox 1911 1309 1981 1364; x_wconf 88' lang='lat' dir='ltr'><strong>de</strong></span> 
     </span>
    </p>
   </div>
   <div class='ocr_carea' id='block_1_16' title="bbox 401 1399 1980 1472">
    <p class='ocr_par' dir='ltr' id='par_1_16' title="bbox 401 1399 1980 1472">
     <span class='ocr_line' id='line_1_16' title="bbox 401 1399 1980 1472; baseline -0.003 -15"><span class='ocrx_word' id='word_1_106' title='bbox 401 1411 555 1472; x_wconf 81' lang='lat' dir='ltr'><strong>petra</strong></span> <span class='ocrx_word' id='word_1_107' title='bbox 585 1400 833 1470; x_wconf 78' lang='lat' dir='ltr'><strong>sequenti</strong></span> <span class='ocrx_word' id='word_1_108' title='bbox 869 1399 1129 1454; x_wconf 78' lang='lat' dir='ltr'><strong>hauriunt</strong></span> <span class='ocrx_word' id='word_1_109' title='bbox 1156 1440 1170 1463; x_wconf 93' lang='lat'><strong>,</strong></span> <span class='ocrx_word' id='word_1_110' title='bbox 1203 1399 1300 1454; x_wconf 88' lang='lat' dir='ltr'><strong>sed</strong></span> <span class='ocrx_word' id='word_1_111' title='bbox 1337 1413 1512 1469; x_wconf 84' lang='lat' dir='ltr'><strong>neque</strong></span> <span class='ocrx_word' id='word_1_112' title='bbox 1537 1406 1668 1454; x_wconf 82' lang='lat' dir='ltr'><strong>tunc</strong></span> <span class='ocrx_word' id='word_1_113' title='bbox 1690 1415 1980 1454; x_wconf 80' lang='lat' dir='ltr'><strong>numeran-</strong></span> 
     </span>
    </p>
   </div>
   <div class='ocr_carea' id='block_1_17' title="bbox 403 1492 1979 1562">
    <p class='ocr_par' dir='ltr' id='par_1_17' title="bbox 403 1492 1979 1562">
     <span class='ocr_line' id='line_1_17' title="bbox 403 1492 1979 1562; baseline 0 -12"><span class='ocrx_word' id='word_1_114' title='bbox 403 1507 528 1550; x_wconf 74' lang='lat' dir='ltr'><strong>tur:</strong></span> <span class='ocrx_word' id='word_1_115' title='bbox 555 1495 792 1549; x_wconf 88' lang='lat' dir='ltr'><strong>nondum</strong></span> <span class='ocrx_word' id='word_1_116' title='bbox 818 1494 963 1547; x_wconf 85' lang='lat' dir='ltr'><strong>enim</strong></span> <span class='ocrx_word' id='word_1_117' title='bbox 983 1493 1036 1546; x_wconf 91' lang='lat' dir='ltr'><strong>in</strong></span> <span class='ocrx_word' id='word_1_118' title='bbox 1053 1492 1136 1546; x_wconf 85' lang='lat' dir='ltr'><strong>bis</strong></span> <span class='ocrx_word' id='word_1_119' title='bbox 1162 1508 1226 1546; x_wconf 83' lang='lat' dir='ltr'><strong>ea</strong></span> <span class='ocrx_word' id='word_1_120' title='bbox 1241 1507 1361 1562; x_wconf 64' lang='lat' dir='ltr'><strong>qua:</strong></span> <span class='ocrx_word' id='word_1_121' title='bbox 1373 1493 1617 1548; x_wconf 78' lang='lat' dir='ltr'><strong>numeris</strong></span> <span class='ocrx_word' id='word_1_122' title='bbox 1642 1501 1765 1562; x_wconf 86' lang='lat' dir='ltr'><strong>apta</strong></span> <span class='ocrx_word' id='word_1_123' title='bbox 1789 1494 1979 1550; x_wconf 67' lang='lat' dir='ltr'><strong>dicun-</strong></span> 
     </span>
    </p>
   </div>
   <div class='ocr_carea' id='block_1_18' title="bbox 406 1585 1982 1653">
    <p class='ocr_par' dir='ltr' id='par_1_18' title="bbox 406 1585 1982 1653">
     <span class='ocr_line' id='line_1_18' title="bbox 406 1585 1982 1653; baseline -0.001 -11"><span class='ocrx_word' id='word_1_124' title='bbox 406 1598 513 1653; x_wconf 90' lang='lat' dir='ltr'><strong>tur,</strong></span> <span class='ocrx_word' id='word_1_125' title='bbox 533 1587 903 1641; x_wconf 85' lang='lat' dir='ltr'><strong>.adolcverant.</strong></span> <span class='ocrx_word' id='word_1_126' title='bbox 933 1585 1365 1640; x_wconf 83' lang='lat' dir='ltr'><strong>Tabernaculum</strong></span> <span class='ocrx_word' id='word_1_127' title='bbox 1388 1586 1682 1640; x_wconf 72' lang='lat' dir='ltr'><strong>testimonii</strong></span> <span class='ocrx_word' id='word_1_128' title='bbox 1709 1587 1982 1641; x_wconf 80' lang='lat' dir='ltr'><strong>construi-</strong></span> 
     </span>
    </p>
   </div>
   <div class='ocr_carea' id='block_1_19' title="bbox 398 1675 1980 1748">
    <p class='ocr_par' dir='ltr' id='par_1_19' title="bbox 398 1675 1980 1748">
     <span class='ocr_line' id='line_1_19' title="bbox 398 1675 1980 1748; baseline 0 -16"><span class='ocrx_word' id='word_1_129' title='bbox 398 1687 511 1744; x_wconf 79' lang='lat' dir='ltr'><strong>tur,</strong></span> <span class='ocrx_word' id='word_1_130' title='bbox 538 1678 631 1732; x_wconf 87' lang='lat' dir='ltr'><strong>sed</strong></span> <span class='ocrx_word' id='word_1_131' title='bbox 662 1691 762 1731; x_wconf 89' lang='lat' dir='ltr'><strong>nec</strong></span> <span class='ocrx_word' id='word_1_132' title='bbox 803 1677 875 1730; x_wconf 86' lang='lat' dir='ltr'><strong>ibi</strong></span> <span class='ocrx_word' id='word_1_133' title='bbox 930 1675 1149 1744; x_wconf 86' lang='lat' dir='ltr'><strong>quidem</strong></span> <span class='ocrx_word' id='word_1_134' title='bbox 1206 1675 1526 1730; x_wconf 87' lang='lat' dir='ltr'><strong>numerandi</strong></span> <span class='ocrx_word' id='word_1_135' title='bbox 1555 1676 1737 1746; x_wconf 82' lang='lat' dir='ltr'><strong>populi</strong></span> <span class='ocrx_word' id='word_1_136' title='bbox 1765 1685 1980 1748; x_wconf 91' lang='lat' dir='ltr'><strong>tempus</strong></span> 
     </span>
    </p>
   </div>
   <div class='ocr_carea' id='block_1_20' title="bbox 2075 493 3655 565">
    <p class='ocr_par' dir='ltr' id='par_1_20' title="bbox 2075 493 3655 565">
     <span class='ocr_line' id='line_1_20' title="bbox 2075 493 3655 565; baseline 0.003 -17"><span class='ocrx_word' id='word_1_137' title='bbox 2075 495 2220 549; x_wconf 74' lang='lat' dir='ltr'><strong>rexit</strong></span> <span class='ocrx_word' id='word_1_138' title='bbox 2264 495 2515 565; x_wconf 87' lang='lat' dir='ltr'><strong>populum</strong></span> <span class='ocrx_word' id='word_1_139' title='bbox 2563 496 2656 565; x_wconf 88' lang='lat' dir='ltr'><strong>qui</strong></span> <span class='ocrx_word' id='word_1_140' title='bbox 2703 496 2843 550; x_wconf 87' lang='lat' dir='ltr'><strong>intra</strong></span> <span class='ocrx_word' id='word_1_141' title='bbox 2873 511 2932 552; x_wconf 84' lang='lat' dir='ltr'><strong>se</strong></span> <span class='ocrx_word' id='word_1_142' title='bbox 2975 505 3080 561; x_wconf 82' lang='lat' dir='ltr'><strong>est,</strong></span> <span class='ocrx_word' id='word_1_143' title='bbox 3110 493 3322 550; x_wconf 83' lang='lat' dir='ltr'><strong>scilicet</strong></span> <span class='ocrx_word' id='word_1_144' title='bbox 3367 496 3563 552; x_wconf 86' lang='lat' dir='ltr'><strong>mentis</strong></span> <span class='ocrx_word' id='word_1_145' title='bbox 3594 507 3655 552; x_wconf 86' lang='lat' dir='ltr'><strong>et</strong></span> 
     </span>
    </p>
   </div>
   <div class='ocr_carea' id='block_1_21' title="bbox 2077 585 3650 656">
    <p class='ocr_par' dir='ltr' id='par_1_21' title="bbox 2077 585 3650 656">
     <span class='ocr_line' id='line_1_21' title="bbox 2077 585 3650 656; baseline 0.001 -16"><span class='ocrx_word' id='word_1_146' title='bbox 2077 586 2465 656; x_wconf 71' lang='lat' dir='ltr'><strong>cogitationum</strong></span> <span class='ocrx_word' id='word_1_147' title='bbox 2510 587 2710 642; x_wconf 79' lang='lat' dir='ltr'><strong>cordis.</strong></span> <span class='ocrx_word' id='word_1_148' title='bbox 2774 585 2880 642; x_wconf 89' lang='lat' dir='ltr'><strong>Sed</strong></span> <span class='ocrx_word' id='word_1_149' title='bbox 2937 594 2996 640; x_wconf 88' lang='lat' dir='ltr'><strong>et</strong></span> <span class='ocrx_word' id='word_1_150' title='bbox 3050 585 3286 656; x_wconf 74' lang='lat' dir='ltr'><strong>singulis</strong></span> <span class='ocrx_word' id='word_1_151' title='bbox 3341 585 3650 656; x_wconf 80' lang='lat' dir='ltr'><strong>quibusque</strong></span> 
     </span>
    </p>
   </div>
   <div class='ocr_carea' id='block_1_22' title="bbox 2073 675 3656 746">
    <p class='ocr_par' dir='ltr' id='par_1_22' title="bbox 2073 675 3656 746">
     <span class='ocr_line' id='line_1_22' title="bbox 2073 675 3656 746; baseline -0.001 -15"><span class='ocrx_word' id='word_1_152' title='bbox 2073 675 2326 732; x_wconf 81' lang='lat' dir='ltr'><strong>tribubus</strong></span> <span class='ocrx_word' id='word_1_153' title='bbox 2367 677 2744 746; x_wconf 72' lang='lat' dir='ltr'><strong>unusquisque</strong></span> <span class='ocrx_word' id='word_1_154' title='bbox 2795 676 3093 732; x_wconf 85' lang='lat' dir='ltr'><strong>sociabitur</strong></span> <span class='ocrx_word' id='word_1_155' title='bbox 3143 689 3244 745; x_wconf 85' lang='lat' dir='ltr'><strong>pro</strong></span> <span class='ocrx_word' id='word_1_156' title='bbox 3290 675 3378 730; x_wconf 88' lang='lat' dir='ltr'><strong>bis</strong></span> <span class='ocrx_word' id='word_1_157' title='bbox 3425 691 3547 745; x_wconf 68' lang='lat' dir='ltr'><strong>quae</strong></span> <span class='ocrx_word' id='word_1_158' title='bbox 3587 679 3656 730; x_wconf 75' lang='lat' dir='ltr'><strong>ad</strong></span> 
     </span>
    </p>
   </div>
   <div class='ocr_carea' id='block_1_23' title="bbox 2075 766 3652 836">
    <p class='ocr_par' dir='ltr' id='par_1_23' title="bbox 2075 766 3652 836">
     <span class='ocr_line' id='line_1_23' title="bbox 2075 766 3652 836; baseline -0.001 -15"><span class='ocrx_word' id='word_1_159' title='bbox 2075 781 2510 836; x_wconf 77' lang='lat' dir='ltr'><strong>unamquamque</strong></span> <span class='ocrx_word' id='word_1_160' title='bbox 2528 781 2726 822; x_wconf 81' lang='lat' dir='ltr'><strong>carum</strong></span> <span class='ocrx_word' id='word_1_161' title='bbox 2763 767 2848 822; x_wconf 90' lang='lat' dir='ltr'><strong>vel</strong></span> <span class='ocrx_word' id='word_1_162' title='bbox 2889 767 2946 821; x_wconf 91' lang='lat' dir='ltr'><strong>in</strong></span> <span class='ocrx_word' id='word_1_163' title='bbox 2989 766 3202 822; x_wconf 85' lang='lat' dir='ltr'><strong>actibus</strong></span> <span class='ocrx_word' id='word_1_164' title='bbox 3229 775 3459 836; x_wconf 83' lang='lat' dir='ltr'><strong>cognata</strong></span> <span class='ocrx_word' id='word_1_165' title='bbox 3491 767 3572 820; x_wconf 90' lang='lat' dir='ltr'><strong>vel</strong></span> <span class='ocrx_word' id='word_1_166' title='bbox 3598 767 3652 820; x_wconf 86' lang='lat' dir='ltr'><strong>in</strong></span> 
     </span>
    </p>
   </div>
   <div class='ocr_carea' id='block_1_24' title="bbox 2072 855 3656 927">
    <p class='ocr_par' dir='ltr' id='par_1_24' title="bbox 2072 855 3656 927">
     <span class='ocr_line' id='line_1_24' title="bbox 2072 855 3656 927; baseline -0.003 -15"><span class='ocrx_word' id='word_1_167' title='bbox 2072 857 2320 912; x_wconf 69' lang='lat' dir='ltr'><strong>itionibus</strong></span> <span class='ocrx_word' id='word_1_168' title='bbox 2350 857 2555 912; x_wconf 72' lang='lat' dir='ltr'><strong>imbuit.</strong></span> <span class='ocrx_word' id='word_1_169' title='bbox 2588 857 2762 912; x_wconf 79' lang='lat' dir='ltr'><strong>Erunt</strong></span> <span class='ocrx_word' id='word_1_170' title='bbox 2793 872 2923 927; x_wconf 85' lang='lat' dir='ltr'><strong>ergo</strong></span> <span class='ocrx_word' id='word_1_171' title='bbox 2961 855 3268 925; x_wconf 77' lang='lat' dir='ltr'><strong>huiusmodi</strong></span> <span class='ocrx_word' id='word_1_172' title='bbox 3301 857 3519 926; x_wconf 83' lang='lat' dir='ltr'><strong>quidem</strong></span> <span class='ocrx_word' id='word_1_173' title='bbox 3567 871 3656 910; x_wconf 87' lang='lat' dir='ltr'><strong>or-</strong></span> 
     </span>
    </p>
   </div>
   <div class='ocr_carea' id='block_1_25' title="bbox 2075 946 3661 1018">
    <p class='ocr_par' dir='ltr' id='par_1_25' title="bbox 2075 946 3661 1018">
     <span class='ocr_line' id='line_1_25' title="bbox 2075 946 3661 1018; baseline -0.001 -14"><span class='ocrx_word' id='word_1_174' title='bbox 2075 948 2232 1004; x_wconf 82' lang='lat' dir='ltr'><strong>dines</strong></span> <span class='ocrx_word' id='word_1_175' title='bbox 2275 949 2334 1003; x_wconf 82' lang='lat' dir='ltr'><strong>in</strong></span> <span class='ocrx_word' id='word_1_176' title='bbox 2383 949 2781 1004; x_wconf 82' lang='lat' dir='ltr'><strong>resurrectione</strong></span> <span class='ocrx_word' id='word_1_177' title='bbox 2828 957 3184 1012; x_wconf 89' lang='lat' dir='ltr'><strong>mortuorum,</strong></span> <span class='ocrx_word' id='word_1_178' title='bbox 3226 946 3365 1002; x_wconf 88' lang='lat' dir='ltr'><strong>sicut</strong></span> <span class='ocrx_word' id='word_1_179' title='bbox 3413 947 3661 1018; x_wconf 77' lang='lat' dir='ltr'><strong>designat</strong></span> 
     </span>
    </p>
   </div>
   <div class='ocr_carea' id='block_1_26' title="bbox 2077 1036 3662 1109">
    <p class='ocr_par' dir='ltr' id='par_1_26' title="bbox 2077 1036 3662 1109">
     <span class='ocr_line' id='line_1_26' title="bbox 2077 1036 3662 1109; baseline -0.003 -15"><span class='ocrx_word' id='word_1_180' title='bbox 2077 1039 2385 1109; x_wconf 77' lang='lat' dir='ltr'><strong>Apostolus.</strong></span> <span class='ocrx_word' id='word_1_181' title='bbox 2441 1040 2680 1104; x_wconf 80' lang='lat' dir='ltr'><strong>Quorum</strong></span> <span class='ocrx_word' id='word_1_182' title='bbox 2728 1038 2978 1093; x_wconf 78' lang='lat' dir='ltr'><strong>ordinum</strong></span> <span class='ocrx_word' id='word_1_183' title='bbox 3006 1046 3162 1108; x_wconf 81' lang='lat' dir='ltr'><strong>typus</strong></span> <span class='ocrx_word' id='word_1_184' title='bbox 3204 1036 3261 1091; x_wconf 90' lang='lat' dir='ltr'><strong>in</strong></span> <span class='ocrx_word' id='word_1_185' title='bbox 3305 1037 3408 1091; x_wconf 88' lang='lat' dir='ltr'><strong>hoc</strong></span> <span class='ocrx_word' id='word_1_186' title='bbox 3436 1037 3574 1091; x_wconf 89' lang='lat' dir='ltr'><strong>libro</strong></span> <span class='ocrx_word' id='word_1_187' title='bbox 3605 1045 3662 1091; x_wconf 90' lang='lat' dir='ltr'><strong>et</strong></span> 
     </span>
    </p>
   </div>
   <div class='ocr_carea' id='block_1_27' title="bbox 2081 1126 3660 1201">
    <p class='ocr_par' dir='ltr' id='par_1_27' title="bbox 2081 1126 3660 1201">
     <span class='ocr_line' id='line_1_27' title="bbox 2081 1126 3660 1201; baseline -0.004 -16"><span class='ocrx_word' id='word_1_188' title='bbox 2081 1131 2251 1201; x_wconf 89' lang='lat' dir='ltr'><strong>ﬁgura</strong></span> <span class='ocrx_word' id='word_1_189' title='bbox 2279 1128 2615 1200; x_wconf 71' lang='lat' dir='ltr'><strong>przeformari</strong></span> <span class='ocrx_word' id='word_1_190' title='bbox 2670 1127 2801 1182; x_wconf 87' lang='lat' dir='ltr'><strong>mihi</strong></span> <span class='ocrx_word' id='word_1_191' title='bbox 2830 1128 3062 1182; x_wconf 90' lang='lat' dir='ltr'><strong>videtur.</strong></span> <span class='ocrx_word' id='word_1_192' title='bbox 3095 1127 3222 1181; x_wconf 67' lang='lat' dir='ltr'><strong>ilrec</strong></span> <span class='ocrx_word' id='word_1_193' title='bbox 3257 1141 3286 1179; x_wconf 90' lang='lat' dir='ltr'><strong>a</strong></span> <span class='ocrx_word' id='word_1_194' title='bbox 3311 1126 3468 1182; x_wconf 87' lang='lat' dir='ltr'><strong>uobis</strong></span> <span class='ocrx_word' id='word_1_195' title='bbox 3495 1140 3660 1195; x_wconf 85' lang='lat' dir='ltr'><strong>gene-</strong></span> 
     </span>
    </p>
   </div>
   <div class='ocr_carea' id='block_1_28' title="bbox 2077 1213 3660 1285">
    <p class='ocr_par' dir='ltr' id='par_1_28' title="bbox 2077 1213 3660 1285">
     <span class='ocr_line' id='line_1_28' title="bbox 2077 1213 3660 1285; baseline -0.006 -8"><span class='ocrx_word' id='word_1_196' title='bbox 2077 1223 2266 1277; x_wconf 88' lang='lat' dir='ltr'><strong>raliter</strong></span> <span class='ocrx_word' id='word_1_197' title='bbox 2295 1221 2534 1276; x_wconf 87' lang='lat' dir='ltr'><strong>indicata</strong></span> <span class='ocrx_word' id='word_1_198' title='bbox 2577 1229 2725 1285; x_wconf 89' lang='lat' dir='ltr'><strong>sunt,</strong></span> <span class='ocrx_word' id='word_1_199' title='bbox 2755 1218 3060 1274; x_wconf 88' lang='lat' dir='ltr'><strong>volentibus</strong></span> <span class='ocrx_word' id='word_1_200' title='bbox 3097 1217 3262 1272; x_wconf 85' lang='lat' dir='ltr'><strong>totius</strong></span> <span class='ocrx_word' id='word_1_201' title='bbox 3309 1216 3452 1271; x_wconf 81' lang='lat' dir='ltr'><strong>sacri</strong></span> <span class='ocrx_word' id='word_1_202' title='bbox 3498 1213 3660 1283; x_wconf 84' lang='lat' dir='ltr'><strong>hujus</strong></span> 
     </span>
    </p>
   </div>
   <div class='ocr_carea' id='block_1_29' title="bbox 2077 1308 3661 1380">
    <p class='ocr_par' dir='ltr' id='par_1_29' title="bbox 2077 1308 3661 1380">
     <span class='ocr_line' id='line_1_29' title="bbox 2077 1308 3661 1380; baseline -0.005 -11"><span class='ocrx_word' id='word_1_203' title='bbox 2077 1313 2367 1370; x_wconf 70' lang='lat' dir='ltr'><strong>voluminis</strong></span> <span class='ocrx_word' id='word_1_204' title='bbox 2391 1311 2778 1368; x_wconf 72' lang='lat' dir='ltr'><strong>continentiam</strong></span> <span class='ocrx_word' id='word_1_205' title='bbox 2808 1309 3092 1380; x_wconf 80' lang='lat' dir='ltr'><strong>mysticam</strong></span> <span class='ocrx_word' id='word_1_206' title='bbox 3133 1308 3374 1364; x_wconf 81' lang='lat' dir='ltr'><strong>breviter</strong></span> <span class='ocrx_word' id='word_1_207' title='bbox 3407 1321 3661 1375; x_wconf 69' lang='lat' dir='ltr'><strong>conlpre-</strong></span> 
     </span>
    </p>
   </div>
   <div class='ocr_carea' id='block_1_30' title="bbox 2080 1398 3660 1472">
    <p class='ocr_par' dir='ltr' id='par_1_30' title="bbox 2080 1398 3660 1472">
     <span class='ocr_line' id='line_1_30' title="bbox 2080 1398 3660 1472; baseline -0.009 -8"><span class='ocrx_word' id='word_1_208' title='bbox 2080 1408 2338 1471; x_wconf 85' lang='lat' dir='ltr'><strong>hendere,</strong></span> <span class='ocrx_word' id='word_1_209' title='bbox 2370 1415 2429 1460; x_wconf 91' lang='lat' dir='ltr'><strong>ut</strong></span> <span class='ocrx_word' id='word_1_210' title='bbox 2457 1421 2534 1459; x_wconf 75' lang='lat' dir='ltr'><strong>ex</strong></span> <span class='ocrx_word' id='word_1_211' title='bbox 2563 1405 2647 1458; x_wconf 89' lang='lat' dir='ltr'><strong>bis</strong></span> <span class='ocrx_word' id='word_1_212' title='bbox 2678 1402 3044 1472; x_wconf 74' lang='lat' dir='ltr'><strong>intelligentiae</strong></span> <span class='ocrx_word' id='word_1_213' title='bbox 3077 1399 3336 1470; x_wconf 84' lang='lat' dir='ltr'><strong>spiritalis</strong></span> <span class='ocrx_word' id='word_1_214' title='bbox 3369 1398 3660 1453; x_wconf 80' lang='lat' dir='ltr'><strong>occasione</strong></span> 
     </span>
    </p>
   </div>
   <div class='ocr_carea' id='block_1_31' title="bbox 2079 1493 3660 1566">
    <p class='ocr_par' dir='ltr' id='par_1_31' title="bbox 2079 1493 3660 1566">
     <span class='ocr_line' id='line_1_31' title="bbox 2079 1493 3660 1566; baseline -0.006 -14"><span class='ocrx_word' id='word_1_215' title='bbox 2079 1504 2328 1566; x_wconf 66' lang='lat' dir='ltr'><strong>suscqrta</strong></span> <span class='ocrx_word' id='word_1_216' title='bbox 2354 1535 2374 1559; x_wconf 88' lang='lat'><strong>,</strong></span> <span class='ocrx_word' id='word_1_217' title='bbox 2400 1495 2772 1564; x_wconf 87' lang='lat' dir='ltr'><strong>unusquisque</strong></span> <span class='ocrx_word' id='word_1_218' title='bbox 2800 1501 2856 1548; x_wconf 88' lang='lat' dir='ltr'><strong>et</strong></span> <span class='ocrx_word' id='word_1_219' title='bbox 2889 1495 2940 1548; x_wconf 89' lang='lat' dir='ltr'><strong>in</strong></span> <span class='ocrx_word' id='word_1_220' title='bbox 2987 1493 3212 1563; x_wconf 80' lang='lat' dir='ltr'><strong>reliquis</strong></span> <span class='ocrx_word' id='word_1_221' title='bbox 3257 1493 3510 1554; x_wconf 77' lang='lat' dir='ltr'><strong>similem,</strong></span> <span class='ocrx_word' id='word_1_222' title='bbox 3563 1499 3660 1544; x_wconf 79' lang='lat' dir='ltr'><strong>aut</strong></span> 
     </span>
    </p>
   </div>
   <div class='ocr_carea' id='block_1_32' title="bbox 2080 1585 3658 1655">
    <p class='ocr_par' dir='ltr' id='par_1_32' title="bbox 2080 1585 3658 1655">
     <span class='ocr_line' id='line_1_32' title="bbox 2080 1585 3658 1655; baseline -0.004 -12"><span class='ocrx_word' id='word_1_223' title='bbox 2080 1588 2244 1643; x_wconf 83' lang='lat' dir='ltr'><strong>etiam</strong></span> <span class='ocrx_word' id='word_1_224' title='bbox 2269 1587 2316 1642; x_wconf 89' lang='lat' dir='ltr'><strong>si</strong></span> <span class='ocrx_word' id='word_1_225' title='bbox 2333 1588 2419 1642; x_wconf 91' lang='lat' dir='ltr'><strong>cui</strong></span> <span class='ocrx_word' id='word_1_226' title='bbox 2441 1586 2670 1654; x_wconf 80' lang='lat' dir='ltr'><strong>amplius</strong></span> <span class='ocrx_word' id='word_1_227' title='bbox 2699 1585 2840 1640; x_wconf 90' lang='lat' dir='ltr'><strong>Deus</strong></span> <span class='ocrx_word' id='word_1_228' title='bbox 2865 1585 3093 1652; x_wconf 70' lang='lat' dir='ltr'><strong>revelat,</strong></span> <span class='ocrx_word' id='word_1_229' title='bbox 3117 1585 3456 1655; x_wconf 81' lang='lat' dir='ltr'><strong>superiorem</strong></span> <span class='ocrx_word' id='word_1_230' title='bbox 3481 1592 3658 1637; x_wconf 69' lang='lat' dir='ltr'><strong>etes-</strong></span> 
     </span>
    </p>
   </div>
   <div class='ocr_carea' id='block_1_33' title="bbox 2081 1672 3660 1746">
    <p class='ocr_par' dir='ltr' id='par_1_33' title="bbox 2081 1672 3660 1746">
     <span class='ocr_line' id='line_1_33' title="bbox 2081 1672 3660 1746; baseline -0.005 -12"><span class='ocrx_word' id='word_1_231' title='bbox 2081 1679 2362 1734; x_wconf 86' lang='lat' dir='ltr'><strong>celsiorem</strong></span> <span class='ocrx_word' id='word_1_232' title='bbox 2391 1683 2746 1746; x_wconf 79' lang='lat' dir='ltr'><strong>persequatur</strong></span> <span class='ocrx_word' id='word_1_233' title='bbox 2774 1675 3100 1746; x_wconf 79' lang='lat' dir='ltr'><strong>indaginem.</strong></span> <span class='ocrx_word' id='word_1_234' title='bbox 3150 1672 3257 1728; x_wconf 86' lang='lat' dir='ltr'><strong>Sed</strong></span> <span class='ocrx_word' id='word_1_235' title='bbox 3282 1687 3349 1727; x_wconf 89' lang='lat' dir='ltr'><strong>ne</strong></span> <span class='ocrx_word' id='word_1_236' title='bbox 3380 1672 3660 1726; x_wconf 79' lang='lat' dir='ltr'><strong>videamur</strong></span> 
     </span>
    </p>
   </div>
   <div class='ocr_carea' id='block_1_34' title="bbox 405 1759 3657 1840">
    <p class='ocr_par' dir='ltr' id='par_1_34' title="bbox 405 1759 3657 1840">
     <span class='ocr_line' id='line_1_34' title="bbox 405 1759 3657 1840; baseline -0.003 -17"><span class='ocrx_word' id='word_1_237' title='bbox 405 1770 640 1824; x_wconf 85' lang='lat' dir='ltr'><strong>advenit.</strong></span> <span class='ocrx_word' id='word_1_238' title='bbox 667 1769 779 1822; x_wconf 83' lang='lat' dir='ltr'><strong>Lex</strong></span> <span class='ocrx_word' id='word_1_239' title='bbox 817 1783 914 1837; x_wconf 88' lang='lat' dir='ltr'><strong>per</strong></span> <span class='ocrx_word' id='word_1_240' title='bbox 939 1766 1154 1837; x_wconf 82' lang='lat' dir='ltr'><strong>Moysen</strong></span> <span class='ocrx_word' id='word_1_241' title='bbox 1203 1767 1384 1831; x_wconf 87' lang='lat' dir='ltr'><strong>datur,</strong></span> <span class='ocrx_word' id='word_1_242' title='bbox 1438 1767 1828 1822; x_wconf 79' lang='lat' dir='ltr'><strong>sacriﬁciorum</strong></span> <span class='ocrx_word' id='word_1_243' title='bbox 1860 1782 1978 1823; x_wconf 91' lang='lat' dir='ltr'><strong>mos</strong></span> <span class='ocrx_word' id='word_1_244' title='bbox 2008 1759 2053 1818; x_wconf 88' lang='grc' dir='ltr'><strong>Β</strong></span> <span class='ocrx_word' id='word_1_245' title='bbox 2081 1772 2227 1840; x_wconf 83' lang='lat' dir='ltr'><strong>ipsas</strong></span> <span class='ocrx_word' id='word_1_246' title='bbox 2257 1767 2680 1839; x_wconf 86' lang='lat' dir='ltr'><strong>signiﬁcationes</strong></span> <span class='ocrx_word' id='word_1_247' title='bbox 2730 1765 2966 1820; x_wconf 87' lang='lat' dir='ltr'><strong>tribuum</strong></span> <span class='ocrx_word' id='word_1_248' title='bbox 2992 1779 3057 1819; x_wconf 89' lang='lat' dir='ltr'><strong>ac</strong></span> <span class='ocrx_word' id='word_1_249' title='bbox 3097 1763 3317 1818; x_wconf 88' lang='lat' dir='ltr'><strong>nomina</strong></span> <span class='ocrx_word' id='word_1_250' title='bbox 3352 1761 3657 1830; x_wconf 77' lang='lat' dir='ltr'><strong>principum</strong></span> 
     </span>
    </p>
   </div>
   <div class='ocr_carea' id='block_1_35' title="bbox 403 1855 1984 1928">
    <p class='ocr_par' dir='ltr' id='par_1_35' title="bbox 403 1855 1984 1928">
     <span class='ocr_line' id='line_1_35' title="bbox 403 1855 1984 1928; baseline -0.003 -13"><span class='ocrx_word' id='word_1_251' title='bbox 403 1860 656 1922; x_wconf 80' lang='lat' dir='ltr'><strong>traditur,</strong></span> <span class='ocrx_word' id='word_1_252' title='bbox 685 1857 1125 1928; x_wconf 85' lang='lat' dir='ltr'><strong>puriﬁcationum</strong></span> <span class='ocrx_word' id='word_1_253' title='bbox 1154 1855 1290 1910; x_wconf 85' lang='lat' dir='ltr'><strong>ritus</strong></span> <span class='ocrx_word' id='word_1_254' title='bbox 1325 1857 1569 1919; x_wconf 88' lang='lat' dir='ltr'><strong>docetur,</strong></span> <span class='ocrx_word' id='word_1_255' title='bbox 1597 1857 1984 1912; x_wconf 81' lang='lat' dir='ltr'><strong>sanctiﬁcatio-</strong></span> 
     </span>
    </p>
   </div>
   <div class='ocr_carea' id='block_1_36' title="bbox 393 1947 1978 2019">
    <p class='ocr_par' dir='ltr' id='par_1_36' title="bbox 393 1947 1978 2019">
     <span class='ocr_line' id='line_1_36' title="bbox 393 1947 1978 2019; baseline 0.001 -18"><span class='ocrx_word' id='word_1_256' title='bbox 393 1965 533 2003; x_wconf 85' lang='lat' dir='ltr'><strong>.num</strong></span> <span class='ocrx_word' id='word_1_257' title='bbox 553 1950 706 2019; x_wconf 85' lang='lat' dir='ltr'><strong>leges</strong></span> <span class='ocrx_word' id='word_1_258' title='bbox 747 1957 802 2002; x_wconf 85' lang='lat' dir='ltr'><strong>et</strong></span> <span class='ocrx_word' id='word_1_259' title='bbox 840 1956 1181 2002; x_wconf 86' lang='lat' dir='ltr'><strong>sacramenta</strong></span> <span class='ocrx_word' id='word_1_260' title='bbox 1205 1947 1528 2002; x_wconf 78' lang='lat' dir='ltr'><strong>conduntur.</strong></span> <span class='ocrx_word' id='word_1_261' title='bbox 1562 1947 1822 2002; x_wconf 78' lang='lat' dir='ltr'><strong>Describe</strong></span> <span class='ocrx_word' id='word_1_262' title='bbox 1841 1948 1978 2013; x_wconf 77' lang='lat' dir='ltr'><strong>haec,</strong></span> 
     </span>
    </p>
   </div>
   <div class='ocr_carea' id='block_1_37' title="bbox 385 2035 1984 2106">
    <p class='ocr_par' dir='ltr' id='par_1_37' title="bbox 385 2035 1984 2106">
     <span class='ocr_line' id='line_1_37' title="bbox 385 2035 1984 2106; baseline -0.002 -13"><span class='ocrx_word' id='word_1_263' title='bbox 385 2040 640 2105; x_wconf 71' lang='lat' dir='ltr'><strong>auditor,</strong></span> <span class='ocrx_word' id='word_1_264' title='bbox 674 2039 728 2092; x_wconf 91' lang='lat' dir='ltr'><strong>in</strong></span> <span class='ocrx_word' id='word_1_265' title='bbox 779 2038 941 2092; x_wconf 88' lang='lat' dir='ltr'><strong>corde</strong></span> <span class='ocrx_word' id='word_1_266' title='bbox 971 2047 1062 2092; x_wconf 84' lang='lat' dir='ltr'><strong>tuo</strong></span> <span class='ocrx_word' id='word_1_267' title='bbox 1113 2035 1397 2106; x_wconf 83' lang='lat' dir='ltr'><strong>dupliciter</strong></span> <span class='ocrx_word' id='word_1_268' title='bbox 1421 2044 1480 2090; x_wconf 88' lang='lat' dir='ltr'><strong>et</strong></span> <span class='ocrx_word' id='word_1_269' title='bbox 1516 2037 1820 2106; x_wconf 88' lang='lat' dir='ltr'><strong>tripliciter.</strong></span> <span class='ocrx_word' id='word_1_270' title='bbox 1851 2037 1984 2092; x_wconf 66' lang='lat' dir='ltr'><strong>Vide</strong></span> 
     </span>
    </p>
   </div>
   <div class='ocr_carea' id='block_1_38' title="bbox 384 2128 1984 2204">
    <p class='ocr_par' dir='ltr' id='par_1_38' title="bbox 384 2128 1984 2204">
     <span class='ocr_line' id='line_1_38' title="bbox 384 2128 1984 2204; baseline 0.002 -24"><span class='ocrx_word' id='word_1_271' title='bbox 384 2140 606 2204; x_wconf 74' lang='lat' dir='ltr'><strong>-.-quanta</strong></span> <span class='ocrx_word' id='word_1_272' title='bbox 641 2131 736 2186; x_wconf 88' lang='lat' dir='ltr'><strong>tibi</strong></span> <span class='ocrx_word' id='word_1_273' title='bbox 753 2130 1085 2186; x_wconf 82' lang='lat' dir='ltr'><strong>transeunda</strong></span> <span class='ocrx_word' id='word_1_274' title='bbox 1113 2137 1260 2194; x_wconf 87' lang='lat' dir='ltr'><strong>sunt,</strong></span> <span class='ocrx_word' id='word_1_275' title='bbox 1291 2136 1492 2197; x_wconf 87' lang='lat' dir='ltr'><strong>quanta</strong></span> <span class='ocrx_word' id='word_1_276' title='bbox 1529 2128 1828 2193; x_wconf 85' lang='lat' dir='ltr'><strong>toleranda,</strong></span> <span class='ocrx_word' id='word_1_277' title='bbox 1851 2137 1984 2198; x_wconf 85' lang='lat' dir='ltr'><strong>quot</strong></span> 
     </span>
    </p>
   </div>
   <div class='ocr_carea' id='block_1_39' title="bbox 380 2219 1985 2296">
    <p class='ocr_par' dir='ltr' id='par_1_39' title="bbox 380 2219 1985 2296">
     <span class='ocr_line' id='line_1_39' title="bbox 380 2219 1985 2296; baseline -0.005 -15"><span class='ocrx_word' id='word_1_278' title='bbox 380 2223 848 2296; x_wconf 59' lang='lat' dir='ltr'><strong>gprofectionibus,</strong></span> <span class='ocrx_word' id='word_1_279' title='bbox 879 2230 1012 2292; x_wconf 90' lang='lat' dir='ltr'><strong>quot</strong></span> <span class='ocrx_word' id='word_1_280' title='bbox 1043 2221 1454 2287; x_wconf 73' lang='lat' dir='ltr'><strong>mutationibus,</strong></span> <span class='ocrx_word' id='word_1_281' title='bbox 1486 2228 1618 2290; x_wconf 87' lang='lat' dir='ltr'><strong>quot</strong></span> <span class='ocrx_word' id='word_1_282' title='bbox 1661 2219 1865 2291; x_wconf 81' lang='lat' dir='ltr'><strong>prmliis</strong></span> <span class='ocrx_word' id='word_1_283' title='bbox 1887 2235 1985 2289; x_wconf 87' lang='lat' dir='ltr'><strong>pu-</strong></span> 
     </span>
    </p>
   </div>
   <div class='ocr_carea' id='block_1_40' title="bbox 403 2313 1982 2390">
    <p class='ocr_par' dir='ltr' id='par_1_40' title="bbox 403 2313 1982 2390">
     <span class='ocr_line' id='line_1_40' title="bbox 403 2313 1982 2390; baseline -0.004 -17"><span class='ocrx_word' id='word_1_284' title='bbox 403 2321 679 2390; x_wconf 62' lang='lat' dir='ltr'><strong>gnandum</strong></span> <span class='ocrx_word' id='word_1_285' title='bbox 705 2327 790 2373; x_wconf 83' lang='lat' dir='ltr'><strong>est</strong></span> <span class='ocrx_word' id='word_1_286' title='bbox 825 2318 920 2373; x_wconf 83' lang='lat' dir='ltr'><strong>tibi</strong></span> <span class='ocrx_word' id='word_1_287' title='bbox 949 2325 1004 2373; x_wconf 81' lang='lat' dir='ltr'><strong>et</strong></span> <span class='ocrx_word' id='word_1_288' title='bbox 1031 2317 1354 2373; x_wconf 86' lang='lat' dir='ltr'><strong>vincendum</strong></span> <span class='ocrx_word' id='word_1_289' title='bbox 1379 2357 1394 2381; x_wconf 95' lang='lat'><strong>,</strong></span> <span class='ocrx_word' id='word_1_290' title='bbox 1424 2325 1484 2370; x_wconf 87' lang='lat' dir='ltr'><strong>ut</strong></span> <span class='ocrx_word' id='word_1_291' title='bbox 1531 2317 1711 2387; x_wconf 86' lang='lat' dir='ltr'><strong>possis</strong></span> <span class='ocrx_word' id='word_1_292' title='bbox 1739 2315 1808 2369; x_wconf 80' lang='lat' dir='ltr'><strong>ad</strong></span> <span class='ocrx_word' id='word_1_293' title='bbox 1841 2313 1982 2368; x_wconf 88' lang='lat' dir='ltr'><strong>divi-</strong></span> 
     </span>
    </p>
   </div>
   <div class='ocr_carea' id='block_1_41' title="bbox 383 2404 1984 2477">
    <p class='ocr_par' dir='ltr' id='par_1_41' title="bbox 383 2404 1984 2477">
     <span class='ocr_line' id='line_1_41' title="bbox 383 2404 1984 2477; baseline -0.002 -15"><span class='ocrx_word' id='word_1_294' title='bbox 383 2424 850 2464; x_wconf 69' lang='lat' dir='ltr'><strong>num-numerum</strong></span> <span class='ocrx_word' id='word_1_295' title='bbox 881 2408 1156 2477; x_wconf 81' lang='lat' dir='ltr'><strong>pertinere</strong></span> <span class='ocrx_word' id='word_1_296' title='bbox 1183 2429 1196 2461; x_wconf 86' lang='lat'><strong>:</strong></span> <span class='ocrx_word' id='word_1_297' title='bbox 1225 2417 1286 2461; x_wconf 89' lang='lat' dir='ltr'><strong>ut</strong></span> <span class='ocrx_word' id='word_1_298' title='bbox 1305 2417 1564 2477; x_wconf 86' lang='lat' dir='ltr'><strong>computo</strong></span> <span class='ocrx_word' id='word_1_299' title='bbox 1584 2406 1763 2476; x_wconf 91' lang='lat' dir='ltr'><strong>aliquo</strong></span> <span class='ocrx_word' id='word_1_300' title='bbox 1784 2404 1984 2460; x_wconf 84' lang='lat' dir='ltr'><strong>habea-</strong></span> 
     </span>
    </p>
   </div>
   <div class='ocr_carea' id='block_1_42' title="bbox 404 2493 1983 2568">
    <p class='ocr_par' dir='ltr' id='par_1_42' title="bbox 404 2493 1983 2568">
     <span class='ocr_line' id='line_1_42' title="bbox 404 2493 1983 2568; baseline -0.004 -15"><span class='ocrx_word' id='word_1_301' title='bbox 404 2501 482 2553; x_wconf 83' lang='lat' dir='ltr'><strong>ris</strong></span> <span class='ocrx_word' id='word_1_302' title='bbox 507 2499 647 2568; x_wconf 85' lang='lat' dir='ltr'><strong>apud</strong></span> <span class='ocrx_word' id='word_1_303' title='bbox 671 2497 859 2560; x_wconf 86' lang='lat' dir='ltr'><strong>Deum,</strong></span> <span class='ocrx_word' id='word_1_304' title='bbox 902 2506 961 2550; x_wconf 91' lang='lat' dir='ltr'><strong>ut</strong></span> <span class='ocrx_word' id='word_1_305' title='bbox 1007 2498 1148 2551; x_wconf 88' lang='lat' dir='ltr'><strong>inter</strong></span> <span class='ocrx_word' id='word_1_306' title='bbox 1171 2505 1388 2551; x_wconf 89' lang='lat' dir='ltr'><strong>sanctas</strong></span> <span class='ocrx_word' id='word_1_307' title='bbox 1415 2497 1588 2551; x_wconf 86' lang='lat' dir='ltr'><strong>tribus</strong></span> <span class='ocrx_word' id='word_1_308' title='bbox 1638 2493 1983 2549; x_wconf 78' lang='lat' dir='ltr'><strong>annumerari</strong></span> 
     </span>
    </p>
   </div>
   <div class='ocr_carea' id='block_1_43' title="bbox 382 2585 1984 2660">
    <p class='ocr_par' dir='ltr' id='par_1_43' title="bbox 382 2585 1984 2660">
     <span class='ocr_line' id='line_1_43' title="bbox 382 2585 1984 2660; baseline -0.004 -18"><span class='ocrx_word' id='word_1_309' title='bbox 382 2591 603 2660; x_wconf 81' lang='lat' dir='ltr'><strong>dignus</strong></span> <span class='ocrx_word' id='word_1_310' title='bbox 652 2589 926 2652; x_wconf 78' lang='lat' dir='ltr'><strong>habearis,</strong></span> <span class='ocrx_word' id='word_1_311' title='bbox 979 2595 1042 2640; x_wconf 88' lang='lat' dir='ltr'><strong>ut</strong></span> <span class='ocrx_word' id='word_1_312' title='bbox 1070 2587 1278 2641; x_wconf 86' lang='lat' dir='ltr'><strong>visitari</strong></span> <span class='ocrx_word' id='word_1_313' title='bbox 1330 2587 1528 2656; x_wconf 86' lang='lat' dir='ltr'><strong>possis,</strong></span> <span class='ocrx_word' id='word_1_314' title='bbox 1560 2594 1614 2641; x_wconf 88' lang='lat' dir='ltr'><strong>et</strong></span> <span class='ocrx_word' id='word_1_315' title='bbox 1637 2599 1738 2656; x_wconf 89' lang='lat' dir='ltr'><strong>.pcr</strong></span> <span class='ocrx_word' id='word_1_316' title='bbox 1757 2585 1852 2639; x_wconf 88' lang='lat' dir='ltr'><strong>Dei</strong></span> <span class='ocrx_word' id='word_1_317' title='bbox 1898 2599 1984 2638; x_wconf 78' lang='lat' dir='ltr'><strong>sa-</strong></span> 
     </span>
    </p>
   </div>
   <div class='ocr_carea' id='block_1_44' title="bbox 377 2673 1981 2748">
    <p class='ocr_par' dir='ltr' id='par_1_44' title="bbox 377 2673 1981 2748">
     <span class='ocr_line' id='line_1_44' title="bbox 377 2673 1981 2748; baseline -0.005 -12"><span class='ocrx_word' id='word_1_318' title='bbox 377 2681 653 2735; x_wconf 68' lang='lat' dir='ltr'><strong>~cerdetes</strong></span> <span class='ocrx_word' id='word_1_319' title='bbox 707 2679 890 2732; x_wconf 78' lang='lat' dir='ltr'><strong>Aaron</strong></span> <span class='ocrx_word' id='word_1_320' title='bbox 947 2687 1005 2732; x_wconf 86' lang='lat' dir='ltr'><strong>et</strong></span> <span class='ocrx_word' id='word_1_321' title='bbox 1067 2677 1287 2748; x_wconf 79' lang='lat' dir='ltr'><strong>Moysen</strong></span> <span class='ocrx_word' id='word_1_322' title='bbox 1353 2690 1701 2730; x_wconf 88' lang='lat' dir='ltr'><strong>numerorum</strong></span> <span class='ocrx_word' id='word_1_323' title='bbox 1727 2673 1981 2730; x_wconf 76' lang='lat' dir='ltr'><strong>censibus</strong></span> 
     </span>
    </p>
   </div>
   <div class='ocr_carea' id='block_1_45' title="bbox 400 2763 1984 2836">
    <p class='ocr_par' dir='ltr' id='par_1_45' title="bbox 400 2763 1984 2836">
     <span class='ocr_line' id='line_1_45' title="bbox 400 2763 1984 2836; baseline -0.006 -11"><span class='ocrx_word' id='word_1_324' title='bbox 400 2770 590 2825; x_wconf 77' lang='lat' dir='ltr'><strong>scribi.</strong></span> <span class='ocrx_word' id='word_1_325' title='bbox 619 2767 968 2836; x_wconf 77' lang='lat' dir='ltr'><strong>Suscipiendo</strong></span> <span class='ocrx_word' id='word_1_326' title='bbox 992 2775 1078 2821; x_wconf 88' lang='lat' dir='ltr'><strong>est</strong></span> <span class='ocrx_word' id='word_1_327' title='bbox 1106 2766 1199 2821; x_wconf 87' lang='lat' dir='ltr'><strong>tibi</strong></span> <span class='ocrx_word' id='word_1_328' title='bbox 1231 2766 1409 2836; x_wconf 71' lang='lat' dir='ltr'><strong>primo</strong></span> <span class='ocrx_word' id='word_1_329' title='bbox 1431 2766 1516 2820; x_wconf 73' lang='lat' dir='ltr'><strong>lex</strong></span> <span class='ocrx_word' id='word_1_330' title='bbox 1547 2764 1642 2819; x_wconf 87' lang='lat' dir='ltr'><strong>Dei</strong></span> <span class='ocrx_word' id='word_1_331' title='bbox 1667 2771 1720 2819; x_wconf 76' lang='lat' dir='ltr'><strong>et</strong></span> <span class='ocrx_word' id='word_1_332' title='bbox 1746 2763 1834 2818; x_wconf 84' lang='lat' dir='ltr'><strong>lex</strong></span> <span class='ocrx_word' id='word_1_333' title='bbox 1861 2763 1984 2832; x_wconf 82' lang='lat' dir='ltr'><strong>Spi-</strong></span> 
     </span>
    </p>
   </div>
   <div class='ocr_carea' id='block_1_46' title="bbox 408 2853 1980 2925">
    <p class='ocr_par' dir='ltr' id='par_1_46' title="bbox 408 2853 1980 2925">
     <span class='ocr_line' id='line_1_46' title="bbox 408 2853 1980 2925; baseline -0.004 -13"><span class='ocrx_word' id='word_1_334' title='bbox 408 2860 545 2913; x_wconf 85' lang='lat' dir='ltr'><strong>ritus</strong></span> <span class='ocrx_word' id='word_1_335' title='bbox 569 2857 768 2921; x_wconf 80' lang='lat' dir='ltr'><strong>sancti,</strong></span> <span class='ocrx_word' id='word_1_336' title='bbox 799 2855 1070 2911; x_wconf 61' lang='lat' dir='ltr'><strong>oilirenda</strong></span> <span class='ocrx_word' id='word_1_337' title='bbox 1098 2855 1385 2920; x_wconf 83' lang='lat' dir='ltr'><strong>sacriﬁcia,</strong></span> <span class='ocrx_word' id='word_1_338' title='bbox 1427 2853 1704 2925; x_wconf 74' lang='lat' dir='ltr'><strong>explenda:</strong></span> <span class='ocrx_word' id='word_1_339' title='bbox 1724 2853 1980 2924; x_wconf 81' lang='lat' dir='ltr'><strong>puriﬁca-</strong></span> 
     </span>
    </p>
   </div>
   <div class='ocr_carea' id='block_1_47' title="bbox 410 2944 1983 3020">
    <p class='ocr_par' dir='ltr' id='par_1_47' title="bbox 410 2944 1983 3020">
     <span class='ocr_line' id='line_1_47' title="bbox 410 2944 1983 3020; baseline -0.004 -16"><span class='ocrx_word' id='word_1_340' title='bbox 410 2951 606 3014; x_wconf 88' lang='lat' dir='ltr'><strong>tiones,</strong></span> <span class='ocrx_word' id='word_1_341' title='bbox 637 2949 939 3020; x_wconf 78' lang='lat' dir='ltr'><strong>peragenda</strong></span> <span class='ocrx_word' id='word_1_342' title='bbox 971 2954 1164 3002; x_wconf 88' lang='lat' dir='ltr'><strong>cuncta</strong></span> <span class='ocrx_word' id='word_1_343' title='bbox 1193 2962 1312 3016; x_wconf 78' lang='lat' dir='ltr'><strong>quae</strong></span> <span class='ocrx_word' id='word_1_344' title='bbox 1341 2946 1426 3001; x_wconf 80' lang='lat' dir='ltr'><strong>lex</strong></span> <span class='ocrx_word' id='word_1_345' title='bbox 1471 2947 1693 3017; x_wconf 77' lang='lat' dir='ltr'><strong>spiriuts</strong></span> <span class='ocrx_word' id='word_1_346' title='bbox 1719 2944 1894 3009; x_wconf 85' lang='lat' dir='ltr'><strong>docet,</strong></span> <span class='ocrx_word' id='word_1_347' title='bbox 1923 2951 1983 2998; x_wconf 92' lang='lat' dir='ltr'><strong>ut</strong></span> 
     </span>
    </p>
   </div>
   <div class='ocr_carea' id='block_1_48' title="bbox 409 3035 1981 3107">
    <p class='ocr_par' dir='ltr' id='par_1_48' title="bbox 409 3035 1981 3107">
     <span class='ocr_line' id='line_1_48' title="bbox 409 3035 1981 3107; baseline -0.003 -14"><span class='ocrx_word' id='word_1_348' title='bbox 409 3038 584 3107; x_wconf 76' lang='lat' dir='ltr'><strong>possis</strong></span> <span class='ocrx_word' id='word_1_349' title='bbox 641 3035 928 3106; x_wconf 87' lang='lat' dir='ltr'><strong>aliquando</strong></span> <span class='ocrx_word' id='word_1_350' title='bbox 976 3035 1043 3089; x_wconf 88' lang='lat' dir='ltr'><strong>ad</strong></span> <span class='ocrx_word' id='word_1_351' title='bbox 1086 3035 1440 3090; x_wconf 85' lang='lat' dir='ltr'><strong>lsraeliticum</strong></span> <span class='ocrx_word' id='word_1_352' title='bbox 1477 3050 1762 3090; x_wconf 82' lang='lat' dir='ltr'><strong>numerum</strong></span> <span class='ocrx_word' id='word_1_353' title='bbox 1812 3035 1981 3104; x_wconf 87' lang='lat' dir='ltr'><strong>perti-</strong></span> 
     </span>
    </p>
   </div>
   <div class='ocr_carea' id='block_1_49' title="bbox 2084 1851 3662 1928">
    <p class='ocr_par' dir='ltr' id='par_1_49' title="bbox 2084 1851 3662 1928">
     <span class='ocr_line' id='line_1_49' title="bbox 2084 1851 3662 1928; baseline -0.009 -11"><span class='ocrx_word' id='word_1_354' title='bbox 2084 1864 2282 1917; x_wconf 83' lang='lat' dir='ltr'><strong>intacta</strong></span> <span class='ocrx_word' id='word_1_355' title='bbox 2311 1857 2609 1928; x_wconf 69' lang='lat' dir='ltr'><strong>praeterire,</strong></span> <span class='ocrx_word' id='word_1_356' title='bbox 2665 1857 2790 1926; x_wconf 87' lang='lat' dir='ltr'><strong>quia</strong></span> <span class='ocrx_word' id='word_1_357' title='bbox 2826 1871 2928 1911; x_wconf 89' lang='lat' dir='ltr'><strong>nec</strong></span> <span class='ocrx_word' id='word_1_358' title='bbox 2958 1855 3179 1909; x_wconf 88' lang='lat' dir='ltr'><strong>minima</strong></span> <span class='ocrx_word' id='word_1_359' title='bbox 3203 1852 3482 1924; x_wconf 85' lang='lat' dir='ltr'><strong>mysteriis</strong></span> <span class='ocrx_word' id='word_1_360' title='bbox 3504 1851 3662 1906; x_wconf 85' lang='lat' dir='ltr'><strong>intel-</strong></span> 
     </span>
    </p>
   </div>
   <div class='ocr_carea' id='block_1_50' title="bbox 2085 1943 3659 2022">
    <p class='ocr_par' dir='ltr' id='par_1_50' title="bbox 2085 1943 3659 2022">
     <span class='ocr_line' id='line_1_50' title="bbox 2085 1943 3659 2022; baseline -0.005 -17"><span class='ocrx_word' id='word_1_361' title='bbox 2085 1952 2304 2022; x_wconf 86' lang='lat' dir='ltr'><strong>ligentia</strong></span> <span class='ocrx_word' id='word_1_362' title='bbox 2330 1951 2383 2004; x_wconf 90' lang='lat' dir='ltr'><strong>in</strong></span> <span class='ocrx_word' id='word_1_363' title='bbox 2418 1951 2498 2004; x_wconf 83' lang='lat' dir='ltr'><strong>eis</strong></span> <span class='ocrx_word' id='word_1_364' title='bbox 2541 1950 2691 2012; x_wconf 85' lang='lat' dir='ltr'><strong>latet,</strong></span> <span class='ocrx_word' id='word_1_365' title='bbox 2737 1950 2874 2004; x_wconf 83' lang='lat' dir='ltr'><strong>etin</strong></span> <span class='ocrx_word' id='word_1_366' title='bbox 2915 1947 3164 2019; x_wconf 85' lang='lat' dir='ltr'><strong>pluribus</strong></span> <span class='ocrx_word' id='word_1_367' title='bbox 3187 1946 3320 2002; x_wconf 82' lang='lat' dir='ltr'><strong>locis</strong></span> <span class='ocrx_word' id='word_1_368' title='bbox 3347 1945 3505 2000; x_wconf 85' lang='lat' dir='ltr'><strong>istius</strong></span> <span class='ocrx_word' id='word_1_369' title='bbox 3531 1943 3659 1998; x_wconf 81' lang='lat' dir='ltr'><strong>libri</strong></span> 
     </span>
    </p>
   </div>
   <div class='ocr_carea' id='block_1_51' title="bbox 2084 2035 3662 2110">
    <p class='ocr_par' dir='ltr' id='par_1_51' title="bbox 2084 2035 3662 2110">
     <span class='ocr_line' id='line_1_51' title="bbox 2084 2035 3662 2110; baseline -0.006 -12"><span class='ocrx_word' id='word_1_370' title='bbox 2084 2045 2199 2099; x_wconf 76' lang='lat' dir='ltr'><strong>haec</strong></span> <span class='ocrx_word' id='word_1_371' title='bbox 2228 2041 2416 2097; x_wconf 81' lang='lat' dir='ltr'><strong>eadem</strong></span> <span class='ocrx_word' id='word_1_372' title='bbox 2469 2049 2804 2110; x_wconf 78' lang='lat' dir='ltr'><strong>repetuntur,</strong></span> <span class='ocrx_word' id='word_1_373' title='bbox 2841 2039 3209 2109; x_wconf 84' lang='lat' dir='ltr'><strong>interpretatis</strong></span> <span class='ocrx_word' id='word_1_374' title='bbox 3255 2052 3442 2092; x_wconf 88' lang='lat' dir='ltr'><strong>eorum</strong></span> <span class='ocrx_word' id='word_1_375' title='bbox 3482 2035 3662 2090; x_wconf 86' lang='lat' dir='ltr'><strong>uomi-</strong></span> 
     </span>
    </p>
   </div>
   <div class='ocr_carea' id='block_1_52' title="bbox 2087 2124 3666 2202">
    <p class='ocr_par' dir='ltr' id='par_1_52' title="bbox 2087 2124 3666 2202">
     <span class='ocr_line' id='line_1_52' title="bbox 2087 2124 3666 2202; baseline -0.006 -15"><span class='ocrx_word' id='word_1_376' title='bbox 2087 2133 2281 2196; x_wconf 84' lang='lat' dir='ltr'><strong>nibus,</strong></span> <span class='ocrx_word' id='word_1_377' title='bbox 2315 2132 2444 2201; x_wconf 89' lang='lat' dir='ltr'><strong>quid</strong></span> <span class='ocrx_word' id='word_1_378' title='bbox 2495 2131 2722 2202; x_wconf 75' lang='lat' dir='ltr'><strong>mystice</strong></span> <span class='ocrx_word' id='word_1_379' title='bbox 2796 2129 3141 2201; x_wconf 84' lang='lat' dir='ltr'><strong>signiﬁcent,</strong></span> <span class='ocrx_word' id='word_1_380' title='bbox 3189 2125 3410 2197; x_wconf 86' lang='lat' dir='ltr'><strong>speciali</strong></span> <span class='ocrx_word' id='word_1_381' title='bbox 3455 2124 3666 2180; x_wconf 69' lang='lat' dir='ltr'><strong>descri-</strong></span> 
     </span>
    </p>
   </div>
   <div class='ocr_carea' id='block_1_53' title="bbox 2085 2215 3659 2292">
    <p class='ocr_par' dir='ltr' id='par_1_53' title="bbox 2085 2215 3659 2292">
     <span class='ocr_line' id='line_1_53' title="bbox 2085 2215 3659 2292; baseline -0.006 -16"><span class='ocrx_word' id='word_1_382' title='bbox 2085 2223 2266 2292; x_wconf 87' lang='lat' dir='ltr'><strong>ptione</strong></span> <span class='ocrx_word' id='word_1_383' title='bbox 2289 2221 2527 2276; x_wconf 87' lang='lat' dir='ltr'><strong>breviter</strong></span> <span class='ocrx_word' id='word_1_384' title='bbox 2545 2222 2803 2275; x_wconf 86' lang='lat' dir='ltr'><strong>adnotare</strong></span> <span class='ocrx_word' id='word_1_385' title='bbox 2828 2220 3155 2274; x_wconf 81' lang='lat' dir='ltr'><strong>curavimus.</strong></span> <span class='ocrx_word' id='word_1_386' title='bbox 3179 2217 3256 2272; x_wconf 80' lang='lat' dir='ltr'><strong>De</strong></span> <span class='ocrx_word' id='word_1_387' title='bbox 3285 2217 3445 2281; x_wconf 72' lang='lat' dir='ltr'><strong>tribu,</strong></span> <span class='ocrx_word' id='word_1_388' title='bbox 3464 2215 3659 2284; x_wconf 86' lang='lat' dir='ltr'><strong>inquit,</strong></span> 
     </span>
    </p>
   </div>
   <div class='ocr_carea' id='block_1_54' title="bbox 2088 2306 3665 2380">
    <p class='ocr_par' dir='ltr' id='par_1_54' title="bbox 2088 2306 3665 2380">
     <span class='ocr_line' id='line_1_54' title="bbox 2088 2306 3665 2380; baseline -0.003 -14"><span class='ocrx_word' id='word_1_389' title='bbox 2088 2313 2269 2366; x_wconf 81' lang='lat' dir='ltr'><strong>Ruben</strong></span> <span class='ocrx_word' id='word_1_390' title='bbox 2295 2322 2406 2366; x_wconf 86' lang='lat' dir='ltr'><strong>erat</strong></span> <span class='ocrx_word' id='word_1_391' title='bbox 2452 2311 2636 2366; x_wconf 76' lang='lat' dir='ltr'><strong>Elisur</strong></span> <span class='ocrx_word' id='word_1_392' title='bbox 2665 2311 2812 2380; x_wconf 79' lang='lat' dir='ltr'><strong>ﬁlius</strong></span> <span class='ocrx_word' id='word_1_393' title='bbox 2839 2311 3060 2366; x_wconf 81' lang='lat' dir='ltr'><strong>Sedcur.</strong></span> <span class='ocrx_word' id='word_1_394' title='bbox 3097 2309 3235 2364; x_wconf 84' lang='lat' dir='ltr'><strong>Ecce</strong></span> <span class='ocrx_word' id='word_1_395' title='bbox 3263 2306 3349 2363; x_wconf 92' lang='lat' dir='ltr'><strong>lex</strong></span> <span class='ocrx_word' id='word_1_396' title='bbox 3379 2315 3437 2361; x_wconf 89' lang='lat' dir='ltr'><strong>et</strong></span> <span class='ocrx_word' id='word_1_397' title='bbox 3479 2321 3665 2362; x_wconf 82' lang='lat' dir='ltr'><strong>sacer-</strong></span> 
     </span>
    </p>
   </div>
   <div class='ocr_carea' id='block_1_55' title="bbox 2083 2396 3665 2473">
    <p class='ocr_par' dir='ltr' id='par_1_55' title="bbox 2083 2396 3665 2473">
     <span class='ocr_line' id='line_1_55' title="bbox 2083 2396 3665 2473; baseline -0.004 -15"><span class='ocrx_word' id='word_1_398' title='bbox 2083 2405 2287 2459; x_wconf 84' lang='lat' dir='ltr'><strong>dotium</strong></span> <span class='ocrx_word' id='word_1_399' title='bbox 2315 2404 2542 2473; x_wconf 84' lang='lat' dir='ltr'><strong>spiritali</strong></span> <span class='ocrx_word' id='word_1_400' title='bbox 2570 2418 2734 2458; x_wconf 85' lang='lat' dir='ltr'><strong>censu</strong></span> <span class='ocrx_word' id='word_1_401' title='bbox 2767 2409 3124 2456; x_wconf 86' lang='lat' dir='ltr'><strong>annumerant</strong></span> <span class='ocrx_word' id='word_1_402' title='bbox 3155 2400 3450 2470; x_wconf 88' lang='lat' dir='ltr'><strong>primatum</strong></span> <span class='ocrx_word' id='word_1_403' title='bbox 3478 2396 3665 2453; x_wconf 75' lang='lat' dir='ltr'><strong>Eccle-</strong></span> 
     </span>
    </p>
   </div>
   <div class='ocr_carea' id='block_1_56' title="bbox 2085 2488 3662 2611">
    <p class='ocr_par' dir='ltr' id='par_1_56' title="bbox 2085 2488 3662 2611">
     <span class='ocr_line' id='line_1_56' title="bbox 2085 2488 3662 2611; baseline -0.005 -62"><span class='ocrx_word' id='word_1_404' title='bbox 2085 2495 2180 2549; x_wconf 70' lang='lat' dir='ltr'><strong>size</strong></span> <span class='ocrx_word' id='word_1_405' title='bbox 2207 2503 2264 2549; x_wconf 87' lang='lat' dir='ltr'><strong>et</strong></span> <span class='ocrx_word' id='word_1_406' title='bbox 2290 2494 2464 2550; x_wconf 76' lang='lat' dir='ltr'><strong>cilicia</strong></span> <span class='ocrx_word' id='word_1_407' title='bbox 2494 2494 2849 2564; x_wconf 74' lang='lat' dir='ltr'><strong>Singulorum,</strong></span> <span class='ocrx_word' id='word_1_408' title='bbox 2877 2494 3002 2561; x_wconf 85' lang='lat' dir='ltr'><strong>quia</strong></span> <span class='ocrx_word' id='word_1_409' title='bbox 3018 2491 3176 2611; x_wconf 46' lang='lat' dir='ltr'><strong>iuxta</strong></span> <span class='ocrx_word' id='word_1_410' title='bbox 3204 2491 3259 2545; x_wconf 90' lang='lat' dir='ltr'><strong>id</strong></span> <span class='ocrx_word' id='word_1_411' title='bbox 3289 2490 3434 2560; x_wconf 90' lang='lat' dir='ltr'><strong>quod</strong></span> <span class='ocrx_word' id='word_1_412' title='bbox 3464 2490 3518 2543; x_wconf 90' lang='lat' dir='ltr'><strong>in</strong></span> <span class='ocrx_word' id='word_1_413' title='bbox 3545 2488 3662 2558; x_wconf 72' lang='lat' dir='ltr'><strong>lege</strong></span> 
     </span>
     <span class='ocr_line' id='line_1_57' title="bbox 2088 2581 3627 2611; baseline 0 0"><span class='ocrx_word' id='word_1_414' title='bbox 2088 2588 2296 2611; x_wconf 72' lang='lat' dir='ltr'><strong>n-_.:_:</strong></span> <span class='ocrx_word' id='word_1_415' title='bbox 2333 2587 2638 2611; x_wconf 68' lang='lat'><strong>--_.:.........</strong></span> <span class='ocrx_word' id='word_1_416' title='bbox 2710 2601 2808 2611; x_wconf 56' lang='grc' dir='ltr'><strong>λ-..</strong></span> <span class='ocrx_word' id='word_1_417' title='bbox 2847 2593 3186 2611; x_wconf 61' lang='grc' dir='ltr'><strong>...υυηηιιιηηι</strong></span> <span class='ocrx_word' id='word_1_418' title='bbox 3213 2598 3464 2611; x_wconf 62' lang='grc' dir='ltr'><strong>..Α-ηαιι-μ.</strong></span> <span class='ocrx_word' id='word_1_419' title='bbox 3501 2581 3627 2611; x_wconf 60' lang='grc' dir='ltr'>ινιξηῖ</span> 
     </span>
    </p>
   </div>
   <div class='ocr_carea' id='block_1_57' title="bbox 2085 2581 3663 2656">
    <p class='ocr_par' dir='ltr' id='par_1_57' title="bbox 2085 2581 3663 2656">
     <span class='ocr_line' id='line_1_58' title="bbox 2085 2581 3663 2656; baseline -0.007 -13"><span class='ocrx_word' id='word_1_420' title='bbox 2085 2588 2299 2643; x_wconf 83' lang='lat' dir='ltr'><strong>Domini</strong></span> <span class='ocrx_word' id='word_1_421' title='bbox 2328 2587 2658 2652; x_wconf 85' lang='lat' dir='ltr'><strong>continetur,</strong></span> <span class='ocrx_word' id='word_1_422' title='bbox 2710 2601 2808 2656; x_wconf 88' lang='lat' dir='ltr'><strong>per</strong></span> <span class='ocrx_word' id='word_1_423' title='bbox 2847 2581 3189 2641; x_wconf 69' lang='lat' dir='ltr'><strong>sacerdotum</strong></span> <span class='ocrx_word' id='word_1_424' title='bbox 3213 2598 3466 2638; x_wconf 83' lang='lat' dir='ltr'><strong>verorum</strong></span> <span class='ocrx_word' id='word_1_425' title='bbox 3501 2581 3663 2636; x_wconf 81' lang='lat' dir='ltr'><strong>mini-</strong></span> 
     </span>
    </p>
   </div>
   <div class='ocr_carea' id='block_1_58' title="bbox 2086 2672 3662 2747">
    <p class='ocr_par' dir='ltr' id='par_1_58' title="bbox 2086 2672 3662 2747">
     <span class='ocr_line' id='line_1_59' title="bbox 2086 2672 3662 2747; baseline -0.007 -12"><span class='ocrx_word' id='word_1_426' title='bbox 2086 2681 2309 2735; x_wconf 86' lang='lat' dir='ltr'><strong>sterium</strong></span> <span class='ocrx_word' id='word_1_427' title='bbox 2331 2680 2507 2735; x_wconf 88' lang='lat' dir='ltr'><strong>omnis</strong></span> <span class='ocrx_word' id='word_1_428' title='bbox 2523 2679 2655 2735; x_wconf 87' lang='lat' dir='ltr'><strong>ordo</strong></span> <span class='ocrx_word' id='word_1_429' title='bbox 2678 2676 3302 2747; x_wconf 74' lang='lat' dir='ltr'><strong>ecclesiasticusdisponi</strong></span> <span class='ocrx_word' id='word_1_430' title='bbox 3325 2675 3502 2730; x_wconf 87' lang='lat' dir='ltr'><strong>debet.</strong></span> <span class='ocrx_word' id='word_1_431' title='bbox 3528 2672 3662 2726; x_wconf 69' lang='lat' dir='ltr'><strong>Nam</strong></span> 
     </span>
    </p>
   </div>
   <div class='ocr_carea' id='block_1_59' title="bbox 2086 2765 3661 2841">
    <p class='ocr_par' dir='ltr' id='par_1_59' title="bbox 2086 2765 3661 2841">
     <span class='ocr_line' id='line_1_60' title="bbox 2086 2765 3661 2841; baseline -0.007 -17"><span class='ocrx_word' id='word_1_432' title='bbox 2086 2769 2299 2836; x_wconf 76' lang='lat' dir='ltr'><strong>Ruben,</strong></span> <span class='ocrx_word' id='word_1_433' title='bbox 2340 2770 2433 2840; x_wconf 91' lang='lat' dir='ltr'><strong>qui</strong></span> <span class='ocrx_word' id='word_1_434' title='bbox 2476 2769 2863 2841; x_wconf 80' lang='lat' dir='ltr'><strong>primogenitus</strong></span> <span class='ocrx_word' id='word_1_435' title='bbox 2886 2768 3098 2824; x_wconf 76' lang='lat' dir='ltr'><strong>lsraelis</strong></span> <span class='ocrx_word' id='word_1_436' title='bbox 3135 2777 3242 2832; x_wconf 87' lang='lat' dir='ltr'><strong>est,</strong></span> <span class='ocrx_word' id='word_1_437' title='bbox 3275 2767 3366 2835; x_wconf 89' lang='lat' dir='ltr'><strong>qui</strong></span> <span class='ocrx_word' id='word_1_438' title='bbox 3395 2765 3661 2833; x_wconf 72' lang='lat' dir='ltr'><strong>interpre-</strong></span> 
     </span>
    </p>
   </div>
   <div class='ocr_carea' id='block_1_60' title="bbox 2090 2858 3662 2927">
    <p class='ocr_par' dir='ltr' id='par_1_60' title="bbox 2090 2858 3662 2927">
     <span class='ocr_line' id='line_1_61' title="bbox 2090 2858 3662 2927; baseline -0.006 -13"><span class='ocrx_word' id='word_1_439' title='bbox 2090 2867 2235 2915; x_wconf 86' lang='lat' dir='ltr'><strong>tatur</strong></span> <span class='ocrx_word' id='word_1_440' title='bbox 2259 2861 2446 2915; x_wconf 88' lang='lat' dir='ltr'><strong>videns</strong></span> <span class='ocrx_word' id='word_1_441' title='bbox 2475 2859 2632 2925; x_wconf 88' lang='lat' dir='ltr'><strong>ﬁlios,</strong></span> <span class='ocrx_word' id='word_1_442' title='bbox 2655 2859 2739 2914; x_wconf 88' lang='lat' dir='ltr'><strong>vel</strong></span> <span class='ocrx_word' id='word_1_443' title='bbox 2758 2859 2944 2914; x_wconf 82' lang='lat' dir='ltr'><strong>videns</strong></span> <span class='ocrx_word' id='word_1_444' title='bbox 2973 2859 3024 2912; x_wconf 89' lang='lat' dir='ltr'><strong>in</strong></span> <span class='ocrx_word' id='word_1_445' title='bbox 3043 2858 3247 2921; x_wconf 88' lang='lat' dir='ltr'><strong>medio,</strong></span> <span class='ocrx_word' id='word_1_446' title='bbox 3275 2865 3458 2927; x_wconf 82' lang='lat' dir='ltr'><strong>typum</strong></span> <span class='ocrx_word' id='word_1_447' title='bbox 3488 2861 3662 2923; x_wconf 77' lang='lat' dir='ltr'><strong>potest</strong></span> 
     </span>
    </p>
   </div>
   <div class='ocr_carea' id='block_1_61' title="bbox 2086 2945 3656 3023">
    <p class='ocr_par' dir='ltr' id='par_1_61' title="bbox 2086 2945 3656 3023">
     <span class='ocr_line' id='line_1_62' title="bbox 2086 2945 3656 3023; baseline -0.003 -15"><span class='ocrx_word' id='word_1_448' title='bbox 2086 2951 2287 3008; x_wconf 88' lang='lat' dir='ltr'><strong>habere</strong></span> <span class='ocrx_word' id='word_1_449' title='bbox 2314 2951 2601 3023; x_wconf 75' lang='lat' dir='ltr'><strong>primitiva:</strong></span> <span class='ocrx_word' id='word_1_450' title='bbox 2628 2950 2888 3006; x_wconf 62' lang='lat' dir='ltr'><strong>Ecclesia:</strong></span> <span class='ocrx_word' id='word_1_451' title='bbox 2909 2989 2925 3014; x_wconf 92' lang='lat'><strong>,</strong></span> <span class='ocrx_word' id='word_1_452' title='bbox 2955 2963 3079 3018; x_wconf 61' lang='lat' dir='ltr'><strong>quae</strong></span> <span class='ocrx_word' id='word_1_453' title='bbox 3113 2948 3212 3003; x_wconf 78' lang='lat' dir='ltr'><strong>fuit</strong></span> <span class='ocrx_word' id='word_1_454' title='bbox 3247 2949 3300 3002; x_wconf 88' lang='lat' dir='ltr'><strong>in</strong></span> <span class='ocrx_word' id='word_1_455' title='bbox 3325 2945 3656 3003; x_wconf 79' lang='lat' dir='ltr'><strong>Jerusalem:</strong></span> 
     </span>
    </p>
   </div>
   <div class='ocr_carea' id='block_1_62' title="bbox 2087 3033 3663 3111">
    <p class='ocr_par' dir='ltr' id='par_1_62' title="bbox 2087 3033 3663 3111">
     <span class='ocr_line' id='line_1_63' title="bbox 2087 3033 3663 3111; baseline -0.006 -16"><span class='ocrx_word' id='word_1_456' title='bbox 2087 3057 2246 3111; x_wconf 79' lang='lat' dir='ltr'><strong>quam</strong></span> <span class='ocrx_word' id='word_1_457' title='bbox 2279 3042 2392 3110; x_wconf 87' lang='lat' dir='ltr'><strong>ipse</strong></span> <span class='ocrx_word' id='word_1_458' title='bbox 2409 3040 2661 3096; x_wconf 84' lang='lat' dir='ltr'><strong>Salvator</strong></span> <span class='ocrx_word' id='word_1_459' title='bbox 2692 3041 2746 3094; x_wconf 90' lang='lat' dir='ltr'><strong>in</strong></span> <span class='ocrx_word' id='word_1_460' title='bbox 2785 3046 3026 3109; x_wconf 87' lang='lat' dir='ltr'><strong>tempore</strong></span> <span class='ocrx_word' id='word_1_461' title='bbox 3058 3037 3446 3092; x_wconf 84' lang='lat' dir='ltr'><strong>incarnationis</strong></span> <span class='ocrx_word' id='word_1_462' title='bbox 3470 3033 3663 3088; x_wconf 55' lang='lat' dir='ltr'><strong>suain</strong></span> 
     </span>
    </p>
   </div>
   <div class='ocr_carea' id='block_1_63' title="bbox 410 3113 3664 3201">
    <p class='ocr_par' dir='ltr' id='par_1_63' title="bbox 410 3113 3664 3201">
     <span class='ocr_line' id='line_1_64' title="bbox 410 3113 3664 3201; baseline -0.003 -17"><span class='ocrx_word' id='word_1_463' title='bbox 410 3144 558 3184; x_wconf 88' lang='lat' dir='ltr'><strong>nere.</strong></span> <span class='ocrx_word' id='word_1_464' title='bbox 592 3128 731 3198; x_wconf 84' lang='lat' dir='ltr'><strong>Ergo</strong></span> <span class='ocrx_word' id='word_1_465' title='bbox 752 3128 929 3181; x_wconf 87' lang='lat' dir='ltr'><strong>adhuc</strong></span> <span class='ocrx_word' id='word_1_466' title='bbox 951 3126 1182 3194; x_wconf 78' lang='lat' dir='ltr'><strong>amplius</strong></span> <span class='ocrx_word' id='word_1_467' title='bbox 1201 3125 1406 3195; x_wconf 89' lang='lat' dir='ltr'><strong>aliquid</strong></span> <span class='ocrx_word' id='word_1_468' title='bbox 1432 3126 1645 3180; x_wconf 88' lang='lat' dir='ltr'><strong>intueor</strong></span> <span class='ocrx_word' id='word_1_469' title='bbox 1674 3127 1730 3180; x_wconf 91' lang='lat' dir='ltr'><strong>in</strong></span> <span class='ocrx_word' id='word_1_470' title='bbox 1745 3128 1848 3181; x_wconf 90' lang='lat' dir='ltr'><strong>hoc</strong></span> <span class='ocrx_word' id='word_1_471' title='bbox 1873 3124 1982 3178; x_wconf 87' lang='lat' dir='ltr'><strong>Nu-</strong></span> <span class='ocrx_word' id='word_1_472' title='bbox 2010 3113 2054 3174; x_wconf 88' lang='lat' dir='ltr'>C</span> <span class='ocrx_word' id='word_1_473' title='bbox 2085 3131 2344 3201; x_wconf 74' lang='lat' dir='ltr'><strong>apostolis</strong></span> <span class='ocrx_word' id='word_1_474' title='bbox 2372 3131 2484 3186; x_wconf 73' lang='lat' dir='ltr'><strong>suis</strong></span> <span class='ocrx_word' id='word_1_475' title='bbox 2518 3131 2753 3200; x_wconf 78' lang='lat' dir='ltr'><strong>primum</strong></span> <span class='ocrx_word' id='word_1_476' title='bbox 2773 3130 3054 3194; x_wconf 67' lang='lat' dir='ltr'><strong>fundavit;</strong></span> <span class='ocrx_word' id='word_1_477' title='bbox 3101 3129 3276 3197; x_wconf 81' lang='lat' dir='ltr'><strong>ipsum</strong></span> <span class='ocrx_word' id='word_1_478' title='bbox 3311 3127 3456 3180; x_wconf 88' lang='lat' dir='ltr'><strong>enim</strong></span> <span class='ocrx_word' id='word_1_479' title='bbox 3503 3124 3664 3194; x_wconf 75' lang='lat' dir='ltr'><strong>signi-</strong></span> 
     </span>
    </p>
   </div>
   <div class='ocr_carea' id='block_1_64' title="bbox 400 3212 1985 3286">
    <p class='ocr_par' dir='ltr' id='par_1_64' title="bbox 400 3212 1985 3286">
     <span class='ocr_line' id='line_1_65' title="bbox 400 3212 1985 3286; baseline -0.002 -16"><span class='ocrx_word' id='word_1_480' title='bbox 400 3234 680 3274; x_wconf 83' lang='lat' dir='ltr'><strong>.merorum</strong></span> <span class='ocrx_word' id='word_1_481' title='bbox 704 3217 840 3271; x_wconf 88' lang='lat' dir='ltr'><strong>libro</strong></span> <span class='ocrx_word' id='word_1_482' title='bbox 864 3216 1126 3286; x_wconf 83' lang='lat' dir='ltr'><strong>mysterii.</strong></span> <span class='ocrx_word' id='word_1_483' title='bbox 1157 3215 1316 3269; x_wconf 76' lang='lat' dir='ltr'><strong>Ratio</strong></span> <span class='ocrx_word' id='word_1_484' title='bbox 1345 3216 1489 3270; x_wconf 89' lang='lat' dir='ltr'><strong>enim</strong></span> <span class='ocrx_word' id='word_1_485' title='bbox 1526 3215 1758 3269; x_wconf 87' lang='lat' dir='ltr'><strong>tribuum</strong></span> <span class='ocrx_word' id='word_1_486' title='bbox 1795 3223 1852 3268; x_wconf 89' lang='lat' dir='ltr'><strong>et</strong></span> <span class='ocrx_word' id='word_1_487' title='bbox 1875 3212 1985 3268; x_wconf 84' lang='lat' dir='ltr'><strong>dis-</strong></span> 
     </span>
    </p>
   </div>
   <div class='ocr_carea' id='block_1_65' title="bbox 401 3305 1984 3375">
    <p class='ocr_par' dir='ltr' id='par_1_65' title="bbox 401 3305 1984 3375">
     <span class='ocr_line' id='line_1_66' title="bbox 401 3305 1984 3375; baseline -0.003 -11"><span class='ocrx_word' id='word_1_488' title='bbox 401 3311 600 3364; x_wconf 87' lang='lat' dir='ltr'><strong>tinctio</strong></span> <span class='ocrx_word' id='word_1_489' title='bbox 623 3309 895 3371; x_wconf 84' lang='lat' dir='ltr'><strong>ordinum,</strong></span> <span class='ocrx_word' id='word_1_490' title='bbox 919 3307 1152 3362; x_wconf 86' lang='lat' dir='ltr'><strong>societas</strong></span> <span class='ocrx_word' id='word_1_491' title='bbox 1172 3305 1502 3360; x_wconf 83' lang='lat' dir='ltr'><strong>familiarum</strong></span> <span class='ocrx_word' id='word_1_492' title='bbox 1533 3315 1693 3375; x_wconf 85' lang='lat' dir='ltr'><strong>atque</strong></span> <span class='ocrx_word' id='word_1_493' title='bbox 1714 3305 1984 3362; x_wconf 87' lang='lat' dir='ltr'><strong>ordinatio</strong></span> 
     </span>
    </p>
   </div>
   <div class='ocr_carea' id='block_1_66' title="bbox 411 3394 1984 3467">
    <p class='ocr_par' dir='ltr' id='par_1_66' title="bbox 411 3394 1984 3467">
     <span class='ocr_line' id='line_1_67' title="bbox 411 3394 1984 3467; baseline -0.001 -14"><span class='ocrx_word' id='word_1_494' title='bbox 411 3408 606 3454; x_wconf 74' lang='lat' dir='ltr'><strong>amicta</strong></span> <span class='ocrx_word' id='word_1_495' title='bbox 638 3405 959 3462; x_wconf 86' lang='lat' dir='ltr'><strong>castrorum,</strong></span> <span class='ocrx_word' id='word_1_496' title='bbox 1021 3394 1319 3467; x_wconf 71' lang='lat' dir='ltr'><strong>iungentium</strong></span> <span class='ocrx_word' id='word_1_497' title='bbox 1361 3396 1490 3450; x_wconf 88' lang='lat' dir='ltr'><strong>mihi</strong></span> <span class='ocrx_word' id='word_1_498' title='bbox 1518 3403 1984 3452; x_wconf 61' lang='lat' dir='ltr'><strong>sacramentorum</strong></span> 
     </span>
    </p>
   </div>
   <div class='ocr_carea' id='block_1_67' title="bbox 411 3486 1984 3562">
    <p class='ocr_par' dir='ltr' id='par_1_67' title="bbox 411 3486 1984 3562">
     <span class='ocr_line' id='line_1_68' title="bbox 411 3486 1984 3562; baseline -0.003 -16"><span class='ocrx_word' id='word_1_499' title='bbox 411 3490 590 3562; x_wconf 84' lang='lat' dir='ltr'><strong>prodit</strong></span> <span class='ocrx_word' id='word_1_500' title='bbox 621 3489 818 3544; x_wconf 80' lang='lat' dir='ltr'><strong>indicia</strong></span> <span class='ocrx_word' id='word_1_501' title='bbox 850 3530 865 3554; x_wconf 93' lang='lat'><strong>,</strong></span> <span class='ocrx_word' id='word_1_502' title='bbox 891 3489 1136 3559; x_wconf 84' lang='lat' dir='ltr'><strong>apostolo</strong></span> <span class='ocrx_word' id='word_1_503' title='bbox 1156 3489 1312 3544; x_wconf 84' lang='lat' dir='ltr'><strong>nobis</strong></span> <span class='ocrx_word' id='word_1_504' title='bbox 1333 3487 1501 3542; x_wconf 81' lang='lat' dir='ltr'><strong>Paulo</strong></span> <span class='ocrx_word' id='word_1_505' title='bbox 1543 3486 1801 3558; x_wconf 83' lang='lat' dir='ltr'><strong>spiritalis</strong></span> <span class='ocrx_word' id='word_1_506' title='bbox 1821 3487 1984 3544; x_wconf 87' lang='lat' dir='ltr'><strong>intel-</strong></span> 
     </span>
    </p>
   </div>
   <div class='ocr_carea' id='block_1_68' title="bbox 409 3579 1985 3654">
    <p class='ocr_par' dir='ltr' id='par_1_68' title="bbox 409 3579 1985 3654">
     <span class='ocr_line' id='line_1_69' title="bbox 409 3579 1985 3654; baseline -0.001 -18"><span class='ocrx_word' id='word_1_507' title='bbox 409 3582 642 3654; x_wconf 71' lang='lat' dir='ltr'><strong>ligentia:</strong></span> <span class='ocrx_word' id='word_1_508' title='bbox 667 3581 872 3636; x_wconf 85' lang='lat' dir='ltr'><strong>semina</strong></span> <span class='ocrx_word' id='word_1_509' title='bbox 895 3587 1264 3650; x_wconf 87' lang='lat' dir='ltr'><strong>respargente.</strong></span> <span class='ocrx_word' id='word_1_510' title='bbox 1295 3579 1365 3634; x_wconf 88' lang='lat' dir='ltr'><strong>Et</strong></span> <span class='ocrx_word' id='word_1_511' title='bbox 1383 3594 1486 3650; x_wconf 81' lang='lat' dir='ltr'><strong>age</strong></span> <span class='ocrx_word' id='word_1_512' title='bbox 1500 3579 1638 3650; x_wconf 82' lang='lat' dir='ltr'><strong>jam,</strong></span> <span class='ocrx_word' id='word_1_513' title='bbox 1663 3579 1793 3648; x_wconf 87' lang='lat' dir='ltr'><strong>quid</strong></span> <span class='ocrx_word' id='word_1_514' title='bbox 1807 3579 1985 3636; x_wconf 85' lang='lat' dir='ltr'><strong>omnis</strong></span> 
     </span>
    </p>
   </div>
   <div class='ocr_carea' id='block_1_69' title="bbox 409 3671 1988 3741">
    <p class='ocr_par' dir='ltr' id='par_1_69' title="bbox 409 3671 1988 3741">
     <span class='ocr_line' id='line_1_70' title="bbox 409 3671 1988 3741; baseline -0.003 -11"><span class='ocrx_word' id='word_1_515' title='bbox 409 3677 522 3730; x_wconf 63' lang='lat' dir='ltr'><strong>haec</strong></span> <span class='ocrx_word' id='word_1_516' title='bbox 548 3688 897 3730; x_wconf 83' lang='lat' dir='ltr'><strong>numerorum</strong></span> <span class='ocrx_word' id='word_1_517' title='bbox 915 3672 1074 3738; x_wconf 85' lang='lat' dir='ltr'><strong>ratio,</strong></span> <span class='ocrx_word' id='word_1_518' title='bbox 1090 3671 1218 3741; x_wconf 86' lang='lat' dir='ltr'><strong>quid</strong></span> <span class='ocrx_word' id='word_1_519' title='bbox 1229 3671 1476 3726; x_wconf 84' lang='lat' dir='ltr'><strong>ordinum</strong></span> <span class='ocrx_word' id='word_1_520' title='bbox 1492 3671 1778 3726; x_wconf 84' lang='lat' dir='ltr'><strong>diversitas</strong></span> <span class='ocrx_word' id='word_1_521' title='bbox 1793 3671 1988 3727; x_wconf 87' lang='lat' dir='ltr'><strong>intelli-</strong></span> 
     </span>
    </p>
   </div>
   <div class='ocr_carea' id='block_1_70' title="bbox 407 3764 1988 3838">
    <p class='ocr_par' dir='ltr' id='par_1_70' title="bbox 407 3764 1988 3838">
     <span class='ocr_line' id='line_1_71' title="bbox 407 3764 1988 3838; baseline -0.003 -14"><span class='ocrx_word' id='word_1_522' title='bbox 407 3769 600 3838; x_wconf 66' lang='lat' dir='ltr'><strong>gentia:</strong></span> <span class='ocrx_word' id='word_1_523' title='bbox 612 3766 1159 3836; x_wconf 61' lang='lat' dir='ltr'><strong>mysticazcontineat,</strong></span> <span class='ocrx_word' id='word_1_524' title='bbox 1175 3764 1468 3820; x_wconf 86' lang='lat' dir='ltr'><strong>videamus.</strong></span> <span class='ocrx_word' id='word_1_525' title='bbox 1487 3764 1831 3835; x_wconf 80' lang='lat' dir='ltr'><strong>Exspectatio</strong></span> <span class='ocrx_word' id='word_1_526' title='bbox 1841 3773 1988 3820; x_wconf 87' lang='lat' dir='ltr'><strong>certa</strong></span> 
     </span>
    </p>
   </div>
   <div class='ocr_carea' id='block_1_71' title="bbox 405 3856 1988 3925">
    <p class='ocr_par' dir='ltr' id='par_1_71' title="bbox 405 3856 1988 3925">
     <span class='ocr_line' id='line_1_72' title="bbox 405 3856 1988 3925; baseline -0.004 -11"><span class='ocrx_word' id='word_1_527' title='bbox 405 3868 490 3914; x_wconf 86' lang='lat' dir='ltr'><strong>est</strong></span> <span class='ocrx_word' id='word_1_528' title='bbox 509 3860 663 3914; x_wconf 89' lang='lat' dir='ltr'><strong>nobis</strong></span> <span class='ocrx_word' id='word_1_529' title='bbox 682 3857 1096 3912; x_wconf 75' lang='lat' dir='ltr'><strong>resurrectionis</strong></span> <span class='ocrx_word' id='word_1_530' title='bbox 1121 3865 1476 3920; x_wconf 87' lang='lat' dir='ltr'><strong>mortuorum,</strong></span> <span class='ocrx_word' id='word_1_531' title='bbox 1489 3872 1608 3909; x_wconf 84' lang='lat' dir='ltr'><strong>cum</strong></span> <span class='ocrx_word' id='word_1_532' title='bbox 1622 3856 1676 3908; x_wconf 79' lang='lat' dir='ltr'><strong>hi</strong></span> <span class='ocrx_word' id='word_1_533' title='bbox 1695 3856 1787 3925; x_wconf 85' lang='lat' dir='ltr'><strong>qui</strong></span> <span class='ocrx_word' id='word_1_534' title='bbox 1813 3857 1988 3910; x_wconf 73' lang='lat' dir='ltr'><strong>vivunt</strong></span> 
     </span>
    </p>
   </div>
   <div class='ocr_carea' id='block_1_72' title="bbox 405 3945 1988 4018">
    <p class='ocr_par' dir='ltr' id='par_1_72' title="bbox 405 3945 1988 4018">
     <span class='ocr_line' id='line_1_73' title="bbox 405 3945 1988 4018; baseline -0.001 -17"><span class='ocrx_word' id='word_1_535' title='bbox 405 3949 496 4018; x_wconf 88' lang='lat' dir='ltr'><strong>qui</strong></span> <span class='ocrx_word' id='word_1_536' title='bbox 525 3947 708 4017; x_wconf 72' lang='lat' dir='ltr'><strong>reliqui</strong></span> <span class='ocrx_word' id='word_1_537' title='bbox 733 3956 875 4010; x_wconf 75' lang='lat' dir='ltr'><strong>sunt,</strong></span> <span class='ocrx_word' id='word_1_538' title='bbox 901 3963 1004 4000; x_wconf 85' lang='lat' dir='ltr'><strong>non</strong></span> <span class='ocrx_word' id='word_1_539' title='bbox 1025 3945 1333 4016; x_wconf 71' lang='lat' dir='ltr'><strong>prwvenient</strong></span> <span class='ocrx_word' id='word_1_540' title='bbox 1356 3946 1412 3999; x_wconf 85' lang='lat' dir='ltr'><strong>in</strong></span> <span class='ocrx_word' id='word_1_541' title='bbox 1441 3945 1662 4000; x_wconf 73' lang='lat' dir='ltr'><strong>aduentu</strong></span> <span class='ocrx_word' id='word_1_542' title='bbox 1687 3945 1879 4000; x_wconf 70' lang='lat' dir='ltr'><strong>Christi</strong></span> <span class='ocrx_word' id='word_1_543' title='bbox 1901 3963 1988 4000; x_wconf 81' lang='lat' dir='ltr'><strong>eos</strong></span> 
     </span>
    </p>
   </div>
   <div class='ocr_carea' id='block_1_73' title="bbox 403 4034 1986 4108">
    <p class='ocr_par' dir='ltr' id='par_1_73' title="bbox 403 4034 1986 4108">
     <span class='ocr_line' id='line_1_74' title="bbox 403 4034 1986 4108; baseline 0 -18"><span class='ocrx_word' id='word_1_544' title='bbox 403 4039 493 4106; x_wconf 84' lang='lat' dir='ltr'><strong>qui</strong></span> <span class='ocrx_word' id='word_1_545' title='bbox 514 4037 838 4092; x_wconf 78' lang='lat' dir='ltr'><strong>dormierunt</strong></span> <span class='ocrx_word' id='word_1_546' title='bbox 863 4034 913 4108; x_wconf 88' lang='lat' dir='ltr'><strong>(I</strong></span> <span class='ocrx_word' id='word_1_547' title='bbox 939 4035 1117 4090; x_wconf 77' lang='lat' dir='ltr'><strong>Thess.</strong></span> <span class='ocrx_word' id='word_1_548' title='bbox 1147 4035 1240 4107; x_wconf 83' lang='lat' dir='ltr'><strong>Iv),</strong></span> <span class='ocrx_word' id='word_1_549' title='bbox 1260 4035 1986 4106; x_wconf 83' lang='lat' dir='ltr'><strong>sedsimulcumil-lisjuncti,</strong></span> 
     </span>
    </p>
   </div>
   <div class='ocr_carea' id='block_1_74' title="bbox 408 4126 1988 4201">
    <p class='ocr_par' dir='ltr' id='par_1_74' title="bbox 408 4126 1988 4201">
     <span class='ocr_line' id='line_1_75' title="bbox 408 4126 1988 4201; baseline -0.002 -15"><span class='ocrx_word' id='word_1_550' title='bbox 408 4131 688 4201; x_wconf 85' lang='lat' dir='ltr'><strong>rapientur</strong></span> <span class='ocrx_word' id='word_1_551' title='bbox 709 4129 762 4184; x_wconf 90' lang='lat' dir='ltr'><strong>in</strong></span> <span class='ocrx_word' id='word_1_552' title='bbox 775 4127 1006 4183; x_wconf 90' lang='lat' dir='ltr'><strong>nubibus</strong></span> <span class='ocrx_word' id='word_1_553' title='bbox 1031 4128 1244 4183; x_wconf 87' lang='lat' dir='ltr'><strong>obviam</strong></span> <span class='ocrx_word' id='word_1_554' title='bbox 1262 4126 1482 4182; x_wconf 87' lang='lat' dir='ltr'><strong>Christe</strong></span> <span class='ocrx_word' id='word_1_555' title='bbox 1514 4128 1572 4182; x_wconf 89' lang='lat' dir='ltr'><strong>in</strong></span> <span class='ocrx_word' id='word_1_556' title='bbox 1594 4143 1722 4183; x_wconf 85' lang='lat' dir='ltr'><strong>aera</strong></span> <span class='ocrx_word' id='word_1_557' title='bbox 1743 4147 1755 4182; x_wconf 87' lang='lat'><strong>:</strong></span> <span class='ocrx_word' id='word_1_558' title='bbox 1779 4129 1988 4184; x_wconf 88' lang='lat' dir='ltr'><strong>scilicet</strong></span> 
     </span>
    </p>
   </div>
   <div class='ocr_carea' id='block_1_75' title="bbox 407 4216 1988 4290">
    <p class='ocr_par' dir='ltr' id='par_1_75' title="bbox 407 4216 1988 4290">
     <span class='ocr_line' id='line_1_76' title="bbox 407 4216 1988 4290; baseline -0.003 -13"><span class='ocrx_word' id='word_1_559' title='bbox 407 4221 567 4290; x_wconf 84' lang='lat' dir='ltr'><strong>hujus</strong></span> <span class='ocrx_word' id='word_1_560' title='bbox 593 4220 698 4276; x_wconf 86' lang='lat' dir='ltr'><strong>loci</strong></span> <span class='ocrx_word' id='word_1_561' title='bbox 715 4218 1077 4288; x_wconf 81' lang='lat' dir='ltr'><strong>corruptelam</strong></span> <span class='ocrx_word' id='word_1_562' title='bbox 1104 4224 1157 4272; x_wconf 89' lang='lat' dir='ltr'><strong>et</strong></span> <span class='ocrx_word' id='word_1_563' title='bbox 1182 4217 1374 4274; x_wconf 88' lang='lat' dir='ltr'><strong>mortis</strong></span> <span class='ocrx_word' id='word_1_564' title='bbox 1399 4216 1706 4273; x_wconf 82' lang='lat' dir='ltr'><strong>habitacula</strong></span> <span class='ocrx_word' id='word_1_565' title='bbox 1729 4217 1988 4275; x_wconf 86' lang='lat' dir='ltr'><strong>deseren-</strong></span> 
     </span>
    </p>
   </div>
   <div class='ocr_carea' id='block_1_76' title="bbox 410 4306 1985 4382">
    <p class='ocr_par' dir='ltr' id='par_1_76' title="bbox 410 4306 1985 4382">
     <span class='ocr_line' id='line_1_77' title="bbox 410 4306 1985 4382; baseline -0.001 -15"><span class='ocrx_word' id='word_1_566' title='bbox 410 4323 508 4378; x_wconf 90' lang='lat' dir='ltr'><strong>tes,</strong></span> <span class='ocrx_word' id='word_1_567' title='bbox 529 4313 648 4368; x_wconf 83' lang='lat' dir='ltr'><strong>sive</strong></span> <span class='ocrx_word' id='word_1_568' title='bbox 665 4306 836 4382; x_wconf 78' lang='lat' dir='ltr'><strong>a&#39;liqui</strong></span> <span class='ocrx_word' id='word_1_569' title='bbox 863 4310 1027 4364; x_wconf 83' lang='lat' dir='ltr'><strong>etiam</strong></span> <span class='ocrx_word' id='word_1_570' title='bbox 1057 4307 1122 4362; x_wconf 88' lang='lat' dir='ltr'><strong>ad</strong></span> <span class='ocrx_word' id='word_1_571' title='bbox 1143 4309 1472 4378; x_wconf 86' lang='lat' dir='ltr'><strong>paradisum,</strong></span> <span class='ocrx_word' id='word_1_572' title='bbox 1509 4317 1604 4364; x_wconf 85' lang='lat' dir='ltr'><strong>aut</strong></span> <span class='ocrx_word' id='word_1_573' title='bbox 1628 4308 1807 4380; x_wconf 87' lang='lat' dir='ltr'><strong>aliqua</strong></span> <span class='ocrx_word' id='word_1_574' title='bbox 1835 4326 1985 4380; x_wconf 68' lang='lat' dir='ltr'><strong>qua:-</strong></span> 
     </span>
    </p>
   </div>
   <div class='ocr_carea' id='block_1_77' title="bbox 408 4396 1988 4469">
    <p class='ocr_par' dir='ltr' id='par_1_77' title="bbox 408 4396 1988 4469">
     <span class='ocr_line' id='line_1_78' title="bbox 408 4396 1988 4469; baseline -0.001 -16"><span class='ocrx_word' id='word_1_575' title='bbox 408 4400 536 4454; x_wconf 84' lang='lat' dir='ltr'><strong>libet</strong></span> <span class='ocrx_word' id='word_1_576' title='bbox 577 4415 646 4456; x_wconf 78' lang='lat' dir='ltr'><strong>ea:</strong></span> <span class='ocrx_word' id='word_1_577' title='bbox 663 4397 844 4454; x_wconf 73' lang='lat' dir='ltr'><strong>multis</strong></span> <span class='ocrx_word' id='word_1_578' title='bbox 891 4398 1248 4452; x_wconf 77' lang='lat' dir='ltr'><strong>mansionibus</strong></span> <span class='ocrx_word' id='word_1_579' title='bbox 1285 4414 1402 4469; x_wconf 76' lang='lat' dir='ltr'><strong>qua:</strong></span> <span class='ocrx_word' id='word_1_580' title='bbox 1430 4399 1571 4468; x_wconf 80' lang='lat' dir='ltr'><strong>apud</strong></span> <span class='ocrx_word' id='word_1_581' title='bbox 1603 4396 1820 4453; x_wconf 86' lang='lat' dir='ltr'><strong>Patrem</strong></span> <span class='ocrx_word' id='word_1_582' title='bbox 1864 4409 1988 4454; x_wconf 72' lang='lat' dir='ltr'><strong>sunt</strong></span> 
     </span>
    </p>
   </div>
   <div class='ocr_carea' id='block_1_78' title="bbox 411 4488 1982 4559">
    <p class='ocr_par' dir='ltr' id='par_1_78' title="bbox 411 4488 1982 4559">
     <span class='ocr_line' id='line_1_79' title="bbox 411 4488 1982 4559; baseline 0.004 -21"><span class='ocrx_word' id='word_1_583' title='bbox 411 4491 592 4559; x_wconf 82' lang='lat' dir='ltr'><strong>(Joun.</strong></span> <span class='ocrx_word' id='word_1_584' title='bbox 652 4489 788 4558; x_wconf 75' lang='lat' dir='ltr'><strong>xlv),</strong></span> <span class='ocrx_word' id='word_1_585' title='bbox 847 4488 1207 4544; x_wconf 82' lang='lat' dir='ltr'><strong>transferendi</strong></span> <span class='ocrx_word' id='word_1_586' title='bbox 1261 4488 1398 4543; x_wconf 87' lang='lat' dir='ltr'><strong>loca.</strong></span> <span class='ocrx_word' id='word_1_587' title='bbox 1452 4488 1751 4545; x_wconf 86' lang='lat' dir='ltr'><strong>Diversitas</strong></span> <span class='ocrx_word' id='word_1_588' title='bbox 1801 4501 1982 4546; x_wconf 87' lang='lat' dir='ltr'><strong>autem</strong></span> 
     </span>
    </p>
   </div>
   <div class='ocr_carea' id='block_1_79' title="bbox 413 4579 1982 4650">
    <p class='ocr_par' dir='ltr' id='par_1_79' title="bbox 413 4579 1982 4650">
     <span class='ocr_line' id='line_1_80' title="bbox 413 4579 1982 4650; baseline 0.003 -17"><span class='ocrx_word' id='word_1_589' title='bbox 413 4581 779 4636; x_wconf 87' lang='lat' dir='ltr'><strong>translationis</strong></span> <span class='ocrx_word' id='word_1_590' title='bbox 803 4589 860 4634; x_wconf 87' lang='lat' dir='ltr'><strong>et</strong></span> <span class='ocrx_word' id='word_1_591' title='bbox 895 4579 1078 4650; x_wconf 73' lang='lat' dir='ltr'><strong>gloriae</strong></span> <span class='ocrx_word' id='word_1_592' title='bbox 1115 4596 1179 4634; x_wconf 82' lang='lat' dir='ltr'><strong>ex</strong></span> <span class='ocrx_word' id='word_1_593' title='bbox 1237 4581 1445 4636; x_wconf 85' lang='lat' dir='ltr'><strong>meritis</strong></span> <span class='ocrx_word' id='word_1_594' title='bbox 1476 4581 1592 4636; x_wconf 87' lang='lat' dir='ltr'><strong>sine</strong></span> <span class='ocrx_word' id='word_1_595' title='bbox 1613 4581 1778 4636; x_wconf 89' lang='lat' dir='ltr'><strong>dnhio</strong></span> <span class='ocrx_word' id='word_1_596' title='bbox 1813 4592 1868 4636; x_wconf 90' lang='lat' dir='ltr'><strong>et</strong></span> <span class='ocrx_word' id='word_1_597' title='bbox 1894 4598 1982 4637; x_wconf 86' lang='lat' dir='ltr'><strong>ac-</strong></span> 
     </span>
    </p>
   </div>
   <div class='ocr_carea' id='block_1_80' title="bbox 412 4667 1983 4738">
    <p class='ocr_par' dir='ltr' id='par_1_80' title="bbox 412 4667 1983 4738">
     <span class='ocr_line' id='line_1_81' title="bbox 412 4667 1983 4738; baseline 0.001 -16"><span class='ocrx_word' id='word_1_598' title='bbox 412 4669 556 4723; x_wconf 84' lang='lat' dir='ltr'><strong>tibus</strong></span> <span class='ocrx_word' id='word_1_599' title='bbox 584 4668 1002 4737; x_wconf 80' lang='lat' dir='ltr'><strong>uniuscujusque</strong></span> <span class='ocrx_word' id='word_1_600' title='bbox 1015 4667 1379 4738; x_wconf 69' lang='lat' dir='ltr'><strong>praastabitur,</strong></span> <span class='ocrx_word' id='word_1_601' title='bbox 1404 4675 1460 4722; x_wconf 91' lang='lat' dir='ltr'><strong>et</strong></span> <span class='ocrx_word' id='word_1_602' title='bbox 1484 4668 1983 4738; x_wconf 82' lang='lat' dir='ltr'><strong>eritnnusquisque</strong></span> 
     </span>
    </p>
   </div>
   <div class='ocr_carea' id='block_1_81' title="bbox 415 4749 1978 4826">
    <p class='ocr_par' dir='ltr' id='par_1_81' title="bbox 415 4749 1978 4826">
     <span class='ocr_line' id='line_1_82' title="bbox 415 4749 1978 4826; baseline 0.001 -15"><span class='ocrx_word' id='word_1_603' title='bbox 415 4760 467 4811; x_wconf 87' lang='lat' dir='ltr'><strong>in</strong></span> <span class='ocrx_word' id='word_1_604' title='bbox 492 4772 558 4812; x_wconf 87' lang='lat' dir='ltr'><strong>eo</strong></span> <span class='ocrx_word' id='word_1_605' title='bbox 584 4758 773 4814; x_wconf 86' lang='lat' dir='ltr'><strong>ordine</strong></span> <span class='ocrx_word' id='word_1_606' title='bbox 796 4774 956 4826; x_wconf 87' lang='lat' dir='ltr'><strong>quem</strong></span> <span class='ocrx_word' id='word_1_607' title='bbox 979 4758 1080 4812; x_wconf 88' lang='lat' dir='ltr'><strong>sibi</strong></span> <span class='ocrx_word' id='word_1_608' title='bbox 1115 4749 1429 4812; x_wconf 79' lang='lat' dir='ltr'><strong>meritorum</strong></span> <span class='ocrx_word' id='word_1_609' title='bbox 1453 4765 1601 4826; x_wconf 84' lang='lat' dir='ltr'><strong>gesta</strong></span> <span class='ocrx_word' id='word_1_610' title='bbox 1634 4757 1978 4822; x_wconf 81' lang='lat' dir='ltr'><strong>contulerint,</strong></span> 
     </span>
    </p>
   </div>
   <div class='ocr_carea' id='block_1_82' title="bbox 411 4846 1983 4916">
    <p class='ocr_par' dir='ltr' id='par_1_82' title="bbox 411 4846 1983 4916">
     <span class='ocr_line' id='line_1_83' title="bbox 411 4846 1983 4916; baseline 0.001 -16"><span class='ocrx_word' id='word_1_611' title='bbox 411 4847 553 4900; x_wconf 85' lang='lat' dir='ltr'><strong>sicut</strong></span> <span class='ocrx_word' id='word_1_612' title='bbox 579 4856 634 4900; x_wconf 87' lang='lat' dir='ltr'><strong>et</strong></span> <span class='ocrx_word' id='word_1_613' title='bbox 663 4846 801 4901; x_wconf 86' lang='lat' dir='ltr'><strong>idem</strong></span> <span class='ocrx_word' id='word_1_614' title='bbox 831 4847 1026 4902; x_wconf 86' lang='lat' dir='ltr'><strong>Paulus</strong></span> <span class='ocrx_word' id='word_1_615' title='bbox 1048 4854 1384 4916; x_wconf 85' lang='lat' dir='ltr'><strong>protestatur</strong></span> <span class='ocrx_word' id='word_1_616' title='bbox 1405 4846 1590 4901; x_wconf 89' lang='lat' dir='ltr'><strong>dicens</strong></span> <span class='ocrx_word' id='word_1_617' title='bbox 1617 4846 1682 4900; x_wconf 90' lang='lat' dir='ltr'><strong>de</strong></span> <span class='ocrx_word' id='word_1_618' title='bbox 1703 4861 1983 4915; x_wconf 82' lang='lat' dir='ltr'><strong>resurgen-</strong></span> 
     </span>
    </p>
   </div>
   <div class='ocr_carea' id='block_1_83' title="bbox 415 4934 1984 5009">
    <p class='ocr_par' dir='ltr' id='par_1_83' title="bbox 415 4934 1984 5009">
     <span class='ocr_line' id='line_1_84' title="bbox 415 4934 1984 5009; baseline 0.003 -18"><span class='ocrx_word' id='word_1_619' title='bbox 415 4938 594 4992; x_wconf 81' lang='lat' dir='ltr'><strong>tibus:</strong></span> <span class='ocrx_word' id='word_1_620' title='bbox 631 4934 991 5006; x_wconf 74' lang='lat' dir='ltr'><strong>Unusquisque</strong></span> <span class='ocrx_word' id='word_1_621' title='bbox 1013 4938 1068 4991; x_wconf 88' lang='lat' dir='ltr'><strong>in</strong></span> <span class='ocrx_word' id='word_1_622' title='bbox 1101 4954 1197 4992; x_wconf 78' lang='lat' dir='ltr'><strong>suo</strong></span> <span class='ocrx_word' id='word_1_623' title='bbox 1237 4937 1420 4994; x_wconf 77' lang='lat' dir='ltr'><strong>ordine</strong></span> <span class='ocrx_word' id='word_1_624' title='bbox 1454 4936 1507 5009; x_wconf 85' lang='grc' dir='ltr'><strong>(Ι</strong></span> <span class='ocrx_word' id='word_1_625' title='bbox 1536 4937 1658 4992; x_wconf 84' lang='lat' dir='ltr'><strong>Cor.</strong></span> <span class='ocrx_word' id='word_1_626' title='bbox 1682 4940 1795 5006; x_wconf 87' lang='lat' dir='ltr'><strong>xv).</strong></span> <span class='ocrx_word' id='word_1_627' title='bbox 1833 4939 1984 4995; x_wconf 85' lang='lat' dir='ltr'><strong>Tunc</strong></span> 
     </span>
    </p>
   </div>
   <div class='ocr_carea' id='block_1_84' title="bbox 413 5015 1982 5098">
    <p class='ocr_par' dir='ltr' id='par_1_84' title="bbox 413 5015 1982 5098">
     <span class='ocr_line' id='line_1_85' title="bbox 413 5015 1982 5098; baseline 0.002 -18"><span class='ocrx_word' id='word_1_628' title='bbox 413 5036 592 5082; x_wconf 89' lang='lat' dir='ltr'><strong>autem</strong></span> <span class='ocrx_word' id='word_1_629' title='bbox 621 5027 830 5082; x_wconf 82' lang='lat' dir='ltr'><strong>accedit</strong></span> <span class='ocrx_word' id='word_1_630' title='bbox 877 5030 932 5078; x_wconf 89' lang='lat' dir='ltr'><strong>in</strong></span> <span class='ocrx_word' id='word_1_631' title='bbox 972 5027 1370 5081; x_wconf 87' lang='lat' dir='ltr'><strong>resurrectione</strong></span> <span class='ocrx_word' id='word_1_632' title='bbox 1421 5027 1808 5098; x_wconf 83' lang='lat' dir='ltr'><strong>unusquisque,</strong></span> <span class='ocrx_word' id='word_1_633' title='bbox 1835 5015 1982 5084; x_wconf 87' lang='lat' dir='ltr'><strong>utin</strong></span> 
     </span>
    </p>
   </div>
   <div class='ocr_carea' id='block_1_85' title="bbox 417 5113 1982 5190">
    <p class='ocr_par' dir='ltr' id='par_1_85' title="bbox 417 5113 1982 5190">
     <span class='ocr_line' id='line_1_86' title="bbox 417 5113 1982 5190; baseline 0.001 -18"><span class='ocrx_word' id='word_1_634' title='bbox 417 5115 558 5172; x_wconf 86' lang='lat' dir='ltr'><strong>tribu</strong></span> <span class='ocrx_word' id='word_1_635' title='bbox 585 5116 773 5171; x_wconf 75' lang='lat' dir='ltr'><strong>Ruben</strong></span> <span class='ocrx_word' id='word_1_636' title='bbox 809 5113 1139 5182; x_wconf 87' lang='lat' dir='ltr'><strong>spiritalibus</strong></span> <span class='ocrx_word' id='word_1_637' title='bbox 1167 5115 1382 5170; x_wconf 85' lang='lat' dir='ltr'><strong>indiciis</strong></span> <span class='ocrx_word' id='word_1_638' title='bbox 1406 5117 1712 5190; x_wconf 83' lang='lat' dir='ltr'><strong>ascribatur</strong></span> <span class='ocrx_word' id='word_1_639' title='bbox 1735 5137 1750 5182; x_wconf 86' lang='lat'><strong>;</strong></span> <span class='ocrx_word' id='word_1_640' title='bbox 1782 5121 1852 5174; x_wconf 90' lang='lat' dir='ltr'><strong>ob</strong></span> <span class='ocrx_word' id='word_1_641' title='bbox 1882 5121 1982 5176; x_wconf 89' lang='lat' dir='ltr'><strong>hoc</strong></span> 
     </span>
    </p>
   </div>
   <div class='ocr_carea' id='block_1_86' title="bbox 413 5205 1984 5277">
    <p class='ocr_par' dir='ltr' id='par_1_86' title="bbox 413 5205 1984 5277">
     <span class='ocr_line' id='line_1_87' title="bbox 413 5205 1984 5277; baseline 0.001 -14"><span class='ocrx_word' id='word_1_642' title='bbox 413 5206 656 5277; x_wconf 85' lang='lat' dir='ltr'><strong>profecto</strong></span> <span class='ocrx_word' id='word_1_643' title='bbox 701 5205 842 5275; x_wconf 88' lang='lat' dir='ltr'><strong>quod</strong></span> <span class='ocrx_word' id='word_1_644' title='bbox 871 5205 1072 5273; x_wconf 87' lang='lat' dir='ltr'><strong>aliquid</strong></span> <span class='ocrx_word' id='word_1_645' title='bbox 1117 5205 1171 5259; x_wconf 91' lang='lat' dir='ltr'><strong>in</strong></span> <span class='ocrx_word' id='word_1_646' title='bbox 1215 5205 1476 5270; x_wconf 88' lang='lat' dir='ltr'><strong>moribus,</strong></span> <span class='ocrx_word' id='word_1_647' title='bbox 1508 5215 1601 5262; x_wconf 88' lang='lat' dir='ltr'><strong>aut</strong></span> <span class='ocrx_word' id='word_1_648' title='bbox 1626 5210 1856 5275; x_wconf 86' lang='lat' dir='ltr'><strong>actibus,</strong></span> <span class='ocrx_word' id='word_1_649' title='bbox 1888 5219 1984 5264; x_wconf 88' lang='lat' dir='ltr'><strong>aut</strong></span> 
     </span>
    </p>
   </div>
   <div class='ocr_carea' id='block_1_87' title="bbox 413 5297 1976 5372">
    <p class='ocr_par' dir='ltr' id='par_1_87' title="bbox 413 5297 1976 5372">
     <span class='ocr_line' id='line_1_88' title="bbox 413 5297 1976 5372; baseline -0.001 -16"><span class='ocrx_word' id='word_1_650' title='bbox 413 5304 545 5370; x_wconf 85' lang='lat' dir='ltr'><strong>vita,</strong></span> <span class='ocrx_word' id='word_1_651' title='bbox 598 5300 696 5372; x_wconf 90' lang='lat' dir='ltr'><strong>ipsi</strong></span> <span class='ocrx_word' id='word_1_652' title='bbox 734 5298 920 5354; x_wconf 83' lang='lat' dir='ltr'><strong>Ruben</strong></span> <span class='ocrx_word' id='word_1_653' title='bbox 957 5297 1130 5352; x_wconf 84' lang='lat' dir='ltr'><strong>simile</strong></span> <span class='ocrx_word' id='word_1_654' title='bbox 1182 5305 1239 5352; x_wconf 89' lang='lat' dir='ltr'><strong>ct</strong></span> <span class='ocrx_word' id='word_1_655' title='bbox 1269 5299 1723 5370; x_wconf 84' lang='lat' dir='ltr'><strong>consanguineum</strong></span> <span class='ocrx_word' id='word_1_656' title='bbox 1772 5302 1976 5356; x_wconf 86' lang='lat' dir='ltr'><strong>habuit.</strong></span> 
     </span>
    </p>
   </div>
   <div class='ocr_carea' id='block_1_88' title="bbox 417 5387 1980 5460">
    <p class='ocr_par' dir='ltr' id='par_1_88' title="bbox 417 5387 1980 5460">
     <span class='ocr_line' id='line_1_89' title="bbox 417 5387 1980 5460; baseline -0.001 -13"><span class='ocrx_word' id='word_1_657' title='bbox 417 5395 564 5450; x_wconf 86' lang='lat' dir='ltr'><strong>Alius</strong></span> <span class='ocrx_word' id='word_1_658' title='bbox 585 5401 761 5448; x_wconf 89' lang='lat' dir='ltr'><strong>autem</strong></span> <span class='ocrx_word' id='word_1_659' title='bbox 786 5391 838 5446; x_wconf 89' lang='lat' dir='ltr'><strong>iu</strong></span> <span class='ocrx_word' id='word_1_660' title='bbox 871 5389 1042 5443; x_wconf 86' lang='lat' dir='ltr'><strong>tribus</strong></span> <span class='ocrx_word' id='word_1_661' title='bbox 1064 5388 1304 5453; x_wconf 86' lang='lat' dir='ltr'><strong>Simcou,</strong></span> <span class='ocrx_word' id='word_1_662' title='bbox 1330 5387 1574 5445; x_wconf 88' lang='lat' dir='ltr'><strong>fortassis</strong></span> <span class='ocrx_word' id='word_1_663' title='bbox 1597 5405 1696 5460; x_wconf 89' lang='lat' dir='ltr'><strong>pro</strong></span> <span class='ocrx_word' id='word_1_664' title='bbox 1724 5391 1980 5447; x_wconf 69' lang='lat' dir='ltr'><strong>obedien-</strong></span> 
     </span>
    </p>
   </div>
   <div class='ocr_carea' id='block_1_89' title="bbox 409 5479 1982 5551">
    <p class='ocr_par' dir='ltr' id='par_1_89' title="bbox 409 5479 1982 5551">
     <span class='ocr_line' id='line_1_90' title="bbox 409 5479 1982 5551; baseline 0 -13"><span class='ocrx_word' id='word_1_665' title='bbox 409 5486 517 5549; x_wconf 86' lang='lat' dir='ltr'><strong>tia;</strong></span> <span class='ocrx_word' id='word_1_666' title='bbox 554 5484 690 5539; x_wconf 87' lang='lat' dir='ltr'><strong>alius</strong></span> <span class='ocrx_word' id='word_1_667' title='bbox 724 5483 778 5536; x_wconf 89' lang='lat' dir='ltr'><strong>in</strong></span> <span class='ocrx_word' id='word_1_668' title='bbox 803 5481 944 5534; x_wconf 89' lang='lat' dir='ltr'><strong>tribu</strong></span> <span class='ocrx_word' id='word_1_669' title='bbox 972 5479 1125 5544; x_wconf 89' lang='lat' dir='ltr'><strong>Levi,</strong></span> <span class='ocrx_word' id='word_1_670' title='bbox 1166 5481 1329 5535; x_wconf 83' lang='lat' dir='ltr'><strong>credo</strong></span> <span class='ocrx_word' id='word_1_671' title='bbox 1349 5481 1442 5549; x_wconf 88' lang='lat' dir='ltr'><strong>qui</strong></span> <span class='ocrx_word' id='word_1_672' title='bbox 1470 5482 1607 5536; x_wconf 86' lang='lat' dir='ltr'><strong>bene</strong></span> <span class='ocrx_word' id='word_1_673' title='bbox 1653 5482 1869 5551; x_wconf 63' lang='lat' dir='ltr'><strong>prmiuit</strong></span> <span class='ocrx_word' id='word_1_674' title='bbox 1895 5499 1982 5538; x_wconf 83' lang='lat' dir='ltr'><strong>sa-</strong></span> 
     </span>
    </p>
   </div>
   <div class='ocr_carea' id='block_1_90' title="bbox 411 5571 1980 5641">
    <p class='ocr_par' dir='ltr' id='par_1_90' title="bbox 411 5571 1980 5641">
     <span class='ocr_line' id='line_1_91' title="bbox 411 5571 1980 5641; baseline -0.001 -13"><span class='ocrx_word' id='word_1_675' title='bbox 411 5575 650 5635; x_wconf 85' lang='lat' dir='ltr'><strong>cerdotio</strong></span> <span class='ocrx_word' id='word_1_676' title='bbox 673 5613 687 5638; x_wconf 94' lang='lat'><strong>,</strong></span> <span class='ocrx_word' id='word_1_677' title='bbox 717 5572 798 5626; x_wconf 84' lang='lat' dir='ltr'><strong>vel</strong></span> <span class='ocrx_word' id='word_1_678' title='bbox 833 5572 924 5641; x_wconf 87' lang='lat' dir='ltr'><strong>qui</strong></span> <span class='ocrx_word' id='word_1_679' title='bbox 951 5572 1085 5626; x_wconf 87' lang='lat' dir='ltr'><strong>bene</strong></span> <span class='ocrx_word' id='word_1_680' title='bbox 1113 5571 1425 5626; x_wconf 85' lang='lat' dir='ltr'><strong>ministrans</strong></span> <span class='ocrx_word' id='word_1_681' title='bbox 1445 5612 1458 5636; x_wconf 95' lang='lat'><strong>,</strong></span> <span class='ocrx_word' id='word_1_682' title='bbox 1489 5572 1713 5641; x_wconf 81' lang='lat' dir='ltr'><strong>gradum</strong></span> <span class='ocrx_word' id='word_1_683' title='bbox 1740 5574 1842 5627; x_wconf 86' lang='lat' dir='ltr'><strong>sibi</strong></span> <span class='ocrx_word' id='word_1_684' title='bbox 1886 5575 1980 5628; x_wconf 92' lang='lat' dir='ltr'><strong>bo-</strong></span> 
     </span>
    </p>
   </div>
   <div class='ocr_carea' id='block_1_91' title="bbox 409 5661 1979 5733">
    <p class='ocr_par' dir='ltr' id='par_1_91' title="bbox 409 5661 1979 5733">
     <span class='ocr_line' id='line_1_92' title="bbox 409 5661 1979 5733; baseline 0.003 -21"><span class='ocrx_word' id='word_1_685' title='bbox 409 5677 543 5714; x_wconf 75' lang='lat' dir='ltr'><strong>num</strong></span> <span class='ocrx_word' id='word_1_686' title='bbox 571 5663 887 5733; x_wconf 86' lang='lat' dir='ltr'><strong>acquisivit;</strong></span> <span class='ocrx_word' id='word_1_687' title='bbox 917 5661 1053 5717; x_wconf 88' lang='lat' dir='ltr'><strong>alius</strong></span> <span class='ocrx_word' id='word_1_688' title='bbox 1079 5671 1256 5718; x_wconf 86' lang='lat' dir='ltr'><strong>autem</strong></span> <span class='ocrx_word' id='word_1_689' title='bbox 1288 5663 1340 5717; x_wconf 87' lang='lat' dir='ltr'><strong>iu</strong></span> <span class='ocrx_word' id='word_1_690' title='bbox 1371 5664 1512 5721; x_wconf 71' lang='lat' dir='ltr'><strong>tribu</strong></span> <span class='ocrx_word' id='word_1_691' title='bbox 1535 5661 1695 5731; x_wconf 84' lang='lat' dir='ltr'><strong>Juda,</strong></span> <span class='ocrx_word' id='word_1_692' title='bbox 1745 5679 1849 5718; x_wconf 87' lang='lat' dir='ltr'><strong>non</strong></span> <span class='ocrx_word' id='word_1_693' title='bbox 1881 5665 1979 5717; x_wconf 87' lang='lat' dir='ltr'><strong>du-</strong></span> 
     </span>
    </p>
   </div>
   <div class='ocr_carea' id='block_1_92' title="bbox 2090 3217 3663 3291">
    <p class='ocr_par' dir='ltr' id='par_1_92' title="bbox 2090 3217 3663 3291">
     <span class='ocr_line' id='line_1_93' title="bbox 2090 3217 3663 3291; baseline -0.004 -15"><span class='ocrx_word' id='word_1_694' title='bbox 2090 3222 2253 3277; x_wconf 86' lang='lat' dir='ltr'><strong>ﬁcar-e</strong></span> <span class='ocrx_word' id='word_1_695' title='bbox 2283 3229 2461 3290; x_wconf 85' lang='lat' dir='ltr'><strong>potest</strong></span> <span class='ocrx_word' id='word_1_696' title='bbox 2485 3221 2681 3285; x_wconf 85' lang='lat' dir='ltr'><strong>Elisur,</strong></span> <span class='ocrx_word' id='word_1_697' title='bbox 2707 3220 2761 3276; x_wconf 89' lang='lat' dir='ltr'><strong>id</strong></span> <span class='ocrx_word' id='word_1_698' title='bbox 2806 3229 2891 3276; x_wconf 88' lang='lat' dir='ltr'><strong>est</strong></span> <span class='ocrx_word' id='word_1_699' title='bbox 2955 3230 3110 3291; x_wconf 87' lang='lat' dir='ltr'><strong>pater</strong></span> <span class='ocrx_word' id='word_1_700' title='bbox 3134 3235 3288 3274; x_wconf 85' lang='lat' dir='ltr'><strong>meus</strong></span> <span class='ocrx_word' id='word_1_701' title='bbox 3332 3217 3512 3280; x_wconf 79' lang='lat' dir='ltr'><strong>fortis,</strong></span> <span class='ocrx_word' id='word_1_702' title='bbox 3536 3218 3663 3285; x_wconf 87' lang='lat' dir='ltr'><strong>quia</strong></span> 
     </span>
    </p>
   </div>
   <div class='ocr_carea' id='block_1_93' title="bbox 2090 3307 3658 3384">
    <p class='ocr_par' dir='ltr' id='par_1_93' title="bbox 2090 3307 3658 3384">
     <span class='ocr_line' id='line_1_94' title="bbox 2090 3307 3658 3384; baseline -0.005 -16"><span class='ocrx_word' id='word_1_703' title='bbox 2090 3313 2180 3370; x_wconf 90' lang='lat' dir='ltr'><strong>ille</strong></span> <span class='ocrx_word' id='word_1_704' title='bbox 2231 3313 2424 3370; x_wconf 87' lang='lat' dir='ltr'><strong>merito</strong></span> <span class='ocrx_word' id='word_1_705' title='bbox 2453 3313 2617 3371; x_wconf 85' lang='lat' dir='ltr'><strong>fortis</strong></span> <span class='ocrx_word' id='word_1_706' title='bbox 2647 3313 2947 3384; x_wconf 85' lang='lat' dir='ltr'><strong>appellatur</strong></span> <span class='ocrx_word' id='word_1_707' title='bbox 2990 3313 3056 3368; x_wconf 88' lang='lat' dir='ltr'><strong>de</strong></span> <span class='ocrx_word' id='word_1_708' title='bbox 3083 3327 3190 3381; x_wconf 86' lang='lat' dir='ltr'><strong>quo</strong></span> <span class='ocrx_word' id='word_1_709' title='bbox 3233 3310 3504 3380; x_wconf 76' lang='lat' dir='ltr'><strong>Propheta</strong></span> <span class='ocrx_word' id='word_1_710' title='bbox 3543 3307 3658 3362; x_wconf 87' lang='lat' dir='ltr'><strong>ait:</strong></span> 
     </span>
    </p>
   </div>
   <div class='ocr_carea' id='block_1_94' title="bbox 2090 3398 3660 3476">
    <p class='ocr_par' dir='ltr' id='par_1_94' title="bbox 2090 3398 3660 3476">
     <span class='ocr_line' id='line_1_95' title="bbox 2090 3398 3660 3476; baseline -0.006 -17"><span class='ocrx_word' id='word_1_711' title='bbox 2090 3403 2206 3460; x_wconf 72' lang='lat' dir='ltr'><strong>Rea:</strong></span> <span class='ocrx_word' id='word_1_712' title='bbox 2230 3404 2412 3475; x_wconf 71' lang='lat' dir='ltr'><strong>gloriae</strong></span> <span class='ocrx_word' id='word_1_713' title='bbox 2459 3404 2716 3460; x_wconf 82' lang='lat' dir='ltr'><strong>Dominus</strong></span> <span class='ocrx_word' id='word_1_714' title='bbox 2737 3405 2910 3476; x_wconf 77' lang='lat' dir='ltr'><strong>fortis,</strong></span> <span class='ocrx_word' id='word_1_715' title='bbox 2928 3404 3182 3459; x_wconf 73' lang='lat' dir='ltr'><strong>Dominus</strong></span> <span class='ocrx_word' id='word_1_716' title='bbox 3201 3411 3381 3470; x_wconf 76' lang='lat' dir='ltr'><strong>potens</strong></span> <span class='ocrx_word' id='word_1_717' title='bbox 3399 3403 3453 3454; x_wconf 87' lang='lat' dir='ltr'><strong>in</strong></span> <span class='ocrx_word' id='word_1_718' title='bbox 3479 3398 3660 3470; x_wconf 66' lang='lat' dir='ltr'><strong>partio</strong></span> 
     </span>
    </p>
   </div>
   <div class='ocr_carea' id='block_1_95' title="bbox 2091 3495 3660 3570">
    <p class='ocr_par' dir='ltr' id='par_1_95' title="bbox 2091 3495 3660 3570">
     <span class='ocr_line' id='line_1_96' title="bbox 2091 3495 3660 3570; baseline -0.002 -19"><span class='ocrx_word' id='word_1_719' title='bbox 2091 3495 2262 3570; x_wconf 82' lang='lat' dir='ltr'><strong>(Psal.</strong></span> <span class='ocrx_word' id='word_1_720' title='bbox 2284 3496 2463 3569; x_wconf 70' lang='grc' dir='ltr'>χχιιι).</span> <span class='ocrx_word' id='word_1_721' title='bbox 2493 3497 2596 3553; x_wconf 86' lang='lat' dir='ltr'><strong>Iste</strong></span> <span class='ocrx_word' id='word_1_722' title='bbox 2633 3513 2764 3570; x_wconf 85' lang='lat' dir='ltr'><strong>ergo</strong></span> <span class='ocrx_word' id='word_1_723' title='bbox 2791 3498 2984 3553; x_wconf 81' lang='lat' dir='ltr'><strong>Ruben</strong></span> <span class='ocrx_word' id='word_1_724' title='bbox 3023 3496 3124 3552; x_wconf 89' lang='lat' dir='ltr'><strong>sub</strong></span> <span class='ocrx_word' id='word_1_725' title='bbox 3153 3495 3242 3550; x_wconf 87' lang='lat' dir='ltr'><strong>tali</strong></span> <span class='ocrx_word' id='word_1_726' title='bbox 3264 3495 3510 3564; x_wconf 88' lang='lat' dir='ltr'><strong>principe</strong></span> <span class='ocrx_word' id='word_1_727' title='bbox 3529 3507 3660 3548; x_wconf 87' lang='lat' dir='ltr'><strong>con-</strong></span> 
     </span>
    </p>
   </div>
   <div class='ocr_carea' id='block_1_96' title="bbox 2089 3585 3662 3652">
    <p class='ocr_par' dir='ltr' id='par_1_96' title="bbox 2089 3585 3662 3652">
     <span class='ocr_line' id='line_1_97' title="bbox 2089 3585 3662 3652; baseline -0.003 -10"><span class='ocrx_word' id='word_1_728' title='bbox 2089 3589 2310 3643; x_wconf 88' lang='lat' dir='ltr'><strong>stitutus</strong></span> <span class='ocrx_word' id='word_1_729' title='bbox 2330 3589 2474 3643; x_wconf 83' lang='lat' dir='ltr'><strong>videt</strong></span> <span class='ocrx_word' id='word_1_730' title='bbox 2503 3589 2658 3652; x_wconf 82' lang='lat' dir='ltr'><strong>ﬁlios,</strong></span> <span class='ocrx_word' id='word_1_731' title='bbox 2690 3605 2812 3644; x_wconf 90' lang='lat' dir='ltr'><strong>cum</strong></span> <span class='ocrx_word' id='word_1_732' title='bbox 2841 3588 3174 3644; x_wconf 86' lang='lat' dir='ltr'><strong>credentium</strong></span> <span class='ocrx_word' id='word_1_733' title='bbox 3200 3600 3483 3642; x_wconf 89' lang='lat' dir='ltr'><strong>numerum</strong></span> <span class='ocrx_word' id='word_1_734' title='bbox 3512 3585 3578 3639; x_wconf 80' lang='lat' dir='ltr'><strong>ad</strong></span> <span class='ocrx_word' id='word_1_735' title='bbox 3599 3597 3662 3637; x_wconf 86' lang='lat' dir='ltr'><strong>se</strong></span> 
     </span>
    </p>
   </div>
   <div class='ocr_carea' id='block_1_97' title="bbox 2087 3677 3661 3750">
    <p class='ocr_par' dir='ltr' id='par_1_97' title="bbox 2087 3677 3661 3750">
     <span class='ocr_line' id='line_1_98' title="bbox 2087 3677 3661 3750; baseline -0.003 -16"><span class='ocrx_word' id='word_1_736' title='bbox 2087 3678 2359 3734; x_wconf 72' lang='lat' dir='ltr'><strong>conﬂuere</strong></span> <span class='ocrx_word' id='word_1_737' title='bbox 2387 3679 2608 3749; x_wconf 78' lang='lat' dir='ltr'><strong>largitor</strong></span> <span class='ocrx_word' id='word_1_738' title='bbox 2633 3680 2912 3750; x_wconf 84' lang='lat' dir='ltr'><strong>conspicit.</strong></span> <span class='ocrx_word' id='word_1_739' title='bbox 2949 3678 3098 3735; x_wconf 79' lang='lat' dir='ltr'><strong>Unde</strong></span> <span class='ocrx_word' id='word_1_740' title='bbox 3123 3678 3178 3733; x_wconf 94' lang='lat' dir='ltr'><strong>in</strong></span> <span class='ocrx_word' id='word_1_741' title='bbox 3197 3677 3426 3732; x_wconf 77' lang='lat' dir='ltr'><strong>Actibus</strong></span> <span class='ocrx_word' id='word_1_742' title='bbox 3449 3684 3661 3746; x_wconf 82' lang='lat' dir='ltr'><strong>aposto-</strong></span> 
     </span>
    </p>
   </div>
   <div class='ocr_carea' id='block_1_98' title="bbox 2091 3765 3657 3844">
    <p class='ocr_par' dir='ltr' id='par_1_98' title="bbox 2091 3765 3657 3844">
     <span class='ocr_line' id='line_1_99' title="bbox 2091 3765 3657 3844; baseline -0.006 -19"><span class='ocrx_word' id='word_1_743' title='bbox 2091 3772 2262 3829; x_wconf 78' lang='lat' dir='ltr'><strong>lorum</strong></span> <span class='ocrx_word' id='word_1_744' title='bbox 2282 3771 2433 3844; x_wconf 77' lang='lat' dir='ltr'><strong>(Cap.</strong></span> <span class='ocrx_word' id='word_1_745' title='bbox 2463 3772 2524 3844; x_wconf 82' lang='grc' dir='ltr'>ιι)</span> <span class='ocrx_word' id='word_1_746' title='bbox 2548 3787 2652 3826; x_wconf 90' lang='lat' dir='ltr'><strong>una</strong></span> <span class='ocrx_word' id='word_1_747' title='bbox 2670 3773 2756 3825; x_wconf 84' lang='lat' dir='ltr'><strong>die</strong></span> <span class='ocrx_word' id='word_1_748' title='bbox 2785 3770 3110 3842; x_wconf 69' lang='lat' dir='ltr'><strong>praedicante</strong></span> <span class='ocrx_word' id='word_1_749' title='bbox 3125 3767 3286 3823; x_wconf 87' lang='lat' dir='ltr'><strong>Petro</strong></span> <span class='ocrx_word' id='word_1_750' title='bbox 3307 3767 3526 3821; x_wconf 82' lang='lat' dir='ltr'><strong>circiter</strong></span> <span class='ocrx_word' id='word_1_751' title='bbox 3556 3765 3657 3818; x_wconf 81' lang='lat' dir='ltr'><strong>tria</strong></span> 
     </span>
    </p>
   </div>
   <div class='ocr_carea' id='block_1_99' title="bbox 2087 3859 3658 3935">
    <p class='ocr_par' dir='ltr' id='par_1_99' title="bbox 2087 3859 3658 3935">
     <span class='ocr_line' id='line_1_100' title="bbox 2087 3859 3658 3935; baseline -0.006 -16"><span class='ocrx_word' id='word_1_752' title='bbox 2087 3865 2256 3919; x_wconf 74' lang='lat' dir='ltr'><strong>millia</strong></span> <span class='ocrx_word' id='word_1_753' title='bbox 2305 3864 2573 3935; x_wconf 77' lang='lat' dir='ltr'><strong>baptizata</strong></span> <span class='ocrx_word' id='word_1_754' title='bbox 2609 3871 3121 3918; x_wconf 89' lang='lat' dir='ltr'><strong>commemorantur.</strong></span> <span class='ocrx_word' id='word_1_755' title='bbox 3154 3861 3221 3916; x_wconf 86' lang='lat' dir='ltr'><strong>Et</strong></span> <span class='ocrx_word' id='word_1_756' title='bbox 3261 3860 3421 3931; x_wconf 89' lang='lat' dir='ltr'><strong>paulo</strong></span> <span class='ocrx_word' id='word_1_757' title='bbox 3443 3866 3569 3929; x_wconf 82' lang='lat' dir='ltr'><strong>post</strong></span> <span class='ocrx_word' id='word_1_758' title='bbox 3607 3859 3658 3910; x_wconf 90' lang='lat' dir='ltr'><strong>in</strong></span> 
     </span>
    </p>
   </div>
   <div class='ocr_carea' id='block_1_100' title="bbox 2085 3954 3658 4027">
    <p class='ocr_par' dir='ltr' id='par_1_100' title="bbox 2085 3954 3658 4027">
     <span class='ocr_line' id='line_1_101' title="bbox 2085 3954 3658 4027; baseline -0.005 -15"><span class='ocrx_word' id='word_1_759' title='bbox 2085 3957 2278 4012; x_wconf 83' lang='lat' dir='ltr'><strong>eodem</strong></span> <span class='ocrx_word' id='word_1_760' title='bbox 2305 3957 2464 4024; x_wconf 88' lang='lat' dir='ltr'><strong>libro,</strong></span> <span class='ocrx_word' id='word_1_761' title='bbox 2514 3958 2587 4013; x_wconf 92' lang='lat' dir='ltr'><strong>ita</strong></span> <span class='ocrx_word' id='word_1_762' title='bbox 2633 3958 2891 4027; x_wconf 87' lang='lat' dir='ltr'><strong>scriptum</strong></span> <span class='ocrx_word' id='word_1_763' title='bbox 2923 3965 3008 4012; x_wconf 87' lang='lat' dir='ltr'><strong>est</strong></span> <span class='ocrx_word' id='word_1_764' title='bbox 3037 3975 3050 4010; x_wconf 91' lang='lat'><strong>:</strong></span> <span class='ocrx_word' id='word_1_765' title='bbox 3083 3954 3442 4010; x_wconf 70' lang='lat' dir='ltr'><strong>Multitudinis</strong></span> <span class='ocrx_word' id='word_1_766' title='bbox 3488 3963 3658 4008; x_wconf 77' lang='lat' dir='ltr'><strong>autem</strong></span> 
     </span>
    </p>
   </div>
   <div class='ocr_carea' id='block_1_101' title="bbox 2088 4043 3658 4116">
    <p class='ocr_par' dir='ltr' id='par_1_101' title="bbox 2088 4043 3658 4116">
     <span class='ocr_line' id='line_1_102' title="bbox 2088 4043 3658 4116; baseline -0.003 -16"><span class='ocrx_word' id='word_1_767' title='bbox 2088 4047 2411 4101; x_wconf 78' lang='lat' dir='ltr'><strong>credentium</strong></span> <span class='ocrx_word' id='word_1_768' title='bbox 2432 4058 2542 4101; x_wconf 78' lang='lat' dir='ltr'><strong>erat</strong></span> <span class='ocrx_word' id='word_1_769' title='bbox 2572 4064 2663 4101; x_wconf 84' lang='lat' dir='ltr'><strong>cor</strong></span> <span class='ocrx_word' id='word_1_770' title='bbox 2688 4064 2849 4101; x_wconf 82' lang='lat' dir='ltr'><strong>unum</strong></span> <span class='ocrx_word' id='word_1_771' title='bbox 2879 4057 2929 4101; x_wconf 75' lang='lat' dir='ltr'><strong>et</strong></span> <span class='ocrx_word' id='word_1_772' title='bbox 2967 4048 3146 4101; x_wconf 74' lang='lat' dir='ltr'><strong>animo</strong></span> <span class='ocrx_word' id='word_1_773' title='bbox 3167 4063 3273 4100; x_wconf 74' lang='lat' dir='ltr'><strong>una</strong></span> <span class='ocrx_word' id='word_1_774' title='bbox 3296 4045 3436 4116; x_wconf 74' lang='lat' dir='ltr'><strong>(Act.</strong></span> <span class='ocrx_word' id='word_1_775' title='bbox 3465 4044 3563 4115; x_wconf 72' lang='grc' dir='ltr'><strong>ιν).</strong></span> <span class='ocrx_word' id='word_1_776' title='bbox 3594 4043 3658 4096; x_wconf 83' lang='lat' dir='ltr'><strong>Et</strong></span> 
     </span>
    </p>
   </div>
   <div class='ocr_carea' id='block_1_102' title="bbox 2093 4134 3656 4206">
    <p class='ocr_par' dir='ltr' id='par_1_102' title="bbox 2093 4134 3656 4206">
     <span class='ocr_line' id='line_1_103' title="bbox 2093 4134 3656 4206; baseline -0.004 -16"><span class='ocrx_word' id='word_1_777' title='bbox 2093 4138 2255 4191; x_wconf 86' lang='lat' dir='ltr'><strong>item:</strong></span> <span class='ocrx_word' id='word_1_778' title='bbox 2291 4136 2462 4206; x_wconf 76' lang='lat' dir='ltr'><strong>Magis</strong></span> <span class='ocrx_word' id='word_1_779' title='bbox 2486 4149 2682 4201; x_wconf 82' lang='lat' dir='ltr'><strong>ou&#39;em,</strong></span> <span class='ocrx_word' id='word_1_780' title='bbox 2706 4137 2900 4205; x_wconf 76' lang='lat' dir='ltr'><strong>inquit,</strong></span> <span class='ocrx_word' id='word_1_781' title='bbox 2943 4137 3234 4206; x_wconf 77' lang='lat' dir='ltr'><strong>augebatur</strong></span> <span class='ocrx_word' id='word_1_782' title='bbox 3267 4136 3584 4188; x_wconf 76' lang='lat' dir='ltr'><strong>credentium</strong></span> <span class='ocrx_word' id='word_1_783' title='bbox 3605 4134 3656 4184; x_wconf 88' lang='lat' dir='ltr'><strong>in</strong></span> 
     </span>
    </p>
   </div>
   <div class='ocr_carea' id='block_1_103' title="bbox 2091 4223 3658 4298">
    <p class='ocr_par' dir='ltr' id='par_1_103' title="bbox 2091 4223 3658 4298">
     <span class='ocr_line' id='line_1_104' title="bbox 2091 4223 3658 4298; baseline -0.002 -19"><span class='ocrx_word' id='word_1_784' title='bbox 2091 4225 2314 4281; x_wconf 82' lang='lat' dir='ltr'><strong>Domino</strong></span> <span class='ocrx_word' id='word_1_785' title='bbox 2332 4226 2612 4280; x_wconf 80' lang='lat' dir='ltr'><strong>multitudo</strong></span> <span class='ocrx_word' id='word_1_786' title='bbox 2630 4228 2856 4281; x_wconf 74' lang='lat' dir='ltr'><strong>virorum</strong></span> <span class='ocrx_word' id='word_1_787' title='bbox 2872 4243 2931 4280; x_wconf 83' lang='lat' dir='ltr'><strong>ac</strong></span> <span class='ocrx_word' id='word_1_788' title='bbox 2946 4226 3218 4280; x_wconf 79' lang='lat' dir='ltr'><strong>mulierum</strong></span> <span class='ocrx_word' id='word_1_789' title='bbox 3234 4225 3455 4298; x_wconf 67' lang='lat' dir='ltr'><strong>(AcM).</strong></span> <span class='ocrx_word' id='word_1_790' title='bbox 3474 4223 3658 4278; x_wconf 79' lang='lat' dir='ltr'><strong>Potest</strong></span> 
     </span>
    </p>
   </div>
   <div class='ocr_carea' id='block_1_104' title="bbox 2089 4313 3657 4387">
    <p class='ocr_par' dir='ltr' id='par_1_104' title="bbox 2089 4313 3657 4387">
     <span class='ocr_line' id='line_1_105' title="bbox 2089 4313 3657 4387; baseline -0.004 -16"><span class='ocrx_word' id='word_1_791' title='bbox 2089 4325 2144 4371; x_wconf 90' lang='lat' dir='ltr'><strong>et</strong></span> <span class='ocrx_word' id='word_1_792' title='bbox 2171 4317 2493 4387; x_wconf 74' lang='lat' dir='ltr'><strong>generaliter</strong></span> <span class='ocrx_word' id='word_1_793' title='bbox 2519 4317 2769 4386; x_wconf 82' lang='lat' dir='ltr'><strong>princeps</strong></span> <span class='ocrx_word' id='word_1_794' title='bbox 2813 4317 2986 4370; x_wconf 88' lang='lat' dir='ltr'><strong>tribus</strong></span> <span class='ocrx_word' id='word_1_795' title='bbox 3014 4317 3201 4372; x_wconf 77' lang='lat' dir='ltr'><strong>Ruben</strong></span> <span class='ocrx_word' id='word_1_796' title='bbox 3229 4330 3326 4371; x_wconf 87' lang='lat' dir='ltr'><strong>eos</strong></span> <span class='ocrx_word' id='word_1_797' title='bbox 3351 4313 3657 4385; x_wconf 81' lang='lat' dir='ltr'><strong>signiﬁcare</strong></span> 
     </span>
    </p>
   </div>
   <div class='ocr_carea' id='block_1_105' title="bbox 2091 4402 3653 4474">
    <p class='ocr_par' dir='ltr' id='par_1_105' title="bbox 2091 4402 3653 4474">
     <span class='ocr_line' id='line_1_106' title="bbox 2091 4402 3653 4474; baseline -0.004 -14"><span class='ocrx_word' id='word_1_798' title='bbox 2091 4407 2183 4474; x_wconf 89' lang='lat' dir='ltr'><strong>qui</strong></span> <span class='ocrx_word' id='word_1_799' title='bbox 2205 4405 2259 4460; x_wconf 92' lang='lat' dir='ltr'><strong>in</strong></span> <span class='ocrx_word' id='word_1_800' title='bbox 2289 4405 2465 4460; x_wconf 89' lang='lat' dir='ltr'><strong>medio</strong></span> <span class='ocrx_word' id='word_1_801' title='bbox 2490 4403 2717 4458; x_wconf 86' lang='lat' dir='ltr'><strong>fratrum</strong></span> <span class='ocrx_word' id='word_1_802' title='bbox 2747 4413 3153 4469; x_wconf 74' lang='lat' dir='ltr'><strong>conversantes,</strong></span> <span class='ocrx_word' id='word_1_803' title='bbox 3185 4405 3524 4460; x_wconf 88' lang='lat' dir='ltr'><strong>subditorum</strong></span> <span class='ocrx_word' id='word_1_804' title='bbox 3554 4402 3653 4456; x_wconf 85' lang='lat' dir='ltr'><strong>sibi</strong></span> 
     </span>
    </p>
   </div>
   <div class='ocr_carea' id='block_1_106' title="bbox 2089 4493 3658 4565">
    <p class='ocr_par' dir='ltr' id='par_1_106' title="bbox 2089 4493 3658 4565">
     <span class='ocr_line' id='line_1_107' title="bbox 2089 4493 3658 4565; baseline -0.001 -17"><span class='ocrx_word' id='word_1_805' title='bbox 2089 4509 2279 4549; x_wconf 86' lang='lat' dir='ltr'><strong>curam</strong></span> <span class='ocrx_word' id='word_1_806' title='bbox 2302 4505 2526 4565; x_wconf 86' lang='lat' dir='ltr'><strong>gerunt;</strong></span> <span class='ocrx_word' id='word_1_807' title='bbox 2555 4503 2610 4549; x_wconf 92' lang='lat' dir='ltr'><strong>et</strong></span> <span class='ocrx_word' id='word_1_808' title='bbox 2629 4509 2876 4550; x_wconf 88' lang='lat' dir='ltr'><strong>sermone</strong></span> <span class='ocrx_word' id='word_1_809' title='bbox 2895 4495 3055 4552; x_wconf 88' lang='lat' dir='ltr'><strong>simul</strong></span> <span class='ocrx_word' id='word_1_810' title='bbox 3073 4504 3233 4564; x_wconf 85' lang='lat' dir='ltr'><strong>atque</strong></span> <span class='ocrx_word' id='word_1_811' title='bbox 3255 4493 3502 4564; x_wconf 84' lang='lat' dir='ltr'><strong>exemplo</strong></span> <span class='ocrx_word' id='word_1_812' title='bbox 3523 4494 3658 4547; x_wconf 77' lang='lat' dir='ltr'><strong>bene</strong></span> 
     </span>
    </p>
   </div>
   <div class='ocr_carea' id='block_1_107' title="bbox 2092 4583 3654 4654">
    <p class='ocr_par' dir='ltr' id='par_1_107' title="bbox 2092 4583 3654 4654">
     <span class='ocr_line' id='line_1_108' title="bbox 2092 4583 3654 4654; baseline -0.001 -16"><span class='ocrx_word' id='word_1_813' title='bbox 2092 4585 2424 4648; x_wconf 83' lang='lat' dir='ltr'><strong>incedentes,</strong></span> <span class='ocrx_word' id='word_1_814' title='bbox 2463 4585 2692 4653; x_wconf 91' lang='lat' dir='ltr'><strong>cupiunt</strong></span> <span class='ocrx_word' id='word_1_815' title='bbox 2714 4583 2915 4638; x_wconf 87' lang='lat' dir='ltr'><strong>habere</strong></span> <span class='ocrx_word' id='word_1_816' title='bbox 2939 4584 3122 4654; x_wconf 90' lang='lat' dir='ltr'><strong>plures</strong></span> <span class='ocrx_word' id='word_1_817' title='bbox 3168 4585 3491 4647; x_wconf 87' lang='lat' dir='ltr'><strong>imitatores,</strong></span> <span class='ocrx_word' id='word_1_818' title='bbox 3521 4597 3654 4651; x_wconf 88' lang='lat' dir='ltr'><strong>quos</strong></span> 
     </span>
    </p>
   </div>
   <div class='ocr_carea' id='block_1_108' title="bbox 2090 4673 3656 4732">
    <p class='ocr_par' dir='ltr' id='par_1_108' title="bbox 2090 4673 3656 4732">
     <span class='ocr_line' id='line_1_109' title="bbox 2090 4673 3656 4732; baseline -0.001 -4"><span class='ocrx_word' id='word_1_819' title='bbox 2090 4675 2143 4728; x_wconf 91' lang='lat' dir='ltr'><strong>in</strong></span> <span class='ocrx_word' id='word_1_820' title='bbox 2172 4674 2404 4730; x_wconf 85' lang='lat' dir='ltr'><strong>ﬁliorum</strong></span> <span class='ocrx_word' id='word_1_821' title='bbox 2457 4673 2576 4731; x_wconf 91' lang='lat' dir='ltr'><strong>loco</strong></span> <span class='ocrx_word' id='word_1_822' title='bbox 2629 4675 2700 4729; x_wconf 86' lang='lat' dir='ltr'><strong>ad</strong></span> <span class='ocrx_word' id='word_1_823' title='bbox 2731 4673 2974 4729; x_wconf 84' lang='lat' dir='ltr'><strong>militiam</strong></span> <span class='ocrx_word' id='word_1_824' title='bbox 3023 4676 3118 4732; x_wconf 88' lang='lat' dir='ltr'><strong>Dei</strong></span> <span class='ocrx_word' id='word_1_825' title='bbox 3179 4674 3414 4730; x_wconf 80' lang='lat' dir='ltr'><strong>mittant.</strong></span> <span class='ocrx_word' id='word_1_826' title='bbox 3456 4674 3514 4729; x_wconf 88' lang='lat' dir='ltr'><strong>lu</strong></span> <span class='ocrx_word' id='word_1_827' title='bbox 3557 4674 3656 4728; x_wconf 88' lang='lat' dir='ltr'><strong>hac</strong></span> 
     </span>
    </p>
   </div>
   <div class='ocr_carea' id='block_1_109' title="bbox 2088 4762 3652 4834">
    <p class='ocr_par' dir='ltr' id='par_1_109' title="bbox 2088 4762 3652 4834">
     <span class='ocr_line' id='line_1_110' title="bbox 2088 4762 3652 4834; baseline -0.001 -17"><span class='ocrx_word' id='word_1_828' title='bbox 2088 4763 2252 4834; x_wconf 80' lang='lat' dir='ltr'><strong>igitur</strong></span> <span class='ocrx_word' id='word_1_829' title='bbox 2287 4765 2449 4832; x_wconf 87' lang='lat' dir='ltr'><strong>tribu,</strong></span> <span class='ocrx_word' id='word_1_830' title='bbox 2499 4764 2553 4820; x_wconf 90' lang='lat' dir='ltr'><strong>id</strong></span> <span class='ocrx_word' id='word_1_831' title='bbox 2581 4774 2685 4829; x_wconf 88' lang='lat' dir='ltr'><strong>est,</strong></span> <span class='ocrx_word' id='word_1_832' title='bbox 2705 4765 2935 4834; x_wconf 84' lang='lat' dir='ltr'><strong>spiritali</strong></span> <span class='ocrx_word' id='word_1_833' title='bbox 2962 4763 3170 4830; x_wconf 78' lang='lat' dir='ltr'><strong>Ruben,</strong></span> <span class='ocrx_word' id='word_1_834' title='bbox 3210 4764 3410 4829; x_wconf 85' lang='lat' dir='ltr'><strong>Elisur,</strong></span> <span class='ocrx_word' id='word_1_835' title='bbox 3450 4763 3543 4833; x_wconf 87' lang='lat' dir='ltr'><strong>qui</strong></span> <span class='ocrx_word' id='word_1_836' title='bbox 3577 4762 3652 4815; x_wconf 84' lang='lat' dir='ltr'><strong>in-</strong></span> 
     </span>
    </p>
   </div>
   <div class='ocr_carea' id='block_1_110' title="bbox 2088 4852 3655 4924">
    <p class='ocr_par' dir='ltr' id='par_1_110' title="bbox 2088 4852 3655 4924">
     <span class='ocr_line' id='line_1_111' title="bbox 2088 4852 3655 4924; baseline -0.005 -14"><span class='ocrx_word' id='word_1_837' title='bbox 2088 4861 2434 4924; x_wconf 80' lang='lat' dir='ltr'><strong>terpretatur,</strong></span> <span class='ocrx_word' id='word_1_838' title='bbox 2458 4862 2518 4907; x_wconf 91' lang='lat' dir='ltr'><strong>ut</strong></span> <span class='ocrx_word' id='word_1_839' title='bbox 2543 4853 2797 4917; x_wconf 87' lang='lat' dir='ltr'><strong>diximus,</strong></span> <span class='ocrx_word' id='word_1_840' title='bbox 2819 4861 2975 4922; x_wconf 82' lang='lat' dir='ltr'><strong>pater</strong></span> <span class='ocrx_word' id='word_1_841' title='bbox 2995 4868 3147 4908; x_wconf 87' lang='lat' dir='ltr'><strong>meus</strong></span> <span class='ocrx_word' id='word_1_842' title='bbox 3174 4852 3352 4915; x_wconf 85' lang='lat' dir='ltr'><strong>fortis,</strong></span> <span class='ocrx_word' id='word_1_843' title='bbox 3369 4852 3485 4907; x_wconf 86' lang='lat' dir='ltr'><strong>sive</strong></span> <span class='ocrx_word' id='word_1_844' title='bbox 3506 4857 3655 4920; x_wconf 81' lang='lat' dir='ltr'><strong>pater</strong></span> 
     </span>
    </p>
   </div>
   <div class='ocr_carea' id='block_1_111' title="bbox 2087 4943 3654 5016">
    <p class='ocr_par' dir='ltr' id='par_1_111' title="bbox 2087 4943 3654 5016">
     <span class='ocr_line' id='line_1_112' title="bbox 2087 4943 3654 5016; baseline -0.002 -15"><span class='ocrx_word' id='word_1_845' title='bbox 2087 4962 2240 5001; x_wconf 90' lang='lat' dir='ltr'><strong>meus</strong></span> <span class='ocrx_word' id='word_1_846' title='bbox 2267 4946 2570 5016; x_wconf 80' lang='lat' dir='ltr'><strong>coangusti,</strong></span> <span class='ocrx_word' id='word_1_847' title='bbox 2596 4953 2762 5000; x_wconf 82' lang='lat' dir='ltr'><strong>etest</strong></span> <span class='ocrx_word' id='word_1_848' title='bbox 2803 4944 2946 5000; x_wconf 82' lang='lat' dir='ltr'><strong>titius</strong></span> <span class='ocrx_word' id='word_1_849' title='bbox 2989 4943 3218 5010; x_wconf 86' lang='lat' dir='ltr'><strong>Sedeur,</strong></span> <span class='ocrx_word' id='word_1_850' title='bbox 3274 4944 3368 5014; x_wconf 86' lang='lat' dir='ltr'><strong>qui</strong></span> <span class='ocrx_word' id='word_1_851' title='bbox 3393 4944 3654 5013; x_wconf 74' lang='lat' dir='ltr'><strong>interpre-</strong></span> 
     </span>
    </p>
   </div>
   <div class='ocr_carea' id='block_1_112' title="bbox 2089 5032 3654 5105">
    <p class='ocr_par' dir='ltr' id='par_1_112' title="bbox 2089 5032 3654 5105">
     <span class='ocr_line' id='line_1_113' title="bbox 2089 5032 3654 5105; baseline -0.002 -16"><span class='ocrx_word' id='word_1_852' title='bbox 2089 5044 2235 5089; x_wconf 89' lang='lat' dir='ltr'><strong>tatur</strong></span> <span class='ocrx_word' id='word_1_853' title='bbox 2264 5034 2631 5098; x_wconf 86' lang='lat' dir='ltr'><strong>absconditus,</strong></span> <span class='ocrx_word' id='word_1_854' title='bbox 2668 5033 3032 5105; x_wconf 88' lang='lat' dir='ltr'><strong>principatum</strong></span> <span class='ocrx_word' id='word_1_855' title='bbox 3079 5040 3225 5088; x_wconf 88' lang='lat' dir='ltr'><strong>tenet</strong></span> <span class='ocrx_word' id='word_1_856' title='bbox 3256 5051 3268 5085; x_wconf 95' lang='lat'>:</span> <span class='ocrx_word' id='word_1_857' title='bbox 3300 5032 3428 5102; x_wconf 88' lang='lat' dir='ltr'><strong>quia</strong></span> <span class='ocrx_word' id='word_1_858' title='bbox 3471 5032 3518 5088; x_wconf 91' lang='lat' dir='ltr'><strong>is</strong></span> <span class='ocrx_word' id='word_1_859' title='bbox 3563 5032 3654 5100; x_wconf 86' lang='lat' dir='ltr'><strong>qui</strong></span> 
     </span>
    </p>
   </div>
   <div class='ocr_carea' id='block_1_113' title="bbox 2082 5120 3655 5193">
    <p class='ocr_par' dir='ltr' id='par_1_113' title="bbox 2082 5120 3655 5193">
     <span class='ocr_line' id='line_1_114' title="bbox 2082 5120 3655 5193; baseline -0.004 -14"><span class='ocrx_word' id='word_1_860' title='bbox 2082 5125 2408 5180; x_wconf 85' lang='lat' dir='ltr'><strong>auctoritate</strong></span> <span class='ocrx_word' id='word_1_861' title='bbox 2433 5123 2732 5193; x_wconf 81' lang='lat' dir='ltr'><strong>magisterii</strong></span> <span class='ocrx_word' id='word_1_862' title='bbox 2759 5123 2894 5176; x_wconf 83' lang='lat' dir='ltr'><strong>bene</strong></span> <span class='ocrx_word' id='word_1_863' title='bbox 2915 5124 3111 5186; x_wconf 85' lang='lat' dir='ltr'><strong>utitur,</strong></span> <span class='ocrx_word' id='word_1_864' title='bbox 3141 5136 3206 5175; x_wconf 87' lang='lat' dir='ltr'><strong>ac</strong></span> <span class='ocrx_word' id='word_1_865' title='bbox 3229 5128 3458 5190; x_wconf 83' lang='lat' dir='ltr'><strong>paterna</strong></span> <span class='ocrx_word' id='word_1_866' title='bbox 3498 5120 3655 5175; x_wconf 87' lang='lat' dir='ltr'><strong>disci-</strong></span> 
     </span>
    </p>
   </div>
   <div class='ocr_carea' id='block_1_114' title="bbox 2083 5210 3657 5284">
    <p class='ocr_par' dir='ltr' id='par_1_114' title="bbox 2083 5210 3657 5284">
     <span class='ocr_line' id='line_1_115' title="bbox 2083 5210 3657 5284; baseline -0.004 -16"><span class='ocrx_word' id='word_1_867' title='bbox 2083 5215 2227 5283; x_wconf 87' lang='lat' dir='ltr'><strong>plina</strong></span> <span class='ocrx_word' id='word_1_868' title='bbox 2247 5214 2503 5284; x_wconf 79' lang='lat' dir='ltr'><strong>subjectis</strong></span> <span class='ocrx_word' id='word_1_869' title='bbox 2523 5214 2630 5268; x_wconf 87' lang='lat' dir='ltr'><strong>.rite</strong></span> <span class='ocrx_word' id='word_1_870' title='bbox 2655 5220 2871 5282; x_wconf 69' lang='lat' dir='ltr'><strong>praeest,</strong></span> <span class='ocrx_word' id='word_1_871' title='bbox 2897 5220 2951 5266; x_wconf 85' lang='lat' dir='ltr'><strong>et</strong></span> <span class='ocrx_word' id='word_1_872' title='bbox 2976 5213 3078 5268; x_wconf 87' lang='lat' dir='ltr'><strong>hoc</strong></span> <span class='ocrx_word' id='word_1_873' title='bbox 3097 5225 3203 5267; x_wconf 87' lang='lat' dir='ltr'><strong>non</strong></span> <span class='ocrx_word' id='word_1_874' title='bbox 3232 5212 3299 5264; x_wconf 86' lang='lat' dir='ltr'><strong>ad</strong></span> <span class='ocrx_word' id='word_1_875' title='bbox 3323 5210 3536 5264; x_wconf 90' lang='lat' dir='ltr'><strong>laudem</strong></span> <span class='ocrx_word' id='word_1_876' title='bbox 3557 5211 3657 5263; x_wconf 89' lang='lat' dir='ltr'><strong>hu-</strong></span> 
     </span>
    </p>
   </div>
   <div class='ocr_carea' id='block_1_115' title="bbox 2089 5300 3654 5373">
    <p class='ocr_par' dir='ltr' id='par_1_115' title="bbox 2089 5300 3654 5373">
     <span class='ocr_line' id='line_1_116' title="bbox 2089 5300 3654 5373; baseline -0.001 -15"><span class='ocrx_word' id='word_1_877' title='bbox 2089 5319 2302 5372; x_wconf 87' lang='lat' dir='ltr'><strong>manam</strong></span> <span class='ocrx_word' id='word_1_878' title='bbox 2355 5302 2656 5359; x_wconf 83' lang='lat' dir='ltr'><strong>forinsecus</strong></span> <span class='ocrx_word' id='word_1_879' title='bbox 2688 5303 3056 5373; x_wconf 62' lang='lat' dir='ltr'><strong>quaerendam,</strong></span> <span class='ocrx_word' id='word_1_880' title='bbox 3109 5302 3204 5358; x_wconf 83' lang='lat' dir='ltr'><strong>sed</strong></span> <span class='ocrx_word' id='word_1_881' title='bbox 3242 5302 3296 5356; x_wconf 93' lang='lat' dir='ltr'><strong>in</strong></span> <span class='ocrx_word' id='word_1_882' title='bbox 3341 5300 3654 5356; x_wconf 84' lang='lat' dir='ltr'><strong>abscondito</strong></span> 
     </span>
    </p>
   </div>
   <div class='ocr_carea' id='block_1_116' title="bbox 2087 5391 3656 5465">
    <p class='ocr_par' dir='ltr' id='par_1_116' title="bbox 2087 5391 3656 5465">
     <span class='ocr_line' id='line_1_117' title="bbox 2087 5391 3656 5465; baseline -0.003 -17"><span class='ocrx_word' id='word_1_883' title='bbox 2087 5393 2266 5449; x_wconf 85' lang='lat' dir='ltr'><strong>cordis</strong></span> <span class='ocrx_word' id='word_1_884' title='bbox 2289 5393 2356 5448; x_wconf 91' lang='lat' dir='ltr'><strong>ad</strong></span> <span class='ocrx_word' id='word_1_885' title='bbox 2378 5391 2606 5465; x_wconf 86' lang='lat' dir='ltr'><strong>gloriam</strong></span> <span class='ocrx_word' id='word_1_886' title='bbox 2642 5393 2737 5448; x_wconf 87' lang='lat' dir='ltr'><strong>Dei</strong></span> <span class='ocrx_word' id='word_1_887' title='bbox 2779 5401 2948 5448; x_wconf 87' lang='lat' dir='ltr'><strong>totum</strong></span> <span class='ocrx_word' id='word_1_888' title='bbox 2977 5392 3317 5464; x_wconf 86' lang='lat' dir='ltr'><strong>intrinsecus</strong></span> <span class='ocrx_word' id='word_1_889' title='bbox 3339 5392 3472 5463; x_wconf 86' lang='lat' dir='ltr'><strong>agit,</strong></span> <span class='ocrx_word' id='word_1_890' title='bbox 3513 5399 3656 5446; x_wconf 87' lang='lat' dir='ltr'><strong>recte</strong></span> 
     </span>
    </p>
   </div>
   <div class='ocr_carea' id='block_1_117' title="bbox 2086 5481 3658 5552">
    <p class='ocr_par' dir='ltr' id='par_1_117' title="bbox 2086 5481 3658 5552">
     <span class='ocr_line' id='line_1_118' title="bbox 2086 5481 3658 5552; baseline -0.003 -15"><span class='ocrx_word' id='word_1_891' title='bbox 2086 5485 2336 5552; x_wconf 82' lang='lat' dir='ltr'><strong>princeps</strong></span> <span class='ocrx_word' id='word_1_892' title='bbox 2367 5485 2602 5539; x_wconf 86' lang='lat' dir='ltr'><strong>tribuum</strong></span> <span class='ocrx_word' id='word_1_893' title='bbox 2633 5498 2697 5539; x_wconf 87' lang='lat' dir='ltr'><strong>ac</strong></span> <span class='ocrx_word' id='word_1_894' title='bbox 2722 5484 3002 5538; x_wconf 82' lang='lat' dir='ltr'><strong>domorum</strong></span> <span class='ocrx_word' id='word_1_895' title='bbox 3029 5484 3085 5537; x_wconf 88' lang='lat' dir='ltr'><strong>in</strong></span> <span class='ocrx_word' id='word_1_896' title='bbox 3114 5483 3527 5552; x_wconf 86' lang='lat' dir='ltr'><strong>cognationibus</strong></span> <span class='ocrx_word' id='word_1_897' title='bbox 3547 5481 3658 5534; x_wconf 89' lang='lat' dir='ltr'><strong>suis</strong></span> 
     </span>
    </p>
   </div>
   <div class='ocr_carea' id='block_1_118' title="bbox 2087 5573 3656 5643">
    <p class='ocr_par' dir='ltr' id='par_1_118' title="bbox 2087 5573 3656 5643">
     <span class='ocr_line' id='line_1_119' title="bbox 2087 5573 3656 5643; baseline -0.004 -15"><span class='ocrx_word' id='word_1_898' title='bbox 2087 5590 2207 5628; x_wconf 89' lang='lat' dir='ltr'><strong>esse</strong></span> <span class='ocrx_word' id='word_1_899' title='bbox 2263 5574 2627 5638; x_wconf 89' lang='lat' dir='ltr'><strong>describitur;</strong></span> <span class='ocrx_word' id='word_1_900' title='bbox 2685 5573 2811 5641; x_wconf 87' lang='lat' dir='ltr'><strong>quia</strong></span> <span class='ocrx_word' id='word_1_901' title='bbox 2866 5582 2976 5627; x_wconf 85' lang='lat' dir='ltr'><strong>tam</strong></span> <span class='ocrx_word' id='word_1_902' title='bbox 3034 5574 3445 5643; x_wconf 85' lang='lat' dir='ltr'><strong>conjugatorum</strong></span> <span class='ocrx_word' id='word_1_903' title='bbox 3499 5585 3656 5640; x_wconf 88' lang='lat' dir='ltr'><strong>quam</strong></span> 
     </span>
    </p>
   </div>
   <div class='ocr_carea' id='block_1_119' title="bbox 2087 5661 3654 5734">
    <p class='ocr_par' dir='ltr' id='par_1_119' title="bbox 2087 5661 3654 5734">
     <span class='ocr_line' id='line_1_120' title="bbox 2087 5661 3654 5734; baseline -0.004 -15"><span class='ocrx_word' id='word_1_904' title='bbox 2087 5665 2249 5719; x_wconf 88' lang='lat' dir='ltr'><strong>etiam</strong></span> <span class='ocrx_word' id='word_1_905' title='bbox 2275 5665 2541 5731; x_wconf 72' lang='lat' dir='ltr'><strong>cmlibum,</strong></span> <span class='ocrx_word' id='word_1_906' title='bbox 2575 5672 2681 5718; x_wconf 89' lang='lat' dir='ltr'><strong>tam</strong></span> <span class='ocrx_word' id='word_1_907' title='bbox 2715 5663 2952 5718; x_wconf 85' lang='lat' dir='ltr'><strong>virorum</strong></span> <span class='ocrx_word' id='word_1_908' title='bbox 2979 5677 3135 5734; x_wconf 84' lang='lat' dir='ltr'><strong>quam</strong></span> <span class='ocrx_word' id='word_1_909' title='bbox 3161 5663 3324 5716; x_wconf 87' lang='lat' dir='ltr'><strong>etiam</strong></span> <span class='ocrx_word' id='word_1_910' title='bbox 3349 5661 3654 5724; x_wconf 85' lang='lat' dir='ltr'><strong>mulierum,</strong></span> 
     </span>
    </p>
   </div>
  </div>
