3926 6176
339 399 449 456 595
513 470 520 477 η

1054 372 1590 461 ENARRATIONES
1626 402 1696 458 IN
1734 402 1999 460 LIBRUM
2039 401 2503 459 NBMERORUM.
2544 432 2617 445 --
2652 404 2781 461 LIB.
2818 407 2860 461 l.

3508 416 3611 471 594

338 513 397 568 in
427 481 664 583 utroque
712 526 844 567 sexu
891 520 947 567 et
971 514 1120 568 omni
1173 520 1332 570 :etate
1361 530 1552 570 curam
1591 527 1806 585 gerens,
1843 529 1931 571 se-
1956 521 2007 579 Λ
2033 519 2201 572 etiam
2228 516 2499 573 virulenta
2521 517 2780 573 vitiorum
2803 517 3007 590 jaeula,
3034 535 3236 592 corpus
3264 537 3420 580 suum
3451 531 3615 584 casti-

332 601 578 657 cundum
606 600 938 657 voluntatem
973 596 1068 657 Dei
1096 603 1376 675 regiminis
1409 604 1659 660 ordinem
1686 605 1793 661 rite
1811 620 1928 661 ser-

332 710 472 750 vare
515 694 685 769 novit.
719 692 786 747 In
837 694 989 748 tribu
1018 711 1223 767 quoque
1277 694 1494 751 Simeon
1533 698 1774 768 princeps
1811 707 1929 752 erat

332 785 602 841 Cornelis!
627 784 772 856 ﬁlius
804 785 1142 842 Surisaddai.
1172 788 1239 843 Et
1262 789 1395 858 quid
1420 789 1474 842 in
1511 787 1789 857 Simeone,
1822 791 1916 862 qui

333 877 737 946 interpretatur
780 877 1058 931 exauditio
1089 916 1104 942 ,
1147 877 1254 932 nisi
1312 879 1528 936 devotio
1562 882 1820 938 Ecclesiae
1856 886 1924 939 de

328 969 589 1040 gentibus
629 967 968 1039 exprimitur,
1018 968 1084 1024 de
1111 985 1219 1040 qua
1265 970 1527 1028 Dominus
1572 988 1672 1044 per
1694 976 1927 1045 prophe-

329 1068 448 1113 tam
469 1058 603 1114 dixit
630 1076 645 1111 :
674 1055 911 1129 Populus
947 1074 1101 1130 quem
1132 1077 1237 1114 non
1271 1063 1491 1132 cognovi
1529 1064 1739 1118 servivit
1768 1066 1920 1133 mihi,

326 1168 393 1206 ιη
432 1152 621 1205 auditu
647 1151 794 1205 auris
839 1148 1062 1205 obedivit
1109 1152 1280 1206 mihi?
1315 1152 1490 1225 (Psal.
1542 1154 1703 1225 xvu.)
1733 1155 1790 1212 In
1821 1158 1924 1213 hac

326 1256 466 1313 ergo
491 1242 798 1298 dominatur
812 1239 1098 1307 Gamaliel,
1124 1242 1177 1298 id
1201 1252 1304 1308 est,
1320 1259 1428 1315 pax
1453 1260 1573 1300 mea
1602 1246 1764 1312 Deus,
1797 1262 1921 1303 cum

326 1331 667 1401 Redemptor
686 1338 887 1395 noster,
919 1330 1013 1400 qui
1059 1331 1354 1387 secundum
1383 1332 1700 1403 Apostolum
1721 1344 1797 1389 est
1814 1348 1924 1405 pax

325 1431 515 1476 nostra
556 1429 606 1474 et
646 1419 770 1490 fecit
822 1429 1047 1491 utraque
1087 1437 1252 1475 unum
1296 1420 1513 1492 (Ephes.
1538 1421 1623 1495 lt),
1684 1431 1741 1479 et
1760 1423 1921 1494 juxta

320 1512 487 1567 Isaias
510 1511 846 1575 vaticinium,
877 1509 1313 1581 multiplicabitur
1334 1512 1451 1581 ejus
1500 1513 1780 1585 imperium
1808 1553 1823 1579 ,
1868 1521 1923 1568 et

319 1602 478 1673 pacis
504 1617 608 1656 non
635 1601 734 1655 erit
777 1600 903 1671 ﬁnis
927 1598 1066 1672 (Isa.
1094 1598 1192 1672 ut),
1219 1600 1372 1671 signa
1403 1603 1657 1672 potentia:
1679 1617 1793 1658 suae
1820 1618 1923 1673 per

319 1693 571 1748 ﬁdelium
611 1707 774 1748 voces
811 1699 866 1747 et
897 1706 1062 1763 opera
1096 1691 1152 1746 in
1181 1708 1244 1748 ea
1290 1694 1532 1763 quotidie
1560 1695 1913 1751 demonstret.

319 1778 461 1838 ltem
485 1784 540 1838 in
572 1782 825 1838 Simeonc
843 1781 1170 1853 generaliter
1190 1783 1369 1839 omnis
1390 1784 1760 1840 obedientium
1780 1786 1917 1842 ordo

2030 608 2226 680 gaude,
2252 606 2309 662 in
2351 608 2672 679 semetipsos
2712 608 3023 665 interﬁcere
3058 612 3277 683 satagit,
3321 619 3616 677 secundum

2028 696 2161 752 illud
2186 697 2539 768 apostolicum
2558 717 2571 753 :
2591 698 2826 771 Castigo,
2860 699 3061 770 inquit,
3080 717 3271 773 corpus
3284 719 3457 760 meum
3479 718 3527 761 et
3558 710 3612 764 in

2026 789 2325 845 servitutem
2338 790 2520 862 rubigo
2535 804 2634 847 τηε
2658 792 2794 862 forte
2819 791 2940 847 aliis
2961 793 3280 862 prendimus,
3310 798 3421 867 ipse
3441 814 3617 869 repro-

2026 878 2122 933 bus
2148 880 2387 935 inveniar
2408 881 2461 953 (I
2482 881 2607 936 Cor.
2641 881 2740 955 ιι).
2770 883 2840 938 In
2863 884 3002 939 tribu
3026 884 3281 940 Issocltar
3310 887 3614 943 Natbanasl

2023 968 2169 1038 ﬁlius
2201 970 2346 1026 Suar
2388 973 2626 1044 princeps
2658 974 2780 1044 fuit.
2833 974 3083 1031 lssachar
3128 992 3357 1045 merces,
3410 979 3611 1035 Nutha-

2024 1059 2145 1114 nael
2172 1061 2315 1115 Deus
2342 1075 2497 1117 meus
2519 1101 2532 1127 ,
2563 1070 2624 1116 ut
2652 1063 2847 1120 dornus
2874 1065 2993 1131 Dei,
3023 1072 3078 1120 et
3108 1065 3251 1120 Suar
3275 1068 3502 1137 pusillus
3522 1069 3607 1124 iu-

2022 1158 2373 1222 terpretatur.
2405 1153 2549 1225 Ergo
2585 1156 2678 1225 qui
2725 1157 3154 1213 reminiscuntur
3176 1161 3353 1229 pretio
3398 1163 3614 1233 sangui-

2022 1239 2109 1295 nis
2133 1240 2337 1296 Christi
2362 1256 2423 1298 se
2457 1244 2788 1315 redemptos,
2826 1253 2883 1301 et
2919 1248 2977 1302 in
3014 1248 3173 1305 bonis
3202 1251 3413 1307 retibus
3437 1253 3526 1322 pie
3554 1270 3614 1310 se

2020 1340 2303 1399 exercent,
2331 1339 2393 1387 ut
2417 1335 2726 1390 mercedem
2752 1336 2806 1390 in
2831 1338 3084 1407 supernis
3102 1339 3391 1410 accipiant,
3421 1357 3611 1398 eorum

2019 1423 2277 1493 princeps
2301 1431 2385 1479 est
2427 1422 2728 1481 Nathanael
2774 1426 2922 1482 illius
2980 1426 3159 1484 Suar:
3193 1430 3319 1500 quia
3343 1430 3607 1490 Dominus

2020 1511 2294 1579 Christus,
2334 1513 2548 1585 quiper
2582 1515 2981 1573 incarnationis
3021 1518 3481 1589 dispensationem
3510 1540 3610 1594 pu-

2020 1599 2177 1656 sillus
2200 1600 2343 1657 inter
2387 1603 2638 1659 homines
2680 1605 2949 1675 apparuit,
3005 1608 3259 1680 princeps
3309 1610 3609 1669 eleetorum

2020 1690 2263 1746 ominum
2296 1707 2420 1748 esse
2442 1694 2866 1761 demonstratur,
2899 1698 3124 1767 quando
3143 1699 3260 1771 ipse
3284 1701 3337 1757 in
3361 1703 3451 1758 via
3476 1704 3603 1769 dux,

2018 1788 2075 1837 et
2107 1781 2164 1837 in
2198 1784 2553 1853 perventione
2584 1785 2699 1841 vita
2726 1787 3047 1843 beatissima
3070 1798 3127 1844 et
3152 1806 3368 1848 merces
3401 1792 3606 1851 felicis-

317 1874 594 1946 signatur.
616 1873 821 1929 Horum
849 1888 983 1945 ergo
998 1872 1253 1943 princeps
1271 1880 1358 1928 est
1379 1872 1662 1941 Gamaliei,‘
1689 1875 1782 1945 qui
1810 1875 1913 1929 La—
1939 1880 1987 1940 Β
2016 1874 2152 1929 sima
2178 1889 2403 1932 suorum
2427 1884 2530 1931 est.
2563 1876 2699 1933 item
2734 1876 2984 1936 lssachar
3012 1896 3122 1937 non
3160 1882 3460 1957 incongrue
3487 1902 3605 1942 mo-

318 1970 440 2022 tine
466 1974 688 2023 resonat
714 1966 1024 2021 retribuens
1054 1965 1186 2020 mihi
1221 1966 1387 2032 Deus,
1410 1965 1520 2033 vel,
1555 1975 1618 2022 ut
1635 1976 1799 2039 Supra
1822 1982 1912 2039 po-

315 2057 555 2121 suimus,
585 2072 691 2128 pax
716 2070 830 2110 mea
867 2054 1007 2111 Deus
1038 2070 1058 2108 :
1082 2054 1335 2126 illiusque
1364 2065 1449 2112 est
1478 2054 1817 2124 Surisaddsi,
1857 2058 1912 2114 id

318 2156 421 2223 est.
443 2189 461 2215 ,
487 2148 820 2204 continentis
849 2147 920 2202 ab
966 2163 1047 2213 re,
1091 2163 1216 2203 cum
1250 2147 1340 2203 ille
1365 2149 1463 2220 qui
1502 2147 1710 2219 justam
1748 2151 1912 2206 retri-

313 2239 601 2293 butionem
657 2237 751 2291 Dei
790 2252 919 2307 erga
964 2252 1156 2292 omnes
1191 2238 1417 2309 cogitat,
1475 2238 1643 2294 corde
1682 2238 1913 2310 paciﬁca

312 2329 670 2399 tranquillam
704 2329 872 2383 vitam
920 2344 1106 2402 agens,
1164 2344 1328 2399 quam
1375 2329 1658 2387 humilitas
1705 2345 1834 2387 vera
1854 2338 1913 2386 et

315 2421 489 2474 timor
516 2419 611 2474 Dei
634 2429 916 2491 generant,
963 2421 1018 2473 in
1047 2427 1192 2475 cestu
1224 2418 1465 2475 ﬁdelium
1490 2420 1641 2476 omni
1680 2433 1909 2476 venera-

314 2512 473 2567 tione
503 2511 698 2583 dignus
734 2519 985 2581 apparet;
1019 2511 1163 2580 quia,
1191 2510 1347 2579 iuxta
1386 2512 1645 2567 Veritatis
1694 2526 1905 2578 vocem,

316 2603 510 2657 Omnis
528 2603 617 2671 qui
640 2618 695 2656 se
706 2601 924 2664 exultat,
943 2601 1313 2656 Itumiliabitur
1333 2620 1352 2667 ;
1378 2611 1427 2677 et
1448 2604 1540 2674 qui
1559 2619 1614 2657 se
1635 2602 1905 2669 Itumiliat,

312 2692 636 2747 exaltabitur
662 2692 815 2764 (Luc.
848 2692 985 2765 xw).
1012 2692 1172 2748 Tales
1201 2707 1331 2765 ergo
1380 2705 1598 2747 omnem
1646 2692 1906 2747 intentio-

318 2800 451 2841 nem
486 2800 641 2840 suam
669 2786 737 2841 ad
768 2785 880 2840 Deo
914 2785 1238 2856 placendum
1274 2792 1600 2840 convertunt
1634 2825 1649 2851 ,
1677 2783 1907 2857 ejusque

312 2876 632 2948 magisterio
674 2877 971 2932 secundum
1021 2877 1076 2932 id
1121 2877 1266 2946 quod
1294 2875 1348 2930 in
1392 2875 1687 2946 Scripturis
1733 2876 1907 2932 sacris

309 2970 646 3035 continetur,
684 2985 877 3039 parere
901 2983 961 3026 se
998 2967 1323 3027 ﬁducialitcr
1343 2968 1687 3038 promittunt,
1720 2968 1905 3023 dicen-

311 3070 399 3117 tes
453 3076 580 3116 cum
627 3059 893 3134 Propheta
920 3075 936 3114 :
963 3059 1044 3114 Ad
1083 3068 1133 3113 te
1172 3059 1333 3115 levavi
1379 3059 1557 3115 oculos
1600 3076 1764 3127 meos,
1812 3061 1904 3132 qui

308 3154 526 3209 habitas
557 3154 610 3207 in
641 3152 800 3208 castis.
835 3152 974 3208 Ecce
996 3153 1130 3207 sicut
1156 3151 1295 3207 oculi
1333 3169 1601 3209 servorum
1636 3154 1692 3208 in
1729 3153 1900 3208 mani-

2014 1966 2313 2021 nachorum
2382 1975 2565 2038 potest
2596 1969 2904 2039 exprisnere
2936 1986 3231 2042 personam
3258 1993 3277 2028 ε
3306 1976 3401 2046 qui
3424 1979 3602 2033 omni-

2013 2058 2117 2113 bus
2145 2058 2334 2113 mundi
2364 2059 2601 2131 negotiis
2622 2061 2843 2130 penitus
2866 2064 3086 2132 spretis,
3122 2064 3266 2120 dono
3285 2066 3378 2122 Dei
3406 2083 3599 2138 regen-

2014 2156 2089 2213 te,
2133 2149 2239 2205 hoc
2274 2156 2360 2204 est
2408 2148 2619 2220 Spiritu
2669 2158 2861 2207 sancto
2887 2160 3204 2224 protegente
3223 2194 3238 2220 ,
3293 2158 3603 2213 mercedem

2011 2237 2287 2294 (selected;
2320 2239 2567 2295 districta
2610 2240 2723 2296 vita
2755 2255 2821 2296 ac
2848 2243 3216 2300 coarctatione
3261 2243 3597 2315 voluptatum

2011 2339 2292 2400 quarunt;
2322 2338 2380 2385 et
2409 2346 2637 2402 pompas
2680 2332 2869 2388 mundi
2894 2336 3217 2404 spernendo,
3252 2351 3318 2392 ea
3353 2352 3475 2407 qua:
3498 2337 3602 2393 hu-

2010 2418 2160 2474 milia
2179 2427 2347 2489 atque
2356 2420 2611 2491 despecta
2626 2435 2810 2476 eorum
2833 2421 3147 2479 hominibus
3168 2434 3297 2480 sunt
3316 2425 3608 2498 eligentes,

2008 2508 2121 2566 Deo
2147 2511 2248 2566 sibi
2271 2512 2500 2568 interius
2519 2513 2736 2582 placere
2759 2515 2999 2584 cupiunt.
3026 2514 3089 2571 In
3114 2517 3254 2572 tribu
3283 2535 3485 2590 quoque
3497 2519 3600 2574 Za-

2009 2602 2168 2659 bulon
2195 2606 2435 2676 princeps
2460 2615 2574 2660 erat
2604 2606 2762 2661 Eliab
2796 2605 2943 2676 ﬁlius
2967 2606 3176 2663 Helom.
3205 2609 3443 2665 Zabulon
3462 2651 3476 2675 ,
3506 2612 3599 2682 qui

2007 2692 2401 2763 interpretatur
2424 2693 2796 2750 habitaculum
2812 2695 3167 2762 fortitudinis,
3192 2698 3491 2769 principem
3511 2700 3603 2754 lia-

2005 2785 2099 2839 bet
2126 2783 2299 2850 Eliab,
2326 2785 2419 2854 qui
2450 2786 2842 2856 interpretatur
2873 2786 3015 2843 Deus
3040 2803 3197 2844 meus
3234 2800 3412 2859 pater,
3434 2798 3495 2845 et
3516 2797 3603 2845 est

2007 2874 2151 2931 illius
2164 2874 2374 2941 Helom,
2391 2875 2445 2930 id
2458 2882 2542 2930 est
2576 2891 2810 2946 quercus
2828 2895 2840 2930 :
2859 2877 2987 2946 quia
3001 2876 3243 2933 Ecclesia
3255 2887 3462 2944 sancta,
3478 2894 3600 2949 (pun

2005 2964 2369 3022 habitaculum
2399 2966 2730 3023 fortitudinis
2756 2977 2903 3024 recte
2926 2968 3033 3025 dici
3057 2977 3261 3040 pateat,
3286 2970 3389 3025 hoc
3414 2970 3599 3027 estin-

2006 3056 2153 3111 victa
2191 3057 2518 3127 perdurans,
2549 3059 2619 3114 ab
2660 3058 2936 3116 haereticis
2963 3069 3019 3115 et
3052 3061 3421 3117 schismaticis
3458 3060 3598 3117 tilios

2011 3162 2139 3203 suos
2167 3156 2417 3218 potenter
2438 3148 2680 3204 defendit
2718 3165 2783 3206 ac
2814 3151 3070 3221 protegit,
3101 3151 3404 3223 principem
3432 3152 3598 3208 habet

307 3245 411 3299 bus
439 3244 777 3298 dominorum
799 3260 1041 3311 suorum,
1067 3253 1113 3298 et
1135 3244 1271 3298 sicut
1298 3243 1438 3298 oeuli
1459 3244 1670 3300 ancilla:
1708 3245 1765 3300 in
1791 3260 1905 3299 ma-
1933 3222 1978 3287 ο
2011 3255 2173 3310 super
2194 3256 2251 3297 se
2276 3243 2482 3308 Deum;
2515 3242 2609 3313 qui
2638 3242 2803 3298 Pater
2829 3250 2914 3300 est
2938 3243 3199 3309 ﬁdelium,
3232 3222 3597 3314 etsempiter-

309 3336 470 3392 nibus
492 3335 724 3390 domina:
735 3352 868 3401 sure,
891 3335 967 3389 ita
985 3334 1125 3390 oculi
1137 3336 1304 3392 nostri
1333 3334 1402 3390 ad
1419 3335 1705 3391 Dominum
1732 3335 1904 3390 Deum

309 3436 576 3491 nostrum,
631 3425 795 3480 donec
824 3426 1137 3482 misereatur
1183 3426 1349 3480 nostri
1390 3414 1563 3498 (Ρδᾶι.
1602 3424 1794 3498 cxxn).
1833 3423 1905 3481 In

308 3518 454 3572 tribu
480 3516 630 3572 Juda
681 3516 920 3587 princeps
946 3525 1061 3572 erat
1105 3515 1330 3572 Naason
1375 3515 1520 3586 filius
1579 3515 1900 3572 Aminadab.

307 3607 482 3664 ludas
504 3623 656 3680 ergo,
684 3610 751 3663 de
778 3622 887 3679 quo
909 3621 1071 3679 reges
1089 3606 1407 3664 oriebantur
1425 3613 1482 3662 et
1515 3605 1905 3676 interpretatur

306 3699 591 3755 confessio
615 3699 729 3755 sive
764 3698 1023 3767 laudatio,
1072 3698 1329 3771 p0pulum
1366 3698 1802 3754 ecclesiasticum
1831 3696 1905 3752 si-

308 3792 569 3863 gniﬁcat;
615 3790 769 3862 cujus
806 3792 989 3865 populi
1043 3800 1204 3862 caput
1235 3800 1322 3848 est
1349 3791 1434 3848 leo
1461 3792 1528 3848 de
1566 3792 1712 3847 tribu
1740 3789 1900 3855 Juda,

309 3882 468 3937 radix
501 3881 689 3948 David,
728 3883 843 3953 ipse
866 3882 1073 3938 scilicet
1103 3881 1364 3938 Dominus
1380 3880 1646 3938 Christus.
1671 3881 1739 3934 Et
1762 3880 1903 3936 bene

308 3973 401 4028 ille
427 3973 662 4045 papulas
682 3972 953 4029 confessio
973 3975 1090 4029 sive
1114 3972 1354 4028 laudatio
1382 3979 1745 4043 nuncupatur,
1770 3971 1900 4041 quia

309 4081 443 4121 vera
473 4066 747 4123 confessio
780 4082 952 4139 sacrm
978 4066 1102 4122 fidei
1130 4065 1234 4120 fuit
1252 4065 1506 4129 laudatio,
1533 4063 1587 4121 id
1615 4070 1721 4130 est,
1747 4072 1901 4119 recta

306 4154 633 4225 praedicatio
660 4168 768 4209 non
793 4154 898 4210 nisi
928 4154 982 4210 in
1004 4154 1246 4210 Ecclesia
1268 4152 1534 4210 catholica
1553 4160 1658 4209 est.
1686 4152 1901 4207 Naason

306 4264 466 4318 ergo,
490 4246 584 4317 qui
615 4247 1004 4317 interpretatur
1023 4247 1370 4317 serpentinus
1389 4246 1474 4301 vel
1509 4245 1820 4317 augurium,
1847 4250 1903 4298 et

306 4347 395 4394 est
425 4338 573 4395 filius
600 4337 924 4404 Aminadab,
954 4336 1136 4409 populi
1177 4337 1429 4393 videlicet
1454 4335 1761 4407 spontanei,
1788 4349 1903 4390 me—

308 4433 418 4488 rito
446 4432 573 4502 ipse
626 4430 877 4487 Salvator
904 4429 1225 4501 intelligitur
1247 4470 1262 4495 ,
1291 4428 1357 4484 de
1397 4427 1741 4498 patriarchis,
1788 4426 1900 4481 Deo

305 4524 503 4593 utique
526 4521 737 4576 devotis
771 4519 1008 4586 famulis,
1030 4520 1347 4590 progenitus
1376 4559 1392 4585 ,
1428 4518 1518 4588 qui
1542 4531 1638 4588 per
1665 4524 1900 4572 mortem

2006 3347 2076 3386 na
2110 3340 2380 3403 potestate
2408 3332 2593 3389 omnia
2615 3333 2859 3404 disponit
2901 3342 3063 3405 atque
3097 3335 3315 3391 ordinat
3347 3344 3404 3391 et
3427 3335 3590 3406 regit.

2005 3422 2180 3479 Aliter
2203 3423 2445 3479 Zahulon
2469 3424 2787 3495 patientium
2809 3425 3037 3497 figuram
3062 3426 3368 3498 exprimere
3393 3433 3595 3497 potest,

2006 3513 2101 3584 qui
2130 3514 2199 3570 ad
2220 3514 2402 3569 omnia
2417 3530 2538 3585 quae
2558 3515 2663 3571 sibi
2691 3515 3005 3588 irrogantur
3024 3517 3271 3581 adversa,
3293 3516 3595 3572 munimine

2005 3603 2267 3658 virtutum
2309 3603 2654 3671 circumdati,
2702 3606 2889 3660 invicti
2938 3612 3309 3676 perseverant.
3350 3604 3593 3673 Quorum

2003 3696 2259 3766 princeps
2286 3704 2370 3752 est
2399 3696 2547 3752 solus
2568 3698 2732 3765 Deus,
2758 3698 2887 3768 quia
2907 3699 3027 3754 sine
3038 3698 3157 3767 ejus
3167 3699 3311 3755 dono
3324 3698 3456 3753 nihil
3469 3715 3598 3768 pos-

2005 3793 2132 3841 sunt
2160 3799 2343 3855 agere,
2361 3786 2456 3841 sed
2480 3787 2660 3843 omnia
2682 3802 2781 3858 per
2795 3786 2913 3857 eius
2923 3789 3155 3859 gratiam
3177 3795 3399 3857 sperant
3422 3802 3482 3843 se
3503 3802 3597 3842 su-

2002 3892 2195 3949 perare
2206 3893 2388 3949 posse,
2404 3877 2646 3934 dicentes
2657 3894 2780 3935 cum
2790 3879 3071 3951 Apostolo:
3079 3878 3210 3946 Quis
3224 3894 3320 3934 nos
3329 3877 3594 3949 separabit

1948 3962 1965 3975 ’
2002 3986 2035 4022 a
2048 3968 2303 4022 charitate
2319 3968 2414 4023 Dei
2430 3969 2455 4023 .’
2468 3969 2741 4023 tribulatio
2755 3971 2780 4024 ἵ
2792 3986 2860 4025 an
2881 3969 3129 4041 angustia
3142 3969 3167 4023 ?
3178 3985 3247 4023 an
3259 3968 3550 4039 persecutio
3565 3967 3592 4019 2

2003 4076 2073 4114 au
2089 4058 2253 4129 fames
2265 4060 2291 4114 ει
2303 4070 2375 4114 an
2398 4060 2610 4115 auditas
2628 4061 2733 4115 3cm
2746 4060 3037 4132 periculum
3055 4062 3079 4114 Ρ
3092 4076 3164 4114 an
3178 4059 3395 4131 gladius
3411 4057 3588 4129 (Rom.

2002 4148 2157 4222 vm);
2182 4157 2239 4205 et
2268 4149 2411 4206 idem
2441 4168 2452 4204 :
2485 4148 2672 4205 Certus
2702 4168 2820 4205 sunt
2861 4151 3000 4205 etaim
3043 4151 3170 4220 quia
3205 4165 3370 4219 neque
3413 4163 3578 4209 mors,

2004 4256 2169 4312 neque
2193 4242 2324 4307 vita,
2382 4258 2547 4312 neque
2586 4240 2785 4311 angeli;
2816 4257 2979 4312 neque
3023 4239 3369 4309 principatus,
3419 4254 3585 4307 usque

2004 4331 2280 4401 fortitudo,
2315 4348 2480 4402 neque
2498 4332 2777 4396 instantia,
2808 4346 2970 4401 neque
2992 4329 3193 4398 futura,
3226 4343 3389 4399 neque
3410 4326 3593 4382 altitu-

2004 4420 2093 4485 do,
2118 4436 2283 4492 neque
2311 4420 2660 4490 profundum,
2684 4435 2849 4491 neque
2881 4427 3125 4473 creatura
3146 4419 3254 4471 alia
3273 4418 3463 4488 poterit
3486 4433 3581 4471 nos

2005 4527 2254 4582 separare
2294 4528 2328 4565 a
2370 4511 2628 4565 charitate
2670 4510 2770 4565 Dei
2810 4525 2928 4582 quis
2979 4518 3054 4565 est
3106 4510 3162 4562 in
3200 4507 3409 4563 Christo
3452 4506 3588 4563 Iesu

306 4575 585 4670 desiruxit
604 4628 749 4681 ,cum
779 4613 871 4683 qui
902 4575 1067 4668 habet
1108 4575 1303 4668 mortis
1348 4575 1654 4682 imperium,
1708 4608 1763 4664 id
1790 4615 1894 4672 est,
1923 4575 1979 4637 Π
2005 4575 2218 4677 (Ibid.).
2244 4600 2509 4657 Filiorum
2536 4609 2712 4656 autent
2738 4575 2933 4673 loseph
2961 4600 3027 4655 de
3040 4599 3318 4672 Ephroim,
3344 4599 3586 4670 princeps

305 4706 613 4763 diabolum.
656 4704 791 4762 Nam
821 4707 878 4763 in
930 4713 1180 4778 serpente
1206 4746 1222 4773 ,
1250 4703 1393 4760 unde
1421 4702 1657 4775 primum
1705 4701 1899 4758 mortis

303 4815 499 4864 causa,
560 4799 665 4854 hoc
711 4807 795 4854 est
830 4806 1132 4870 peccatum,
1164 4797 1216 4851 in
1252 4795 1615 4868 proleplastos
1647 4799 1901 4866 parentes

306 4896 531 4945 nostros
569 4889 875 4961 processit,
928 4904 1077 4946 mors
1102 4889 1218 4959 ipsa
1256 4886 1487 4960 ﬁgurata
1526 4894 1630 4941 est.
1655 4884 1902 4955 Denique

306 4995 461 5035 mors
475 4978 683 5057 Christi
710 4989 767 5035 et
792 4987 995 5035 sancta
1019 4978 1199 5036 crucis
1227 4978 1544 5050 mysterium
1568 4976 1638 5031 ad
1665 4975 1897 5031 salutem

304 5069 655 5133 credentium
685 5078 990 5141 praeparata
1014 5077 1159 5127 sunt.
1176 5068 1333 5126 Unde
1344 5076 1399 5124 et
1424 5068 1539 5140 ipse
1561 5060 1822 5123 Dominus
1844 5065 1899 5120 in

306 5160 605 5232 Evangelio
639 5162 756 5218 ait:
789 5160 941 5217 Sicut
987 5158 1196 5232 Moyses
1239 5159 1485 5216 exultavit
1525 5169 1813 5232 serpentem
1842 5159 1901 5212 iis

304 5252 540 5317 deserto,
570 5253 648 5307 ita
670 5251 900 5308 exaltari
932 5261 1131 5322 oportet
1160 5249 1334 5320 ﬁlium
1362 5250 1612 5317 hominis,
1642 5258 1698 5304 ut
1728 5248 1901 5303 omnis

303 5342 398 5412 qui
423 5340 587 5397 credit
607 5344 665 5397 iu
690 5344 862 5414 ipsum
883 5359 987 5399 non
1014 5352 1208 5415 pereat,
1236 5342 1329 5398 sed
1353 5340 1542 5397 habeat
1565 5341 1723 5395 vitam
1745 5352 1899 5394 teter-

305 5448 435 5488 uant
485 5432 672 5506 (Joan.
700 5434 808 5506 ut).
839 5435 1074 5491 Possunt
1119 5442 1176 5491 et
1216 5432 1368 5491 Iudae
1413 5432 1633 5489 nomine
1685 5429 1898 5487 censeri

304 5541 504 5582 omnes
539 5526 632 5595 qui
668 5532 820 5581 recte
869 5525 1128 5582 invocant
1163 5524 1380 5580 Domini
1428 5538 1627 5579 nomen
1662 5562 1678 5587 ,
1704 5534 1806 5576 nec
1842 5520 1898 5576 in

304 5618 479 5673 verbo
526 5617 855 5673 dissentiunt
897 5632 929 5671 a
954 5632 1146 5673 norma
1190 5615 1314 5672 fidei
1342 5615 1643 5671 catholicae.
1691 5612 1899 5668 Horum

304 5712 508 5768 merito
535 5710 750 5767 Naason
793 5712 1044 5782 princeps
1079 5702 1209 5777 est,
1255 5711 1309 5766 id
1363 5717 1468 5776 est,
1526 5707 1615 5763 ille
1661 5706 1754 5779 qui
1790 5722 1897 5762 non

304 5802 485 5861 solum
531 5802 1053 5874 aliis.pra:dicando
1095 5803 1478 5860 documentum
1522 5801 1745 5873 praebet,
1804 5796 1899 5855 sed

2001 4703 2115 4749 erat
2144 4692 2384 4747 Elisama
2404 4732 2419 4758 ,
2463 4690 2609 4760 ﬁlius
2642 4691 2911 4765 Ammiud.
2945 4689 3147 4760 Ioseph
3190 4689 3585 4759 interpretatur

2001 4794 2374 4858 augmentum,
2394 4785 2651 4856 Ephraim
2679 4783 2907 4856 frugifer
2925 4783 3041 4839 sive
3054 4796 3326 4846 crescens,
3349 4780 3587 4838 Elisama

2002 4878 2146 4933 Deus
2173 4892 2326 4933 meus
2354 4877 2601 4943 audiens,
2632 4883 2688 4932 et
2722 4875 2936 4940 Amiud,
2968 4874 3198 4947 populus
3234 4887 3386 4929 triens
3414 4872 3586 4942 incly-

2001 4976 2110 5024 tus.
2135 4968 2277 5036 ρυίά
2303 4968 2571 5040 signiﬁcat
2607 4965 2808 5038 Joseph
2832 5008 2846 5032 ,
2870 4982 2937 5022 ex
2963 4980 3074 5036 quo
3099 4966 3222 5020 dum
3251 4964 3429 5020 tribus
3450 4970 3587 5019 orte

2003 5059 2280 5126 sunt,’nisi
2306 5059 2724 5131 Redemptorem
2748 5066 3014 5122 nostrum,
3044 5057 3137 5126 qui
3161 5056 3391 5111 duorum
3418 5066 3591 5122 popu-

2000 5150 2175 5206 lorum
2202 5158 2358 5219 pater
2400 5157 2487 5205 est
2516 5167 2530 5203 :
2563 5148 2691 5219 quia
2734 5145 3012 5219 angularis
3052 5145 3188 5215 lapis
3228 5143 3405 5199 factus
3448 5141 3586 5195 duos

1999 5242 2236 5313 parietes
2281 5252 2314 5296 e
2351 5240 2567 5297 diverso
2605 5240 2888 5296 venientes
2938 5238 2993 5292 in
3043 5236 3345 5305 semetipso
3362 5228 3588 5297 conjun-

2001 5333 2083 5387 xit
2105 5350 2123 5401 ;
2151 5333 2245 5389 ubi
2264 5331 2525 5403 Ephraim
2546 5331 2724 5387 minor
2747 5337 2910 5386 aetate
2921 5321 3582 5399 primogenitolsnssse.

2002 5424 2173 5495 patris
2228 5423 2451 5497 judicio,
2505 5421 2830 5487 antefertur,
2882 5420 3009 5491 quia
3058 5414 3288 5488 populus
3339 5407 3583 5483 30mins.

1999 5518 2091 5589 qui
2153 5528 2276 5590 post
2332 5516 2790 5574 resurrectionem
2853 5510 3056 5570 Christi
3102 5517 3158 5561 et
3207 5501 3583 5559 ascensionem

2000 5608 2117 5677 ejus
2164 5611 2218 5664 in
2267 5610 2456 5676 oculos,
2487 5607 2555 5663 ad
2617 5609 2778 5662 ﬁdem
2806 5602 3085 5665 conﬂuxit,
3144 5596 3270 5653 ﬁdei
3328 5596 3586 5652 ubertate

2001 5701 2412 5773 multiplicatus,
2448 5698 2643 5770 populo
2679 5696 2905 5751 Judaico
2937 5689 3243 5763 prtcfertur.
3295 5686 3447 5743 Unde
3476 5684 3585 5739 υθέ

2003 5795 2181 5851 minus
2221 5782 2275 5847 in
2311 5790 2623 5861 Evangelio,
2653 5787 2877 5842 laudans
2900 5780 3236 5841 centurionis
3255 5779 3440 5845 ﬁdem,
3462 5776 3539 5831 ait
3565 5789 3581 5828 :
