3918 6180
389 371 494 426 595

1030 365 1088 420 Β.
1129 343 1384 421 ninam
1419 364 1639 423 usum
1675 362 1994 422 ARClllEP.
2036 365 2346 422 uocum.
2388 367 2671 425 omum
2712 369 2965 426 PAltSl.

3544 378 3646 434 5256

387 496 550 546 Amen
588 491 705 544 dico
733 489 894 552 vobis,
927 504 1030 542 non
1056 485 1229 540 inueni
1256 495 1458 540 tantam
1502 485 1657 554 ﬁdem
1690 483 1746 539 in
1792 483 1965 540 Israel
1991 469 2052 544 Ai
2071 481 2388 552 sanguinem
2421 483 2809 553 prophetarum
2841 501 2854 536 :
2894 484 3118 553 insuper
3146 485 3309 541 etiam
3353 487 3408 544 in
3457 506 3646 546 necem

399 581 618 653 (Matth.
633 578 753 651 vui)
771 595 786 643 ;
805 579 1030 633 etitem:
1052 575 1230 640 Multi,
1254 576 1452 644 inquit,
1467 576 1669 630 venient
1688 575 1752 629 ab
1769 575 1968 628 oriente

388 682 436 726 et
457 669 744 735 occidente,
761 680 808 724 et
832 669 1124 723 recumbent
1149 685 1266 722 cum
1280 668 1544 722 Abraham
1565 679 1610 722 et
1628 666 1784 721 Isaac
1799 676 1847 720 et
1868 667 1968 720 Ja-

384 761 476 815 cob
490 761 543 813 in
558 775 712 830 regno
725 758 988 813 caelorum.
999 755 1126 812 Filii
1136 758 1468 827 autem'regni
1478 759 1754 827 ejicientur
1766 760 1820 812 in
1833 767 1968 812 tene-

386 852 505 905 bras
522 853 834 906 exteriores:
850 851 920 904 ibi
933 852 1030 904 erit
1042 853 1195 920 ﬂetus
1215 861 1263 904 et
1289 853 1486 904 stridor
1503 851 1734 905 dentium
1752 847 1960 921 (Ibid.).

387 943 559 998 llabct
592 959 806 1013 quoque
847 943 1018 997 tribus
1063 943 1318 1012 Ephraim
1369 943 1664 1012 principem
1695 942 1959 1012 .Elisama.

388 1033 556 1098 Quem
609 1034 800 1088 melius
849 1034 1082 1088 Elisama
1137 1034 1432 1104 intelligere
1474 1049 1760 1102 possumus
1799 1047 1961 1102 quam

389 1121 719 1178 Salvatorem
749 1132 1015 1188 nostrum,
1043 1125 1109 1180 de
1129 1141 1237 1194 quo
1263 1125 1398 1179 dixit
1421 1124 1740 1195 Apostolus:
1762 1123 1960 1180 Factus

379 1223 476 1277 est,
505 1213 696 1283 inquit,
717 1215 960 1268 obediens
1002 1217 1153 1269 Patri
1196 1233 1356 1286 usque
1379 1216 1448 1269 ad
1471 1226 1708 1280 martem,
1742 1227 1958 1270 mortem

381 1314 553 1357 autem
591 1306 802 1358 crucis?
828 1304 994 1376 (Phil.
1029 1307 1112 1376 ιι.)
1158 1307 1226 1361 Et
1271 1309 1387 1376 ipse
1433 1307 1692 1360 Dominus
1717 1308 1782 1361 de
1814 1323 1872 1361 se
1901 1309 1956 1362 in

378 1393 667 1465 Evangelio
699 1395 770 1449 ita
811 1397 924 1450 ait:
965 1396 1067 1461 Qui
1101 1398 1241 1450 misit
1287 1413 1384 1460 me,
1423 1412 1581 1451 verax
1607 1406 1680 1450 est
1708 1410 1727 1447 :
1769 1405 1817 1449 et
1862 1410 1956 1464 ego

381 1501 497 1553 quia
526 1485 704 1538 audivi
733 1486 798 1538 ab
823 1503 904 1549 eo,
931 1487 1043 1539 lure
1076 1486 1261 1558 loquor
1282 1488 1336 1541 in
1373 1487 1571 1540 mundo
1603 1485 1784 1557 (Joan.
1809 1486 1950 1557 vui).

376 1575 496 1646 Ipse
533 1577 784 1632 videlicet
827 1588 910 1633 est
937 1579 1079 1634 ﬁlius
1106 1579 1380 1645 Ammiud,
1425 1580 1478 1634 id
1502 1587 1606 1645 est,
1653 1578 1836 1648 populi
1870 1578 1954 1634 in-

378 1665 536 1737 clyti:
566 1667 690 1736 quia
722 1668 786 1722 de
809 1669 1260 1738 patriarcharum,
1284 1669 1670 1739 prophetarum
1685 1677 1741 1723 et
1762 1682 1950 1740 regum

375 1758 542 1827 stirpe
589 1759 941 1824 descendens,
979 1761 1127 1814 venit
1173 1761 1226 1814 in
1262 1761 1521 1814 mundum
1570 1767 1630 1814 ut
1659 1759 1950 1814 redimeret

2071 573 2272 628 Christi
2325 573 2666 643 conspirans,
2717 575 2880 644 impie
2923 575 3314 634 mnclamando
3343 594 3406 634 ac
3445 579 3644 651 impre-

2070 666 2244 721 cando
2267 665 2400 720 dixit
2434 683 2447 718 :
2481 664 2709 736 Sanguis
2749 667 2866 737 ejus
2903 684 3063 738 super
3099 685 3212 735 nos,
3257 680 3305 723 et
3327 688 3486 741 super
3508 674 3643 741 ﬁlios

2070 765 2273 810 nostros
2321 754 2537 824 (Matth.
2583 755 2777 825 uvu).
2825 755 2932 810 Sed
2971 753 3110 812 sicut
3153 758 3456 816 incredulis
3501 761 3642 818 ﬁlius

2067 848 2268 904 doloris
2296 848 2414 913 fuit,
2445 849 2518 902 ita
2553 857 2608 903 et
2637 849 2690 902 in
2731 849 3094 914 credentibus,
3148 853 3446 907 secundum
3473 855 3642 924 patris

2066 941 2424 1010 prophetiam,
2464 941 2659 995 merito
2703 940 2847 996 ﬁlius
2871 939 3112 996 dextera:
3135 953 3501 1014 nuncupatur.
3533 945 3642 1002 Nec

2065 1031 2265 1101 aliquid
2293 1031 2545 1100 prohibet
2590 1033 2642 1085 in
2681 1030 2960 1098 Benjamin
2988 1031 3159 1102 ﬁgura
3187 1036 3441 1105 gentilem
3468 1053 3639 1106 popu-

2063 1122 2173 1175 lum
2226 1121 2548 1192 intelligere,
2595 1122 2686 1191 qui
2731 1125 2966 1192 primum
3004 1122 3146 1178 ﬁlius
3199 1124 3402 1181 doloris
3447 1128 3639 1181 eratin

2061 1213 2432 1283 persequendo
2462 1213 2800 1268 Christianos
2826 1253 2840 1276 ,
2872 1228 2937 1267 ac
2960 1223 3083 1283 post
3102 1215 3154 1269 in
3201 1215 3474 1272 Christum
3523 1234 3641 1274 cre-

2061 1303 2256 1367 dendo,
2284 1303 2426 1358 ﬁlius
2461 1302 2716 1358 dexterae.
2767 1300 2936 1370 Hujus
2963 1319 3095 1373 ergo
3138 1305 3319 1375 populi
3364 1307 3639 1376 apostolus

2058 1403 2114 1450 et
2138 1394 2460 1466 praedicator
2489 1393 2684 1446 Paulus
2734 1391 2853 1456 fuit,
2914 1408 3075 1463 quem
3131 1395 3185 1448 in
3231 1395 3636 1465 signiﬁcatione

2057 1485 2335 1554 Benjamin
2359 1485 2608 1540 doctores
2639 1485 2811 1539 sancti
2835 1499 2976 1555 szepe
3001 1493 3227 1554 ponunt.
3254 1485 3427 1542 Filius
3453 1487 3637 1558 itaque

2057 1577 2293 1632 dextera:
2335 1576 2454 1632 ideo
2499 1578 2602 1632 iste
2636 1575 2866 1646 papulas
2907 1577 3094 1631 vocari
3129 1585 3329 1647 potest,
3358 1581 3471 1635 sive
3509 1582 3633 1650 quia

2057 1668 2110 1723 in
2139 1667 2432 1723 electorum
2456 1682 2680 1723 numero
2724 1666 2791 1722 ad
2817 1667 3094 1722 dexteram
3114 1667 3316 1738 judicis
3351 1668 3406 1723 in
3449 1678 3632 1726 extre-

2056 1774 2144 1814 mo
2168 1759 2415 1822 examine
2439 1765 2678 1812 staturus
2707 1763 2806 1822 est,
2845 1757 2960 1812 sive
2991 1758 3117 1827 quia
3161 1762 3406 1824 dextera,
3435 1759 3490 1813 id
3519 1769 3624 1826 est,

375 1864 546 1916 genus
573 1851 886 1906 humanum.
927 1851 1060 1905 Item
1101 1851 1154 1904 in
1201 1851 1445 1920 principe
1470 1850 1656 1920 stirpis
1689 1849 1944 1919 Ephraim
1974 1840 2020 1899 Β
2048 1851 2207 1906 beata
2227 1865 2414 1920 opera,
2453 1848 2633 1905 facere
2669 1849 2864 1904 studet.
2908 1846 3077 1916 Hujus
3103 1863 3234 1921 ergo
3267 1849 3452 1920 pepuli
3489 1850 3621 1906 Abi-

373 1940 618 2010 accipere
646 1957 934 2011 possumus
959 1957 1051 1996 eos
1077 1942 1168 2012 qui
1209 1942 1418 1997 intente
1439 1942 1664 1996 audiunt
1699 1948 1753 1994 et
1781 1941 1949 1998 medi-

375 2038 559 2085 tantur
607 2033 829 2087 verbum
862 2032 992 2096 Dei,
1022 2041 1078 2087 et
1110 2033 1213 2088 hoc
1270 2048 1378 2088 non
1416 2032 1654 2086 inaniter
1706 2031 1802 2088 sed
1841 2030 1950 2085 fru-

370 2130 561 2178 ctuose
596 2139 758 2194 agere
791 2124 1009 2179 student
1038 2132 1097 2178 ut
1122 2123 1253 2189 sint,
1281 2124 1578 2178 secundum
1603 2119 1787 2178 Jacobi
1824 2137 1948 2176 sen-

373 2216 595 2270 tentiam
630 2255 646 2280 ,
686 2216 912 2285 factores
962 2215 1102 2269 verbi
1131 2255 1146 2280 ,
1173 2225 1222 2270 et
1275 2232 1379 2269 non
1427 2215 1696 2269 auditores
1740 2223 1945 2268 tantum

368 2304 512 2373 (Jac.
539 2305 599 2372 ι).
627 2305 784 2372 Quia,
815 2314 1108 2362 attestante
1154 2307 1412 2371 Veritate,
1454 2307 1546 2376 qui
1604 2306 1760 2361 corde
1809 2305 1944 2360 bono

365 2398 414 2442 et
457 2392 649 2458 optimo
709 2391 982 2446 audientes
1027 2391 1236 2446 verbum
1286 2391 1782 2459 retinent,fructum
1808 2391 1944 2460 (1]Ῑέ-

364 2489 486 2532 runt
517 2480 572 2532 in
597 2481 849 2548 patientia
873 2494 890 2532 :
912 2491 960 2534 et
983 2480 1131 2534 aliud
1181 2482 1390 2550 quidem
1427 2481 1555 2549 facit
1581 2481 1944 2546 centesimum,

367 2565 515 2620 aliud
539 2568 939 2637 sexagesimum,
979 2569 1126 2622 aliud
1151 2577 1326 2623 autem
1375 2569 1693 2623 tricesimum
1724 2568 1940 2640 (Matth.

365 2656 472 2727 Ill).
506 2656 677 2711 Porro
699 2655 961 2713 Gamaliel
1011 2658 1153 2714 ﬁlius
1187 2658 1497 2716 Phadassur
1527 2699 1542 2724 ,
1574 2659 1676 2714 hoc
1723 2669 1809 2714 est
1859 2675 1944 2714 re-

361 2749 690 2820 demptionis
743 2750 968 2816 validm,
1021 2751 1333 2808 dominatur
1380 2751 1432 2805 in
1491 2751 1635 2806 tribu
1674 2749 1938 2817 Manasse,

364 2841 460 2909 qui
505 2841 894 2912 interpretatur
923 2843 1124 2898 oblitus
1175 2843 1290 2898 sive
1329 2843 1624 2899 obliviosus
1648 2857 1661 2897 :
1689 2858 1809 2898 cum
1841 2842 1944 2898 Re-

365 2931 613 3003 demptor
664 2941 878 2999 noster,
921 2949 1080 3004 quem
1117 2933 1186 2988 ad
1217 2934 1624 2989 convocandum
1680 2933 1936 3004 populum

360 3021 648 3079 Judaicum
701 3024 864 3080 Pater
899 3026 1049 3081 misit
1090 3024 1143 3080 in
1190 3026 1473 3090 mundum,
1513 3025 1569 3080 in
1623 3040 1791 3094 regno
1839 3041 1938 3081 suo

357 3125 569 3184 gentem
622 3117 943 3174 obliviosam
999 3119 1234 3184 invenit;
1285 3119 1432 3173 unde
1490 3117 1752 3172 Dominus
1820 3119 1938 3188 ipse

2051 1941 2155 1995 dan
2209 1939 2352 1994 ﬁlius
2405 1938 2674 1996 Gedeonis
2725 1939 2978 2010 princeps
3021 1946 3138 2004 est,
3198 1939 3327 2008 quia
3381 1939 3636 1995 Salvator

2049 2038 2254 2095 noster,
2283 2045 2443 2100 quem
2481 2029 2739 2085 humilem
2762 2029 2830 2084 ad
2855 2045 2913 2085 se
2931 2029 3238 2084 venientem
3259 2029 3483 2086 Judaica
3506 2046 3634 2102 per-

2049 2123 2176 2178 ﬁdia
2205 2125 2428 2194 sprevit,
2449 2122 2535 2178 vel
2564 2123 2818 2192 antiquus
2841 2122 3016 2178 hostis
3047 2122 3230 2192 inique
3256 2131 3466 2178 tentare
3486 2139 3634 2193 prae-

2048 2213 2295 2282 sumpsit,
2319 2219 2482 2282 caput
2501 2210 2835 2266 credentium
2873 2220 2975 2277 est,
2999 2220 3051 2267 et
3073 2211 3238 2282 judex
3273 2213 3326 2266 in
3364 2212 3470 2268 ﬁne
3492 2229 3634 2268 ven-

2049 2304 2202 2351 turus
2227 2296 2470 2350 vivorum
2521 2303 2576 2350 et
2608 2303 2964 2360 mortuorum,
2994 2304 3054 2350 ut
3101 2297 3293 2352 reddat
3333 2299 3634 2370 unicuique

2048 2386 2342 2441 secundum
2364 2401 2525 2455 Opera
2555 2401 2676 2452 sua,
2704 2383 2869 2454 justis
2894 2386 3144 2442 videlicet
3172 2390 3394 2458 praemia
3425 2401 3480 2446 et
3506 2409 3642 2463 peo-

2047 2470 2324 2531 catoribus
2369 2475 2604 2531 debitam
2632 2491 2869 2546 pinnam.
2910 2477 3042 2532 Item
3091 2478 3403 2551 Benjamin,
3434 2483 3486 2537 id
3515 2493 3628 2550 est,

2048 2565 2190 2622 ﬁlius
2218 2566 2474 2631 dexterae,
2510 2581 2604 2622 eos
2631 2581 2918 2636 possumus
2945 2569 3194 2639 accipere
3223 2571 3316 2640 qui
3363 2573 3632 2628 virtutum

2046 2658 2226 2713 studio
2254 2657 2464 2712 fortiter
2489 2667 2677 2714 contra
2693 2658 2876 2715 hostes
2899 2659 3161 2715 dimicant
3179 2671 3237 2717 et
3256 2664 3625 2720 tentationum

2046 2749 2293 2806 stimulos
2322 2749 2552 2805 viriliter
2575 2758 2846 2821 premunt,
2879 2766 2980 2806 nec
3005 2751 3212 2822 aliquid
3244 2751 3540 2810 femineum
3572 2765 3634 2811 et

2043 2839 2204 2896 molle
2245 2856 2340 2896 seu
2364 2841 2742 2912 voluptuosum
2771 2841 2824 2895 in
2858 2855 2917 2896 sc
2950 2841 3220 2897 dominari
3261 2843 3629 2914 permittunt;

2045 2931 2140 2986 sed
2165 2932 2279 2985 zelo
2317 2930 2413 2986 Dei
2456 2931 2673 2994 armati,
2719 2938 2910 2986 contra
2961 2932 3234 3001 spiritales
3272 2935 3543 3004 nequitias
3573 2946 3635 2991 et

2044 3028 2231 3074 contra
2256 3021 2438 3074 mundi
2461 3020 2740 3076 illecebras
2785 3020 3017 3090 prazliari
3049 3037 3263 3092 semper
3277 3024 3450 3094 parati
3475 3033 3628 3079 sunt.

2043 3107 2110 3164 In
2139 3111 2275 3163 tribu
2305 3109 2424 3164 Dan
2469 3111 2822 3181 principatum
2853 3112 3018 3166 tenuit
3059 3113 3283 3167 Ahiezer
3308 3114 3452 3182 ﬁlius
3477 3115 3630 3168 Ami-

355 3221 453 3276 per
480 3206 617 3262 Osee
650 3208 967 3277 prophetam
993 3208 1070 3262 ait
1101 3223 1114 3260 :
1145 3207 1408 3261 Conticuit
1429 3206 1652 3277 populus
1675 3224 1840 3272 meus,
1877 3225 1936 3262 eo

2043 3200 2250 3254 saddai.
2303 3200 2416 3254 Dan
2459 3199 2721 3270 judicium
2772 3200 2857 3256 vel
2900 3199 3152 3268 judicans
3197 3203 3630 3274 interpretatur,

355 3295 497 3364 quod
519 3309 622 3350 non
646 3295 884 3350 habuerit
905 3298 1199 3351 scientiam.
1235 3296 1375 3362 Quia
1403 3306 1459 3350 tu
1503 3296 1740 3365 repulisti
1769 3299 1936 3352 scien-

355 3385 506 3450 tiam,
526 3385 772 3454 repellam
807 3396 856 3440 te
879 3403 942 3440 ne
961 3387 1254 3441 sacerdotio
1282 3385 1524 3456 fungaris
1548 3388 1677 3441 milii
1700 3401 1718 3439 :
1741 3398 1789 3442 et
1810 3389 1935 3460 quia

355 3476 518 3532 oblita
549 3494 602 3531 es
648 3476 774 3548 legis
811 3477 911 3532 Dei
963 3478 1062 3543 tui,
1105 3476 1383 3532 obliviscar
1433 3476 1669 3545 ﬁliorum
1721 3487 1933 3532 tuorum

354 3567 500 3637 (Ose,
537 3567 632 3640 tv).
662 3568 731 3622 Et
757 3571 886 3624 item
915 3588 927 3622 :
955 3566 1160 3623 Oblitus
1181 3578 1276 3632 est,
1300 3567 1496 3637 inquit,
1521 3567 1695 3622 Israel
1714 3569 1932 3639 factoris

353 3658 438 3711 sui
485 3668 532 3712 et
579 3659 856 3728 cedi/icavit
893 3658 1114 3713 delubra
1146 3657 1293 3729 (Ose.
1336 3656 1479 3730 Vill).
1528 3658 1599 3712 Et
1645 3659 1933 3715 aediﬁcavit

350 3747 523 3804 ludas
555 3750 706 3805 urbes
734 3751 982 3806 munitas.
1010 3749 1117 3806 Sed
1165 3766 1271 3806 non
1300 3766 1493 3806 omnes
1522 3749 1594 3806 illi
1625 3751 1927 3821 perierunt,

355 3857 461 3894 non
482 3842 620 3894 enim
651 3840 836 3910 repulit
874 3841 1016 3896 Deus
1049 3841 1245 3912 plebem
1272 3859 1424 3896 suam
1470 3857 1630 3912 quam
1669 3843 1930 3911 prwscivit

338 3929 526 4000 .(Rom.
552 3930 651 4000 si),
675 3932 772 3986 sed
796 3932 1039 4000 reliquize
1077 3933 1372 3986 secundum
1396 3931 1716 3987 electionem
1740 3933 1929 4002 gratim

355 4021 517 4075 salvae
547 4020 704 4076 facta:
737 4030 882 4078 sunt.
918 4022 986 4076 Et
1011 4024 1227 4091 quando
1252 4024 1528 4092 plenitudo
1557 4025 1818 4094 gentium,
1844 4039 1926 4080 se-

351 4113 588 4166 cundum
605 4111 945 4182 Apostolum,
972 4113 1380 4178 subintraverit,
1415 4122 1543 4168 tunc
1563 4115 1740 4170 omnis
1760 4114 1924 4172 Israel

347 4203 528 4258 salvus
558 4202 666 4258 ﬁet.
699 4203 810 4260 Nec
827 4221 933 4260 non
961 4213 1017 4260 et
1036 4205 1143 4260 alio
1160 4207 1320 4262 modo
1341 4205 1622 4263 Manassen
1637 4223 1760 4263 cum
1777 4209 1926 4278 prin-

347 4292 466 4362 cipe
493 4293 657 4348 sortis
687 4309 797 4349 suae
825 4309 1111 4364 possumus
1136 4295 1385 4366 accipere
1412 4295 1531 4352 illos
1558 4297 1648 4367 qui
1679 4298 1749 4353 ob
1779 4298 1926 4353 desi-

346 4382 555 4435 derium
576 4382 700 4437 vita:
723 4391 942 4438 aeternae
968 4383 1297 4447 laborantes,
1329 4397 1384 4441 et
1407 4387 1461 4440 in
1491 4385 1647 4443 bonis
1668 4389 1925 4458 operibus

345 4471 688 4538 desudantes,
713 4488 820 4527 non
847 4473 1028 4544 magni
1045 4476 1340 4544 penduntsi
1360 4491 1465 4545 qua
1496 4475 1925 4532 feceruntvirtu-

2040 3291 2184 3347 sicut
2210 3290 2442 3346 Ahiezer
2479 3291 2648 3346 frater
2681 3306 2835 3346 meus
2861 3292 3097 3362 adjutor,
3119 3302 3175 3347 et
3215 3293 3494 3350 Amisadai
3515 3312 3627 3365 po-

2035 3381 2194 3453 pulus
2223 3398 2375 3438 meus
2405 3381 2673 3438 sufﬁciens
2714 3382 2906 3438 Latine
2953 3392 3194 3439 resonat.
3251 3384 3392 3452 Quid
3437 3386 3635 3444 obstat

2035 3471 2178 3542 quod
2218 3489 2323 3527 non
2357 3490 2410 3528 ιιι
2446 3488 2679 3544 persona
2715 3474 2943 3545 gentiles
2985 3475 3339 3546 accipiamus,
3398 3479 3514 3548 qui,
3554 3481 3628 3535 de

2036 3562 2235 3634 frigore
2285 3563 2619 3619 inﬁdelitatis
2656 3563 2992 3631 recedentes,
3035 3566 3103 3621 ad
3145 3569 3375 3637 gratiam
3413 3569 3627 3626 Christi

2033 3653 2433 3723 confugerunt?
2469 3653 2622 3709 Unde
2649 3663 2706 3710 et
2733 3655 2847 3708 Dan
2876 3655 2930 3709 in
2969 3658 3340 3726 sequentibus,
3374 3660 3429 3714 in
3463 3665 3628 3731 aqui-

2032 3740 2204 3797 lonari
2226 3742 2380 3814 plaga
2399 3743 2554 3814 juxta
2577 3743 2750 3814 ipsum
2768 3746 3176 3801 tabernaculum
3202 3750 3414 3818 primus
3437 3763 3625 3809 castra

2031 3842 2266 3889 metatus
2312 3849 2431 3890 csse
2465 3834 2807 3890 describitur.
2847 3836 3079 3891 Ahiezcr
3111 3852 3240 3909 ergo
3281 3841 3456 3896 tribus
3500 3841 3622 3898 Dan

2029 3923 2280 3993 princeps
2307 3934 2414 3989 est,
2453 3932 2508 3979 et
2544 3924 2658 3994 ipse
2696 3925 2837 3980 ﬁlius
2865 3936 2948 3982 est
2975 3925 3310 3995 Amisaddai,
3357 3948 3482 3986 cum
3511 3933 3622 3989 Ec-

2029 4017 2206 4072 clesia:
2249 4018 2315 4073 de
2361 4018 2610 4087 gentibus
2653 4019 2883 4087 apostoli
2932 4018 3153 4087 Christi,
3202 4021 3360 4090 quasi
3418 4022 3622 4080 fratres

2029 4106 2292 4178 gentium,
2336 4107 2460 4177 quia
2493 4107 2558 4162 de
2589 4107 2744 4177 plebe
2771 4109 2938 4178 priori
2990 4112 3232 4180 generati
3268 4122 3415 4179 sunt,
3468 4115 3620 4170 suﬂi—

2027 4196 2232 4252 cientes
2262 4197 2315 4250 in
2343 4199 2510 4252 verbo
2546 4206 2600 4252 et
2645 4198 2801 4253 bonis
2848 4199 3101 4269 operibus
3125 4202 3372 4272 magistri
3409 4209 3619 4260 consti-

2027 4294 2289 4352 tuuntur;
2319 4287 2410 4356 qui
2441 4301 2536 4341 eos
2561 4285 2802 4342 fraterna
2840 4288 3128 4344 dilectione
3159 4291 3512 4360 instruentes,
3546 4297 3618 4350 ad

2025 4379 2338 4434 societatem
2370 4378 2555 4449 gratia:
2591 4378 2851 4449 spiritalis
2899 4395 3196 4448 provocare
3235 4383 3478 4438 student.
3506 4385 3620 4440 Ali-

2028 4479 2140 4536 ter,
2171 4469 2224 4523 in
2252 4469 2365 4524 Dan
2405 4469 2745 4539 accipiuntur
2773 4470 2850 4524 illi
2887 4471 2975 4540 qui
3001 4472 3148 4542 justo
3181 4470 3389 4540 judicio
3417 4489 3618 4530 cuncta

347 4567 458 4612 tum
487 4573 672 4628 opera,
695 4562 788 4616 sed
802 4559 1366 4633 majoraadhucagere
1390 4565 1928 4632 desideraut,secun—
1953 4569 2007 4628 D
2033 4573 2218 4636 agunt,
2259 4573 2313 4619 et
2357 4565 2734 4620 discretionem
2793 4565 2846 4619 in
2881 4565 3131 4620 omnibus
3185 4566 3349 4622 rebus
3393 4584 3618 4624 servare

344 4650 470 4702 dum
496 4647 808 4717 Apostolum
830 4650 924 4708 illa
948 4669 1065 4721 qua:
1092 4662 1228 4706 retro
1248 4663 1367 4708 sum
1398 4653 1752 4709 obliviscentes
1773 4653 1926 4726 (Phi-

343 4733 434 4804 lip.
469 4734 572 4806 ιιι),
615 4737 668 4791 in
703 4739 974 4796 anteriora
1001 4755 1060 4796 se
1087 4741 1405 4804 extendunt,
1439 4741 1482 4795 si
1512 4743 1783 4810 quomodo
1802 4757 1924 4812 per-

342 4824 529 4878 venire
563 4827 770 4892 possint
812 4830 878 4883 ad
925 4845 1172 4899 superna:
1215 4830 1514 4886 vocationis
1561 4831 1834 4899 bravium,
1863 4842 1922 4888 ut

343 4915 613 4984 accipiant
639 4932 896 4973 coronam
925 4920 1045 4974 vitae
1074 4936 1235 4990 quam
1281 4921 1546 4976 retribuet
1571 4923 1714 4977 Deus
1735 4921 1918 4992 justus

333 5003 502 5072 judex
531 5006 782 5061 omnibus
824 5007 1167 5078 diligentibus
1194 5025 1249 5065 se
1278 5011 1333 5066 in
1361 5011 1606 5066 veritate.
1642 5011 1716 5065 De
1760 5014 1920 5084 stirpe

340 5095 624 5165 Benjamin
647 5096 856 5151 Abidan
871 5098 1017 5166 ﬁlius
1041 5098 1298 5155 Cedeonis
1325 5102 1564 5171 princeps
1590 5103 1688 5173 fuit
1727 5105 1780 5158 in
1808 5105 1923 5174 ipsa

338 5189 498 5243 tribu.
527 5189 804 5259 Benjamin
839 5191 980 5248 ﬁlius
1013 5192 1271 5260 dexterae,
1311 5192 1519 5249 Abidan
1571 5204 1725 5265 pater
1769 5212 1924 5254 meus

329 5278 518 5348 judex,
552 5280 836 5338 ctCedeon
853 5283 1080 5338 tentatio
1106 5282 1428 5353 iniquitatis,
1458 5283 1541 5340 vel
1571 5285 1796 5340 tentatio
1823 5285 1922 5341 hu-

337 5374 586 5430 militatis
604 5390 760 5440 meae,
781 5377 1185 5446 interpretatur.
1233 5377 1418 5446 Itaque
1450 5378 1504 5432 in
1532 5379 1750 5434 nomine
1778 5379 1920 5435 Ben-

335 5465 504 5520 iamin
539 5467 818 5522 terrestris
841 5466 1106 5537 ﬁguratur
1133 5467 1456 5534 Jerusalem,
1485 5485 1605 5538 quae
1634 5479 1717 5526 est
1741 5471 1794 5525 in
1820 5471 1917 5526 tri-

337 5555 410 5610 bu
456 5557 736 5628 Benjamin
780 5559 1020 5629 ejusdem
1063 5578 1076 5612 :
1111 5559 1265 5630 cujus
1311 5560 1574 5630 p0pulus,
1619 5561 1916 5617 secundum

336 5649 708 5717 prophetiam,
762 5650 979 5706 Racheli
1015 5652 1225 5716 benoni,
1275 5653 1470 5716 idest,
1524 5651 1666 5707 ﬁlius
1712 5652 1915 5708 doloris

339 5735 461 5802 fuit,
514 5740 638 5806 quia
669 5743 816 5809 gravi
869 5742 1052 5799 dolore
1091 5750 1322 5799 matrem
1364 5741 1543 5797 aﬁ'ecit
1591 5741 1913 5796 eﬁundendo

2030 4657 2397 4712 contendunt:
2433 4655 2508 4709 illi
2547 4655 2690 4708 enim
2719 4655 2970 4727 p0pulum
3010 4655 3363 4712 suﬁicientem
3405 4659 3618 4714 ducunt

2026 4745 2151 4815 quia
2182 4746 2414 4801 discrete
2453 4745 2656 4798 vivunt.
2697 4743 2803 4814 Ipsi
2845 4755 2898 4800 et
2945 4745 3170 4802 fratrem
3217 4746 3523 4815 adjutorem
3556 4750 3613 4803 in

2025 4835 2381 4908 principatum
2413 4851 2570 4890 suum
2603 4836 2939 4890 constituunt
2965 4854 2976 4889 :
2999 4837 3124 4906 quia
3154 4838 3454 4892 secundum
3481 4855 3612 4893 san-

2025 4935 2235 4982 ctorum
2257 4927 2669 4998 praedicatorum
2693 4915 3081 4993 doctrinam,et
3105 4929 3400 4983 secundum
3433 4945 3608 4985 cano-

2024 5019 2158 5073 nica:
2183 5017 2521 5073 auctoritatis
2555 5016 2946 5088 magisterium,
2999 5017 3182 5071 omnia
3208 5015 3389 5072 facere
3416 5019 3609 5089 dispo-

2027 5117 2198 5173 nunt;
2221 5117 2275 5162 et
2305 5107 2565 5178 quidquid
2593 5107 2720 5162 boni
2744 5113 2928 5177 agunt,
2965 5122 3070 5161 non
3107 5107 3209 5161 sibi
3243 5109 3335 5162 sed
3365 5107 3476 5164 Deo
3505 5123 3612 5178 ap-

2023 5199 2244 5270 plicant,
2275 5198 2515 5252 dicentes
2563 5212 2685 5253 cum
2714 5197 2983 5266 PrOphcta
3012 5215 3025 5250 :
3061 5194 3184 5250 Non
3222 5196 3389 5261 nobis,
3421 5196 3611 5250 Domi-

2026 5305 2112 5353 ne,
2140 5305 2241 5340 non
2266 5286 2429 5352 nobis,
2448 5285 2538 5340 sed
2565 5285 2762 5340 nomini
2789 5294 2878 5338 tuo
2914 5284 2984 5338 da
3012 5283 3234 5355 gloriam
3265 5301 3427 5355 super
3451 5287 3612 5339 mise-

2024 5378 2305 5431 ricordiam
2352 5386 2399 5431 et
2449 5376 2716 5430 veritatem
2772 5386 2919 5428 tuam
2976 5373 3146 5443 (Psal.
3175 5373 3361 5445 cxm);
3395 5383 3607 5429 etcum

2023 5467 2317 5539 Apostolo:
2356 5464 2478 5521 Non
2528 5482 2708 5519 sumus
2757 5464 3082 5534 sufficientes,
3137 5463 3342 5532 inquit,
3373 5464 3612 5533 cogitare

2023 5558 2225 5628 aliquid
2239 5573 2301 5611 ea:
2325 5556 2469 5610 nobis
2481 5557 2632 5626 quasi
2659 5573 2690 5609 a
2716 5555 2881 5620 nobis,
2897 5553 2987 5608 sed
2999 5554 3308 5624 suﬂicientia
3329 5563 3503 5608 nostra
3536 5567 3610 5605 ex

2021 5647 2130 5701 Deo
2157 5655 2230 5700 est
2250 5661 2267 5696 :
2296 5647 2385 5718 qui
2413 5655 2460 5699 et
2481 5645 2693 5699 idoneos
2709 5661 2801 5699 nos
2827 5645 2950 5715 fecit
2964 5645 3228 5698 ministros
3258 5643 3394 5700 Novi
3421 5641 3587 5696 Testa

2021 5741 2199 5804 menti,
2220 5755 2318 5792 non
2351 5738 2519 5792 littera
2549 5737 2637 5791 sed
2663 5738 2849 5808 spiritu
2875 5735 2928 5808 (I
2945 5733 3069 5790 Cor.
3105 5736 3244 5807 xm).

3201 5867 3204 5872 .
3225 5846 3252 5876 ο
