3926 6176
251 394 357 452 597

967 387 1500 448 ENARRATIONES
1536 385 1604 441 IN
1645 381 1908 439 LIBRUM
1950 383 2413 441 NUMERORUM.
2469 419 2524 426 —
2561 389 2686 444 LIB.
2725 391 2765 443 1.

3410 396 3514 452 598

323 500 508 554 Tribai
534 499 665 555 Aser
685 501 897 571 prefuit
915 517 1152 572 princeps
1182 499 1398 572 Phegiel
1424 501 1568 570 ﬁlius
1598 497 1830 554 Oclu'an.
1861 496 1912 557 Α
1939 493 2030 548 lim
2057 510 2271 564 quoque
2308 511 2604 553 conversus
2647 499 2760 554 sive
2805 499 3060 557 dilatatus
3109 504 3513 575 interpretatur.

246 595 408 657 Aser,
439 593 533 662 qui
561 593 752 647 beatus
787 592 976 648 Latine
1005 592 1204 647 dicitur
1233 592 1318 647 vel
1347 591 1564 646 divitias
1607 589 1834 653 habens,

243 682 546 738 electorum
578 682 1177 759 numerumvirtutibus
1204 682 1525 753 locupletem
1545 678 1831 752 signiﬁcat.

244 775 300 828 In
331 775 423 829 his
475 775 837 844 principatum
872 773 1094 845 Phegiel
1148 782 1330 841 tenet,
1355 775 1410 829 id
1436 781 1520 830 est
1540 814 1555 840 ,
1587 772 1836 828 occursio

243 867 495 930 Domini,
529 865 672 920 ﬁlius
714 863 953 931 Ochran,
1005 865 1098 936 qui
1155 864 1544 936 interpretatur
1597 863 1838 920 turbavit

241 971 338 1012 eos
372 971 532 1010 :cum
562 956 830 1010 mediator
859 955 957 1011 Dei
999 963 1056 1010 et
1107 956 1404 1019 hominum,
1459 955 1552 1026 qui
1596 956 1833 1010 humano

239 1047 430 1115 generi
452 1046 785 1116 periclitanti
805 1054 860 1101 et
879 1047 980 1101 sub
997 1056 1344 1118 peccatorum
1371 1061 1538 1102 onere
1555 1045 1832 1101 corruenti

238 1139 513 1208 propitius
541 1138 840 1203 succurrit,
869 1138 1162 1207 hostesque
1189 1137 1282 1207 qui
1306 1138 1388 1192 eis
1415 1137 1703 1202 nocebant,
1729 1137 1833 1192 hoc

238 1243 323 1287 est
352 1233 624 1305 malignos
655 1233 881 1304 spiritus
907 1233 1234 1303 repellendo,
1269 1231 1527 1287 turbavit.
1571 1231 1724 1288 Unde
1773 1231 1829 1285 iu

237 1326 536 1396 Evangelio
558 1326 764 1380 homini
792 1326 847 1380 in
879 1325 1120 1380 latrones
1141 1325 1418 1390 incidenti,
1453 1322 1829 1379 Samaritanus

235 1417 536 1472 subvenire
564 1417 891 1472 describitur
926 1434 940 1470 :
979 1417 1070 1488 qui
1096 1414 1824 1487 appropians,alligaoitvul-

234 1522 361 1559 uera
391 1506 542 1576 ejus,
572 1506 857 1575 infundens
899 1505 1069 1560 oleum
1114 1514 1162 1560 et
1218 1506 1396 1560 vinum
1420 1520 1440 1558 :
1466 1515 1514 1560 et
1558 1507 1825 1577 imponens

231 1599 284 1650 in
298 1599 612 1668 jumentum
638 1613 816 1662 suum,
837 1596 989 1650 duxit
1015 1597 1072 1650 in
1096 1594 1381 1661 stabulum,
1397 1606 1446 1650 et
1469 1612 1652 1650 curam
1678 1595 1823 1650 illius

225 1688 336 1757 egit
381 1685 538 1759 (Luc.
561 1686 640 1757 ι).
673 1687 806 1741 item
847 1687 900 1740 in
949 1685 1088 1741 Aser
1121 1701 1216 1742 eos
1245 1701 1533 1755 possumus
1577 1685 1828 1756 accipere-

228 1778 322 1846 qui
346 1793 478 1832 cum
491 1778 937 1834 consilio-cuncta
963 1787 1151 1850 agunt,
1177 1788 1232 1836 et
1257 1794 1367 1834 non
1396 1780 1558 1834 rebus
1579 1780 1818 1848 caducis,

1935 593 1991 641 et
2009 586 2278 658 signiﬁcat
2301 589 2555 658 p0pulum
2577 590 2852 658 Ecclesiae,
2867 593 2978 662 qui,
2999 595 3069 648 ab
3084 611 3268 650 errore
3288 612 3515 654 conver-

1935 693 2051 745 sus,
2080 694 2180 750 per
2206 689 2288 736 ter
2320 685 2506 740 mundi
2531 688 2790 742 terminos
2818 689 2939 743 ﬁdei
2973 690 3296 744 abundantia
3326 693 3515 749 dilata-

1935 777 2023 825 tus
2043 780 2145 826 est.
2161 772 2258 827 Cui
2289 790 2388 844 per
2412 775 2605 832 Isaiam
2635 779 2834 834 dicitur
2857 798 2869 833 :
2895 778 3075 835 Dilata
3104 779 3277 835 locum
3303 787 3512 838 tentorii

1933 861 2028 923 tui,
2052 871 2100 914 et
2127 861 2308 933 longos
2334 865 2421 934 {ac
2449 866 2712 935 funiculos
2735 879 2869 932 tuos,
2887 880 2942 926 et
2964 871 3192 944 reliqua.
3221 874 3354 946 (lsa.
3378 881 3513 948 LIV.)

1932 948 2178 1014 Abiram,
2222 953 2274 1007 id
2319 963 2435 1022 est,
2468 955 2652 1012 fratris
2704 959 2808 1013 mei
2863 960 3095 1026 amicus,
3139 963 3284 1018 ﬁlius
3328 965 3516 1034 utique

1933 1041 2103 1107 Enon,
2121 1043 2224 1098 hoc
2237 1053 2340 1110 est,
2361 1045 2524 1102 l'ontis
2538 1049 2794 1115 tristitizn,
2813 1051 2940 1104 huic
2957 1051 3096 1120 plebi
3123 1053 3379 1122 praelatus
3406 1063 3512 1120 est,

1932 1133 2057 1202 quia
2084 1133 2336 1191 Christus
2369 1135 2537 1193 Filius
2568 1139 2686 1203 Dei,
2711 1140 2802 1209 qui
2831 1139 3084 1197 fraternae
3114 1143 3276 1212 plebi,
3305 1145 3407 1200 hoc
3431 1153 3518 1200 est

1929 1223 2130 1293 populo
2158 1222 2401 1292 Judaico,
2433 1228 2640 1284 amicus
2663 1228 2793 1294 fuit,
2815 1231 3030 1299 quando
3057 1231 3130 1285 illi
3163 1232 3336 1304 legem
3377 1233 3514 1289 dans

1930 1313 2015 1368 sui
2038 1313 2286 1370 notitiam
2311 1317 2531 1384 tribuit,
2564 1319 2678 1390 ipse
2705 1322 2868 1375 modo
2896 1321 3184 1392 gentilitati
3215 1337 3312 1392 per
3339 1325 3517 1393 paeni-

1929 1405 2111 1460 tentiae
2135 1420 2278 1461 verre
2300 1407 2575 1462 tristitiam
2598 1409 2905 1476 consulens,
2923 1411 2992 1465 ad
3014 1411 3173 1466 ﬁdem
3194 1427 3344 1467 suam
3368 1413 3511 1468 illam

1929 1498 2216 1565 convertit,
2265 1508 2531 1568 quatenus
2579 1501 2635 1556 in
2679 1517 2778 1557 suo
2834 1505 3078 1559 exercitu
3126 1507 3466 1560 annnmerati
3495 1547 3510 1570 ,

1928 1588 2098 1658 ipsius
2126 1589 2324 1645 ducatu
2351 1600 2512 1660 atque
2549 1594 2813 1664 regimine
2855 1594 3170 1651 fruerentur
3203 1597 3258 1650 in
3303 1597 3507 1667 prmlio.

1924 1679 2058 1735 item
2082 1683 2137 1736 in
2169 1682 2512 1753 Nephthalim
2541 1687 2744 1758 quique
2790 1688 3032 1744 virorum
3075 1698 3384 1745 sanctorum
3422 1691 3508 1745 in-

1925 1771 2092 1843 telligi
2120 1783 2366 1842 possunt,
2397 1776 2489 1845 qui
2531 1777 2806 1833 charitate
2856 1778 3094 1834 fraterna
3140 1780 3369 1847 dilatati,
3399 1781 3507 1837 vim

228 1868 644 1924 sedvirtutibus
664 1869 858 1924 divites
879 1883 1000 1925 esse
1016 1871 1242 1941 cupiunt
1257 1871 1388 1940 :‘qui
1409 1885 1636 1926 censum
1664 1871 1822 1927 istius
1849 1859 1898 1920 B
1927 1861 2231 1919 dilectionis
2261 1879 2372 1919 non
2401 1865 2575 1920 solum
2603 1867 2672 1921 ad
2725 1867 2955 1934 amicos,
2980 1869 3074 1924 sed
3104 1869 3270 1924 etiam
3300 1869 3367 1924 ad
3406 1871 3508 1926 ini-

229 1958 419 2012 mundi
446 1959 869 2030 parvipendunt,
883 1961 994 2015 imo
1015 1961 1373 2016 substantiam
1393 1978 1546 2017 suam
1567 1971 1822 2020 cunctam

225 2050 566 2119 pauperibus
611 2051 876 2118 tribuunt,
904 2060 962 2105 ut
1005 2053 1237 2107 condant
1274 2054 1546 2109 thesauros
1599 2072 1724 2110 suos
1763 2057 1822 2110 in

227 2139 380 2206 celo,
422 2143 516 2195 ubi
564 2159 657 2196 nec
711 2159 888 2214 terugo
944 2160 1034 2198 nec
1069 2145 1210 2198 tinea
1248 2144 1626 2211 demoliuntur,
1659 2163 1820 2217 neque

225 2233 374 2301 fures
388 2235 671 2302 eﬂ'odiunt,
688 2251 780 2288 nec
801 2235 1278 2308 furantur(b!atth.
1304 2237 1411 2308 v-i);
1439 2238 1583 2293 illam
1610 2239 1818 2294 Domini

230 2325 564 2379 sententiam
580 2325 766 2380 sedulo
792 2327 1118 2396 cogitantes,
1133 2343 1237 2398 qua
1261 2329 1314 2383 in
1331 2328 1626 2400 Evangelio
1647 2330 1776 2384 dicit
1799 2348 1813 2384 :

227 2411 361 2466 Cum
390 2414 529 2483 facis
555 2415 845 2468 convivium
875 2426 966 2470 aut
1002 2433 1198 2470 caenam
1219 2459 1234 2483 ,
1257 2418 1365 2472 noli
1402 2435 1587 2474 vocare
1625 2418 1817 2490 fratres

223 2512 342 2558 tuos
364 2521 533 2575 aequm
559 2506 754 2560 amicos
780 2523 942 2577 neque
971 2508 1166 2562 vicinos
1183 2508 1390 2573 divites,
1408 2510 1496 2562 sed
1528 2527 1652 2564 voca
1684 2528 1818 2581 pau-

220 2612 398 2664 peres,
422 2597 633 2662 debiles,
669 2617 833 2654 crocos
857 2609 904 2654 et
943 2600 1184 2666 claudos,
1221 2610 1270 2655 et
1303 2601 1483 2656 beatus
1518 2603 1644 2667 eris,
1689 2605 1817 2673 quia

225 2702 336 2741 non
360 2687 554 2742 habent
584 2689 870 2743 retribuere
903 2690 996 2744 tibi
1022 2704 1041 2742 :
1075 2689 1390 2745 retribuetur
1436 2691 1573 2745 enim
1621 2690 1714 2744 tibi
1758 2693 1816 2747 in

223 2781 609 2835 resurrectione
643 2780 913 2850 justorum
957 2780 1122 2851 (Luc.
1149 2781 1295 2850 xrv).
1331 2781 1520 2837 Tribus
1546 2799 1667 2853 ergo
1694 2780 1813 2838 Gad

220 2870 467 2941 princeps
489 2882 603 2925 erat
631 2870 884 2942 Eliasapli
905 2872 1050 2942 ﬁlius
1069 2872 1226 2927 Duel.
1249 2872 1362 2929 Gad
1389 2885 1517 2944 ergo
1541 2875 1816 2930 accinctus

221 2957 651 3026 interpretatur,
698 2970 753 3017 et
800 2961 1055 3032 Eliasaph
1109 2961 1205 3018 Dei
1254 2963 1362 3017 mei
1418 2964 1687 3033 protectio
1727 2963 1814 3019 vel

222 3049 497 3112 ascensio,
523 3049 656 3104 Due!
695 3065 912 3120 quoque
941 3066 1241 3123 agnoscens
1287 3052 1482 3108 Deum.
1537 3053 1605 3108 Et
1651 3069 1813 3124 quem

222 3138 420 3194 melius
444 3137 560 3194 Gad
586 3157 684 3212 per
698 3139 925 3214 ﬁguram
946 3145 1252 3213 exprimere
1276 3154 1477 3215 potest,
1495 3161 1656 3215 quam
1681 3145 1814 3202 ﬁde-

221 3229 354 3286 lium
381 3233 676 3303 populum?
730 3236 823 3306 qui
869 3251 1085 3306 semper
1120 3237 1332 3308 iustitia
1368 3238 1565 3294 mentis
1601 3238 1812 3294 lumbos

221 3329 394 3388 tenet,
421 3332 479 3378 et
508 3323 634 3379 fidei
660 3333 815 3381 scuto
841 3341 906 3381 ac
948 3327 1115 3382 armis
1151 3327 1486 3399 Spiritalibus
1511 3328 1812 3384 instructus

219 3409 285 3463 ad
329 3411 677 3481 bellandum,
712 3424 905 3471 contra
949 3418 1220 3486 spiritales
1271 3420 1538 3489 nequitias
1598 3434 1812 3490 semper

217 3510 450 3571 paratus
492 3515 618 3571 est;
651 3507 738 3561 cui
783 3509 920 3562 aciei
956 3511 1218 3578 praevidet
1259 3510 1510 3567 Christus
1560 3511 1814 3568 Salvator

220 3601 432 3658 noster,
464 3603 618 3650 ortus
643 3598 710 3652 de
734 3599 907 3669 stirpe
943 3609 1256 3657 sanctorum
1279 3603 1631 3676 Patrum,qui
1653 3622 1813 3662 vera-

219 3684 363 3738 citer
381 3685 552 3740 Deum
580 3690 946 3756 agnoscebant
957 3707 1022 3746 ac
1043 3695 1309 3750 mandatis
1328 3695 1444 3765 ejus
1463 3696 1807 3753 obediebant.

218 3773 340 3842 Ipse
366 3774 570 3830 milites
595 3793 721 3833 suos
743 3779 811 3832 ad
839 3781 1082 3850 prvelium
1114 3783 1317 3853 dirigit,
1336 3798 1536 3853 eosque
1555 3787 1812 3854 potentiae

218 3879 335 3920 sum
361 3865 582 3930 virtute,
606 3883 674 3922 ne
696 3883 879 3924 coram
911 3872 1065 3928 hoste
1086 3874 1671 3938 corruant,clementer
1689 3891 1814 3946 pro-

219 3955 377 4026 tegit.
419 3955 718 4013 Possumus
741 3967 798 4014 et
825 3971 1042 4018 sanctos
1086 3963 1336 4020 doctores
1363 3964 1418 4019 in
1448 3965 1564 4021 Gad
1591 3969 1811 4024 nomine

220 4046 547 4117 intelligere,
578 4049 667 4117 qui
701 4050 754 4104 in
783 4052 1064 4119 procinctu
1090 4053 1215 4108 belli
1238 4056 1537 4122 constituti,
1566 4057 1814 4115 hostibus

221 4136 486 4193 resistere
503 4153 718 4209 semper
745 4143 920 4209 parati
941 4153 1085 4198 sunt.
1104 4146 1171 4200 Et
1191 4148 1388 4203 merito
1418 4148 1520 4219 ipsi
1550 4150 1693 4206 inter
1717 4166 1812 4208 eos

218 4229 518 4293 excellunt,
552 4230 645 4300 qui
689 4231 966 4304 Eliasaph,
1005 4235 1058 4290 id
1087 4245 1194 4303 est,
1224 4241 1561 4296 ascensionis
1595 4245 1813 4300 nomine

217 4327 489 4374 notantur
521 4339 534 4374 :
566 4323 693 4391 quia
747 4339 872 4379 cum
911 4328 1075 4382 corda
1129 4344 1226 4383 sua
1269 4330 1482 4387 elevant
1531 4335 1599 4390 ad
1639 4335 1808 4390 Deum

219 4412 460 4484 indeque
474 4421 667 4483 petunt
691 4417 974 4484 auxilium,
997 4419 1052 4474 in
1077 4420 1278 4477 inﬁmis
1299 4424 1454 4478 obrui
1477 4425 1546 4479 ab
1565 4428 1812 4483 hostibus

216 4518 570 4574 nequaquam
596 4516 843 4575 possunt.
871 4509 946 4564 De
968 4511 1165 4579 quibus
1189 4527 1286 4582 per
1308 4513 1655 4571 Salomonem
1678 4519 1808 4573 dici-

217 4601 348 4646 tur:
384 4590 576 4648 Gallus
605 4597 898 4653 succinctus
931 4597 1133 4656 lumbos
1161 4613 1210 4656 et
1259 4604 1425 4669 aries,
1456 4622 1558 4660 non
1601 4618 1674 4662 est
1723 4627 1812 4665 rex

216 4685 306 4752 qui
337 4685 549 4738 resistat
573 4687 620 4740 ei
647 4685 829 4758 (Prov.
859 4690 1010 4763 xxx).
1035 4691 1246 4749 Gallum
1271 4696 1402 4751 dicit
1427 4699 1811 4767 prmdicatores

218 4783 478 4839 sanctos,
511 4775 654 4831 inter
691 4776 852 4847 hujus
899 4782 1074 4836 noctis
1129 4785 1381 4840 tenebras
1429 4803 1618 4843 verum
1655 4807 1812 4847 mane

221 4865 580 4919 nuntiantes:
610 4868 702 4936 qui
729 4869 990 4925 succincti
1023 4871 1220 4929 lumbis
1263 4884 1410 4941 sunt,
1440 4878 1530 4947 qui
1567 4894 1598 4932 a
1642 4896 1810 4935 mem-

217 4954 334 5008 bn's
356 4956 474 5009 suis
496 4955 726 5012 luxurim
748 4958 891 5012 ﬁuxa
913 4961 1277 5032 restringunt;
1310 4964 1410 5019 hos
1431 4965 1575 5036 ipsos
1595 4977 1648 5022 et
1671 4970 1812 5025 aries

218 5044 343 5100 loco
375 5046 481 5101 hoc
515 5048 806 5118 signiﬁcat,
832 5051 885 5106 id
913 5059 1018 5117 est,
1049 5055 1287 5123 primum
1326 5057 1470 5112 intra
1514 5059 1812 5116 Ecclesiam

215 5137 474 5192 ordinem
496 5140 856 5206 sacerdotum,
873 5142 943 5197 de
965 5144 1163 5213 quibus
1189 5147 1451 5216 scriptum
1474 5157 1560 5204 est
1580 5169 1592 5203 :
1622 5150 1819 5221 A/ferte

216 5226 455 5280 Domino
493 5227 634 5296 ﬁlias
678 5231 902 5286 arietum
941 5231 1113 5304 (Psal.
1156 5236 1274 5307 xx),
1306 5238 1397 5306 qui
1437 5253 1535 5308 per
1570 5242 1816 5311 exempla

216 5331 321 5370 sua
350 5317 688 5386 gradientem
720 5320 1168 5391 p0pulum,qnasi
1200 5325 1618 5395 subsequentem
1635 5331 1815 5384 ovium

217 5423 466 5478 gregem,
505 5411 746 5466 trahunt.
776 5411 984 5479 Quibus
1010 5403 1333 5485 spiritaliter
1357 5425 1610 5489 recteque
1636 5422 1816 5475 viven-

218 5500 370 5554 tibus
396 5501 581 5557 nullus
599 5519 693 5558 rex
724 5503 924 5560 sulllcit
951 5508 1176 5563 omnino
1206 5510 1480 5574 resistere,
1515 5504 1640 5580 quia
1689 5513 1816 5567 licet

216 5591 453 5659 quilibet
477 5603 794 5662 persecutor
819 5596 1019 5663 obviet,
1043 5601 1399 5655 intentionem
1420 5616 1607 5656 eorum
1635 5611 1814 5658 tamen

218 5698 332 5738 non
360 5684 508 5738 valet
533 5687 850 5755 prmpedire.
876 5687 1062 5742 Tribus
1085 5707 1289 5762 quoque
1317 5691 1652 5761 Nephtﬁalim
1674 5695 1816 5763 prin-

220 5777 388 5843 cipem
411 5778 571 5833 sortis
601 5796 712 5854 sua:
737 5781 898 5836 tenuit
918 5781 1133 5836 illiiram
1156 5782 1324 5852 ﬁlium
1352 5783 1521 5839 Enon.
1541 5784 1813 5856 Ncphtba-

1921 1955 2093 2011 micos
2129 1955 2448 2010 extendunt.
2497 1955 2702 2012 Horum
2733 1959 2989 2031 princeps
3019 1967 3104 2014 est
3131 1959 3378 2026 Ahiram,
3402 1961 3507 2016 hoc

1920 2053 2000 2100 est
2028 2045 2144 2114 ipse
2166 2045 2427 2102 Dominus
2456 2065 2468 2100 :
2493 2048 2586 2117 qui
2617 2063 2713 2104 eos
2738 2050 2819 2103 sui
2841 2050 3041 2104 amoris
3064 2051 3260 2105 ducatu
3279 2051 3420 2121 regit
3441 2067 3506 2106 ac

1918 2135 2175 2207 protegit,
2190 2152 2326 2207 quos
2341 2153 2447 2192 non
2465 2138 2608 2194 inter
2619 2153 2826 2206 servos,
2843 2141 2937 2195 sed
2951 2141 3094 2195 inter
3113 2143 3315 2196 amicos
3337 2144 3507 2199 ascri-

1917 2226 2048 2284 bere
2071 2229 2320 2299 dignatns
2343 2230 2646 2296 est,diccns
2674 2233 2752 2286 eis
2780 2248 2901 2288 cum
2933 2234 3191 2304 apostolis
3214 2253 3228 2289 :
3250 2233 3375 2289 .lain
3401 2250 3502 2290 non

1917 2317 2092 2372 dicam
2120 2334 2206 2373 vos
2244 2336 2436 2385 servos,
2461 2321 2550 2375 sed
2583 2322 2800 2387 amicos,
2825 2324 2948 2394 quia
2978 2325 3154 2378 omnia
3183 2341 3504 2398 quacunque

1919 2409 2097 2462 audivi
2118 2426 2150 2463 a
2181 2407 2344 2464 Patre
2364 2424 2496 2477 meo,
2519 2421 2644 2465 nota
2668 2412 2767 2482 feci
2790 2413 2931 2467 vobis
2965 2412 3146 2484 (Joan.
3170 2414 3283 2486 xv).
3314 2413 3386 2469 Hi
3411 2433 3504 2469 no-

1917 2502 2156 2557 bilissimi
2169 2504 2427 2576 principes
2448 2505 2799 2561 multitudinis
2813 2523 2904 2577 per
2922 2506 3087 2562 tribus
3102 2516 3149 2561 et
3170 2509 3503 2579 cognationes

1915 2610 2061 2660 suas,
2087 2604 2135 2648 et
2162 2595 2334 2665 capita
2357 2596 2614 2650 exercitus
2644 2595 2836 2652 Israel.
2868 2597 2962 2652 lsti
2992 2597 3156 2652 etiam
3199 2606 3326 2653 sunt
3353 2599 3503 2669 prin-

1916 2684 2064 2755 cipes
2097 2685 2454 2742 multitudinis
2491 2685 2750 2754 ﬁdelium,
2779 2687 2893 2758 qui,
2919 2688 3209 2743 virtutibus
3251 2688 3499 2758 praeclari

1915 2782 1972 2829 et
2005 2775 2248 2830 doctrina
2277 2777 2493 2842 eximii,
2525 2779 2721 2834 merito
2750 2779 2806 2833 in
2844 2778 3085 2834 Ecclesia
3117 2778 3420 2834 eminentes
3448 2787 3501 2832 et

1913 2867 2120 2938 praelati
2154 2869 2533 2925 ostenduntur.

1988 2955 2131 3022 Quos
2161 2956 2392 3012 tulerunt
2427 2959 2636 3030 Moyses
2683 2971 2730 3016 et
2781 2962 2960 3017 Aaron
3009 2979 3127 3018 cum
3171 2963 3312 3018 omni
3356 2963 3499 3038 vulgi

1915 3044 2284 3112 multitudine,
2319 3056 2368 3101 et
2402 3060 2842 3122 congregaverant
2880 3053 3050 3122 primo
3079 3053 3164 3107 die
3190 3055 3383 3108 mensis
3420 3071 3500 3109 se-

1916 3137 2096 3214 ,undi,
2121 3150 2440 3195 recensentes
2477 3158 2564 3198 eos
2609 3160 2702 3214 per
2745 3146 3076 3214 cognationes
3117 3155 3168 3200 et
3211 3146 3392 3201 domos
3437 3165 3498 3202 ac

1839 3211 1885 3275 Ο
1917 3227 2170 3296 familias,
2193 3238 2244 3283 et
2272 3231 2466 3300 capita,
2499 3240 2548 3286 et
2568 3234 2780 3287 nomina
2807 3234 3156 3305 singulorum,
3181 3255 3213 3291 α
3251 3239 3496 3308 vigesimo

1915 3335 2056 3373 anno
2093 3327 2144 3374 et
2189 3336 2372 3391 supra,
2412 3323 2547 3377 sicut
2595 3335 2912 3396 prtcceperat
2956 3326 3213 3382 Dominus
3267 3329 3438 3400 Moysi
3479 3343 3496 3380 :

1914 3411 2275 3481 numeratique
2297 3421 2416 3467 sunt
2439 3413 2492 3466 in
2524 3413 2728 3469 deserto
2760 3415 2934 3471 Sinai.
2986 3416 3110 3488 (Ea:
3137 3417 3450 3489 Augustino.
3479 3421 3498 3489 )

1915 3499 2106 3557 Merito
2132 3505 2392 3573 qumritur
2419 3507 2548 3583 quid
2583 3507 2684 3562 sibi
2723 3508 2848 3564 velit
2885 3511 3027 3580 quod
3056 3525 3154 3580 per
3179 3529 3367 3568 omnes
3401 3515 3493 3568 tri-

1912 3589 2036 3654 bus,
2062 3591 2154 3646 ubi
2190 3602 2571 3661 computantur
2604 3595 2700 3650 ﬁlii
2751 3596 2913 3652 Israel
2956 3599 3011 3652 in
3057 3607 3216 3654 aetate
3253 3603 3494 3667 militari,

1915 3679 2115 3734 dicitur
2141 3695 2235 3735 eos
2260 3683 2558 3738 recensitos
2587 3700 2684 3754 per
2710 3687 3062 3755 cognationes
3104 3697 3157 3742 et
3193 3691 3381 3744 domos
3431 3707 3495 3744 ac

1914 3771 2170 3838 familias,
2187 3781 2243 3826 et
2264 3775 2442 3844 capita
2463 3785 2517 3830 et
2545 3776 2762 3831 nomina
2787 3777 3144 3849 singulorum,
3161 3781 3318 3849 quasi
3349 3781 3492 3836 aliud

1915 3864 1986 3919 sit
2005 3880 2105 3934 per
2131 3866 2501 3935 cognationes,
2518 3867 2662 3922 aliud
2689 3881 2787 3938 per
2813 3868 3019 3936 domos,
3045 3869 3190 3926 aliud
3211 3887 3306 3942 per
3333 3872 3490 3926 fami-

1913 3955 2038 4023 lias,
2062 3955 2208 4010 aliud
2229 3970 2325 4025 per
2353 3957 2550 4026 capita,
2575 3957 2720 4013 aliud
2748 3975 2845 4029 per
2873 3960 3092 4015 nomina
3123 3961 3485 4032 singulorum;

1914 4062 2036 4102 cum
2067 4045 2247 4117 potius
2269 4046 2556 4104 videantur
2590 4049 2710 4106 aliis
2737 4051 2918 4107 verbis
2945 4053 3134 4108 eadem
3188 4054 3497 4124 signiﬁcare

1914 4138 2155 4194 nomina.
2187 4137 2547 4196 lntentioncm
2579 4151 2759 4197 autem
2805 4151 3005 4210 movet,
3049 4144 3175 4213 quia
3220 4153 3329 4199 tam
3372 4146 3491 4198 dili-

1914 4237 2104 4301 genter
2128 4245 2226 4299 per
2243 4245 2433 4286 omnes
2460 4232 2634 4286 tribus
2655 4234 2840 4288 eadem
2871 4235 3269 4301 describuntur,
3301 4243 3359 4290 ut
3388 4251 3491 4290 non

1915 4319 2114 4375 frustra
2143 4321 2261 4376 ﬁeri
2288 4324 2466 4392 quivis
2491 4323 2652 4378 etiam
2683 4325 2883 4392 videat,
2915 4327 3018 4382 etsi
3062 4341 3170 4382 non
3209 4327 3492 4399 intelligat.

1915 4409 2187 4464 Nimirum
2217 4427 2349 4482 ergo
2377 4429 2638 4470 numerus
2666 4415 2782 4485 ipse
2811 4417 3014 4487 aliquid
3041 4419 3279 4474 insinuat
3309 4436 3494 4475 sacra-

1918 4503 2106 4569 menti,
2132 4511 2192 4557 ut
2220 4505 2323 4559 hoc
2352 4504 2493 4560 idem
2519 4507 2806 4577 quinquies
2847 4510 2994 4565 varie
3027 4517 3324 4580 repetatur.
3354 4511 3488 4566 Nam

1919 4593 2020 4648 iste
2043 4609 2320 4660 numerus,
2350 4596 2492 4651 sicut
2529 4598 2585 4651 in
2636 4598 2770 4668 ipsis
2818 4601 3055 4671 quinque
3104 4599 3257 4656 libris
3301 4600 3494 4674 Moysi,

1917 4684 1970 4740 id
2004 4691 2088 4740 est
2121 4685 2418 4754 quinarius,
2443 4687 2496 4741 in
2528 4686 2709 4743 Veteri
2735 4689 3082 4744 Testamento
3104 4690 3338 4745 maxime
3358 4706 3503 4746 com-

1915 4776 2223 4832 mandatur.
2255 4776 2346 4830 llla
2373 4792 2502 4832 vero
2521 4793 2643 4848 quae
2657 4779 2909 4848 deinceps
2925 4787 3158 4849 quatuor
3171 4789 3502 4836 connectun-

1916 4878 2027 4934 tur,
2055 4870 2106 4925 id
2128 4879 2232 4936 cst,
2257 4868 2572 4936 masculina,
2601 4888 2634 4924 a
2669 4871 2846 4942 viginti
2875 4872 3030 4927 annis
3053 4881 3100 4926 et
3128 4888 3307 4942 supra,
3331 4875 3502 4927 omnis

1914 4963 2004 5032 qui
2030 4963 2262 5032 procedit
2290 4963 2345 5015 in
2375 4964 2582 5028 virtute,
2602 4965 2881 5034 recognitio
2909 4981 3089 5019 eorum
3125 4964 3290 5036 (sicut
3320 4965 3372 5019 in
3403 4965 3499 5020 Se-

1917 5054 2193 5124 ptuaginta
2223 5053 2610 5123 interpretibus
2629 5055 2880 5126 habetur)
2911 5056 3111 5110 habent
3136 5057 3498 5111 necessariam

1919 5146 2299 5202 differentiam.
2315 5147 2450 5202 Cum
2467 5148 2610 5204 enim
2633 5158 2882 5220 ageretur
2899 5150 2966 5205 de
2987 5165 3213 5204 numero
3228 5150 3497 5205 universa:

1921 5237 2282 5293 multitudinis
2310 5240 2376 5294 ad
2404 5255 2566 5293 unam
2595 5239 2792 5294 tribum
2824 5241 3166 5310 pertinentis,
3195 5241 3503 5296 discerneno

1922 5329 2020 5383 dus
2063 5336 2181 5382 erat
2212 5344 2402 5395 sexus;
2451 5330 2570 5384 ideo
2607 5331 2865 5401 positum,
2890 5333 3066 5384 omnia
3090 5328 3404 5384 masculina.
3432 5327 3500 5381 Et

1925 5433 1989 5470 nc
2019 5417 2225 5486 parvuli
2253 5418 2415 5471 etiam
2440 5427 2844 5489 computentur,
2867 5419 3175 5488 adjunctnm
3205 5428 3308 5482 est,
3346 5435 3378 5469 a
3421 5417 3498 5469 vi-

1921 5511 2053 5581 ginti
2078 5513 2230 5565 annis
2256 5521 2304 5565 et
2335 5529 2515 5583 supra.
2568 5512 2776 5569 Rursus
2822 5528 2890 5567 ne
2934 5512 3162 5567 imbellis
3201 5509 3498 5564 senectutis

1922 5613 2053 5658 ευίειδ
2081 5613 2546 5670 annumerarctur,
2575 5604 2814 5658 additum
2848 5611 2950 5667 cst,
2983 5603 3148 5656 omnis
3187 5602 3277 5672 qui
3312 5617 3492 5672 procc—

1923 5693 1995 5746 dit
2047 5695 2101 5748 in
2147 5695 2354 5748 virtute.
2391 5695 2457 5749 Et
2501 5695 2682 5750 omnia
2728 5692 3120 5748 concluduntur
3149 5692 3313 5746 verbo
3343 5690 3507 5760 hujus

1923 5785 2101 5854 Opcris
2127 5800 2233 5854 quo
2257 5785 2434 5852 ﬁebat,
2455 5795 2510 5838 ut
2539 5785 2773 5847 dicatur,
2795 5783 3073 5851 recognitio
3101 5800 3300 5838 eorum.
3332 5782 3510 5840 Reco-
