3926 6176
428 356 555 415 fit)”

1110 353 1172 409 Β.
1209 349 1466 408 MBAN]
1503 347 1726 409 MAURI
1762 345 2084 403 ARCHlEP.
2128 343 2437 401 MOGUNT.
2476 340 2763 402 OPERUH
2800 338 2984 398 PARS
3018 340 3062 395 I.

3571 340 3664 400 690

450 476 622 548 gnitio
650 473 799 530 enim
822 472 993 528 ﬁebat
1023 471 1078 527 in
1105 471 1220 526 bene
1249 469 1530 526 hominum
1554 466 1723 523 millia
1745 479 1877 531 eum
1891 476 2036 520 eom-

2159 488 2207 533 ττι
2230 476 2477 550 ﬁdelibus
2493 520 2507 547 ,
2535 479 2591 534 in
2634 478 2812 545 mbo,
2834 479 2891 531 in
2916 476 3329 541 maceratione,
3352 475 3671 546 incitat-itote,

449 573 795 641 putarentur.
825 563 1073 634 Quinque
1092 564 1260 634 igitur
1284 561 1401 626 illa,
1433 559 1487 615 id
1508 565 1627 625 est,
1648 556 2036 629 cognationes,

450 660 646 715 donatus
671 672 738 713 ac
766 655 985 712 familia:
1008 663 1064 710 et
1091 654 1271 725 capita
1305 660 1361 709 et
1397 653 1616 708 nomina
1656 648 2033 720 singulorum;

452 756 510 804 et
527 747 630 802 ista
652 744 848 801 deinde
862 752 1114 814 quatuor,
1131 756 1313 807 sesua,
1332 749 1486 805 aetas,
1500 740 1697 806 virtus,
1712 736 2035 809 recognitio,

454 838 689 895 fortasse
717 837 774 892 in
805 837 924 907 ipso
951 851 1178 891 numero
1209 834 1410 904 aliquid
1435 832 1766 903 signiﬁcant.
1802 829 1861 885 Si
1890 818 2037 885 enim

454 933 649 987 borum
682 929 913 985 duorum
940 940 1310 991 numerorum,
1338 925 1391 980 id
1425 932 1528 991 est,
1554 922 1787 994 quinarii
1819 930 1876 977 et
1906 934 2039 991 qua-

456 1021 679 1077 ternarii
700 1019 840 1075 alter
865 1014 1252 1089 multiplicetur
1278 1032 1346 1073 ex
1365 1016 1560 1081 altero,
1588 1013 1646 1070 id
1669 1022 1775 1079 est,
1798 1020 1860 1069 ut
1881 1011 2039 1082 quin-

456 1113 611 1182 quies
640 1110 926 1181 quaterni,
950 1118 1043 1164 aut
1089 1117 1281 1179 quater
1324 1107 1477 1179 quini
1521 1107 1819 1170 ducantur,
1848 1102 2042 1169 viginti

458 1202 614 1258 ﬁunt.
643 1201 762 1268 Quo
785 1215 1017 1257 numero
1044 1200 1211 1256 etiam
1237 1197 1665 1255 adolescentium
1693 1203 1828 1251 artas
1854 1193 1947 1249 illa
1974 1194 2043 1250 si-

457 1300 675 1362 gnatur,
706 1291 800 1361 qui
830 1302 1093 1347 numerus
1115 1296 1593 1351 commemoratur,
1617 1294 1673 1341 et
1700 1286 1919 1356 quando
1958 1284 2042 1338 in-

459 1391 634 1456 tratur
662 1381 718 1436 in
744 1389 947 1436 terram
982 1379 1457 1451 repromissionis,
1485 1386 1542 1432 et
1563 1377 1763 1432 dicitur
1790 1375 1879 1431 illa
1907 1383 2047 1431 mtas

458 1473 653 1543 viginti
675 1486 963 1537 annorum,
988 1486 1111 1542 quae
1134 1485 1242 1527 non
1279 1469 1631 1526 declinaverit
1660 1468 1716 1523 in
1762 1466 2044 1523 dexteram

460 1558 554 1618 aut
581 1562 882 1639 sinistram.
912 1559 1014 1616 Ubi
1059 1561 1193 1615 mihi
1222 1559 1474 1614 videntur
1521 1556 1817 1628 signiﬁcari
1869 1554 2044 1611 sancti

460 1649 648 1706 ﬁdeles
671 1665 737 1706 ex
763 1660 992 1721 utroque
1022 1650 1375 1705 Testamento
1390 1648 1553 1705 ﬁdem
1566 1662 1753 1705 veram
1775 1654 2042 1702 tenentes.

461 1739 599 1796 Nam
614 1742 783 1797 Vetus
807 1740 1211 1797 Testamentum
1241 1739 1478 1810 quinque
1505 1737 1662 1793 libris
1680 1737 1849 1809 Moysi
1873 1736 2047 1791 maxi-

462 1848 549 1888 me
578 1833 817 1899 excellit,
842 1843 899 1888 et
925 1832 1135 1889 Novum
1160 1840 1394 1903 quatuor
1430 1829 1758 1902 Evangeliis.

1094 1922 1322 1979 CAPUT
1352 1922 1416 1977 ll.

461 2013 539 2069 De
562 2031 669 2085 non
698 2012 1035 2070 numerandis
1063 2013 1255 2071 Levitis
1276 2030 1396 2069 cum
1423 2013 1549 2083 ﬁliis
1573 2012 1762 2085 Israel;
1771 2012 1865 2085 sed
1893 2027 2050 2081 super

682 2085 1079 2139 tabernaculum
1114 2084 1396 2139 testimonii
1434 2083 1827 2139 constituendis.

536 2170 721 2248 (Ιιιω.)
745 2173 1073 2246 Locutusque
1095 2182 1169 2229 est
1193 2173 1452 2228 Dominus
1468 2173 1547 2249 ad
1571 2171 1788 2239 Moysen
1812 2170 1988 2226 dicens
2028 2185 2047 2224 :

468 2262 680 2318 Tribum
704 2262 825 2319 Levi
848 2265 956 2319 noli
977 2281 1273 2332 numerare,
1300 2280 1463 2337 neque
1485 2280 1651 2335 ponas
1676 2278 1935 2318 summam
1963 2276 2052 2315 eo-

464 2371 581 2409 rum
607 2371 726 2408 cum
749 2355 875 2424 ﬁliis
907 2354 1111 2422 Israel;
1150 2356 1242 2410 sed
1277 2356 1555 2410 constitues
1584 2371 1670 2409 eos
1700 2369 1854 2423 super
1874 2352 2049 2406 taber-

468 2442 714 2499 naculum
741 2446 1109 2512 testimonii,et
1131 2463 1288 2516 super
1308 2454 1497 2501 cuncta
1526 2462 1650 2505 vasa
1676 2445 1875 2516 ejus,“
1901 2441 2053 2515 quid-—

468 2539 594 2608 quid
621 2538 691 2593 ad
727 2539 1064 2593 carremonias
1090 2539 1335 2609 pertinet.
1361 2537 1475 2608 Ipsi
1494 2537 1775 2609 portabunt
1805 2534 2052 2590 taberna-

469 2629 647 2685 culum
675 2641 724 2686 et
749 2633 926 2685 omnia
956 2631 1203 2686 utensilia
1230 2631 1343 2701 ejus
1372 2645 1389 2682 :
1415 2640 1466 2686 et
1493 2638 1644 2685 erunt
1667 2629 1715 2683 ei
1738 2630 1795 2682 in
1821 2626 2055 2682 ministe-

471 2725 570 2789 rio,
595 2739 656 2777 ac
675 2740 768 2794 per
793 2739 978 2795 gyrum
1006 2722 1333 2777 tabernaculi
1364 2721 1718 2777 metabuntur.
1751 2716 1885 2773 Cum
1932 2732 2056 2788 pro-

472 2814 810 2885 ﬁciscendum
854 2814 1030 2883 fuerit,
1065 2814 1338 2883 disponant
1381 2813 1572 2869 Levita:
1622 2807 2054 2874 tabernaculum;

472 2922 591 2972 cum
613 2914 787 2959 castra
810 2905 1079 2971 metanda,
1102 2905 1321 2975 erigent.
1354 2903 1493 2972 Quid
1516 2901 1571 2959 in
1598 2902 1741 2958 tribu
1779 2900 1909 2955 Levi
1950 2898 2056 2954 nisi

470 2992 826 3051 sacerdotalis
853 2995 987 3052 ordo
1032 2996 1395 3066 esprimitur,
1444 2993 1536 3065 qui
1597 2991 1925 3050 constitutus
1972 2995 2058 3043 cst

470 3099 634 3155 super
664 3082 1068 3140 tabernaculum
1097 3084 1395 3139 testimonii
1420 3123 1434 3149 ,
1457 3091 1516 3138 ut
1541 3091 1743 3139 sancta:
1777 3079 2054 3144 Ecclesiae,

2134 586 2191 624 in
2211 570 2325 640 ﬁde
2344 581 2392 625 et
2417 570 2655 625 castitate
2685 569 2738 641 (I
2764 569 2899 623 Tim.
2933 568 3029 640 tr).
3056 567 3175 623 Non
3194 567 3351 622 enim
3361 568 3506 625 decet
3524 578 3577 626 ut
3595 575 3673 643 qui

2138 662 2386 734 superior
2406 669 2493 719 est
2518 663 2732 717 caneris
2755 660 2951 733 gradu,
2964 658 3194 715 inkrior
3214 659 3289 714 sit-
3308 659 3553 716 bonorum
3569 678 3678 735 ops-

2136 770 2260 811 rnm
2286 763 2462 828 gestu.
2483 755 2592 828 (Ex
2615 752 2954 824 Augustino.)
2986 751 3143 820 Quod
3170 752 3248 806 ait
3276 751 3341 806 de
3365 752 3679 812 tabernaculo

2139 845 2513 918 diatringendo
2549 856 2577 886 ι
2596 884 2615 909 ,
2648 842 2898 908 levando,
2929 841 3212 911 erigenda,
3238 839 3484 911 Quisquis
3528 853 3679 899 extra-

2140 950 2356 994 neorum
2380 938 2678 1002 accesserit,
2693 935 2981 1000 occidetur,
2998 934 3111 988 sive
3130 940 3192 987 ut
3213 932 3268 986 in
3298 930 3439 986 LXX
3463 932 3676 1001 habetur,

2139 1038 2187 1083 et
2223 1028 2518 1098 alienigena
2548 1028 2638 1099 qui
2660 1025 2956 1091 cacaturit,
2989 1024 3271 1089 moriatur;
3300 1023 3388 1078 hic
3416 1023 3676 1095 alienigena

2142 1116 2524 1188 intelligendus
2554 1125 2640 1172 est
2666 1116 2836 1171 etiam
2862 1128 2930 1171 es
2978 1114 3087 1170 illis
3134 1112 3260 1168 ﬁliis
3289 1113 3447 1169 israel
3483 1115 3565 1184 qui
3596 1131 3683 1172 non

2143 1208 2212 1264 de
2241 1206 2331 1263 illa
2362 1208 2506 1263 tribu
2536 1206 2751 1265 fuerant
2780 1220 2944 1276 quam
2976 1203 3333 1260 tabernaculo
3356 1204 3550 1259 servire
3574 1219 3684 1273 pre-

2143 1298 2309 1369 cepit,
2336 1300 2393 1354 id
2430 1304 2542 1365 est,
2585 1297 2679 1367 qui
2725 1312 2835 1352 non
2876 1293 3040 1349 fuerit
3063 1294 3131 1349 de
3164 1293 3312 1348 tribu
3344 1292 3490 1348 Levi.
3523 1292 3684 1349 liram

2145 1391 2252 1445 hoc
2279 1387 2550 1459 quomodo
2578 1385 2802 1442 abusive
2827 1383 3129 1452 alienigena
3155 1381 3522 1452 dieitur,un
3542 1383 3688 1453 magis

2144 1480 2373 1536 alterius
2399 1476 2617 1549 generis
2638 1474 2915 1531 hominem
2940 1470 3233 1543 signiﬁcat,
3251 1471 3304 1526 id
3327 1472 3686 1545 malum,

2144 1579 2203 1628 et
2231 1584 2336 1627 non
2370 1569 2542 1640 magis
2571 1567 2863 1639 ἀλλόφυλος,
2890 1565 3039 1635 quod
3082 1561 3356 1635 signiﬁcat
3382 1562 3588 1619 alterius
3610 1564 3689 1617 tri-

2145 1664 2249 1719 bus
2276 1661 2549 1717 hominem
2576 1672 2686 1730 quo
2709 1657 2931 1713 nomine
2958 1655 3138 1727 magis
3165 1654 3335 1710 utitur
3368 1654 3622 1725 Scriptura
3642 1655 3688 1708 ia

2150 1753 2379 1808 aliarum
2403 1750 2642 1822 gentium
2664 1747 3071 1813 hominibus,ut
3090 1744 3345 1817 allophyli
3374 1745 3687 1815 appellentur,

2150 1845 2305 1914 quasi
2333 1842 2560 1899 aliarum
2581 1842 2818 1896 tribuum
2844 1839 3117 1895 homines.
3141 1837 3371 1909 Mystice
3388 1844 3553 1891 sum
3571 1837 3692 1907 quis-

2149 1934 2274 2004 quis
2306 1933 2560 2004 indiguus
2614 1933 2686 1988 ad
2739 1945 2956 1988 sacmm
3007 1930 3371 1985 ministerium
3421 1931 3690 1994 accesserit,

2151 2032 2307 2081 reatu
2355 2022 2795 2096 pratsumptionis
2834 2020 3265 2091 constringitur,
3302 2034 3403 2074 nec
3431 2020 3694 2075 evadetsn-

2149 2119 2352 2191 perbite
2379 2117 2697 2181 vindictam,
2730 2116 2777 2171 si
2819 2129 2925 2169 non
2956 2122 3118 2170 curat
3148 2113 3419 2184 propriam
3443 2125 3694 2181 agnoscere

2150 2224 2487 2267 mensuram.
2517 2207 2632 2264 Nec
2657 2206 2783 2278 quis
2823 2207 2928 2263 sibi
2977 2206 3143 2262 debet
3182 2219 3444 2275 usurpare
3486 2203 3691 2258 illicitum

2149 2302 2435 2367 honorem,
2458 2316 2558 2356 nec
2579 2306 2834 2371 appetere
2851 2312 2950 2369 per
2966 2297 3170 2354 fastum
3192 2296 3413 2367 gradum
3432 2295 3690 2360 celsiorem,

2152 2395 2243 2449 sed
2269 2392 2359 2465 qui
2382 2402 2593 2448 vocatas
2610 2400 2687 2446 est
2706 2408 2740 2445 a
2762 2390 2988 2445 Domino
3010 2400 3264 2460 tanquam
3287 2389 3455 2442 Aaron
3482 2385 3611 2459 (Hel.
3626 2385 3691 2456 ν),

2152 2492 2209 2541 et
2258 2498 2395 2555 quos
2426 2483 2619 2542 electio
2656 2481 2836 2538 divina
2871 2480 3154 2552 prmscivit
3203 2495 3268 2535 ac
3317 2476 3690 2549 pradesﬁnavit.

2155 2575 2311 2632 Unde
2359 2573 2521 2630 Ozias
2574 2590 2687 2640 res,
2726 2573 2817 2642 qui
2866 2571 3166 2627 sacerdotii
3211 2561 3516 2639 dignitatem
3539 2574 3693 2620 contra

2153 2659 2333 2738 legem
2358 2666 2667 2736 appetebat,
2700 2663 2849 2735 lepra
2888 2677 3170 2734 percussus
3208 2661 3264 2716 in
3296 2661 3461 2731 fronte
3490 2656 3563 2731 (Ii
3586 2656 3691 2711 Par.

2157 2754 2330 2827 nvi),
2352 2753 2611 2811 confusus
2632 2753 2757 2809 inde
2782 2753 3156 2808 abscesserat.

2775 2865 3004 2923 CAPUT
3036 2864 3123 2921 lli.

2156 2961 2237 3017 De
2294 2960 2480 3015 castris
2531 2958 2767 3028 ﬁliorum
2800 2934 2993 3028 Israel
3046 2972 3152 3028 per
3174 2969 3369 3028 gyrum
3422 2949 3697 3028 tabernaculi

2459 3071 2475 3097 ν
2684 3027 2996 3100 spiritaliter
3046 3021 3105 3080 in
3164 3021 3400 3104 Ecclesia
3452 3021 3697 3094 gigni/ima

2255 3118 2366 3155 acte
2442 3116 2553 3154 um.

471 3181 527 3233 in
555 3193 661 3250 qua
699 3186 1023 3234 testamenta
1048 3177 1230 3233 divina
1276 3176 1379 3230 rite
1425 3175 1642 3229 condita
1686 3182 1843 3239 sunt,
1870 3171 2057 3228 condi-

2229 3161 2383 3266 ξολιν.
2417 3191 2504 3264 ιι.)
2552 3191 2884 3261 Locutusque
2919 3199 2994 3245 est
3022 3188 3291 3243 Dominus
3331 3187 3399 3241 ad
3440 3184 3700 3255 lapses.“

473 3284 637 3338 gnam
667 3282 855 3323 auram
883 3275 1036 3338 gerat
1071 3285 1082 3320 :
1117 3274 1389 3336 quatenus
1411 3264 1593 3320 omnia
1625 3279 1755 3319 vasa
1780 3258 1897 3331 ejus
1914 3302 1929 3329 ,
1954 3262 2058 3317 hoc

474 3365 559 3412 est
590 3358 790 3429 quique
821 3356 1008 3412 ﬁdeles
1034 3363 1090 3410 et
1117 3349 1290 3411 sancti
1319 3354 1421 3409 viri
1450 3353 1547 3423 qui
1569 3368 1699 3408 vasa
1738 3354 1850 3408 Deo
1886 3352 2060 3407 electa

475 3454 622 3512 sunt,
652 3454 776 3517 apta
805 3446 871 3501 ad
901 3445 1263 3501 ministerium
1292 3441 1595 3515 spirituale,
1627 3439 1833 3511 absque
1873 3455 2062 3497 errore

476 3546 531 3593 et
555 3536 807 3593 sordibus
832 3536 1116 3602 vitiorum,
1146 3534 1312 3591 illaesa
1350 3532 1740 3607 permaneant?
1787 3531 1889 3587 llic
1927 3531 2062 3587 ordo

478 3629 741 3700 quidquid
768 3627 833 3683 ad
856 3626 1205 3682 caeremonias
1227 3623 1363 3696 legis
1387 3624 1483 3679 Dei
1508 3622 1747 3694 pertinet
1765 3636 2064 3701 procurare

479 3720 659 3788 debet,
678 3721 805 3792 quia
836 3720 937 3791 ipsi
970 3719 1408 3775 commendatum
1439 3725 1525 3773 est
1551 3725 1612 3772 ut
1632 3716 1832 3788 populo
1861 3714 1960 3795 Dei
1982 3715 2065 3770 in-

479 3815 661 3870 sinuet
715 3812 951 3882 qualiter
1010 3810 1307 3867 secundum
1360 3808 1536 3880 legem
1590 3807 1687 3863 Dei
1726 3806 2061 3873 incedentes,

479 3905 707 3962 honeste
735 3911 792 3959 et
824 3904 1119 3959 secundum
1163 3902 1411 3957 ordinem
1442 3901 1497 3956 in
1530 3900 1775 3956 Ecclesia
1806 3899 1903 3955 Dei
1931 3914 2063 3954 con-

478 4002 786 4051 versentur.
819 3992 924 4062 ipsi
972 3992 1266 4062 portabunt
1316 3989 1726 4045 tabernaculum
1776 3997 1832 4044 et
1881 3988 2065 4043 omnia

480 4084 737 4142 utensilia
771 4083 909 4153 ejus,
940 4085 1064 4153 quia
1117 4098 1215 4154 per
1264 4081 1696 4153 compassionem
1726 4079 2065 4135 inﬁrmorum

480 4189 663 4233 mores
692 4173 995 4240 tolerando,
1024 4180 1080 4228 et
1126 4172 1334 4227 solatiis
1376 4169 1694 4242 opportunis
1739 4167 2065 4247 adjuvando,

483 4277 728 4326 sanctam
751 4264 1045 4323 Ecclesiam
1060 4265 1212 4336 quasi
1238 4264 1479 4320 humeris
1500 4261 1702 4319 laboris
1725 4261 2068 4332 etpatientiaa

482 4369 722 4431 portant.
762 4358 825 4414 ili
853 4374 1073 4430 quoque
1118 4373 1218 4429 per
1260 4372 1452 4430 gyrum
1502 4353 1839 4411 tabernaculi
1890 4362 2065 4409 meta-

480 4453 705 4520 buntur,
731 4453 855 4522 quia
882 4468 951 4507 ne
973 4451 1151 4522 aliqua
1173 4467 1300 4521 pars
1321 4449 1703 4506 insidiantibus
1724 4447 1973 4504 hostibus
1998 4447 2067 4502 ad

486 4542 848 4599 invadendum
879 4550 1091 4613 pateat,
1120 4556 1251 4596 cura
1298 4539 1556 4611 pastorali
1604 4539 1838 4609 undique
1886 4536 2068 4608 provi-

487 4632 633 4687 dent.
659 4633 765 4705 Ipsi
792 4635 1065 4705 deponunt
1092 4630 1501 4687 tabernaculum
1547 4645 1671 4684 cum
1717 4627 2071 4699 proﬁciscen-

489 4727 616 4781 dum
642 4735 745 4792 est,
775 4734 976 4789 etcum
1007 4734 1190 4782 castra
1234 4723 1516 4789 metanda,
1547 4722 1786 4793 erigunt,
1813 4735 1937 4775 cum
1967 4720 2071 4788 ipsi

489 4830 741 4871 sermone
768 4815 928 4871 simul
967 4824 1024 4872 et
1064 4815 1310 4884 exemplo
1340 4813 1635 4882 disponunt
1660 4808 1897 4880 qualiter
1924 4808 2071 4878 quis-

490 4921 596 4977 que
624 4905 929 4960 humilitate
953 4914 1280 4974 prostratus,
1308 4904 1361 4958 in
1388 4900 1634 4973 profectu
1659 4901 1919 4955 virtutum
1948 4915 2071 4971 gra-

491 4995 694 5061 diatur,
726 5001 783 5047 et
809 4993 1042 5061 qualiter
1069 5008 1164 5064 Spe
1189 5002 1406 5048 erectus
1442 4991 1495 5045 in
1542 4998 1688 5044 statu
1737 4996 1898 5044 rectae
1942 4987 2068 5044 ﬁdei

491 5093 549 5140 et
574 5084 875 5140 constantia
902 5083 1163 5137 bonorum
1204 5082 1435 5137 ﬁrmiter
1481 5081 1763 5135 consistat.
1816 5079 1884 5135 Et
1932 5079 2072 5135 bene

493 5173 695 5232 Levita:
728 5188 852 5228 cum
881 5171 1095 5228 caeteris
1125 5172 1371 5227 tribubus
1411 5169 1689 5225 numerari
1712 5184 1817 5224 non
1849 5169 2074 5240 permit-

495 5275 701 5332 tuntur,
719 5264 843 5336 quia
865 5262 1114 5334 specialis
1140 5260 1298 5319 debet
1320 5276 1440 5317 esse
1460 5259 1801 5316 sacerdotum
1830 5259 2073 5316 doctrina

495 5368 552 5414 et
599 5355 941 5413 conversatio
969 5394 985 5420 ,
1035 5358 1213 5424 neque
1274 5366 1397 5408 cum
1457 5351 1669 5422 plebeia
1729 5349 2074 5405 multitudine

496 5458 775 5527 permista.
804 5454 957 5512 Unde
990 5460 1046 5509 et
1106 5448 1305 5507 Paulus
1341 5449 1598 5520 praecepit
1640 5449 1935 5520 episcopum
1969 5463 2077 5502 esse

498 5541 1020 5616 irrrpreltensibilem,
1050 5551 1097 5597 et
1122 5541 1372 5595 diaconos
1413 5537 1616 5593 nullum
1645 5539 1842 5592 crimen
1888 5535 2077 5591 habere

502 5635 557 5705 (I
595 5636 729 5692 Tini.
759 5637 862 5708 ιιι).
914 5635 1201 5691 Timotheo
1239 5647 1456 5706 quoque
1482 5630 1673 5688 scribit
1699 5640 1753 5685 ut
1783 5628 2076 5701 exemplum

576 5760 605 5791 ⁸
642 5747 796 5818 Apud
822 5749 880 5806 S.
912 5750 1072 5823 Aug.,
1103 5748 1466 5806 distendendo.

2092 4507 2147 4568 D

2161 3286 2343 3344 Aaron
2367 3285 2547 3340 dicens
2582 3298 2600 3336 :
2632 3280 2841 3353 Singuli
2882 3297 2974 3353 per
3019 3289 3230 3335 turmas
3261 3295 3383 3334 suas
3413 3278 3549 3348 signa
3575 3281 3699 3342 atque

2161 3374 2352 3431 vexilla
2372 3384 2420 3428 et
2444 3373 2627 3428 domos
2661 3371 3034 3443 cognationum
3077 3386 3326 3434 suarum,
3370 3376 3529 3423 castra
3568 3370 3701 3417 meta-

2163 3468 2359 3523 buntur
2382 3464 2483 3536 ﬁlii
2506 3462 2677 3536 Israel
2696 3478 2789 3535 per
2813 3478 2998 3534 gyrum
3019 3458 3351 3516 tabernaculi
3371 3456 3578 3528 fwderis.
3599 3450 3700 3520 Sive

2156 3557 2314 3628 juxta
2372 3558 2534 3613 aliam
2575 3556 2901 3621 editionem,
2950 3553 3124 3610 Homo
3181 3554 3459 3610 secundum
3503 3546 3698 3604 ordinent

2163 3665 2341 3715 suum,
2361 3658 2409 3703 et
2435 3646 2723 3702 secundum
2751 3646 2904 3716 signa
2930 3661 3048 3709 sua,
3068 3644 3362 3698 secundum
3391 3641 3559 3721 dantes
3580 3631 3700 3706 {etni-

2166 3740 2361 3794 liarum
2378 3746 2554 3793 castra
2577 3734 2827 3791 collocent
2862 3733 2962 3804 [illi
2994 3732 3173 3788 Israel
3198 3749 3264 3788 ex
3288 3732 3497 3786 adverso
3541 3725 3589 3778 in
3624 3723 3700 3777 cir-

2166 3834 2311 3887 cuitu
2333 3829 2660 3886 tabernaculi
2681 3828 2983 3884 testimonii.
3015 3825 3235 3897 Moyses
3259 3823 3389 3880 dicit
3417 3840 3431 3876 :
3460 3819 3613 3874 Homo
3634 3827 3700 3868 se-

2166 3922 2402 3979 cundum
2436 3922 2685 3977 ordinem
2732 3935 2912 3984 suum,
2939 3925 2993 3974 et
3021 3917 3324 3974 secundum
3358 3915 3502 3984 signa
3534 3922 3635 3972 sua.
3656 3912 3700 3958 el

2165 4011 2463 4069 secundum
2493 4012 2684 4067 domos
2713 4009 3042 4064 familiarum
3072 4022 3300 4062 suarum
3332 4001 3535 4069 incedat
3555 4000 3601 4053 in
3621 4008 3699 4050 ca-

2168 4105 2333 4170 stris;
2367 4112 2424 4159 et
2450 4101 2653 4157 Paulus
2683 4101 2817 4156 dicit
2845 4117 2858 4153 :
2889 4098 3083 4154 Omnia
3126 4098 3344 4152 honeste
3387 4102 3434 4148 et
3461 4084 3699 4146 secundum

2168 4194 2403 4248 ordinem
2429 4191 2562 4260 ﬁant
2593 4189 2645 4262 (I
2676 4188 2797 4259 Cor.
2826 4187 2960 4261 xiv).
2990 4188 3059 4242 Et
3092 4202 3204 4241 non
3243 4185 3339 4241 tibi
3370 4181 3567 4237 videtur
3588 4185 3702 4262 unus

2168 4298 2285 4339 esse
2302 4281 2538 4355 Spiritus
2555 4260 2653 4335 Dei
2672 4280 2762 4350 qui
2785 4286 2842 4334 et
2864 4260 2923 4332 in
2942 4277 3124 4349 Moyse
3144 4276 3386 4347 loquitur
3397 4280 3451 4330 et
3468 4271 3518 4325 in
3543 4260 3701 4355 Paulo?

2171 4354 2479 4447 Secundum
2498 4372 2743 4427 ordinem
2770 4369 2987 4440 Moyses,
3004 4368 3184 4424 incedi
3205 4368 3426 4423 mandat
3445 4364 3496 4418 in
3521 4354 3697 4447 castris

2170 4466 2464 4525 secundum
2517 4465 2762 4520 ordinem
2796 4464 2849 4516 in
2874 4461 3117 4517 Ecclesia
3142 4468 3337 4519 cuncta
3369 4457 3475 4528 geri
3503 4445 3702 4524 pretiilit

2175 4559 2392 4615 Paulus.
2424 4557 2492 4611 Et
2520 4554 2728 4627 Moyses
2771 4554 3010 4624 quidem,
3042 4552 3137 4622 qui
3162 4552 3279 4623 legi
3301 4543 3633 4605 ministrabat.
3659 4535 3701 4589 in

2177 4651 2374 4709 castris
2417 4646 2681 4705 custodiri
2720 4645 2966 4700 ordinem
2984 4642 3167 4712 jubet;
3218 4642 3418 4699 Paulus
3453 4639 3700 4697 verumn-

2178 4759 2341 4814 quam
2368 4738 2646 4812 Evangelii
2677 4737 2949 4801 minister,
2974 4751 3081 4791 non
3117 4735 3291 4791 solum
3320 4735 3375 4788 in
3402 4715 3701 4788 actibusﬁed

2176 4845 2231 4891 et
2254 4836 2311 4890 in
2345 4834 2461 4904 ipso
2483 4833 2671 4888 habitu
2709 4831 3020 4887 ordinatum
3056 4829 3173 4885 vult
3196 4841 3317 4884 esse
3359 4821 3698 4883 Christianam.

2177 4924 2245 4980 Et
2270 4926 2391 4981 ideo
2420 4923 2549 4980 dicit
2580 4941 2592 4976 :
2627 4920 2873 4976 Mulieres
2905 4918 3146 4974 similiter
3184 4920 3240 4973 in
3285 4916 3459 4972 habitu
3503 4906 3703 4965 ordinate

2179 5016 2304 5088 (Tit.
2336 5014 2418 5087 ιι).
2466 5014 2593 5070 inde
2627 5028 2757 5084 ergo
2782 5002 3021 5071 arbitror
3046 5011 3189 5081 quod
3218 5024 3327 5065 non
3353 5005 3517 5064 solum
3543 5000 3592 5055 in

2178 5084 2280 5166 ciis
2299 5116 2357 5164 et
2378 5084 2565 5163 babitu
2599 5106 2804 5162 servari
2832 5103 3079 5160 ordinem
3122 5098 3449 5168 volunt,.sed
3488 5094 3602 5150 dan!
3640 5084 3704 5139 ἧκ’

2181 5196 2369 5268 telligi,
2393 5195 2537 5266 quod
2565 5195 2636 5251 sit
2659 5194 2856 5265 aliquis
2886 5192 3053 5249 etiam
3076 5193 3133 5248 in
3170 5190 3352 5246 anima
3379 5184 3509 5243 ordo
3533 5180 3594 5237 de

2182 5266 2395 5347 dicatur
2407 5287 2551 5360 quod
2571 5287 2943 5357 unusquisque
2962 5283 3215 5340 incedere
3241 5280 3433 5339 debeat
3454 5266 3700 5331 secundum

2181 5381 2428 5436 ordinem
2460 5392 2638 5434 suum.
2666 5375 2769 5443 Qui
2793 5376 2929 5432 ordo
2955 5374 3223 5446 praecipue
3263 5366 3478 5440 quidem
3509 5375 3570 5416 ex
3602 5365 3703 5422 090‘

2182 5489 2305 5531 rum
2340 5470 2606 5528 fructibus
2632 5468 2920 5531 indicatur,
2944 5464 3293 5521 nihilominus
3319 5465 3492 5515 autem
3518 5464 3578 5505 es
3612 5453 3703 5499 Il"

2183 5563 2491 5639 gniﬁcentia
2518 5574 2794 5617 sensuum.
2824 5555 2961 5613 Nam
2997 5570 3139 5625 saepe
3166 5548 3361 5631 accidit
3380 5554 3439 5601 ut
3459 5543 3504 5599 is
3523 5534 3604 5610 (μί

2184 5624 2366 5712 mitem
2392 5666 2608 5712 sensum
2634 5650 2774 5720 gerit
2801 5654 2856 5705 et
2879 5624 3144 5718 abiectum
3172 5651 3225 5700 et
3240 5628 3337 5710 qui
3359 5644 3556 5693 terrena
3574 5624 3703 5694 savilv
