3924 6176
287 347 380 405 SOI

995 341 1529 406 ENARRATIONES
1567 340 1632 395 IN
1673 337 1932 394 LIBRUM
1971 328 2437 392 NUMERORL‘M.
2463 362 2540 375 -—
2579 332 2709 390 LIB.
2750 333 2791 388 l.

3442 334 3548 389 609

287 461 558 520 excelsum
605 455 895 515 sacerdotii
923 459 1178 528 gradum,
1207 455 1289 511 vel
1329 454 1644 512 cathedram
1681 453 1864 510 docto-
1892 450 1943 510 A
1968 465 2084 521 quia
2107 447 2160 502 in
2191 457 2310 501 ante
2329 455 2448 501 sunt
2472 455 2815 501 extendamus
2841 442 3063 516 (Philip.
3088 443 3191 516 ιιι),
3217 443 3272 500 in
3304 461 3549 502 resurre-

283 556 360 610 ris
387 552 671 615 obsideat;
707 557 764 604 et
800 548 888 602 ille
916 548 1008 617 qui
1039 546 1335 615 spiritualis
1362 553 1466 609 est,
1517 554 1573 598 et
1593 560 1623 598 a
1650 552 1865 598 terrena

281 639 697 702 conversatione
721 644 830 690 tam
855 636 1010 700 liber,
1038 644 1098 689 ut
1124 636 1296 704 possit
1321 635 1634 688 examinare
1662 632 1864 696 omnia,

281 739 340 786 et
381 731 498 798 ipse
524 745 556 782 a
585 728 798 784 nemine
820 725 1080 796 iudica—ri,
1123 725 1208 779 vel
1253 724 1528 778 inferioris
1574 723 1866 778 ministerii

281 824 532 878 ordinem
565 828 764 884 teneat,
791 819 877 873 vel
903 819 1066 872 etiam
1094 817 1149 872 in
1180 816 1386 886 plebeia
1414 816 1758 871 multitudine
1781 829 1868 868 re-

283 917 582 985 linquatur.
622 911 731 968 Sed
771 912 875 966 hoc
898 919 982 966 est
1018 919 1075 965 et
1113 909 1247 980 legis
1270 918 1326 965 et
1357 907 1630 978 Evangelii
1667 915 1868 962 statuta

285 1015 658 1068 contemnere,
684 1011 739 1058 et
766 1001 901 1056 nihil
928 1001 1223 1057 secundum
1252 1000 1497 1055 ordinem
1527 1013 1732 1067 gerere.
1763 995 1870 1051 Sed

286 1096 662 1165 unusquisque
689 1102 933 1148 nostrum
963 1094 1010 1150 si
1039 1092 1106 1148 de
1133 1093 1254 1147 cibo
1277 1101 1332 1147 et
1349 1100 1477 1161 potu
1500 1089 1763 1144 sollicitus
1779 1089 1868 1152 sit,

286 1196 340 1241 et
361 1200 576 1240 omnem
608 1199 797 1240 curam
823 1184 879 1238 in
907 1184 1069 1238 rebus
1100 1182 1453 1238 szecularibus
1497 1187 1672 1252 gerat,
1706 1168 1872 1234 unam

287 1293 420 1332 vero
443 1285 540 1331 aut
564 1277 697 1332 duas
727 1276 891 1330 horas
919 1290 986 1328 ex
1013 1275 1225 1345 integro
1247 1273 1334 1328 die
1365 1273 1527 1328 etiam
1557 1273 1668 1326 Deo
1703 1273 1872 1340 depu-

287 1377 387 1431 tet,
401 1375 458 1421 et
483 1366 549 1420 ad
572 1366 868 1421 orationem
894 1365 948 1420 in
973 1365 1255 1420 ecclesiam
1285 1365 1489 1429 veniat,
1510 1363 1596 1418 vel
1622 1364 1675 1417 in
1699 1371 1874 1417 trans-

285 1457 366 1510 itu
414 1457 641 1512 verbum
671 1456 764 1510 Dei
791 1455 1003 1520 audiat,
1030 1456 1132 1510 iste
1155 1470 1262 1510 non
1291 1454 1524 1524 complet
1559 1453 1874 1508 mandatum

288 1545 387 1600 Dei
413 1547 561 1616 quod
586 1545 719 1600 dicit
755 1552 812 1599 ut
860 1545 1022 1599 homo
1071 1545 1367 1599 secundum
1420 1543 1669 1599 ordinem
1715 1557 1873 1597 suum

286 1637 529 1702 incedat,
556 1637 642 1691 vel
666 1638 810 1707 quod
839 1637 970 1692 dicit
1005 1645 1065 1692 ut
1095 1637 1274 1692 omnia
1306 1636 1601 1693 secundum
1629 1636 1876 1691 ordinem

288 1727 447 1781 ﬁant.
475 1726 620 1782 Ordo
649 1727 793 1781 enim
822 1734 906 1782 est
933 1735 1168 1781 statutus
1197 1743 1226 1781 a
1257 1726 1496 1792 Christo,
1515 1744 1750 1797 quterere
1769 1727 1876 1796 pri-

1973 540 2151 594 ctione
2173 548 2532 602 mortuorum,
2554 537 2643 590 ubi
2672 537 2814 590 sicut
2843 536 2996 590 stella
3018 536 3086 588 ab
3114 536 3266 590 stella
3286 536 3468 592 diﬁ‘ert
3493 539 3548 592 in

1973 629 2163 699 gloria,
2193 631 2267 684 ita
2303 638 2356 684 et
2393 625 2817 696 uniuscujusque
2845 627 3036 680 merita
3066 624 3426 696 refulgebunt,
3455 642 3554 697 po-

1975 723 2201 778 terimus
2227 724 2414 791 utique
2456 722 2524 775 ab
2555 719 2907 775 inferioribus
2936 719 3003 773 ad
3031 719 3256 774 meliora
3297 720 3447 789 signa
3495 727 3552 773 et

1972 817 2296 886 fulgentiora
2326 813 2630 879 transferri,
2655 822 2712 869 et
2751 813 3248 884 splendentioribus
3281 813 3554 869 sideribus

1974 907 2278 975 adaquari;
2331 915 2491 976 atque
2518 907 2571 960 in
2606 913 2816 960 tantum
2849 914 3027 974 potest
3054 905 3107 959 in
3145 903 3250 959 hac
3300 904 3412 958 vita
3457 905 3559 957 Ιιιι‹

1974 1013 2131 1052 mana
2160 1007 2352 1052 natura
2398 996 2682 1065 prolicere,
2710 1005 2769 1050 ut
2797 996 2853 1049 in
2883 996 3283 1050 resurrectione
3311 1004 3557 1049 mortuo-

1977 1105 2118 1154 rum,
2146 1105 2251 1143 non
2280 1088 2452 1144 solum
2485 1087 2763 1142 stellarum
2789 1086 2997 1158 gloriae,
3019 1087 3113 1141 sed
3145 1094 3203 1140 et
3225 1085 3354 1140 solis
3381 1086 3560 1155 splen-

1976 1178 2093 1234 dori
2119 1178 2292 1232 valeat
2323 1178 2620 1248 exaequari,
2643 1176 2939 1231 secundum
2969 1174 3109 1244 quod
3135 1175 3398 1244 scriptum
3425 1183 3511 1230 est
3549 1200 3554 1229 :

1979 1268 2117 1334 Quia
2129 1269 2265 1338 justi
2289 1267 2559 1337 fulgebunt
2579 1265 2802 1320 sicutsol
2815 1267 2869 1319 in
2885 1282 3040 1335 regno
3064 1264 3158 1318 Dei
3182 1264 3396 1335 (Matth.
3415 1266 3560 1336 xm).

1978 1358 2116 1413 Hinc
2146 1373 2274 1427 ergo
2300 1365 2384 1412 est
2421 1358 2564 1428 quod
2617 1355 2966 1412 inferioribus
3012 1355 3230 1420 dicitur,
3261 1357 3558 1411 secundum

1979 1450 2130 1520 signa
2191 1464 2286 1504 sua
2336 1464 2434 1518 per
2489 1449 2679 1504 domos
2734 1443 3061 1503 familiarum
3109 1465 3350 1503 suarum.
3406 1449 3561 1515 Quod

1979 1539 2110 1594 dicit
2135 1554 2232 1609 per
2259 1540 2449 1594 domos
2472 1539 2798 1594 familiarum
2830 1555 3087 1604 suarum,
3115 1539 3166 1592 in
3203 1538 3390 1594 Graeco
3421 1539 3562 1594 idem

1980 1648 2159 1688 sermo
2210 1633 2419 1703 positus
2465 1641 2568 1698 est,
2621 1647 2784 1702 quem
2841 1641 2900 1686 et
2952 1631 3026 1686 ibi
3078 1631 3368 1702 Apostolus
3408 1633 3562 1696 dicit,

1980 1721 2071 1776 ubi
2119 1721 2233 1776 ait:
2266 1720 2442 1789 Hujus
2476 1721 2549 1775 rei
2574 1722 2746 1790 gratia
2781 1737 2940 1775 curvo
2989 1737 3158 1791 genua
3188 1736 3304 1775 mea
3335 1721 3406 1774 ad
3456 1719 3565 1774 Pa-

288 1834 436 1871 mum
463 1833 676 1887 regnum
706 1815 804 1870 Dei
841 1826 888 1871 et
925 1817 1191 1886 justitiam
1239 1817 1354 1886 ejus
1402 1815 1618 1888 (Matth.
1653 1815 1731 1887 Vt)
1755 1857 1772 1882 ,
1824 1827 1881 1871 et
1905 1804 1954 1865 Β
1982 1821 2112 1865 trem
2136 1811 2342 1865 Domini
2364 1812 2526 1865 nostri
2547 1811 2675 1865 Jesu
2697 1811 2914 1876 Christi,
2936 1828 3001 1866 ea:
3023 1830 3125 1883 quo
3150 1813 3316 1866 omnis
3336 1813 3566 1882 paterni-

288 1907 520 1962 credere
542 1907 684 1976 quod
707 1907 946 1962 secundo
972 1907 1090 1963 loco
1116 1907 1233 1962 haec
1261 1908 1416 1964 nobis
1444 1917 1789 1978 apponantur
1847 1923 1881 1963 a

291 1997 426 2053 Deo.
458 1997 731 2068 Agnoscat
758 1999 1133 2068 unusquisque
1163 1997 1326 2068 igitur
1345 1997 1591 2053 ordinem
1619 2013 1802 2062 suum,
1825 2005 1883 2054 et

289 2087 424 2158 quid
455 2088 676 2158 dignum
711 2088 786 2142 sit
811 2103 876 2142 eo
900 2088 1090 2143 ordine
1127 2104 1288 2157 quem
1320 2089 1560 2158 suscepit
1580 2088 1880 2159 intelligat,

290 2189 346 2235 et
375 2180 446 2234 ita
473 2178 666 2234 liberet
695 2188 849 2234 actus
872 2195 1030 2245 suos;
1064 2180 1140 2234 ita
1161 2181 1326 2235 etiam
1350 2195 1677 2246 sermonem,
1701 2181 1882 2236 inces-

291 2288 414 2326 sum
454 2286 671 2340 quoque
717 2271 893 2340 ipsum
941 2280 997 2325 et
1024 2271 1266 2326 habitum
1297 2270 1608 2326 moderetur
1649 2280 1709 2326 ut
1753 2288 1881 2328 cum

293 2362 505 2418 ordinis
542 2361 625 2415 sui
660 2360 998 2430 professione
1025 2361 1344 2428 conveniat,
1367 2377 1437 2415 ne
1466 2361 1650 2416 audiat
1676 2360 1782 2416 dici
1814 2361 1884 2415 ad

293 2468 350 2506 se
373 2468 402 2505 a
433 2450 564 2515 Deo,
591 2449 727 2515 Quia
758 2461 966 2520 propter
1004 2467 1090 2504 vos
1131 2466 1318 2505 nomen
1352 2466 1524 2504 meum
1556 2450 1885 2521 blasphema-

294 2558 384 2602 tur
413 2549 470 2602 in
493 2549 730 2618 gentibus
759 2547 896 2617 (Isa.
929 2549 1046 2618 LII).
1075 2547 1212 2615 Quid
1241 2556 1422 2603 autem
1448 2557 1532 2604 est
1561 2551 1704 2618 quod
1728 2549 1879 2611 dicit,

294 2649 340 2692 et
372 2637 660 2692 secundant
679 2638 861 2707 signa,
879 2637 1315 2710 videamustEgo
1340 2646 1471 2708 puto
1491 2640 1643 2709 signa
1672 2654 1794 2694 esse
1818 2655 1883 2694 ea

295 2729 497 2798 quibus
539 2727 962 2798 uniuscujusque
995 2729 1302 2798 praprietas
1342 2729 1678 2799 designatur.
1720 2729 1883 2783 Verbi

296 2819 495 2890 gratia,
523 2834 715 2873 omnes
750 2817 970 2890 quidem
1002 2819 1252 2873 homines
1299 2819 1506 2874 similes
1549 2833 1766 2882 sumus,
1792 2819 1886 2872 sed

297 2918 380 2964 est
409 2909 630 2978 propria
660 2909 906 2978 quaidam
928 2907 1357 2978 uniuscuiusque
1383 2908 1682 2973 distinctio,
1713 2908 1798 2962 vel
1830 2909 1886 2961 in

294 2991 416 3066 ipso
468 2995 640 3059 vultu,
666 2995 750 3050 vel
801 2997 855 3049 in
903 3003 1142 3062 statura,
1175 2996 1256 3051 vel
1297 2997 1350 3050 in
1393 2997 1682 3068 positione,
1712 2996 1796 3051 vel
1830 2996 1886 3049 in

294 3088 488 3144 habitu
509 3103 607 3157 per
625 3103 806 3158 quem,
833 3088 981 3142 verbi
1011 3087 1570 3158 gratia,Paulus_quia
1592 3087 1790 3143 Paulus
1816 3087 1887 3142 sit

1982 1912 2066 1957 tas
2089 1901 2143 1958 in
2165 1901 2314 1968 etelo,
2343 1912 2392 1958 et
2420 1905 2476 1957 in
2501 1913 2644 1958 terra
2675 1904 2981 1958 nominatur
3027 1904 3244 1975 (Epltes.
3277 1904 3384 1976 ιιι).
3423 1903 3568 1972 Quas

1981 2009 2112 2064 ergo
2132 1993 2489 2062 paternilates
2517 1994 2606 2048 hic
2633 1993 2830 2048 Paulus
2853 1995 3003 2059 dicit,
3021 1995 3090 2049 ibi
3125 1995 3357 2062 familias
3389 1995 3571 2064 posuit
3603 2013 3612 2020 -

1981 2084 2208 2139 Latinus
2238 2084 2528 2153 interpres.
2571 2083 2677 2139 Sed
2723 2099 2864 2138 unus
2900 2093 3063 2154 atque
3088 2085 3230 2140 idem
3259 2101 3439 2141 sermo
3468 2086 3570 2139 ha-

1981 2175 2141 2231 betur
2162 2175 2217 2230 iu
2246 2174 2453 2229 Graeco.
2480 2174 2598 2229 Ista:
2619 2183 2746 2229 sunt
2763 2191 2892 2246 ergo
2915 2176 3273 2244 paternitates
3298 2175 3383 2230 vel
3412 2175 3567 2230 fami-

1983 2269 2100 2334 liae,
2127 2285 2263 2339 quas
2316 2267 2516 2322 Paulus
2561 2269 2776 2336 quidem
2821 2269 2933 2338 jam
2985 2268 3224 2322 ostendit
3281 2269 3334 2322 in
3381 2267 3570 2332 ctelis,

1986 2359 2197 2431 Moyses
2221 2368 2402 2414 autem
2429 2361 2532 2414 sub
2561 2357 2748 2429 figuris
2785 2360 2962 2413 adhuc
3004 2359 3268 2429 legalibus
3314 2357 3575 2414 describit

1985 2453 2041 2508 in
2073 2453 2254 2514 terris,
2283 2453 2580 2506 secundum
2624 2467 2761 2521 quas
2804 2452 3055 2506 incedere
3106 2467 3206 2506 nos
3256 2460 3460 2513 monet,
3514 2457 3574 2504 ut

1984 2546 2254 2616 possimus
2275 2543 2589 2598 caelestibus
2617 2541 3038 2610 paternitatihus
3067 2540 3285 2594 sociari.
3317 2539 3459 2594 Sunt
3481 2555 3576 2592 au-

1985 2645 2118 2702 tem,
2141 2645 2202 2690 ut
2243 2636 2441 2690 Paulus
2490 2634 2740 2703 Superius
2775 2634 3180 2703 pronuntiavit,
3213 2633 3327 2687 sive
3359 2631 3577 2686 familize

1987 2728 2108 2783 istae
2125 2726 2368 2782 dicendae
2397 2734 2555 2788 sunt,
2585 2724 2698 2779 sive
2728 2725 3081 2792 paternitates
3107 2723 3159 2776 in
3190 2723 3351 2785 crnlo,
3374 2737 3439 2776 ex
3464 2722 3579 2788 qui-

1986 2818 2090 2874 bus
2123 2817 2264 2873 forte
2285 2828 2386 2879 est,
2415 2826 2470 2872 et
2492 2818 2580 2871 illa
2606 2833 2768 2886 quam
2796 2818 2850 2870 in
2877 2817 2984 2870 alio
3010 2817 3130 2870 loco
3160 2817 3403 2870 nominat
3431 2815 3570 2869 idem

1988 2908 2208 2973 Paulus,
2222 2907 2438 2962 ecclesia
2464 2907 2850 2977 primitiuorum
2876 2907 3107 2974 ascripta
3133 2907 3186 2959 in
3213 2905 3353 2959 cretis
3385 2902 3554 2974 (Hebr

1989 3000 2110 3071 xu),
2141 3001 2227 3054 cui
2269 3015 2370 3053 nos
2397 2999 2612 3053 eveniet
2639 2997 2856 3062 sociari,
2886 2997 2930 3050 si
2979 2996 3278 3051 secundum
3331 2997 3578 3050 ordinem

1990 3091 2324 3154 incedamus,
2353 3097 2409 3144 et
2437 3089 2618 3144 omnia
2672 3087 2968 3142 secundum
3015 3087 3260 3141 ordinem
3294 3101 3578 3157 geramus;

298 3181 630 3250 designetur.
645 3153 852 3233 Petrus
873 3180 998 3248 quia
1015 3153 1216 3234 Petrus
1237 3179 1327 3244 sit,
1355 3186 1409 3233 et
1430 3153 1538 3233 non
1566 3179 1639 3233 sit
1665 3177 1883 3232 Paulus.
1915 3153 1961 3216 Ο
1993 3185 2037 3239 si
2068 3183 2204 3238 nihil
2240 3153 2628 3244 inordinatum,
2664 3181 2798 3235 nihil
2836 3181 3160 3250 inquietum,
3195 3153 3330 3235 nihil
3357 3181 3584 3235 inhone-

297 3275 576 3334 lnterdum
601 3281 782 3328 autem
807 3274 972 3328 etiam
997 3287 1102 3326 non
1127 3273 1437 3328 videntibus
1463 3269 1889 3340 uniuscujusque

297 3369 442 3440 signi
477 3368 766 3422 diversitas
795 3367 974 3432 datur,
1006 3370 1066 3421 ut
1093 3382 1161 3422 ex
1199 3381 1332 3422 voce
1357 3375 1423 3421 et
1470 3364 1682 3435 loquela
1725 3379 1892 3434 agno-

301 3467 422 3516 scat
451 3457 600 3513 illum
628 3473 772 3524 esse,
824 3457 908 3512 vel
961 3457 1111 3512 illum
1156 3457 1248 3528 qui
1297 3457 1557 3526 loquitur,
1588 3463 1641 3510 et
1693 3471 1888 3510 secun-

303 3550 435 3604 dum
489 3564 600 3604 sua:
653 3548 1002 3619 proprietatis
1040 3549 1254 3620 signum
1301 3547 1674 3617 unusquisque
1725 3547 1888 3600 etiam

303 3642 424 3695 sine
450 3639 720 3709 corporali
751 3638 956 3692 visione
983 3639 1348 3709 cognoscitur.
1398 3637 1512 3692 Hoc
1556 3638 1714 3692 modo
1748 3635 1894 3690 arbi-

308 3739 425 3784 tror
449 3744 572 3784 esse
592 3729 756 3783 etiam
787 3729 842 3782 in
871 3729 1071 3783 animis
1108 3729 1260 3800 signa
1289 3729 1538 3793 diversa;
1582 3737 1637 3782 et
1669 3727 1894 3782 alterius

305 3821 528 3890 quidem
555 3819 722 3874 animi
752 3830 930 3874 motus
957 3820 1093 3873 livor
1119 3829 1232 3884 est,
1260 3819 1430 3885 mitis,
1460 3818 1722 3887 placidus,
1748 3827 1896 3873 tran-

307 3909 526 3980 quillus,
566 3909 817 3979 aqualis;
861 3909 1084 3964 alterius
1111 3908 1376 3973 turbidus,
1406 3907 1600 3972 elatus,
1630 3908 1892 3978 asperior,

309 4001 612 4065 incitatior,
635 4000 999 4070 petulantior;
1041 3999 1179 4054 alius
1203 3999 1653 4068 circumspectus,
1681 4007 1894 4063 cautus,

309 4092 592 4163 providus,
619 4091 906 4155 sollicitus,
943 4091 1200 4162 impiger;
1251 4089 1390 4145 alius
1436 4090 1764 4155 desidiosus,
1796 4106 1895 4145 ne-

307 4185 540 4257 gligens,
572 4184 842 4238 incautus.
875 4183 944 4236 Et
969 4182 1022 4236 in
1056 4182 1142 4236 his
1167 4181 1308 4236 alius
1350 4181 1492 4251 plus,
1516 4181 1656 4236 alius
1699 4181 1896 4236 minus.

310 4275 383 4329 Et
408 4273 586 4328 audeo
611 4271 963 4342 pronuntiare
983 4311 998 4335 ,
1026 4271 1152 4339 quia
1192 4269 1443 4326 fortassis
1471 4278 1674 4339 quanta
1701 4269 1902 4340 speciei

309 4367 496 4422 vultus
525 4366 669 4420 inest
688 4364 975 4419 diversitas
1006 4362 1333 4427 hominibus,
1361 4371 1510 4416 tanta
1539 4369 1594 4416 et
1617 4361 1671 4414 iu
1704 4359 1901 4414 animis

312 4459 594 4514 invenitur
613 4473 735 4513 esse
757 4456 1057 4512 differentia
1089 4471 1104 4511 :
1132 4457 1274 4512 sicut
1311 4457 1769 4526 sapientissimum
1799 4454 1902 4509 Sa-

309 4549 589 4606 lomonem
612 4549 832 4603 memini
855 4548 1089 4618 quodam
1120 4547 1238 4603 loco
1275 4548 1544 4602 dicentem
1578 4564 1590 4598 :
1631 4544 1777 4599 Sicut
1821 4545 1903 4598 di-

312 4641 449 4696 versi
470 4649 593 4694 sunt
619 4639 793 4693 vultus
813 4638 1056 4701 vultibus,
1081 4639 1156 4691 ita
1180 4647 1228 4692 et
1251 4637 1457 4690 diuersa
1483 4644 1606 4689 sunt
1631 4635 1789 4688 corda
1814 4635 1904 4689 Ito-

312 4730 524 4782 minum
559 4727 746 4798 (Prov.
769 4727 890 4796 vn).
918 4727 1025 4782 Sed
1053 4728 1428 4797 unusquisque
1456 4735 1517 4780 ut
1564 4726 1642 4780 ait
1691 4725 1903 4796 Moyses

311 4820 617 4877 secundum
648 4820 799 4890 signa
828 4835 925 4874 sua
961 4819 1191 4884 incedat,
1222 4819 1274 4873 id
1299 4832 1402 4883 est,
1430 4834 1498 4874 ne
1531 4818 1578 4872 is
1609 4818 1763 4888 cujus
1805 4819 1906 4872 hu-

316 4910 469 4966 milia
507 4918 564 4965 et
600 4910 853 4978 despecta
889 4917 1014 4963 sunt
1039 4909 1215 4978 signa,
1247 4909 1440 4964 elatior
1483 4908 1697 4962 incedat
1727 4915 1784 4962 et
1829 4907 1907 4961 ai-

320 5003 430 5056 tior
475 5017 639 5071 quam
674 5001 991 5058 animorum
1022 5015 1246 5054 suorum
1275 4999 1429 5069 signa
1464 4999 1780 5068 deposcunt.
1806 4998 1911 5054 Po-

321 5104 431 5151 test
454 5103 640 5148 autem
665 5093 805 5156 ﬁeri,
828 5101 888 5147 ut
911 5091 1253 5148 aemulatione
1294 5093 1560 5148 bonorum
1593 5107 1815 5162 operum
1842 5092 1910 5146 ab

323 5188 680 5244 inferioribus
702 5187 872 5258 signis
897 5186 964 5240 ad
986 5185 1232 5248 meliora,
1259 5191 1314 5239 et
1349 5185 1417 5241 ad
1445 5185 1911 5257 magniﬁcentiora

328 5283 633 5338 veniamus.
660 5281 716 5336 Si
743 5281 890 5336 enim
921 5290 1066 5336 recte
1091 5295 1120 5334 a
1146 5280 1303 5336 nobis
1325 5279 1656 5335 intellectum
1679 5287 1782 5344 est,
1797 5279 1914 5333 haec

323 5373 512 5428 omnia
537 5387 659 5442 qua:
683 5372 739 5426 in
773 5372 894 5442 lege
919 5372 1122 5441 scripta
1141 5378 1277 5426 sunt
1301 5369 1507 5426 formas
1544 5385 1665 5426 esse
1703 5370 1911 5424 futuro-

321 5479 449 5520 rum
479 5464 771 5528 bonorum,
800 5470 857 5517 et
884 5462 1029 5517 illius
1048 5461 1230 5518 saeculi
1254 5461 1397 5530 quod
1420 5475 1486 5514 ex
1514 5459 1913 5514 resurrectione

326 5568 638 5624 speramus,
670 5559 877 5608 certum
907 5552 1092 5620 utique
1121 5558 1228 5616 est,
1266 5549 1413 5619 quod
1458 5549 1506 5604 si
1556 5548 1613 5602 in
1655 5547 1913 5618 praisenti

329 5646 443 5701 vita
484 5644 834 5701 habuerimus
883 5643 1122 5699 studium
1164 5643 1469 5706 meliorum,
1514 5649 1570 5697 et
1619 5642 1914 5698 secundum

331 5737 573 5808 Apostoli
624 5738 945 5795 sententiam
991 5737 1278 5807 posteaiora
1318 5735 1701 5802 oblivisccntes,
1749 5735 1818 5790 ad
1858 5753 1919 5790 ea

1991 3282 2137 3329 stum
2159 3274 2465 3328 inveniatur
2490 3273 2542 3326 in
2571 3273 2759 3337 nobis;
2792 3280 2918 3325 tune
2942 3280 2996 3326 et
3016 3273 3150 3326 sicut
3182 3271 3581 3326 ﬁrmamentum

1995 3363 2485 3435 resplendebimus,
2511 3371 2568 3418 et
2608 3364 2752 3418 sicut
2785 3363 2958 3418 stellae
2987 3371 3044 3417 et
3087 3361 3166 3417 sol
3197 3362 3586 3433 refulgebimus

2003 3457 2058 3512 in
2090 3470 2257 3525 regno
2287 3455 2382 3510 Dei
2412 3469 2510 3524 per
2538 3453 2838 3508 Christum.

2063 3547 2146 3599 Ad
2179 3547 2430 3599 orientem
2457 3542 2630 3597 ludas
2656 3543 2775 3612 ﬁget
2804 3544 3028 3597 tentoria
3049 3558 3140 3611 per
3165 3551 3368 3595 turmas
3389 3544 3586 3595 excrci-

1993 3647 2077 3690 tus
2106 3636 2209 3698 sui,
2257 3636 2457 3702 eritque
2481 3634 2719 3701 princeps
2768 3631 3003 3700 ﬁliorum
3048 3631 3161 3700 ejus
3193 3629 3413 3686 Naason
3441 3633 3587 3700 ﬁlius

1997 3726 2313 3790 Aminadab,
2329 3735 2378 3779 et
2395 3739 2575 3778 omnes
2613 3724 2678 3778 de
2701 3725 2860 3792 stirpe
2884 3724 2998 3792 ejus
3017 3740 3222 3777 summa
3245 3725 3590 3794 pugnantium

2004 3818 2338 3890 septuaginta
2366 3824 2597 3887 quatuor
2625 3813 2794 3868 millia
2839 3814 3087 3867 sexcenti.
3138 3812 3294 3868 Circa
3340 3814 3593 3868 taberna-

1998 3909 2176 3966 culum
2203 3923 2392 3963 omnes
2418 3906 2510 3961 ﬁlii
2542 3907 2705 3961 lsrael
2735 3913 2915 3960 castra
2955 3906 3303 3959 metabantur
3328 3905 3465 3961 terni
3492 3922 3590 3975 per

1999 4001 2240 4073 singulas
2268 3999 2482 4070 plagas,
2519 4007 2581 4053 ut
2633 4013 2738 4052 non
2765 3995 3142 4068 superfuisset,
3171 4005 3265 4051 aut
3297 4013 3404 4051 non
3431 3997 3592 4051 dees-

2000 4103 2086 4149 set
2121 4093 2319 4163 aliquis
2339 4093 2406 4146 de
2435 4092 2558 4145 illis.
2585 4089 2751 4146 Judas
2779 4105 2908 4161 ergo
2942 4097 2997 4144 et
3022 4089 3241 4144 lsachar
3266 4099 3322 4146 et
3351 4089 3590 4143 Zabulon

2002 4187 2070 4240 ab
2118 4185 2329 4242 oriente
2362 4183 2596 4253 ﬁgebant
2645 4180 3036 4242 tabernacula;
3086 4179 3275 4233 Ruben
3327 4187 3507 4232 autem
3539 4185 3595 4231 et

2007 4275 2248 4338 Simeon,
2289 4282 2344 4328 et
2375 4272 2488 4327 Gad
2519 4272 2587 4326 ad
2631 4271 2952 4333 meridiem;
2987 4269 3263 4337 Ephraim,
3302 4277 3358 4322 et
3402 4269 3594 4340 Benja-

2005 4365 2144 4429 min,
2187 4374 2243 4418 et
2268 4363 2516 4416 Manasse
2565 4361 2634 4414 ad
2665 4360 3003 4414 occidentem
3033 4375 3045 4422 ;
3081 4359 3215 4424 Dan,
3249 4366 3304 4411 et
3330 4358 3484 4422 Aser,
3536 4367 3592 4413 et

2008 4455 2346 4526 Nephthalim
2377 4454 2444 4507 ad
2471 4451 2797 4521 aquilonem.
2835 4449 2972 4517 Quid
3002 4459 3180 4503 autem
3209 4449 3477 4520 signiﬁcat
3511 4457 3592 4504 ta-

2008 4545 2356 4601 bernaculam
2386 4544 2438 4597 in
2466 4545 2569 4598 hoc
2603 4542 2746 4606 loco,
2776 4541 2880 4596 nisi
2911 4539 3207 4594 Ecclesiam
3247 4548 3357 4594 tam
3385 4540 3600 4595 Veteris

2007 4652 2172 4707 quam
2202 4635 2336 4688 Novi
2377 4632 2752 4688 Testamenti?
2800 4631 3093 4686 Duodecim
3122 4631 3393 4702 principes
3418 4640 3598 4687 autem

2009 4744 2138 4800 erga
2164 4724 2569 4781 tabernaculum
2598 4730 2774 4778 castra
2798 4730 3087 4787 metantes,
3113 4723 3454 4791 patriarchas
3483 4723 3596 4777 sive

2011 4818 2283 4891 apostolos
2315 4814 2644 4886 signiﬁcant,
2693 4829 2925 4884 quorum
2975 4815 3228 4882 precibus
3255 4823 3310 4869 et
3352 4815 3599 4870 doctrina

2013 4912 2256 4967 munitur
2280 4907 2546 4963 Ecclesia.
2603 4904 2711 4960 Sed
2759 4915 2815 4958 et
2853 4904 2982 4960 illud
3029 4905 3173 4974 quod
3198 4905 3597 4961 consociatione

2006 5003 2241 5074 quadam
2276 5001 2516 5055 tribuum
2550 5006 2606 5053 et
2653 4998 2992 5053 connexione
3025 5005 3351 5063 castrorum,
3401 4995 3598 5066 positio

2007 5103 2062 5150 et
2086 5091 2400 5148 meta‘lionis
2426 5090 2560 5146 ordo
2589 5089 2866 5153 scribitur,
2919 5089 3153 5158 pertinet
3187 5090 3305 5144 sine
3335 5085 3499 5142 dubio
3529 5082 3598 5136 ad
3663 5114 3680 5122 -

2009 5184 2242 5253 aliquem
2276 5181 2329 5235 in
2357 5179 2758 5236 resurrectione
2803 5188 3139 5234 mortuorum
3169 5186 3394 5233 statum.
3444 5172 3597 5238 Quod

2011 5285 2123 5332 tres
2156 5275 2225 5331 ad
2265 5275 2532 5330 orientem
2561 5272 2840 5328 collocata:
2887 5273 3142 5327 dicuntur
3186 5271 3378 5330 tribus,
3409 5273 3464 5319 et
3489 5271 3603 5317 tres

2013 5367 2082 5421 ad
2109 5366 2444 5423 occidentem
2467 5403 2482 5429 ,
2528 5371 2639 5419 tres
2667 5364 2831 5417 etiam
2862 5363 2928 5418 ad
2971 5376 3140 5424 mare,
3173 5368 3230 5413 et
3258 5368 3368 5412 tres
3396 5355 3600 5410 ultima:

2015 5459 2084 5513 ad
2115 5457 2443 5526 aquilonem,
2476 5455 2566 5524 qui
2593 5455 2760 5510 durus
2787 5454 2986 5508 dicitur
3012 5459 3223 5506 ventus.
3256 5447 3361 5502 Sed
3386 5454 3442 5517 et
3460 5445 3605 5516 quod

2015 5551 2188 5606 tribus
2215 5547 2373 5614 Juda,
2399 5563 2520 5618 quae
2544 5547 2742 5619 regalis
2773 5555 2879 5609 est,
2912 5546 2978 5599 ad
3016 5543 3284 5598 orientem
3319 5541 3599 5608 statuitur,

2019 5659 2083 5698 ex
2112 5657 2218 5711 qua
2245 5648 2398 5696 ortus
2423 5646 2510 5693 est
2525 5638 2781 5694 Dominus
2808 5645 3011 5696 noster,
3045 5648 3152 5688 non
3181 5641 3310 5703 puto
3337 5634 3595 5691 otiosmn.

2024 5736 2128 5792 Sed
2177 5734 2318 5806 quod
2347 5731 2560 5790 lsachar
2585 5730 2710 5786 huic
2729 5727 2978 5796 jungitur
3002 5735 3056 5781 et
3083 5727 3345 5794 Zabuloo,
3378 5737 3431 5786 et
3459 5726 3602 5800 quo]
