3926 6176
360 336 465 427 6ξό

991 330 1052 386 Β.
1093 328 1347 385 RABANI
1380 328 1598 386 MAURI
1634 326 1953 386 ARCHIEP.
1994 300 2304 384 MOGUNT.
2343 324 2629 383 OPERUM
2666 325 2849 382 PARS
2884 327 2926 382 Ι.

3491 328 3599 386 60$

359 452 414 504 in
461 454 695 517 quatuor
742 447 924 513 partes
976 439 1151 494 trinus
1206 439 1309 494 iste
1354 453 1612 494 numerus
1649 438 1947 499 ordinatur.
1959 441 2008 500 Α
2033 450 2306 491 numcum
2344 436 2571 492 Domino
2598 436 2876 505 regnaturi
2902 435 3329 493 collocabantur.
3358 438 3509 496 Unde
3548 450 3606 497 ει

360 539 490 605 Qure
527 532 775 604 quamvis
819 528 1234 599 dispositionum
1280 542 1501 582 suarum
1543 527 1783 582 diversas
1830 526 1930 580 ba-

359 627 525 682 beant
560 622 847 695 qualitates
870 660 885 685 ,
912 633 1103 674 omnes
1144 626 1325 673 tamen
1370 619 1510 673 intra
1548 618 1807 673 trinitatis
1835 633 1935 671 nu-

362 727 574 771 merum
595 710 941 767 continentur
966 726 979 763 :
1018 715 1072 762 et
1110 707 1253 777 quod
1278 722 1376 777 per
1415 713 1559 762 totas
1582 706 1680 762 has
1703 714 1936 776 quatuor

362 817 545 879 partes
586 805 642 858 in
671 817 955 858 numerum
992 815 1156 855 unum
1189 799 1458 870 colligitur
1480 797 1667 855 eadem
1699 799 1934 864 trinitas,

365 909 577 965 semper
608 908 707 962 pro
724 905 792 947 eo
820 892 938 947 sine
965 889 1127 945 dubio
1152 890 1293 960 quod
1328 890 1428 945 sub
1453 906 1562 945 uno
1597 890 1814 945 nomine
1836 889 1939 943 Pa—

364 986 466 1040 tris
489 992 544 1040 et
565 982 688 1037 Filii
729 989 784 1036 et
820 980 1055 1051 Spiritus
1100 980 1272 1035 sancti
1315 988 1605 1035 censentur
1630 993 1820 1035 omnes
1844 980 1939 1050 qui

365 1095 432 1134 ex
458 1086 690 1148 quatuor
735 1074 885 1129 orbis
929 1073 1174 1143 partibus
1218 1072 1517 1137 venientes,
1566 1072 1815 1127 invocant
1845 1086 1943 1125 no—

365 1180 489 1220 men
520 1161 753 1226 Domini,
803 1159 1149 1214 recumbentes
1198 1177 1317 1214 cum
1367 1159 1633 1215 Abraham
1654 1200 1668 1226 ,
1708 1159 1864 1214 Isaac
1889 1169 1939 1214 et

365 1252 531 1306 Iacob
556 1252 611 1304 in
641 1264 795 1321 regno
828 1248 920 1302 Dei
945 1247 1158 1319 (Matth.
1189 1250 1328 1321 vm).
1363 1250 1614 1305 Dicamus
1651 1251 1827 1305 adhuc
1846 1249 1944 1304 ali-

365 1341 495 1412 quid
530 1341 676 1410 quod
704 1337 921 1407 adjuvet
965 1338 1221 1394 lectorem
1246 1379 1261 1405 ,
1301 1348 1568 1409 quatenus
1607 1355 1671 1393 ex
1706 1340 1944 1394 breviter

368 1431 662 1497 annotatis,
710 1428 914 1497 majora
950 1428 1221 1498 conjicere
1275 1429 1468 1484 valeat.
1523 1428 1767 1497 Quatuor
1812 1442 1944 1500 ergo

364 1524 535 1595 plagae
568 1522 755 1577 mundi
798 1522 852 1576 in
882 1535 1109 1590 quarum
1157 1519 1596 1576 denominatione
1641 1529 1942 1576 castrorum

368 1614 595 1670 metatio
628 1612 861 1667 ﬁliorum
892 1610 1057 1666 Israel
1080 1612 1226 1666 circa
1256 1611 1662 1665 tabernaculum
1693 1611 1945 1666 describi-

2032 527 2171 580 benc
2203 525 2357 595 juxta
2395 525 2535 580 hanc
2565 525 2775 596 plagam
2804 523 3083 594 Ephraim,
3114 524 3397 594 Benjamin
3419 538 3473 584 et
3496 528 3608 585 Ma—

2035 629 2225 670 nasses
2262 624 2440 669 castra
2489 629 2692 684 ponere
2738 624 3010 685 praecepto
3060 616 3157 671 Dei
3205 616 3414 673 decreti
3459 626 3606 676 sunt.

2035 704 2236 760 Levita)
2258 721 2471 777 quoque
2499 706 2702 762 idcirco
2725 707 2958 776 proximi
3003 708 3352 765 tabernaculo
3377 709 3610 778 fuerant,

2037 806 2351 868 exterasque
2380 798 2552 855 tribus
2574 813 2639 854 ex
2681 808 2915 870 quatuor
2955 800 3128 871 plagis
3153 802 3302 858 circa
3330 817 3424 859 eos
3459 805 3615 861 undi-

2038 902 2146 958 que
2169 888 2554 952 consistebant,
2584 897 2851 959 quatenus
2876 888 2952 944 illi
2978 904 3211 960 quorum
3236 891 3473 948 cilicium
3501 904 3619 949 erat

2043 978 2373 1033 tabernaculi
2405 993 2591 1033 curam
2620 991 2832 1048 gerere,
2879 980 2997 1035 sine
3019 988 3253 1047 terrore,
3285 982 3471 1037 divino
3505 982 3619 1038 olli-

2041 1069 2127 1125 cio
2152 1077 2431 1135 vacarent,
2469 1085 2591 1124 cum
2619 1085 2649 1124 a
2678 1069 2937 1126 fratribus
2964 1072 3079 1127 suis
3100 1071 3404 1129 forinsecus
3426 1081 3620 1129 contra

2041 1161 2275 1216 hostium
2314 1161 2573 1230 impetum
2622 1162 2980 1216 munirentur.
3031 1162 3109 1217 Ita
3148 1171 3210 1218 et
3250 1164 3309 1217 in
3359 1165 3624 1220 moderno

2042 1258 2282 1320 tempore
2302 1251 2508 1321 justum
2534 1258 2639 1315 est,
2663 1258 2722 1304 ut
2739 1251 3024 1321 popularis,
3041 1252 3176 1307 ordo
3193 1252 3622 1309 ecclesiasticum

2041 1340 2109 1396 de
2133 1342 2219 1396 bis
2247 1357 2368 1410 qua:
2406 1341 2650 1395 exterius
2698 1348 2824 1395 sunt
2851 1351 3126 1411 procuret,
3156 1353 3427 1412 quatenus
3465 1345 3628 1399 mini-

2044 1433 2142 1489 stri
2168 1433 2286 1496 Dei,
2316 1432 2479 1487 verbo
2518 1440 2575 1486 et
2620 1431 2801 1488 divino
2845 1431 3022 1487 ollicio
3071 1433 3189 1488 sine
3234 1433 3627 1504 impedimento

2044 1536 2237 1578 vacare
2290 1520 2515 1591 possint.
2561 1520 2806 1576 Ascende
2845 1536 2974 1593 ergo
3005 1537 3167 1588 nunc,
3215 1537 3249 1579 ο
3283 1522 3526 1590 auditor,
3580 1526 3626 1579 si

2042 1621 2220 1685 potes,
2245 1621 2301 1668 et
2323 1628 2352 1666 a
2382 1613 2610 1668 terrenis
2633 1613 2882 1669 sensibus
2911 1615 3163 1669 intuitum
3194 1619 3394 1671 mentis
3420 1627 3480 1672 et
3503 1633 3627 1688 per-

370 1714 476 1769 tur,
508 1703 801 1759 secundum
843 1702 1161 1772 mysterium
1182 1701 1619 1756 convocationem
1642 1709 1697 1756 et
1720 1701 1946 1769 disposi-
2046 1703 2213 1773 spicia
2247 1703 2426 1758 cordis
2451 1701 2601 1758 eleva
2627 1719 2644 1768 ;
2698 1703 3021 1759 obliviscere
3066 1705 3340 1776 paulisper
3368 1715 3624 1775 terrena;

370 1798 573 1852 tionem
620 1802 822 1851 sanctae
864 1794 1118 1849 Ecclesia:
1171 1793 1456 1865 significat.
1529 1791 1632 1847 Per
1679 1792 1942 1846 orientem
1973 1783 2019 1843 Β
2045 1808 2209 1863 supra
2233 1793 2403 1848 nubes
2422 1801 2480 1847 et
2504 1807 2667 1863 super
2687 1794 2862 1864 ipsum
2884 1796 3080 1851 caelum
3106 1800 3307 1852 mentis
3326 1813 3515 1870 gressu
3544 1802 3627 1855 in-

367 1902 497 1958 ergo
534 1885 627 1942 ubi
672 1885 926 1940 introitus
961 1883 1017 1938 in
1048 1883 1454 1939 tabernaculum
1490 1884 1708 1952 patebat
1737 1881 1944 1955 signiﬁ-

368 1987 459 2035 cat
508 1978 719 2033 initium
746 1975 1117 2032 conversionis
1141 1984 1195 2030 et
1228 1974 1580 2029 confessionis
1610 1973 1733 2028 ﬁdei
1759 1973 1947 2029 catho-

368 2069 486 2124 licas
513 2076 673 2138 atque
700 2066 1041 2137 baptismatis
1065 2064 1465 2134 perceptionem
1512 2062 1949 2133 primitivamque

368 2159 687 2224 Ecclesiam,
728 2172 848 2228 qua:
892 2156 948 2210 in
994 2154 1293 2210 Jerusalem
1339 2162 1460 2225 post
1493 2153 1701 2208 Domini
1750 2151 1949 2207 adven-

369 2259 486 2306 tum
513 2249 747 2320 primum
770 2247 839 2302 ab
863 2244 1118 2316 apostolis
1138 2244 1356 2298 fundata
1381 2255 1483 2299 est.
1513 2243 1579 2298 Et
1601 2243 1796 2298 merito
1822 2241 1950 2297 huic

338 2320 343 2321 γ
370 2340 544 2411 plaga:
573 2338 746 2394 tribus
772 2336 907 2391 Juda
934 2350 1058 2390 cum
1090 2336 1230 2389 tribu
1275 2334 1494 2390 lsachar
1514 2341 1569 2388 et
1594 2331 1830 2388 Zabulon
1858 2331 1951 2387 dc-

372 2436 633 2500 putatur:
671 2427 798 2496 quia
844 2424 1184 2481 confessores
1229 2425 1429 2480 Christi
1478 2424 1533 2479 in
1584 2421 1950 2479 habitaculum

373 2518 708 2576 fortitudinis
738 2517 828 2572 ubi
874 2532 972 2586 pro
1004 2517 1250 2571 mercede
1300 2516 1546 2572 laborent
1584 2523 1808 2580 eterna,
1850 2529 1948 2584 per

373 2612 524 2667 illum
554 2609 834 2665 introitum
864 2607 1066 2662 habent
1088 2608 1179 2676 qui
1207 2607 1380 2661 dixit:
1425 2606 1539 2677 Ego
1577 2624 1693 2662 sum
1721 2607 1911 2661 ostium
1933 2620 1951 2657 :

371 2718 466 2773 per
507 2717 589 2756 me
633 2701 680 2754 si
722 2698 837 2771 quis
881 2697 1137 2751 introierit
1180 2695 1470 2751 sulcabitur
1523 2694 1708 2767 (Joan.
1755 2695 1836 2768 ι).
1887 2695 1957 2750 Et

373 2792 506 2848 item
534 2810 547 2845 :
578 2790 693 2862 Ego
716 2806 834 2845 sum
858 2788 953 2843 lux
990 2788 1174 2843 mundi
1199 2804 1218 2842 :
1244 2788 1334 2859 qui
1352 2790 1585 2859 sequitur
1602 2805 1685 2843 me
1712 2805 1817 2844 non
1844 2805 1957 2844 am-

373 2882 519 2937 bulat
542 2883 599 2936 in
628 2879 877 2944 tenebris,
895 2878 986 2933 sed
1018 2878 1221 2933 habebit
1249 2879 1426 2933 lumen
1445 2881 1566 2934 vitae
1594 2878 1775 2951 (Joan.
1812 2879 1955 2952 vm).

374 2972 453 3028 De
484 2986 591 3043 quo
617 2979 674 3026 et
695 2970 995 3031 Zacharias.
1010 2971 1121 3024 ait:
1156 2968 1395 3025 Visitavit
1430 2987 1524 3025 nos
1546 2972 1718 3026 oriens
1744 2987 1809 3025 ea:
1828 2970 1956 3036 alto,

371 3067 671 3123 illuminare
694 3067 776 3122 Itis
798 3068 887 3139 qui
928 3067 983 3121 in
1024 3067 1248 3122 tenebris
1280 3076 1329 3121 et
1350 3068 1541 3122 umbra
1563 3070 1749 3123 mortis
1775 3071 1955 3124 sedent

356 3156 528 3229 (Duc.
554 3156 637 3228 ιι).
663 3157 827 3227 Plaga
854 3172 983 3212 vero
1011 3156 1283 3222 australis,
1303 3156 1459 3225 juxta
1482 3173 1645 3227 quam
1673 3158 1815 3214 latus
1838 3175 1955 3215 me—

375 3245 644 3300 ridianum
680 3244 1014 3298 tabernaculi
1073 3244 1412 3309 tendebatur,
1470 3245 1745 3313 antiquam
1807 3246 1953 3300 illam

372 3332 470 3389 Dei
516 3333 726 3402 plebem
784 3332 1050 3403 designat,
1101 3347 1223 3402 qum
1264 3332 1441 3387 lucem
1486 3333 1725 3390 scientim
1769 3334 1954 3405 legalis

368 3423 702 3495 jamdudum
744 3423 1037 3493 accipiens.
1066 3439 1250 3478 amore
1285 3424 1368 3478 sui
1402 3425 1701 3479 conditoris
1744 3424 1957 3481 fervere

371 3513 610 3579 solebat,
640 3513 733 3569 ubi
761 3513 949 3568 Ruben
983 3521 1038 3568 et
1066 3512 1287 3570 Simeon
1311 3522 1367 3570 et
1399 3513 1518 3570 Gad
1539 3522 1722 3570 castra
1766 3517 1956 3572 metati

373 3617 518 3662 sunt.
569 3606 639 3661 Et
686 3608 904 3670 merito,
952 3606 1077 3675 quia
1116 3606 1287 3661 sancti
1341 3614 1528 3675 patres
1573 3607 1666 3677 qui
1699 3607 1954 3664 intuitum

375 3696 571 3753 mentis
598 3696 665 3751 ad
692 3696 1023 3752 voluntatem
1078 3696 1170 3751 Dei
1219 3697 1502 3753 videndam
1538 3696 1677 3753 bene
1725 3714 1956 3756 exacue-

377 3796 526 3853 runt,
573 3787 895 3843 obedientize
939 3787 1174 3842 studium
1218 3788 1320 3843 rite
1362 3788 1744 3860 impendebant
1776 3791 1958 3846 accin-

373 3885 564 3948 gentes
585 3892 644 3932 se
670 3878 837 3932 armis
857 3876 1096 3944 iustitiae,
1125 3887 1393 3947 quatenus
1409 3879 1550 3935 hosti
1578 3879 1812 3936 nefando
1838 3882 1953 3950 qui,

375 3970 676 4027 secundum
707 3969 855 4024 Petri
883 3984 1093 4034 vocem,
1123 3980 1372 4040 tanquam
1412 3970 1493 4026 leo
1521 3972 1728 4043 rugiens
1771 3974 1959 4027 circuit

368 4076 616 4130 querens
644 4075 796 4131 quem
840 4059 1042 4113 devoret
1075 4058 1124 4131 (I
1157 4058 1305 4114 Petr.
1335 4060 1415 4132 v),
1446 4075 1547 4116 nec
1596 4078 1702 4117 non
1750 4071 1805 4118 et
1851 4064 1959 4119 dte-

357 4150 560 4206 rmonio
594 4149 894 4205 meridiano
932 4164 1145 4218 semper
1168 4152 1359 4206 armati
1404 4151 1739 4208 resisterent.
1789 4152 1959 4209 Porro

354 4245 532 4317 plaga
580 4243 848 4314 aquilonis
879 4240 1173 4297 secundum
1202 4256 1365 4311 quam
1396 4242 1629 4312 positum
1677 4251 1798 4297 erat
1820 4243 1957 4299 alte-

378 4349 500 4389 rum
530 4334 670 4388 latus
705 4330 1058 4398 tabernaculi,
1108 4344 1336 4402 eamque
1387 4332 1625 4387 tenebris
1652 4348 1716 4387 ac
1759 4332 1960 4405 frigore
2023 4329 2027 4333 ’

1983 4477 2036 4538 D

378 4422 710 4478 infidelitatis
736 4437 905 4492 usque
942 4420 1008 4475 ad
1057 4428 1266 4491 tempus
1302 4420 1596 4477 Dominicas
1627 4422 1956 4479 incarnatio-

378 4514 465 4569 nis
512 4522 725 4583 torpere
754 4529 861 4567 non
910 4512 1223 4575 destiterat,
1268 4512 1503 4581 gentium
1561 4512 1958 4568 multitudinem

380 4600 599 4671 figurat,
629 4602 721 4656 ubi
762 4601 876 4655 Dan
902 4610 957 4655 et
989 4601 1129 4655 Aser
1157 4610 1211 4655 et
1246 4600 1591 4670 Nephthalim
1636 4611 1816 4656 castra
1848 4619 1961 4659 me-

382 4690 487 4745 tari
515 4704 621 4746 non
650 4691 882 4747 absurde
907 4688 1046 4759 jussi
1090 4698 1250 4746 sunt:
1297 4691 1425 4759 quia
1462 4692 1840 4760 spernentibus
1865 4690 1961 4745 Ju-

380 4779 514 4835 datis
534 4781 758 4837 verbum
785 4781 1018 4847 Domini,
1042 4780 1190 4850 justo
1206 4779 1411 4850 judicio
1443 4781 1538 4836 Dei
1574 4797 1671 4851 per
1713 4782 1959 4838 multitu-

381 4873 566 4929 dinem
590 4872 825 4928 ﬁdelium
848 4889 915 4928 ex
944 4875 1193 4944 gentibus
1221 4874 1477 4929 dilatatus
1504 4874 1758 4930 Ecclesia:
1785 4889 1959 4945 popu-

382 4967 468 5023 lus
494 4975 753 5023 mternam
794 4967 1183 5023 beatitudinem
1211 4984 1430 5038 sperare
1474 4982 1535 5024 et
1568 4985 1813 5039 quaerere
1847 4986 1956 5026 non

380 5057 614 5115 desistit.
668 5056 1027 5114 Occidentalis
1052 5073 1180 5129 ergo
1207 5058 1360 5130 plaga
1398 5075 1517 5129 qua:
1547 5069 1837 5131 utrumque
1864 5078 1960 5132 pa-

382 5148 575 5205 rietem
621 5146 952 5203 tabernaculi
998 5148 1266 5219 recipiens
1293 5188 1307 5214 ,
1350 5149 1404 5204 in
1435 5165 1492 5204 se
1530 5149 1805 5222 jungendo
1833 5168 1962 5209 con-

385 5248 642 5307 summat,
690 5238 758 5294 ad
782 5238 1148 5310 impletionem
1176 5240 1343 5296 totius
1386 5251 1587 5299 sancta:
1640 5245 1963 5302 universalis

384 5331 661 5398 Ecclesiae,
710 5346 829 5401 qua:
864 5346 985 5386 cum
1015 5329 1123 5386 ﬁne
1149 5329 1311 5399 hujus
1345 5334 1529 5388 mundi
1562 5334 1837 5405 perﬁcitur
1862 5337 1959 5393 de-

387 5420 585 5493 signat,
632 5420 849 5493 quando
892 5427 949 5475 et
1000 5419 1434 5490 persecutionem
1481 5423 1800 5479 Antichristi
1847 5440 1963 5481 cre-

388 5520 602 5567 scentes
636 5512 691 5567 in
720 5510 878 5566 bonis
925 5510 1136 5565 meritis
1174 5510 1474 5592 probantur
1513 5512 1712 5581 electi;
1751 5526 1805 5569 et
1831 5517 1966 5571 hora

391 5603 481 5657 illa
509 5606 921 5676 appropinquat,
954 5604 1169 5676 quando
1194 5604 1251 5659 in
1273 5605 1599 5663 oblivionem
1624 5609 1814 5663 mortis
1841 5624 1967 5678 per-

395 5702 573 5760 petua:
594 5697 772 5769 impiis
803 5699 1034 5768 traditis,
1059 5697 1189 5769 justi
1220 5696 1286 5753 ad
1314 5697 1591 5755 dexteram
1612 5699 1707 5756 Dei
1733 5700 1786 5755 in
1816 5708 1971 5755 aeter-

2043 1883 2213 1949 cede;
2243 1882 2319 1938 ibi
2355 1883 2572 1952 require
2612 1883 3015 1940 tabernaculum
3048 1886 3166 1954 Dei,
3204 1889 3281 1943 ibi
3316 1904 3627 1959 praeut-sor

2040 1988 2141 2043 pro
2166 1973 2321 2029 nobis
2351 1972 2594 2029 introivit
2619 1972 2800 2040 Jesus,
2851 1984 2905 2029 et
2931 1978 3138 2031 assistit
3162 1993 3311 2034 nunc
3330 1979 3499 2035 vultui
3532 1981 3630 2038 Dei

2045 2061 2394 2132 interpellans
2414 2078 2516 2133 pro
2552 2063 2728 2119 nobis.
2792 2062 3140 2136 lbi,inquam,
3162 2068 3383 2138 require
3400 2079 3629 2140 quater-

2044 2167 2145 2209 nos
2172 2161 2308 2208 istos
2332 2152 2551 2208 ordines
2578 2153 2953 2224 stationesque
2975 2162 3279 2211 castrorum
3307 2174 3322 2224 ;
3355 2158 3431 2213 ibi
3456 2160 3631 2216 Israe-

2045 2245 2195 2300 litica
2229 2244 2446 2315 agmina
2473 2251 2528 2298 et
2567 2244 2825 2299 excubias
2857 2260 3021 2301 cerne
3067 2255 3420 2315 sanctorum;
3468 2258 3526 2306 et
3558 2251 3630 2306 ibi

2046 2335 2136 2391 illa
2161 2350 2281 2404 quae
2314 2348 2456 2388 nunc
2484 2333 2797 2404 quaerimus,
2839 2336 3240 2404 primitivorum
3288 2349 3631 2395 sacramenta

2048 2426 2269 2480 rimare.
2320 2422 2427 2478 Sed
2461 2438 2561 2494 ego
2587 2438 2694 2478 non
2738 2423 2909 2478 audeo
2955 2424 3082 2480 illuc
3109 2425 3255 2481 solus
3292 2429 3626 2495 ascendere;

2051 2533 2160 2574 non
2189 2516 2363 2572 audeo
2389 2530 2476 2570 me
2501 2515 2555 2568 in
2586 2514 2685 2570 hos
2719 2522 2831 2568 tam
2866 2523 3106 2570 secretos
3135 2518 3514 2587 mysteriorum
3548 2533 3633 2573 re-

2051 2622 2237 2663 cessus
2262 2606 2380 2661 sine
2404 2605 2724 2659 auctoritate
2754 2606 2930 2676 magni
2979 2605 3204 2674 alicujus
3243 2607 3480 2664 doctoris
3523 2610 3626 2665 im-

2052 2710 2318 2767 mergere.
2350 2694 2467 2751 Non
2493 2710 2713 2764 possum
2742 2694 2867 2749 illuc
2888 2698 3201 2763 ascendere,
3234 2698 3335 2754 nisi
3361 2702 3633 2769 praecedat

2053 2800 2143 2841 me
2160 2783 2378 2849 Paulus,
2408 2790 2464 2838 et
2481 2783 2597 2852 ipse
2623 2782 2753 2836 mihi
2782 2785 2922 2838 viam
2952 2785 3073 2838 novi
3104 2785 3263 2856 hujus
3282 2796 3337 2842 et
3364 2789 3517 2843 ardui
3544 2791 3635 2844 iti-

2056 2876 2206 2930 neris
2228 2874 2497 2929 ostendat.
2543 2873 2661 2943 lpse
2688 2888 2817 2944 ergo
2842 2875 3208 2944 apostolorum
3246 2880 3517 2936 maximus
3540 2884 3633 2951 qui

2057 2966 2225 3021 sciret
2248 2964 2446 3019 multas
2471 2979 2594 3019 esse
2620 2979 2726 3018 non
2757 2964 2930 3019 solum
2962 2966 3014 3019 in
3043 2967 3222 3032 terris,
3268 2970 3364 3023 sed
3407 2969 3459 3022 in
3482 2972 3633 3026 cmiis

2058 3056 2352 3121 Ecclesias,
2401 3070 2471 3110 ex
2517 3055 2712 3125 quibus
2758 3064 2814 3109 et
2861 3065 3068 3125 septem
3113 3061 3373 3127 quasdam
3402 3060 3636 3119 Joannes

2056 3155 2340 3204 enumerat
2368 3147 2555 3211 (Apoc.
2582 3146 2690 3215 tu),
2720 3156 2777 3201 et
2795 3148 2909 3216 ipse
2933 3157 3110 3204 tamen
3140 3149 3337 3208 Paulus
3350 3154 3635 3210 ostendere

2055 3241 2259 3305 volens,
2290 3253 2410 3295 esse
2433 3240 2722 3309 quamdam
2744 3249 3007 3309 pneterea
3034 3242 3430 3311 primitivorum
3456 3245 3636 3300 Eccle-

2057 3332 2215 3397 siam,
2243 3330 2311 3385 ad
2339 3329 2593 3389 Hehrteos
2631 3330 2763 3385 dicit
2781 3331 3025 3387 scribens
3051 3350 3064 3385 :
3104 3333 3230 3387 Non
3256 3336 3396 3388 enim
3422 3338 3636 3390 accessio

2055 3421 2150 3475 stis
2173 3421 2242 3474 ad
2266 3419 2531 3473 ardentem
2553 3428 2599 3474 et
2628 3420 2953 3474 tractabilem
2992 3422 3199 3492 ignem;
3235 3425 3326 3478 sed
3347 3427 3633 3481 accessistis

2056 3513 2125 3567 ad
2147 3523 2374 3566 montem
2404 3510 2558 3575 Sion,
2603 3521 2652 3565 et
2679 3512 2940 3566 civitatem
2980 3513 3079 3569 Dei
3104 3516 3318 3570 virentis
3338 3516 3631 3574 Jerusalem

2057 3601 2332 3667 ccelestem,
2350 3610 2397 3655 et
2422 3600 2773 3657 multitudinis
2798 3603 3105 3672 angelorum
3127 3604 3559 3673 collaudantium,
3585 3619 3630 3662 et

2057 3692 2328 3748 ecclesiam
2347 3691 2729 3762 primitivorum
2752 3694 3032 3763 ascriptum
3052 3695 3107 3749 in
3126 3695 3266 3750 caelis
3281 3695 3469 3767 (Hebr.
3498 3699 3626 3770 xu).

2057 3784 2224 3857 lgitur
2249 3782 2458 3853 Moyses
2482 3796 2579 3852 per
2598 3790 2830 3852 quatuor
2857 3792 3035 3838 castra
3083 3786 3339 3857 populum
3370 3787 3466 3843 1)ιοὶ
3495 3790 3626 3844 divi«

2058 3893 2179 3932 sum
2207 3878 2391 3932 divisit
2428 3877 2483 3931 in
2513 3877 2712 3941 terris;
2759 3885 2815 3931 et
2843 3878 3132 3947 Apostolus
3160 3888 3392 3949 quatuor
3418 3880 3630 3936 ordines

2058 3979 2370 4026 sanctorum
2420 3968 2680 4024 describit
2711 3970 2767 4024 in
2793 3970 2983 4025 caelis;
3037 3970 3106 4024 ad
3132 3986 3364 4041 quorum
3393 3973 3625 4045 singulos

2078 4073 2519 4129 unumquemque
2563 4067 2810 4113 nostrum
2859 4060 2991 4115 dicit
3013 4061 3290 4116 accedere.
3340 4061 3456 4117 Non
3486 4048 3623 4118 enim

2059 4164 2246 4206 omnes
2282 4149 2353 4204 ad
2371 4163 2560 4205 omnes
2584 4148 2868 4216 accedunt,
2900 4151 2994 4207 sed
3015 4151 3108 4207 alii
3133 4153 3400 4209 accedunt
3420 4155 3628 4224 quidem

2060 4241 2129 4296 ad
2165 4247 2402 4295 montem
2429 4238 2580 4294 Sion.
2616 4238 2820 4295 Horum
2847 4251 3027 4297 autem
3053 4243 3212 4312 paulo
3238 4244 3510 4312 meliores,
3539 4261 3626 4301 ac-

2060 4333 2259 4388 cedunt
2308 4332 2378 4386 ad
2419 4331 2691 4387 civitatem
2740 4331 2837 4387 Dei
2866 4334 3098 4388 viventis
3146 4332 3449 4392 Jerusalem
3476 4336 3633 4393 eteiu-

2063 4435 2220 4483 stem.
2258 4425 2360 4493 Qui
2381 4433 2563 4481 autem
2588 4440 2656 4480 ex
2678 4425 2765 4481 his
2788 4426 3175 4483 eminentiores
3204 4436 3349 4496 sunt,
3378 4431 3634 4486 accedunt

2061 4516 2130 4571 ad
2151 4515 2548 4570 multitudinem
2589 4514 2901 4586 angelorum
2924 4516 3365 4574 collaudantium.
3412 4521 3514 4588 Qui
3545 4537 3635 4576 au-

2061 4615 2170 4661 tem
2197 4619 2362 4674 super
2384 4619 2573 4660 omnes
2616 4606 2753 4660 istos
2803 4615 2930 4661 sunt
2976 4620 3218 4677 sanctos,
3266 4613 3531 4667 accedunt
3572 4615 3633 4667 ad

2060 4695 2343 4750 ecclesiam
2397 4695 2796 4767 primitivorum
2837 4697 3133 4767 ascriptam
3185 4699 3241 4754 in
3285 4700 3460 4756 uelis.
3504 4701 3635 4769 Quia

2061 4802 2191 4858 ergo
2217 4787 2272 4841 in
2300 4786 2386 4841 his
2410 4787 2725 4842 intellexisti
2751 4788 2843 4858 qui
2871 4789 2942 4843 sit
2968 4790 3104 4846 ordo
3138 4791 3556 4860 primitivorum,
3583 4802 3637 4847 et

2061 4880 2208 4949 quod
2235 4879 2308 4933 sit
2329 4878 2563 4934 nominis
2590 4880 2747 4934 istius
2773 4890 3191 4948 sacramentum,
3217 4898 3464 4955 praepara
3494 4895 3547 4941 te
3587 4893 3638 4939 et

2063 4971 2271 5026 enitere
2296 4978 2557 5039 quantum
2589 4970 2757 5036 vales,
2799 4972 2847 5027 si
2877 4969 3014 5027 forte
3041 4974 3273 5039 actibus,
3299 4982 3446 5041 Vita,
3475 4976 3637 5031 mori-

2063 5062 2186 5129 bus,
2225 5061 2346 5124 ﬁde,
2377 5060 2747 5133 institutisque
2790 5064 3063 5133 proﬁcias,
3092 5074 3154 5120 ut
3181 5067 3358 5136 possis
3386 5068 3639 5123 accedere

2064 5152 2133 5207 ad
2160 5150 2442 5207 ecclesiam
2464 5152 2862 5222 primitivorum
2886 5171 3008 5225 quae
3031 5157 3268 5227 ascripta
3287 5166 3375 5214 est
3394 5159 3450 5214 in
3472 5158 3637 5215 caelis.

2066 5242 2223 5311 Quod
2249 5243 2296 5297 si
2329 5249 2536 5298 tantum
2586 5260 2697 5300 non
2730 5246 2900 5313 vales,
2950 5248 3044 5305 sed
3092 5264 3156 5306 es
3193 5251 3356 5321 paulo
3396 5251 3640 5317 inferior,

2067 5334 2263 5392 accede
2300 5335 2366 5389 ad
2414 5335 2810 5392 multitudinem
2846 5339 3165 5409 angelorum
3203 5342 3639 5405 collaudantium.

2064 5423 2217 5492 Quod
2253 5424 2300 5481 si
2333 5440 2434 5480 nec
2463 5426 2531 5482 ad
2573 5426 2735 5482 istum
2762 5438 2917 5497 potes
2942 5432 3204 5488 accedere
3222 5472 3238 5499 ,
3275 5435 3344 5489 ad
3373 5434 3641 5489 civitatem

2068 5516 2163 5571 Dei
2185 5516 2416 5570 viventis
2431 5515 2731 5571 Jerusalem
2753 5519 3031 5576 caelestem
3052 5536 3281 5594 propera
3299 5524 3642 5579 contendere.

2071 5605 2129 5661 Si
2158 5620 2286 5660 vero
2321 5621 2420 5661 nec
2443 5606 2511 5661 ad
2541 5606 2643 5662 hoc
2669 5616 2827 5677 aptus
2850 5624 2930 5675 es,
2962 5610 3137 5667 solum
3163 5612 3234 5668 ad
3256 5622 3496 5669 montem
3524 5628 3639 5670 con-

2075 5698 2235 5755 tende
2271 5698 2420 5765 Sion,
2452 5706 2512 5754 ut
2538 5699 2591 5754 in
2623 5708 2806 5757 monte
2834 5702 3075 5760 salveris.
3123 5706 3357 5761 Tantum
3386 5716 3472 5765 est
3501 5720 3567 5762 ne
3592 5698 3653 5757 in'
