3926 6176
219 343 338 399 603

960 329 1497 392 ENARRATIONES
1534 327 1602 383 IN
1641 327 1906 384 LIBRUM
1945 327 2412 386 NUMERORUM.
2451 360 2524 372 —-
2561 330 2688 386 LIB.
2725 330 2765 385 I.

3419 329 3530 387 606

223 463 386 509 terra
413 446 866 511 resideas,neein
880 443 1107 498 vallibus
1133 455 1460 506 maneas,ne
1488 441 1543 494 in
1564 439 1830 495 demersis
1855 440 1910 500 Α
1935 437 2362 510 Scripturarum,
2391 443 2565 498 nostri
2601 442 2811 513 vigilias
2840 442 3183 512 interpretati
3210 453 3358 512 sunt,
3389 462 3526 516 quas

222 553 283 599 et
312 541 625 598 humilibus
651 550 968 608 perseveres
997 534 1150 604 (Gen.
1187 531 1324 604 six).
1356 530 1635 586 Levabitur
1657 539 1830 584 autem

221 635 644 690 tabernaculum
665 627 946 683 testimonii
967 642 1059 695 per
1069 625 1236 694 ofﬁcia
1252 623 1552 678 Levitan
1567 631 1613 676 et
1631 630 1832 675 turmas

223 741 449 780 eorum.
470 721 742 789 Quomodo
757 717 1072 788 erigeturita
1090 724 1137 770 et
1152 716 1458 786 deponetur.
1473 711 1833 768 Taberuaculi

222 832 364 870 vero
378 814 590 870 erectio
609 822 662 867 et
676 809 944 880 depositio
954 807 1210 862 Ecclesite
1225 807 1387 861 situm
1405 804 1696 875 signiﬁcat,
1715 818 1835 874 quae

224 910 278 962 in
313 905 676 962 credentibus
703 900 944 972 quotidie
971 898 1219 968 erigitur,
1243 905 1298 951 et
1324 896 1378 949 in
1404 894 1728 964 negantibus
1748 895 1836 948 de-

221 1001 481 1070 ponitur.
512 1000 568 1051 ln
601 995 790 1050 electis
808 1008 906 1063 per
934 991 1278 1046 sacerdotum
1300 986 1473 1042 oﬁicia
1490 986 1663 1040 sacris
1687 985 1834 1039 ordi-

225 1091 393 1144 nibus
413 1087 709 1143 sublimatu
718 1101 762 1150 r,
776 1083 1005 1152 atquein
1019 1079 1368 1150 peccantibus
1387 1076 1640 1132 similiter
1655 1090 1833 1130 sacer-

225 1182 422 1236 dotum
473 1180 681 1248 judicio
709 1193 806 1247 per
847 1172 1460 1230 excommunicationem
1490 1168 1828 1223 humiliatur.

300 1273 464 1345 (CAP.
513 1277 620 1338 ιιι.)
671 1267 770 1323 Hie
798 1275 921 1321 sunt
947 1265 1306 1336 generationes
1351 1261 1530 1314 Aaron
1555 1268 1601 1312 et
1635 1257 1828 1327 Moysi,

225 1368 280 1420 in
313 1364 405 1417 die
435 1378 546 1432 qua
579 1360 782 1413 locutus
816 1365 891 1411 est
921 1353 1174 1408 Dominus
1207 1351 1275 1404 ad
1326 1349 1544 1418 Moysen
1572 1349 1627 1401 in
1658 1357 1832 1400 monte

228 1453 392 1511 Sinai
420 1493 437 1517 ,
479 1461 529 1506 et
563 1452 674 1505 lucc
727 1447 939 1502 nomina
980 1444 1215 1512 ﬁliorum
1249 1442 1449 1494 Aaron.
1508 1437 1834 1508 Primogeni-

226 1558 336 1609 tus,
401 1543 650 1607 Nadab;
704 1539 892 1594 deinde
937 1537 1073 1590 Abiu
1123 1545 1172 1589 et
1198 1533 1430 1587 Eleazar
1481 1541 1532 1586 et
1563 1531 1826 1585 Ithamar.

228 1635 364 1690 Haec
393 1643 526 1689 sunt
552 1633 766 1686 nomina
805 1629 1039 1697 ﬁliorum
1066 1627 1246 1680 Aaron
1265 1623 1596 1678 sacerdotum
1620 1623 1710 1692 qui
1733 1639 1832 1676 un-

226 1726 298 1778 cti
329 1733 490 1787 sunt,
519 1731 567 1774 et
595 1735 816 1791 quorum
843 1715 1046 1787 repleta:
1066 1724 1116 1769 et
1137 1722 1452 1768 consecratae
1470 1721 1593 1766 sunt
1615 1727 1826 1775 manus,

1936 533 2112 589 Graeci
2143 537 2364 607 φυλακὰς
2409 543 2641 590 vocant:
2679 535 2767 590 ubi
2796 535 2939 589 nulla
2985 535 3248 591 dubitatio
3283 546 3367 593 est
3397 555 3522 609 spa-

1935 625 2013 679 tia
2043 627 2293 681 nocturni
2340 627 2597 695 temporis
2627 625 2979 694 signiﬁcare:
3013 627 3157 697 quod
3199 636 3330 696 puto
3357 639 3413 683 et
3436 631 3525 685 hic

1935 716 2330 785 accipiendum.
2383 716 2664 783 Quomodo
2700 716 2905 772 Levita:
2945 717 3207 787 iubentur
3231 720 3524 776 observare

1934 809 2208 864 custodias
2233 809 2414 864 Aaron
2446 816 2500 863 et
2531 809 2804 864 custodias
2849 809 3082 864 ﬁliorum
3127 810 3313 876 Israel,
3361 812 3412 866 id
3443 822 3528 868 est

1933 899 2196 972 φυλακὰς,
2251 899 2353 954 nisi
2388 898 2620 956 fortasse
2658 899 2862 955 dictum
2892 909 2977 955 est
2999 939 3015 965 ,
3064 916 3132 954 ne
3163 908 3418 970 putarent
3457 903 3526 956 ab

1933 989 2287 1046 observandis
2322 990 2522 1058 vigiliis
2547 1005 2667 1061 qua:
2693 991 2910 1060 pr0prie
2943 991 2995 1044 in
3018 992 3216 1046 castris
3243 993 3525 1046 observari

1931 1081 2130 1148 solent,
2145 1089 2368 1152 propter
2390 1081 2650 1136 honorem
2679 1096 2787 1151 quo
2816 1081 3126 1136 serviebant
3149 1082 3525 1150 tabernaculo,

1932 1172 2202 1228 immunes
2229 1185 2348 1227 esse
2371 1171 2591 1235 debere,
2639 1187 2763 1225 cum
2803 1179 2858 1226 et
2902 1171 3048 1240 ipsos
3091 1179 3369 1241 oporteret
3396 1187 3528 1241 pro-

1931 1275 2053 1334 pter
2079 1280 2243 1334 opera
2269 1263 2602 1319 tabernaculi
2623 1279 2730 1318 non
2761 1263 2938 1318 minus
2963 1263 3203 1318 vicissim
3226 1263 3522 1318 observare

1931 1356 2173 1426 vigilias,
2213 1370 2334 1424 quae
2367 1355 2790 1408 observarentur
2841 1354 2893 1407 in
2937 1352 3059 1407 aliis
3099 1354 3524 1423 circumquaque

1931 1445 2129 1499 castris
2163 1443 2396 1498 ﬁliorum
2422 1443 2609 1499 Israel.
2661 1442 2926 1497 Externus
2953 1451 3128 1496 autem
3155 1444 3245 1513 qui
3267 1443 3336 1496 ad
3364 1445 3492 1498 mini
3510 1473 3525 1482 -

1930 1535 2209 1590 strandum
2237 1536 2532 1600 accesserit,
2556 1535 2826 1589 morietur.
2869 1533 3228 1600 Quaerendum
3255 1535 3525 1604 quomodo

1931 1627 2071 1683 dixit
2098 1627 2152 1680 in
2180 1626 2421 1682 Levitico
2451 1645 2463 1680 :
2515 1625 2618 1692 Qui
2642 1627 2867 1697 tetigerit
2908 1623 3310 1678 tabernaculum
3333 1622 3529 1677 sancti-

1932 1717 2219 1786 ﬁcabitur;
2274 1733 2399 1772 cum
2457 1717 2548 1772 hic
2583 1718 2769 1772 dicat:
2818 1717 3124 1787 Alienigena
3165 1716 3254 1785 qui
3304 1714 3526 1784 tetigerit

224 1826 284 1870 ut
313 1815 622 1870 sacerdotio
649 1813 1005 1882 fungerentur.
1057 1806 1254 1861 Mortui
1277 1813 1396 1859 sunt
1432 1812 1608 1857 autem
1639 1801 1831 1856 Nadab
1863 1791 1910 1850 Β
1936 1809 2212 1873 morietur,
2240 1809 2430 1864 volens
2450 1823 2548 1864 eos
2575 1808 2800 1879 intelligi
2823 1808 2914 1877 qui
2939 1822 3047 1860 non
3078 1813 3263 1860 essent
3286 1804 3353 1859 de
3383 1804 3526 1858 tribu

229 1916 279 1958 et
331 1904 478 1957 Abiu
528 1917 644 1956 cum
687 1900 934 1968 offerrent
980 1897 1152 1965 ignem
1195 1893 1424 1948 alienum
1465 1893 1521 1945 in
1556 1900 1833 1960 conspectu

228 1994 457 2050 Domini
515 1993 571 2046 in
619 1991 823 2044 deserto
866 1987 1018 2042 Sinai
1063 1986 1256 2056 absque
1299 1983 1518 2047 liberis;
1566 1981 1835 2052 {nactique

230 2094 352 2140 sunt
378 2081 685 2138 sacerdotio
711 2079 941 2133 Eleazar
972 2087 1022 2132 et
1046 2076 1291 2130 Ithamar
1316 2091 1496 2129 coram
1538 2073 1718 2128 Aaron
1739 2090 1835 2144 pa-

231 2182 309 2230 tre
336 2193 466 2230 suo.
515 2172 762 2240 Quatuor
802 2169 898 2223 ﬁlii
926 2170 1111 2223 Aaron
1141 2182 1264 2223 cum
1289 2175 1444 2238 patre
1471 2165 1634 2220 simul
1663 2166 1716 2220 in
1741 2180 1833 2220 sa-

233 2265 546 2320 cerdotium
568 2261 722 2316 electi
751 2267 917 2324 sunt;
961 2259 1056 2314 sed
1085 2258 1294 2314 duobus
1323 2257 1377 2312 in
1415 2265 1559 2312 statu
1584 2271 1683 2311 suo
1710 2270 1835 2325 per-

233 2353 610 2416 manentibus,
657 2350 839 2406 caeteri
871 2349 1054 2404 divino
1076 2347 1253 2402 exusti
1275 2355 1402 2401 sunt
1432 2347 1573 2416 igne,
1601 2361 1668 2401 eo
1688 2346 1833 2416 quod

233 2444 392 2498 altari
447 2443 546 2497 Dei
589 2443 766 2511 ignem
817 2438 1054 2494 alienum
1098 2437 1467 2506 imponebant.
1509 2435 1628 2502 Quo
1662 2436 1830 2502 Iacto,

233 2537 289 2589 ni
324 2533 513 2598 fallor,
557 2532 858 2594 intimatur,
910 2527 1054 2599 quod
1102 2527 1232 2582 licet
1278 2526 1433 2580 multi
1476 2541 1545 2580 ex
1595 2535 1835 2596 quatuor

233 2622 386 2677 orbis
409 2621 662 2692 partibus
687 2619 928 2684 collecti,
957 2628 1013 2674 et
1047 2619 1099 2672 in
1129 2617 1316 2672 divino
1359 2615 1664 2671 ministerio
1699 2617 1831 2671 sub-

234 2713 437 2776 limati,
489 2711 840 2781 praesulatum
889 2709 945 2764 in
980 2707 1220 2764 Ecclesia
1273 2706 1475 2761 habere
1521 2705 1830 2772 videantur,

235 2802 311 2858 illi
341 2813 532 2858 tamen
567 2799 904 2857 solummodo
957 2800 1062 2854 rite
1085 2798 1140 2852 in
1171 2796 1474 2852 ministerio
1525 2810 1624 2850 suo
1661 2795 1834 2866 persi-

237 2901 426 2958 stunt,
487 2892 580 2962 qui
630 2906 760 2946 sana
805 2889 1051 2944 doctrina
1104 2889 1333 2944 duorum
1379 2894 1832 2942 testamentorum

239 2985 482 3055 Spiritus
518 2985 690 3040 sancti
721 2984 844 3052 igne
871 2981 1199 3048 examinata,
1228 2978 1672 3050 praedicationem
1702 2993 1832 3034 con-

239 3079 475 3143 ﬁciunt;
525 3083 580 3132 et
608 3084 831 3146 propter
854 3073 1192 3130 dilectionem
1237 3072 1333 3128 Dei
1358 3080 1414 3127 et
1436 3071 1671 3142 proximi
1712 3069 1830 3124 zelo

1934 1897 2086 1953 Levi.
2122 1897 2205 1952 An
2245 1897 2386 1954 forte
2432 1899 2540 1963 hic,
2584 1898 2831 1968 tetigerit,
2881 1897 2948 1951 ad
2977 1896 3296 1966 obsequium
3327 1895 3527 1948 dixerit

1932 1991 2231 2057 servitutis,
2276 1993 2421 2060 quod
2448 2005 2480 2044 a
2511 1990 2640 2046 solis
2685 1990 2890 2045 Levitis
2934 1989 3119 2044 deberi
3169 1987 3526 2044 tabernaculo

1931 2081 2224 2151 pmepit?
2253 2080 2382 2135 hinc
2406 2079 2553 2136 enim
2580 2079 2926 2148 loquebatur.

2557 2191 2784 2250 CAPUT
2819 2191 2884 2246 ν.

1933 2282 2022 2356 De
2051 2282 2242 2338 Levitis
2270 2285 2532 2356 quomodo
2555 2299 2650 2356 pro
2687 2282 3045 2356 primogenitis
3068 2282 3317 2356 ﬁliorum
3327 2281 3524 2356 Israel,

1984 2353 2242 2409 Dominus
2272 2351 2358 2410 eos
2386 2354 2504 2408 tulit
2539 2351 2609 2408 ad
2643 2351 2990 2408 ministerium
3012 2351 3338 2406 tabernaculi
3367 2353 3470 2406 sui.

2008 2445 2186 2518 (Ιιιιο.)
2214 2445 2545 2517 Locutusque
2569 2455 2644 2500 est
2674 2444 2928 2498 Dominus
2958 2445 3028 2498 ad
3052 2443 3270 2513 Moysen
3306 2443 3484 2498 dicens
3508 2457 3527 2496 :

1934 2533 2049 2605 Ego
2081 2535 2182 2590 tuli
2210 2534 2417 2590 Levitas
2441 2554 2474 2590 a
2510 2535 2637 2604 ﬁliis
2666 2533 2858 2599 Israel,
2889 2551 2982 2605 pro
3007 2535 3149 2588 omni
3174 2534 3523 2604 primogenita

1931 2626 2022 2694 qui
2071 2626 2239 2696 aperit
2277 2625 2478 2680 vulvam
2523 2627 2578 2680 in
2608 2625 2735 2694 ﬁliis
2783 2623 3001 2690 Israel;
3041 2633 3296 2694 eruntque
3335 2622 3528 2678 Leritte

1932 2717 2056 2772 mei.
2108 2715 2286 2770 Meum
2318 2725 2395 2771 est
2441 2717 2580 2772 enim
2620 2733 2771 2771 omne
2817 2717 3241 2786 primogenitum.
3296 2714 3381 2768 Ea:
3422 2731 3525 2784 quo

1932 2809 2166 2878 percussi
2217 2809 2564 2878 primogenita
2611 2808 2667 2862 in
2709 2817 2850 2861 terra
2892 2807 3150 2876 Egypti,
3201 2805 3526 2873 sanctiﬁcavi

1933 2899 2062 2952 mihi
2091 2898 2346 2968 quidquid
2383 2899 2608 2968 primum
2637 2898 2874 2951 nascitur
2898 2898 2953 2951 in
2981 2896 3172 2950 Israel.
3214 2896 3291 2949 Ab
3317 2895 3526 2948 homine

1933 3005 2098 3060 usque
2137 2989 2206 3044 ad
2233 3005 2391 3059 pecus
2431 2989 2531 3042 mei
2561 2998 2724 3053 sunt;
2776 3005 2870 3058 ego
2909 2987 3187 3042 Dominus.
3217 2987 3326 3056 (Ea:
3351 2988 3528 3056 Augu-

1932 3079 2114 3152 stino.)
2185 3079 2326 3147 Quid
2382 3090 2467 3135 est
2515 3080 2660 3150 quod
2715 3079 2932 3134 Levitas
2992 3095 3092 3150 pro
3153 3078 3530 3150 primogenitis

239 3171 331 3224 Dei
366 3168 591 3224 θεεθηδί
613 3208 628 3232 ν
674 3167 727 3222 in
764 3166 1135 3235 Ρτοιίιηοΐυω
1175 3163 1346 3219 Salute
1388 3158 1651 3232 quidquid
1705 3174 1829 3229 905'
1855 3148 1904 3213 C
1935 3148 2168 3228 ﬁliorum
2197 3172 2365 3228 Israel
2405 3173 2505 3227 sibi
2533 3148 2678 3228 Deus
2717 3172 2969 3242 deputat,
2993 3148 3094 3225 vita
3138 3148 3200 3224 ut
3228 3168 3532 3224 numeratis

239 3270 380 3325 sum:
440 3259 723 3315 elaborare
769 3257 1006 3313 δῑυάειιι·
1056 3255 1325 3310 Gaium“!
1364 3254 1457 3324 τιυὶ
1504 3252 1712 3308 alienas
1734 3251 1833 3306 do‘
1931 3265 2338 3337 primogenitis,
2383 3264 2567 3333 populi
2603 3264 2697 3333 qui
2724 3263 2908 3334 plures
2943 3262 3150 3316 inventi
3197 3269 3325 3315 sunt
3365 3274 3528 3329 quam

238 3352 448 3406 etrinas
475 3357 534 3404 et
557 3348 871 3418 magisterio
896 3347 1146 3400 humana:
1173 3345 1527 3400 institutionis
1553 3342 1831 3399 confectas
1932 3364 2052 3410 erat
2101 3370 2362 3410 “umerus
2414 3353 2724 3408 Levitarum
2749 3393 2764 3418 ,
2828 3360 3055 3423 argento
3110 3351 3531 3415 redimerentur,

242 3443 531 3507 inducunt,
577 3440 929 3509 saecularique
957 3437 1253 3508 cupiditate
1301 3437 1551 3501 accensi,
1603 3436 1657 3491 id
1686 3435 1832 3504 quod

1936 3447 2076 3502 sicut
2108 3447 2164 3500 in
2197 3445 2656 3516 consequentibus
2683 3443 2846 3514 hujus
2875 3445 3002 3499 libri
3033 3443 3314 3513 Scriptura
3359 3451 3529 3497 testa-

242 3534 488 3588 divinum
516 3542 605 3586 est
632 3531 847 3601 indigne
875 3537 1269 3597 exsequuntur,
1304 3528 1427 3598 igne
1451 3525 1674 3582 ultionis
1685 3524 1832 3594 juste

243 3639 274 3678 a
301 3625 540 3681 Domino
563 3624 617 3679 in
639 3639 733 3680 eos
758 3623 965 3678 directo
989 3629 1408 3678 consumuntur.

850 3734 1078 3791 CAPUT
1123 3733 1212 3789 IV.

245 3828 317 3883 De
339 3827 471 3898 ﬁliis
504 3830 682 3898 Aaron
718 3836 777 3898 et
806 3826 1094 3898 ministerio
1139 3841 1360 3898 eorum;
1405 3823 1646 3878 similiter
1673 3831 1723 3877 et
1769 3823 1834 3878 de

603 3896 794 3951 Levitis
824 3907 978 3966 atque
1007 3896 1250 3965 obsequio
1272 3910 1473 3948 eorum.

310 3989 467 4062 (Car.
502 3986 606 4059 ιιι.)
641 3987 972 4056 Locutusque
1007 3995 1082 4039 est
1123 3983 1380 4038 Dominus
1414 3984 1484 4038 ad
1512 3983 1728 4054 Moysen
1754 3985 1836 4037 di-

247 4100 358 4137 cens
385 4101 399 4136 :
435 4081 656 4151 Applica
685 4079 876 4134 tribum
905 4079 1048 4144 Levi,
1099 4088 1148 4132 et
1174 4078 1260 4148 fac
1304 4087 1444 4133 stare
1469 4079 1524 4132 in
1556 4086 1834 4146 conspectu

246 4175 424 4229 Aaron
449 4173 740 4228 sacerdotis
765 4182 820 4226 ut
862 4173 1156 4226 ministrent
1185 4171 1262 4236 ei,
1294 4180 1341 4225 et
1373 4171 1625 4225 excubent
1657 4179 1708 4224 et
1743 4169 1835 4224 ob-

246 4276 446 4321 servent
472 4267 726 4335 quidquid
749 4266 819 4319 ad
865 4264 1062 4323 cultum
1108 4265 1327 4334 pertinet
1359 4263 1709 4318 multitudinis
1747 4280 1836 4318 co-

249 4375 356 4412 ram
381 4357 726 4412 tabernaculo
753 4356 1056 4421 testimonii,
1103 4366 1151 4410 et
1184 4356 1479 4410 custodiant
1510 4372 1634 4411 vasa
1663 4357 1836 4410 taber-
1871 4341 1882 4350 ’

247 4448 425 4501 naculi
455 4447 730 4500 servientes
775 4445 832 4499 in
870 4446 1163 4500 ministerio
1212 4446 1348 4515 ejus.
1394 4445 1658 4517 Dabisque
1693 4446 1832 4500 dono

1935 3551 2044 3607 tur,
2089 3541 2328 3609 quinque
2359 3539 2508 3594 siclis
2542 3555 2641 3609 pro
2678 3553 2786 3592 uno
2814 3537 2977 3600 datis,
3027 3536 3169 3605 quod
3199 3551 3298 3604 pro
3320 3535 3534 3603 pecori-

1931 3631 2038 3685 bus
2065 3645 2172 3684 non
2215 3637 2298 3683 est
2347 3628 2551 3682 factum
2579 3641 2705 3681 cum
2751 3635 2806 3680 et
2831 3639 3027 3694 pecora
3074 3625 3386 3678 Levitarum
3425 3636 3525 3690 pro

1931 3721 2310 3794 primogenitis
2336 3735 2591 3791 pecorum
2615 3719 2780 3773 Israel
2809 3719 2912 3773 sibi
2940 3731 3059 3772 esse
3081 3715 3355 3770 voluerit?
3392 3713 3532 3779 Quo-
3584 3769 3598 3780 ,

1933 3815 2096 3870 modo
2121 3814 2375 3883 deinceps
2417 3812 2780 3883 primogenita
2821 3825 3008 3865 eorum
3041 3808 3122 3863 vel
3154 3821 3410 3878 pecorum
3439 3821 3531 3859 eo-

1934 3923 2054 3962 rum
2083 3908 2430 3978 pertinebant
2451 3905 2517 3960 ad
2539 3906 2731 3971 Deum,
2755 3904 2844 3958 ubi
2871 3903 3034 3972 jussit
3053 3899 3411 3971 primogenita
3442 3897 3526 3952 vel

1934 3998 2170 4053 humana
2195 3999 2394 4054 mutari
2420 3998 2652 4053 ovibus?
2687 3996 2968 4064 Quomodo
3007 4009 3112 4048 non
3142 3992 3397 4061 deinceps
3429 4005 3529 4060 pro

1935 4091 2056 4146 istis
2098 4090 2476 4162 primogenitis
2525 4089 2986 4160 computabuntur
3037 4084 3132 4138 ﬁlii
3169 4083 3529 4137 Levitarum?

1937 4181 2188 4237 Manebat
2217 4182 2360 4236 enim
2388 4182 2440 4236 in
2469 4179 2707 4250 posteris
2733 4178 2922 4233 eadem
2951 4176 3146 4235 tribus,
3197 4187 3316 4240 quae
3346 4178 3532 4239 posset

1934 4287 2036 4343 pro
2060 4272 2434 4342 primogenitis
2463 4269 2854 4340 posterioribus
2887 4263 3189 4334 computari
3217 4280 3230 4315 :
3270 4262 3373 4315 nisi
3401 4261 3527 4329 quia

1937 4362 2068 4416 illud
2089 4360 2294 4430 justum
2325 4361 2446 4424 fuit,
2485 4367 2546 4413 ut
2572 4359 2664 4428 qui
2693 4364 3046 4412 nascerentur
3073 4353 3140 4408 de
3171 4352 3276 4406 illis
3306 4352 3395 4420 qui
3416 4351 3528 4419 jam

1936 4454 2004 4507 ad
2033 4451 2336 4521 portionem
2366 4449 2577 4505 Domini
2607 4447 2947 4519 pertinebant
2974 4485 2987 4509 ,
3043 4443 3152 4496 dati
3199 4458 3298 4512 pro
3325 4441 3530 4512 primo-

246 4536 459 4591 Levitas
499 4537 696 4602 Aaron,
724 4545 772 4590 et
795 4535 897 4604 ﬁlii
919 4536 1032 4606 ejus
1053 4536 1241 4606 quibus
1270 4535 1452 4588 traditi
1476 4544 1599 4590 sunt
1639 4553 1672 4590 a
1710 4535 1838 4605 ﬁliis
1862 4530 1918 4591 D
1941 4544 2138 4616 genitis
2177 4542 2269 4613 qui
2298 4543 2364 4597 de
2388 4541 2624 4614 Egypto
2655 4539 2928 4601 exierunt,
2966 4535 3079 4605 jam
3107 4535 3250 4590 Deus
3282 4534 3530 4604 proprios

249 4627 440 4684 Israel.
499 4630 678 4684 Aaron
719 4639 892 4683 autem
918 4638 968 4682 et
1011 4628 1149 4698 ﬁlios
1189 4628 1305 4698 ejus
1340 4628 1622 4682 constitues
1678 4645 1835 4698 super

248 4719 449 4774 cultum
481 4719 786 4774 sacerdotis.
821 4717 1172 4788 Septuaginta
1203 4736 1217 4774 :
1275 4717 1343 4772 Et
1379 4717 1585 4772 locutus
1613 4727 1691 4773 est
1733 4719 1838 4772 Do-

249 4811 421 4864 minus
452 4809 523 4863 ad
549 4809 765 4879 Moysen
795 4810 974 4863 dicens
996 4825 1014 4862 :
1045 4808 1233 4880 Accipe
1255 4809 1448 4863 tribum
1475 4807 1617 4872 Levi.
1655 4818 1704 4865 et
1733 4819 1837 4866 sta-

252 4911 359 4956 tues
407 4917 496 4955 eos
525 4902 580 4954 in
627 4909 902 4970 conspectu
951 4899 1130 4954 Aaron
1176 4899 1462 4954 sacerdotis
1491 4908 1540 4954 et
1565 4901 1836 4954 ministra-

253 4991 374 5046 bunt
401 4993 492 5058 ei;
538 5000 586 5045 et
617 4991 904 5046 custodient
929 4991 1196 5046 custodias
1235 4991 1468 5060 ﬁliorum
1500 4991 1671 5047 Israel
1716 5001 1837 5046 ante

253 5081 648 5137 tabernaculum
673 5082 974 5136 testimonii.
1017 5079 1145 5153 (Ea
1177 5080 1510 5153 Augustino.)
1559 5080 1707 5148 Quas
1734 5103 1833 5156 φυ-

249 5173 403 5236 λακὰς
425 5173 651 5229 Graecus
679 5173 834 5239 dixit,
869 5173 968 5229 has
997 5173 1170 5228 nostri
1197 5173 1520 5242 interpretes
1547 5175 1638 5229 alii
1661 5182 1839 5229 custo-

253 5266 389 5330 dias,
419 5265 512 5319 alii
537 5265 792 5320 exeubias
816 5265 1156 5335 interpretati
1185 5273 1330 5318 sunt.
1379 5264 1487 5320 Sed
1515 5266 1712 5320 mirum
1733 5266 1836 5320 nisi

251 5355 447 5425 vigiliae
477 5355 670 5410 melius
697 5356 953 5410 dicuntur
973 5397 988 5420 ,
1024 5371 1144 5425 qua:
1167 5355 1342 5410 solent
1371 5363 1645 5410 ternarum
1675 5357 1838 5410 bora-

253 5459 371 5500 rnm
429 5447 836 5503 observationes
889 5449 1108 5503 habere.
1179 5448 1334 5504 Unde
1397 5448 1655 5518 scriptum
1706 5456 1832 5502 est:

255 5536 460 5602 Quarta
494 5547 671 5592 autem
717 5537 895 5608 vigilia
945 5540 1112 5594 noctis
1160 5539 1295 5594 venit
1323 5539 1394 5593 ad
1424 5555 1512 5594 eos
1558 5539 1833 5594 ambulans

255 5642 406 5694 super
426 5645 571 5682 mare
593 5627 809 5697 (Matth.
837 5628 974 5699 xiv),
1005 5629 1110 5684 hoc
1133 5638 1238 5696 est,
1267 5637 1389 5701 post
1411 5645 1608 5686 nonam
1643 5631 1834 5686 horam

260 5720 448 5785 noctis,
477 5729 599 5792 post
635 5729 746 5777 tres
801 5721 1044 5778 videlicet
1092 5722 1322 5794 vigilias.
1371 5723 1439 5778 Et
1482 5723 1665 5781 multis
1703 5723 1836 5782 locis

1938 4636 2164 4691 haberet
2190 4643 2446 4704 tanquam
2487 4647 2615 4688 suos
2637 4631 2702 4686 de
2737 4630 2872 4695 suis,
2905 4644 3006 4684 nec
3029 4633 3251 4698 possent
3277 4641 3375 4695 pro
3424 4624 3530 4679 illis

1931 4727 2079 4798 juste
2107 4725 2438 4795 computari,
2481 4725 2574 4794 qui
2612 4724 2867 4792 deinceps
2898 4719 3244 4792 primogeniti
3288 4717 3397 4771 Deo
3427 4716 3524 4771 de-

1937 4818 2226 4873 bebantur.
2277 4818 2354 4872 De
2400 4817 2653 4871 universo
2687 4815 2884 4884 quippe
2928 4811 3124 4881 populo
3170 4817 3224 4864 et
3263 4808 3528 4862 universis

1938 4910 2229 4979 pecoribus
2258 4907 2460 4978 populi,
2512 4907 2637 4962 data
2666 4913 2752 4961 est
2790 4904 2967 4974 portio
2999 4905 3107 4957 Deo
3135 4918 3232 4972 pro
3262 4901 3530 4971 primoge-

1939 4998 2106 5054 nitis:
2159 5006 2214 5054 et
2254 4999 2370 5054 haec
2396 4997 2575 5069 portio
2602 5003 2718 5050 erat
2760 4995 2962 5049 Levita:
2991 5003 3045 5049 et
3075 5007 3271 5062 pecora
3319 5007 3524 5045 eorum.

1938 5087 2059 5144 Jam
2102 5091 2146 5145 si
2195 5089 2326 5159 quid
2362 5088 2672 5160 genuissent
2708 5085 2805 5140 Dei
2837 5092 2985 5147 erat,
3030 5099 3136 5138 non
3175 5089 3386 5152 poterat
3427 5081 3529 5133 hoc

1942 5193 2198 5254 tanquam
2231 5197 2259 5234 a
2286 5179 2484 5249 populo
2527 5179 2664 5241 dari,
2701 5177 2843 5246 quod
2874 5177 3109 5231 alienum
3148 5183 3285 5228 erat.
3329 5171 3406 5224 Ae
3431 5184 3529 5237 per

1941 5275 2045 5328 hoc
2077 5272 2257 5327 debita
2288 5271 2544 5340 deinceps
2569 5268 2926 5338 primogenita
2965 5267 3074 5320 Deo
3111 5263 3260 5319 reddi
3308 5266 3526 5329 oporte-

1940 5365 2071 5430 bat;
2105 5379 2203 5418 nec
2236 5378 2334 5433 pro
2357 5362 2444 5417 his
2485 5360 2786 5430 computari
2816 5368 3061 5430 posteros
3090 5354 3397 5408 Levitarum
3443 5347 3526 5402 vel

1936 5469 2191 5524 pecorum
2215 5467 2423 5507 eorum.
2459 5451 2524 5505 Et
2547 5459 2718 5513 erunt,
2747 5449 2940 5519 inquit,
2969 5447 3160 5500 Levita’
3182 5443 3282 5495 mei
3305 5455 3322 5492 :
3352 5455 3527 5492 meum

1937 5547 2075 5600 enim
2123 5554 2198 5598 est
2231 5559 2382 5598 omne
2407 5542 2830 5613 primogenitum.
2894 5538 2980 5592 Ea:
3021 5535 3104 5587 die
3145 5550 3248 5602 qua
3295 5530 3530 5602 percussi

1937 5655 2088 5693 omne
2117 5635 2516 5707 primogenitum
2539 5635 2595 5686 in
2615 5643 2754 5686 terra
2779 5628 3020 5699 Egypti,
3048 5625 3175 5678 mihi
3198 5621 3524 5692 sanctiﬁcavi

1938 5744 2088 5782 omne
2108 5726 2446 5798 primitivum.
2479 5722 2674 5778 Notum
2697 5728 2779 5776 est
2805 5716 2947 5788 quod
2970 5715 3195 5772 historia
3219 5715 3525 5795 contineat,
