3924 6176
460 347 562 405 607

1096 344 1158 400 Β.
1198 337 1452 400 RABA'NI
1493 341 1714 399 MAURI
1749 342 2072 398 ARCHIEP.
2115 340 2422 398 lllOGU'N'l‘.
2467 339 2754 399 OPEBUM
2793 341 2974 398 PARS
3011 344 3050 399 I.

3610 353 3697 406 ϐω

456 459 728 532 quomodo
766 472 1021 528 percussa
1073 459 1182 513 sint
1231 459 1589 528 primogenita
1637 456 2037 528 Egyptiorum,
2066 459 2115 516 Α
2143 458 2423 511 venienter
2460 456 2528 509 ad
2571 455 2903 510 tabernaculi
2935 459 3217 512 servitium
3265 469 3322 514 et
3375 475 3540 516 onera
3587 481 3705 534 por-

457 569 580 609 cum
616 551 843 622 populus
869 550 1033 606 Israel
1072 550 1358 605 duceretur
1399 549 1466 604 de
1512 548 1768 619 ASgypto.
1813 547 1924 603 Hoc
1954 556 2038 602 est

457 659 590 715 ergo
626 641 850 711 quodin
902 643 1006 696 hoc
1053 641 1170 696 loco
1223 641 1525 695 indicatur:
1570 641 1696 710 quia
1735 655 1845 694 non
1887 641 2038 708 prius

456 731 779 788 sanctiﬁcati
815 739 943 786 sunt
969 731 1308 800 primogeniti
1353 730 1520 786 Israel
1548 770 1568 794 ,
1600 738 2040 800 quanrpercute-

455 833 646 878 rentur
689 822 1064 895 [Egyptiorum
1113 823 1478 893 primogeniti.
1529 823 1595 877 Et
1623 823 1775 892 quasi
1821 837 2038 877 causam

455 913 923 978 sanctiﬁcationis,
955 913 1144 967 horam
1174 913 1227 966 in
1260 912 1480 967 interitu
1503 921 1559 967 et
1580 928 1711 966 nece
1736 913 1891 982 ponit
1921 911 2042 988 illo-

457 1007 596 1058 rum.
639 1003 792 1058 Unde
819 1011 874 1056 et
911 1004 1000 1057 hic
1051 1003 1456 1073 intelligendum
1497 1011 1578 1058 est
1623 1018 1743 1058 esse
1777 1003 2038 1071 quosdam

455 1093 840 1164 primogenitos
867 1093 921 1146 in
945 1092 1215 1163 Egyptiis
1237 1095 1422 1157 etiam,
1453 1094 1506 1148 id
1535 1103 1635 1158 est,
1672 1094 1726 1147 in
1755 1094 2042 1148 contrariis

456 1183 815 1252 potestatibus
837 1182 990 1252 quasi
1021 1182 1224 1238 electos
1245 1185 1299 1237 in
1326 1183 1552 1248 malitia,
1589 1192 1642 1237 et
1665 1183 1870 1252 primos
1901 1183 2043 1237 inter

457 1272 762 1327 daemones:
792 1273 883 1341 qui
911 1273 1012 1327 nisi
1042 1275 1283 1342 percussi
1313 1274 1578 1328 fuerintet
1606 1275 1885 1339 exstincti,
1911 1289 2040 1328 san-

455 1363 838 1417 ctiﬁcationem
861 1362 1140 1433 percipere
1171 1365 1536 1418 lsraelitarum
1558 1363 1899 1434 primogeniti
1925 1380 2042 1418 om-

455 1455 588 1512 nino
615 1469 722 1508 non
753 1464 1001 1523 possunt.
1059 1455 1191 1522 Quis
1232 1471 1362 1526 ergo
1387 1465 1472 1511 est
1516 1457 1608 1526 qui
1650 1457 2041 1527 primogenitos

457 1545 856 1616 Egyptiorum,
903 1545 956 1601 id
983 1556 1085 1611 est,
1136 1547 1471 1617 principatus
1513 1556 1568 1600 et
1609 1555 1907 1617 potestates
1934 1547 2043 1602 (Itb-

457 1652 676 1691 monum
713 1639 1024 1705 percussit?
1057 1639 1244 1693 Nonne
1256 1640 1516 1694 Dominus
1545 1653 1698 1692 meus
1714 1637 1870 1693 Jesus
1893 1638 2044 1693 Chri-

457 1735 592 1791 stus,
615 1727 705 1795 qui
735 1736 820 1783 est
848 1729 1237 1799 primogenitus
1257 1730 1442 1784 omnis
1467 1738 1750 1794 creaturae,
1768 1730 1860 1798 qui
1889 1731 2040 1800 prin-

457 1816 670 1886 cipatus
698 1826 754 1872 et
783 1825 1078 1887 potestates
1116 1818 1372 1873 adversas
1402 1819 1657 1881 traduxit,
1701 1819 2039 1888 triumphans

458 1921 555 1962 eos
581 1907 636 1962 in
659 1911 860 1964 cruce?
891 1911 1038 1977 Quos
1061 1912 1246 1980 utique
1273 1913 1378 1966 nisi
1405 1911 1492 1968 ille
1516 1913 1893 1981 percussisset,
1917 1928 2041 1968 san.

455 1999 717 2056 ctiﬁcatio
748 2002 814 2055 ad
843 2017 942 2057 uos
987 2001 1332 2072 primitivalis
1379 2005 1564 2059 venir‘e
1609 2003 1916 2059 nullatenus
1943 2019 2040 2074 μοι

459 2089 669 2144 tuisset.
718 2079 788 2147 Ut
818 2100 997 2146 autem
1028 2093 1182 2147 nobis
1216 2094 1612 2162 primitivorum
1636 2096 2040 2152 benedictiones

457 2178 704 2244 donaret,
757 2179 992 2236 efﬁcitur
1043 2183 1194 2251 prius
1224 2184 1338 2253 ipse
1372 2185 1746 2255 primogenitus
1788 2203 1853 2240 ea;
1896 2203 2038 2240 mor-

455 2270 584 2336 tuis,
602 2280 659 2324 ut
685 2273 750 2325 sit
777 2274 832 2326 in
853 2273 1148 2328 hominibus
1174 2277 1282 2344 ipse
1302 2276 1584 2344 primatum
1606 2286 1784 2332 tenens
1811 2277 2035 2349 (Coloss.

457 2359 537 2424 1);
578 2368 634 2414 et
676 2377 780 2416 nos
799 2363 1084 2417 credentes
1134 2365 1551 2420 resurrectionis
1583 2381 1693 2421 sua:
1738 2377 2040 2422 assumeret

456 2460 556 2514 pro
583 2449 894 2516 primitivis,
938 2460 993 2504 et
1017 2452 1072 2505 in
1101 2453 1499 2521 primitivorum
1529 2456 1776 2510 ordinem
1812 2457 2041 2512 colloca-

456 2545 561 2601 ret,
592 2537 639 2591 si
663 2546 840 2592 tamen
870 2540 1306 2595 benedictionurn
1334 2543 1566 2612 gratiam
1590 2561 1761 2615 usque
1787 2547 1856 2599 ad
1879 2548 2039 2602 ﬁnem

457 2624 669 2680 ﬁrmam
699 2629 1049 2694 retineamus,
1096 2633 1264 2701 adjuti
1310 2634 1681 2690 misericordia
1724 2637 1892 2706 ipsius
1936 2638 2042 2694 Do-

456 2716 589 2770 mini
621 2719 791 2772 nostri
819 2719 944 2774 Jesu
965 2719 1185 2776 Christi.
1223 2723 1328 2777 Sed
1355 2733 1412 2779 et
1431 2728 1574 2794 quod
1595 2729 1691 2791 ait,
1727 2744 1827 2798 pro
1848 2730 2041 2800 primi-

455 2805 568 2860 tivo
593 2808 737 2876 quod
765 2810 941 2878 aperit
963 2811 1198 2877 vulvam,
1230 2815 1489 2870 continuo
1519 2817 1708 2888 dignus
1733 2819 2042 2876 sanctiﬁcat--

455 2895 604 2951 tione
642 2897 1004 2968 primitivatus
1035 2902 1316 2960 habendus
1346 2914 1462 2971 est,
1503 2909 1630 2976 quia
1652 2918 1706 2964 et
1730 2910 1782 2963 in
1813 2910 2042 2967 Psalmis

456 2983 708 3057 legimus,
758 2991 903 3058 quod
935 2991 1152 3046 alienati
1192 3006 1313 3050 suut
1363 3009 1658 3066 peccatores
1686 3019 1718 3055 a
1759 3001 1930 3068 uulua,
1960 3019 2044 3056 er-

459 3088 705 3132 raverunt
745 3095 778 3132 a
821 3090 1017 3146 ventre,
1073 3083 1236 3138 locuti
1286 3096 1408 3140 sunt
1449 3087 1588 3156 falsa
1657 3087 1830 3160 (Psal.
1881 3091 2036 3163 uti).

2137 547 2321 611 tanda,
2368 563 2466 617 per
2495 562 2686 617 gyrum
2725 546 3056 602 tabernaculi
3086 558 3265 604 castra
3297 553 3544 606 metanda
3564 566 3706 624 apta-

2139 648 2358 702 rentur,
2402 637 2721 708 dispositum
2747 647 2854 694 est.
2899 639 3009 697 Nec
3037 640 3201 696 etiam
3231 642 3332 697 hoc
3381 643 3500 699 sine
3529 648 3704 714 grandi

2136 729 2398 799 mysterio
2449 729 2565 782 ﬁeri
2615 728 2942 784 credendum
2994 738 3098 784 est.
3155 731 3262 787 Sed
3311 748 3414 788 nos
3443 749 3605 802 pauca
3643 736 3705 793 de

2139 819 2322 873 multis
2346 832 2444 887 pro
2471 819 2739 888 parvitate
2762 833 2955 874 sensus
2976 819 3146 874 nostri
3185 821 3424 876 breviter
3443 825 3701 896 attingen—

2141 917 2222 963 tes
2265 907 2470 975 majora
2522 907 2938 977 perfectiorihus
2983 910 3351 978 relinquemus
3381 916 3703 982 exponenda.

2140 1001 2382 1054 Diximus
2411 1015 2539 1070 ergo
2565 999 2780 1054 Levites
2819 999 3248 1056 ecclesiasticum
3275 1003 3520 1056 ordinem
3554 1005 3710 1074 signi-

2141 1090 2304 1145 ﬁcare
2329 1109 2342 1141 :
2372 1091 2517 1160 quod
2539 1090 2678 1146 bene
2705 1091 2881 1159 ipsum
2911 1107 3104 1146 nomen
3141 1107 3236 1146 sua
3276 1094 3711 1162 interpretatione

2141 1179 2469 1236 manifestat.
2502 1181 2890 1250 Interpretatur
2918 1183 3063 1236 enim
3092 1182 3218 1236 Levi
3247 1184 3460 1238 additus
3497 1185 3610 1238 sive
3632 1205 3710 1239 as-

2139 1282 2394 1342 sumptus.
2448 1269 2772 1340 Assumptus
2825 1288 2956 1342 ergo
3005 1274 3121 1328 sive
3177 1275 3389 1329 additus
3438 1277 3707 1331 doctorum

2139 1365 2274 1419 ordo
2298 1372 2444 1418 recte
2469 1364 2649 1418 vocari
2675 1373 2870 1433 potest,
2901 1366 3026 1435 quia
3052 1381 3150 1435 per
3173 1367 3401 1436 gratiam
3432 1384 3712 1438 supernam

2141 1456 2207 1509 de
2236 1454 2436 1510 mundo
2463 1453 2639 1508 elatus
2685 1454 2754 1508 ad
2801 1455 3044 1508 divinum
3090 1455 3330 1510 ofﬁcium
3363 1457 3712 1526 implendum,

2140 1546 2304 1600 metui
2353 1552 2664 1600 sanctorum
2708 1545 3021 1614 angelorum
3065 1547 3280 1601 additus
3329 1558 3496 1616 atque
3541 1551 3716 1604 unitas

2139 1648 2240 1694 est.
2269 1638 2424 1695 Unde
2435 1637 2685 1693 Salvator
2705 1638 2758 1692 in
2772 1637 3063 1707 Evangelio
3083 1640 3344 1707 apostolis
3365 1642 3476 1694 ait:
3505 1640 3614 1710 Ego
3629 1659 3712 1696 ros

2141 1731 2270 1800 elegi
2282 1730 2347 1784 de
2361 1729 2576 1794 mundo,
2600 1739 2656 1782 ut
2680 1730 2812 1783 eatis
2836 1739 2882 1782 et
2908 1728 3137 1797 fructum
3161 1730 3422 1798 aﬁ'eratis,
3444 1742 3493 1784 et
3518 1733 3714 1798 fructus

2065 1799 2112 1858 Β
2141 1799 2302 1875 uester
2318 1829 2526 1873 maneat
2545 1817 2602 1889 (Ι
2606 1835 2728 1872 oon.
2743 1817 2856 1888 xv).
2873 1818 2940 1872 Et
2957 1819 3082 1873 alibi
3095 1817 3162 1872 de
3175 1822 3572 1875 resurrectione
3591 1837 3717 1876 vera

2135 1919 2190 1965 et
2212 1917 2520 1965 sanctorum
2547 1909 2716 1980 gloria
2737 1909 3026 1974 disserens,
3053 1911 3386 1964 tentantibus
3403 1909 3602 1966 iudicis
3628 1928 3718 1967 re-

2137 2002 2355 2071 spondit
2385 2018 2398 2054 :
2428 2000 2497 2054 In
2524 2000 2899 2054 resurrectione
2946 2001 3082 2055 enim
3129 2016 3296 2071 neque
3338 2002 3528 2056 nubent
3559 2020 3720 2073 neque

2138 2091 2412 2155 nubentur,
2441 2091 2530 2145 sed
2561 2100 2682 2144 sunt
2708 2092 2844 2145 sicut
2868 2091 3040 2161 angeli
3068 2091 3165 2146 Dei
3189 2093 3246 2145 in
3265 2091 3409 2147 calo.
3435 2093 3572 2149 Tres
3591 2110 3718 2164 ergo

2139 2181 2233 2235 lilii
2278 2181 2408 2235 Levi
2456 2181 2674 2236 eosdem
2725 2189 2944 2238 sanctos
2983 2181 3370 2249 praedicatores
3411 2183 3716 2253 designant,

2139 2280 2339 2326 sancta:
2392 2271 2673 2325 Trinitatis
2707 2269 3044 2326 confessione
3090 2271 3346 2342 insignes,
3394 2281 3559 2342 atque
3597 2276 3715 2338 ﬁde,

2139 2376 2232 2430 spe
2261 2371 2316 2415 ct
2347 2361 2613 2416 charitate
2647 2360 2801 2415 valde
2833 2360 3202 2416 admirabiles.
3249 2361 3361 2417 Nec
3395 2362 3522 2418 huic
3552 2379 3717 2433 expo-

2139 2452 2342 2516 sitioni,
2381 2467 2571 2507 eorum
2605 2452 2884 2506 hominum
2929 2453 3305 2522 interpretatio
3341 2453 3521 2523 aliquo
3565 2458 3720 2511 modo

2142 2551 2428 2612 repugnat,
2461 2543 2556 2597 sed
2595 2541 2751 2597 valde
2797 2543 3110 2598 concordat.
3148 2544 3545 2614 Interpretatur
3579 2548 3721 2602 enim

2139 2634 2349 2688 Gerson
2377 2633 2609 2697 adt-eun;
2651 2641 2711 2688 et
2734 2633 2906 2688 Caath
2943 2635 3196 2704 patientia
3229 2635 3312 2688 vel
3345 2635 3572 2690 molares
3599 2636 3726 2690 den-

2142 2732 2250 2786 tes;
2278 2721 2474 2776 Morari
2505 2738 2690 2775 amara
2729 2722 2842 2776 sive
2885 2721 3204 2776 amaritudo.
3237 2722 3557 2793 Quicunque
3579 2725 3723 2778 enim

2143 2815 2444 2871 ministerio
2475 2815 2658 2869 divino
2704 2815 2808 2870 rite
2852 2815 3211 2883 mancipatur,
3258 2813 3522 2870 advenam
3571 2832 3630 2872 se
3672 2824 3727 2872 et

2143 2906 2490 2976 peregrinum
2511 2905 2566 2958 in
2594 2904 2698 2960 hoc
2719 2904 2920 2958 mundo
2939 2919 3060 2959 esse
3077 2905 3350 2974 agnoscit;
3379 2913 3435 2960 et
3455 2907 3724 2976 patientia

2143 3010 2364 3064 operam
2406 2995 2561 3060 dans,
2612 2995 2839 3048 verbum
2884 2994 3123 3049 divinum
3175 2995 3336 3049 dente
3385 2995 3726 3052 discretionis

2143 3087 2348 3142 molere
2367 3094 2528 3155 atque
2551 3087 2921 3141 comminuere
2940 3088 3234 3142 secundum
3259 3087 3568 3142 auditorum
3597 3102 3724 3156 qua-

456 3164 612 3233 Quod
639 3167 822 3236 utique
851 3172 1148 3226 secundum
1192 3174 1425 3230 litteram
1457 3177 1607 3232 nullo
1655 3156 1815 3234 modo
1841 3156 2036 3249 potest.
2067 3156 2112 3218 (ἶ
2144 3177 2349 3232 litalem
2393 3191 2502 3230 non
2541 3175 2831 3232 detractat.
2881 3177 3106 3247 Insuper
3151 3186 3206 3234 et
3247 3179 3348 3234 sibi
3389 3193 3725 3233 amarescere

457 3254 686 3320 Quando
708 3257 852 3310 enim
878 3260 1000 3326 quis
1027 3276 1215 3315 errare
1241 3263 1418 3334 potuit
1443 3279 1474 3317 a
1503 3265 1588 3320 via
1624 3265 1742 3332 Dei,
1773 3269 1958 3323 statim
1984 3279 2044 3324 ut

459 3345 527 3399 de
561 3353 750 3399 ventre
777 3349 964 3404 matris
999 3352 1209 3406 exivit?
1252 3353 1362 3408 Aut
1383 3358 1654 3424 quomodo
1689 3361 1863 3428 potuit
1908 3361 2044 3418 falsa

464 3433 644 3503 loqui,
679 3436 772 3504 qui
803 3453 975 3508 nuper
999 3440 1178 3496 editus
1214 3451 1296 3498 est
1323 3458 1478 3513 puer,
1502 3445 1586 3502 vel
1614 3448 2045 3520 qualemcunque

458 3524 707 3595 proferre
749 3532 1100 3586 sermonem?
1145 3532 1278 3588 Cum
1318 3549 1448 3606 ergo
1478 3536 1811 3608 impossibile
1859 3542 1931 3596 sit
1957 3545 2044 3600 vel

459 3633 645 3676 errare
667 3618 902 3689 aliquem
924 3637 954 3676 a
980 3632 1188 3689 ventre,
1213 3624 1297 3680 vel
1318 3625 1462 3697 loqui
1487 3626 1642 3696 falsa,
1677 3634 2043 3690 necessarium

459 3711 585 3776 erit,
635 3721 690 3767 et
718 3722 960 3768 ventrem
995 3724 1051 3770 et
1080 3715 1292 3771 vulvam
1327 3719 1490 3775 talem
1535 3723 1763 3790 requiri,
1802 3725 1890 3780 cui
1915 3741 2046 3781 con-

460 3803 646 3857 venire
679 3805 846 3872 possit
875 3805 1078 3861 dictum
1104 3807 1226 3872 hoc,
1255 3809 1397 3877 quod
1424 3810 1640 3864 alienati
1669 3824 1788 3868 sunt
1810 3826 2046 3882 peccato-

463 3907 543 3944 res
569 3908 602 3944 a
631 3892 798 3956 uulua,
828 3905 1128 3949 erraverunt
1152 3895 1216 3949 ab
1250 3906 1419 3962 utero,
1444 3896 1605 3951 locuti
1630 3911 1750 3953 sunt
1784 3901 1962 3970 falsa;
1991 3911 2046 3958 et

462 3979 553 4033 illa
597 3979 762 4034 etiam
794 3981 970 4047 vulva,
1022 3999 1184 4051 quam
1219 3986 1498 4054 adaperiat
1539 3989 1718 4044 omnis
1740 3992 2046 4060 primitivus

462 4070 556 4140 qui
584 4072 973 4127 sanctiﬁcatur.
1006 4075 1301 4144 Adaperuit
1343 4077 1634 4147 aliquando
1667 4081 1807 4136 Deus
1833 4083 2043 4139 vulvam

464 4163 574 4218 Lite
601 4180 721 4234 quae
749 4173 866 4219 erat
896 4164 1098 4230 clausa,
1131 4177 1186 4222 et
1209 4171 1418 4240 peperit
1453 4173 1826 4242 patriarchas;
1856 4172 2047 4234 simili-

464 4270 549 4316 ter
581 4269 637 4316 et
666 4261 866 4317 Rachel
888 4275 947 4316 ut
973 4272 1188 4333 pareret
1213 4266 1379 4322 etiam
1412 4269 1548 4338 ipsa,
1575 4269 1728 4339 cujus
1758 4273 1906 4329 visus
1926 4282 2045 4329 erat

462 4351 747 4421 perspicax
779 4362 835 4407 et
874 4355 1102 4409 decorus
1134 4367 1401 4425 aspectus.
1463 4359 1570 4416 Sed
1616 4365 1671 4415 in
1713 4363 1896 4418 multis
1923 4363 2044 4420 aliis
2066 4347 2082 4362 ’

467 4441 756 4512 Scriptura:
784 4445 916 4500 locis
963 4446 1205 4503 invenies
1233 4451 1498 4522 adaperiri
1544 4454 1749 4510 vulvas.
1802 4457 2040 4524 Quarum

465 4531 510 4583 si
539 4532 775 4600 singulas
818 4549 914 4602 per
953 4535 1070 4590 loca
1112 4540 1454 4605 consideres,
1504 4543 1745 4600 invenies
1778 4549 1937 4602 modo
1984 4559 2046 4603 ut

465 4631 648 4676 errent
674 4633 986 4692 peccatores
1026 4643 1056 4681 a
1096 4629 1283 4693 vulva,
1317 4641 1373 4686 ct
1407 4633 1496 4686 alii
1523 4635 1898 4705 adaperientes
1926 4640 2043 4694 vul-

468 4726 587 4766 vam
615 4716 1020 4772 sanctiﬁcentur
1051 4720 1103 4773 in
1132 4721 1402 4778 ordinem.

537 4798 862 4870 Locutusque
887 4816 960 4859 est
987 4806 1242 4862 Dominus
1281 4810 1350 4863 ad
1382 4809 1600 4880 Moysen
1624 4814 1676 4866 in
1716 4813 1918 4869 deserto
1950 4816 2038 4871 Si-

468 4887 556 4939 uai
575 4889 748 4943 dicens
778 4906 796 4943 :
827 4892 1063 4947 Numera
1091 4896 1231 4964 [ilius
1259 4900 1640 4968 primitivorum
1679 4901 1801 4957 Levi
1827 4921 1919 4972 per
1942 4907 2041 4960 do-

466 4992 576 5029 mos
609 4986 818 5047 patrum
842 4998 1059 5036 suorum
1081 4995 1128 5037 et
1151 4986 1402 5055 familias,
1430 5006 1582 5045 omne
1603 4993 1950 5050 masculinum
1972 4998 2036 5052 ab

465 5083 570 5120 uno
599 5085 738 5123 anno
764 5080 810 5124 et
835 5089 1016 5142 supra.
1057 5074 1358 5133 Numeravit
1389 5091 1563 5135 autem
1595 5083 1800 5156 Moyses
1830 5099 1884 5141 ut
1907 5107 2040 5159 pra:-

463 5167 662 5224 ceperat
699 5157 974 5225 Dominus,
1001 5172 1048 5215 et
1080 5164 1269 5220 inventi
1299 5179 1417 5221 sunt
1442 5169 1540 5238 ﬁlii
1571 5170 1692 5228 Levi
1713 5192 1804 5244 per
1827 5157 2038 5234 nomina

461 5263 580 5311 sua,
615 5245 831 5312 Gerson,
856 5261 902 5303 et
935 5251 1124 5320 Caath,
1154 5267 1202 5309 et
1236 5257 1453 5314 .llerari.
1503 5261 1630 5317 Filii
1659 5264 1878 5331 Gerson,
1904 5269 2038 5324 Lab-

465 5337 518 5389 ui
567 5348 614 5390 et
652 5337 844 5394 Semei.
871 5340 999 5395 Filii
1025 5343 1192 5399 Caatlt
1218 5348 1472 5415 Amiram,
1500 5363 1545 5406 et
1569 5353 1817 5422 Cessaar,
1853 5359 2037 5414 Ebron

462 5435 510 5478 et
543 5425 708 5480 Oziel.
780 5427 907 5484 Filii
943 5431 1162 5499 Merari,
1221 5436 1383 5492 Manli
1425 5450 1474 5494 et
1523 5441 1684 5510 Musi,
1737 5456 1843 5500 etc.
1901 5448 2040 5504 Ecce

465 5514 643 5587 Moyse
686 5517 839 5586 jussu
888 5522 982 5576 Dei
1031 5538 1350 5582 numerante
1397 5529 1597 5585 tribum
1646 5534 1773 5589 Levi
1819 5537 1886 5591 ab
1931 5553 2040 5592 uno

467 5622 648 5664 mense
675 5621 732 5666 et
755 5629 939 5683 supra,
971 5630 1068 5685 per
1099 5617 1330 5675 familias
1367 5622 1603 5694 singulas
1650 5627 1882 5682 ﬁliorum
1912 5629 2040 5684 Levi

467 5696 597 5749 ordo
623 5705 1010 5762 numerationis
1044 5708 1362 5767 distributus
1390 5721 1494 5780 est,
1534 5724 1588 5770 ct
1617 5717 1884 5785 quomodo
1914 5736 2039 5775 con-

2143 3265 2400 3322 saeculum
2421 3266 2734 3330 ostendens,
2765 3268 2901 3323 alios
2921 3283 2952 3322 a
2979 3269 3165 3324 mundi
3185 3269 3551 3339 voluptatibus
3577 3286 3723 3326 avaro

2144 3365 2279 3422 tere,
2327 3365 2491 3426 atque
2536 3371 2792 3413 revocare
2825 3374 2936 3414 non
2981 3368 3180 3419 cessat.
3229 3359 3297 3415 Hi
3337 3376 3470 3432 ergo
3509 3362 3584 3418 ab
3624 3378 3723 3417 uno

2144 3463 2329 3504 mense
2352 3447 2530 3502 anatis
2555 3448 2608 3502 in
2638 3463 2924 3504 numerum
2959 3448 3269 3515 mittuntur,
3299 3451 3426 3519 quia
3455 3450 3611 3506 valde
3640 3452 3724 3507 do-

2143 3557 2276 3598 cens
2299 3549 2384 3597 est
2409 3549 2472 3596 ut
2505 3541 2715 3596 initium
2745 3544 3175 3600 conversationis
3202 3553 3516 3602 sanctorum
3543 3547 3722 3602 docto-

2146 3650 2266 3689 rum
2303 3634 2412 3689 Deo
2432 3635 2657 3697 dicetur,
2687 3650 2755 3689 ne
2777 3644 2900 3704 post
2928 3637 3097 3691 multa
3116 3636 3318 3692 scelera
3342 3638 3721 3708 vituperabila

2144 3724 2341 3790 effecti,
2373 3725 2492 3778 aliis
2522 3740 2717 3780 nomen
2759 3726 2855 3782 Dei
2888 3727 3322 3798 blasphemantes
3354 3732 3717 3786 occcasionem

2145 3817 2406 3881 tribuant,
2437 3817 2482 3874 si
2513 3817 2580 3871 ad
2606 3833 2741 3887 opus
2788 3819 2888 3872 hoc
2927 3834 3145 3875 sacrum
3186 3821 3392 3893 indigni
3437 3822 3713 3894 eligantur.

2147 3906 2300 3961 Unde
2342 3914 2397 3958 ct
2436 3904 2634 3959 Paulus
2666 3907 2918 3975 prtecepit
2958 3907 3258 3978 episcopum
3299 3910 3716 3980 irrepreliensibi-

2143 3995 2244 4050 lem
2272 4011 2406 4060 esse,
2434 3996 2590 4048 unius
2616 3995 2796 4050 uxoris
2824 3997 3012 4062 virum,
3053 4007 3280 4064 castum,
3307 4000 3563 4066 sobrium,
3603 4017 3716 4070 pru-

2143 4086 2371 4149 dentem,
2423 4086 2693 4155 pudicum,
2739 4097 3014 4154 ornatum,
3062 4090 3395 4159 hospitalem,
3436 4092 3712 4154 doctorem,

2146 4195 2252 4232 non
2277 4175 2616 4240 vinolentum,
2639 4194 2740 4231 non
2766 4195 3145 4248 percussorem,
3166 4181 3258 4235 sed
3282 4183 3597 4247 modestum,
3622 4199 3713 4237 non

2143 4266 2452 4336 litigiosum,
2504 4283 2606 4320 uou
2657 4268 2925 4337 cupidum,
2971 4285 3083 4325 sum
3134 4270 3332 4326 domui
3367 4275 3714 4342 ρι’ωρωὶεωι,

2142 4359 2284 4428 ﬁlios
2301 4361 2574 4416 habentem
2598 4362 2834 4418 subditos
2856 4380 2974 4418 cum
2993 4365 3134 4418 omni
3157 4367 3398 4422 castitate
3419 4367 3472 4438 (I
3501 4369 3714 4422 Tincta.

2146 4451 2252 4523 ut).
2281 4451 2550 4508 Prmerea
2583 4453 2724 4522 quod
2755 4455 2822 4509 de
2846 4455 3306 4512 castrimetatione
3335 4457 3570 4516 ﬁliorum
3602 4459 3720 4515 Levi

2145 4551 2626 4600 commemoratum
2653 4552 2766 4608 est,
2792 4545 2931 4600 ordo
2954 4546 3366 4603 decentissimus
3391 4549 3447 4604 in
3481 4550 3587 4606 hoc
3612 4550 3726 4606 loco

2143 4635 2462 4699 ostenditur,
2512 4635 2566 4689 id
2619 4643 2726 4696 est.
2774 4643 2833 4690 ut
2869 4637 2959 4705 qui
2996 4638 3158 4707 primi
3201 4647 3360 4694 erant
3405 4639 3460 4694 in
3514 4641 3723 4702 ordine.

2141 4724 2460 4780 orientalcm
2489 4723 2698 4796 plagam
2729 4725 3102 4790 observarent,
3130 4735 3191 4782 ut
3224 4727 3434 4799 Moyses
3462 4738 3522 4786 et
3545 4730 3727 4786 Aaron

2141 4829 2266 4870 cum
2303 4815 2424 4869 ﬁliis
2450 4816 2566 4871 suis
2587 4815 2848 4872 habentes
2868 4817 3167 4874 custodiam
3199 4820 3495 4874 sanctisarii
3526 4821 3584 4876 in
3612 4833 3728 4874 me-

2141 4903 2233 4958 dio
2251 4902 2482 4959 ﬁliorum
2503 4903 2696 4971 Israel;
2726 4905 2920 4961 deinde
2945 4906 3232 4972 Caatbitte,
3259 4909 3401 4962 unde
3431 4909 3654 4980 Moyses
3675 4917 3730 4965 et

2143 5000 2325 5046 Aaron
2350 4993 2457 5046 orti
2488 4991 2721 5060 fuerant,
2758 4995 3110 5052 meridianam
3152 4997 3366 5069 plagam
3405 4999 3734 5056 obtinebant

2135 5083 2970 5152 subcuraEleasarisacerdotis,
3013 5089 3106 5157 qui
3149 5089 3320 5160 major
3366 5088 3470 5148 fuit
3507 5092 3568 5146 in
3609 5090 3735 5146 ﬁliis

2143 5173 2344 5228 Aaron.
2378 5171 2506 5230 Post
2531 5177 2630 5230 hos
2661 5175 2959 5233 Gersouita:
2987 5178 3060 5232 ad
3093 5179 3482 5238 occidentalem
3513 5182 3731 5252 plagam

2141 5270 2508 5322 castrametati
2553 5278 2698 5333 sunt,
2738 5270 2984 5326 similiter
3037 5274 3136 5327 sub
3173 5287 3304 5327 cura
3342 5273 3596 5330 Eleazari
3639 5288 3732 5329 ss-

2140 5360 2376 5414 cerdotis
2419 5361 2597 5429 positi.
2645 5361 2946 5419 Novissime
2988 5371 3170 5419 autem
3199 5363 3473 5420 Meraritaa
3525 5365 3600 5420 ad
3638 5378 3730 5420 se-

2135 5452 2546 5520 ptentrionalem
2576 5453 2786 5524 plagam
2819 5456 3363 5521 castrametabantur,
3401 5458 3507 5512 sub
3537 5466 3730 5512 custo-

2135 5543 2221 5596 dia
2250 5551 2306 5597 et
2344 5543 2696 5612 dispositione
2721 5545 2960 5602 Ithamar
2986 5546 3082 5604 ﬁlii
3103 5550 3286 5603 Aaron
3306 5547 3568 5616 iunioris.
3611 5547 3728 5602 Hoc

2134 5633 2388 5688 nimirum
2415 5635 2709 5690 secundum
2740 5637 3126 5693 mortalitatem
3169 5638 3409 5692 insinuat
3450 5638 3605 5692 salva
3647 5635 3725 5690 al-

2135 5722 2357 5792 legoria,
2381 5723 2520 5792 quod
2552 5725 2782 5780 ministri
2816 5727 3067 5782 Ecclesia:
3101 5728 3318 5784 ordines
3342 5742 3472 5784 suos
3494 5729 3724 5784 honeste
