3932 6188
243 290 374 355 ’609

950 360 955 385 9
980 292 1516 353 ΕΝΔΒΒΑΤΙΟΝΕΞ
1550 294 1621 352 IN
1658 294 1850 353 LIBRI

1960 294 2439 354 NUMERORUM.
2476 330 2543 341 --
2583 300 2713 358 LIB.
2750 303 2793 363 ί.

2370 102 2438 148 κ

3412 312 3534 381 sta

260 414 321 468 in
344 412 544 483 quibus
584 408 748 481 positi
793 415 920 463 sint
952 416 1192 471 servent,
1231 421 1332 462 nec
1351 403 1557 475 maiora
1595 412 1851 476 appetant
1873 409 1927 469 Α
1950 405 2152 475 genitos
2178 421 2338 461 sexus
2380 407 2663 462 masculini
2690 408 2754 462 de
2785 408 2912 479 ﬁliis
2942 409 3131 477 Israel,
3158 431 3191 468 a
3228 432 3404 475 mense
3428 436 3536 476 uno

250 514 426 571 quam
487 513 621 553 situs
658 497 816 553 locus
858 504 1140 566 exposcat.
1198 495 1429 566 lfystice
1468 502 1652 553 autem
1693 495 1850 565 plaga

256 589 545 647 orientalis
573 600 753 645 etiam
792 586 917 641 ﬁdei
950 587 1245 658 signiﬁcat,
1273 587 1365 643 ubi
1395 586 1606 659 Moyses
1641 589 1732 657 qui
1762 589 1848 642 in-

258 679 678 752 torpretaturds
695 694 837 750 aqu
855 688 1114 748 sunmus,
1141 685 1197 732 et
1218 676 1421 742 Aaron,
1447 678 1551 732 hoc
1572 685 1681 741 est,
1700 694 1849 732 mons

256 771 613 842 fortitudinis,
642 785 769 824 clm
815 768 940 822 filiis
981 768 1095 823 suis
1130 769 1510 824 esstmnetari
1548 767 1846 837 iubentur:

255 865 393 935 quia
421 864 480 918 bi
506 863 599 932 qui
643 862 699 914 in
733 859 974 915 Ecclesia
1006 859 1360 928 preculam
1398 866 1582 914 tentent
1622 860 1748 924 rite,
1792 867 1853 915 et

255 955 459 1025 quibus
481 954 662 1009 claves
682 953 834 1023 regni
864 951 1101 1006 caelestis
1122 951 1429 1006 commissa
1449 957 1598 1015 sunt,
1630 950 1850 1020 dignum

254 1058 346 1105 est
385 1058 446 1103 ut
473 1046 756 1101 introitum
797 1053 855 1099 et
884 1044 1131 1099 ordinem
1163 1044 1265 1114 ipsi
1294 1044 1433 1098 bene
1474 1043 1749 1109 noverint,
1793 1050 1850 1097 et

257 1141 384 1196 aliis
407 1141 513 1195 hoc
540 1140 882 1193 incessanter
908 1137 1222 1206 praedicent.
1248 1135 1384 1203 Quia
1410 1144 1624 1205 oportet
1651 1152 1847 1191 unum-

257 1247 535 1302 quemque
568 1231 622 1285 in
669 1230 788 1285 luce
834 1228 955 1283 ﬁdei
988 1244 1084 1298 per
1109 1237 1321 1298 portam
1357 1226 1714 1282 confessionis
1759 1242 1852 1281 ca-

257 1322 503 1386 tholicae,
558 1330 616 1376 et
661 1336 857 1390 aquam
908 1319 1246 1389 baptismatis
1288 1320 1520 1390 ingredi,
1573 1328 1632 1374 ut
1674 1319 1748 1375 sit
1784 1320 1850 1373 de

253 1424 402 1481 aqua
438 1421 686 1481 sumptus
723 1411 865 1465 ﬁlius
902 1411 1225 1481 adoptionis,
1270 1420 1327 1466 et
1366 1425 1467 1481 per
1506 1413 1679 1467 robur
1721 1427 1850 1466 con-

252 1502 475 1555 stantiae
504 1500 645 1554 ﬁlios
674 1501 936 1555 bemrum
968 1514 1191 1570 operum
1224 1500 1488 1571 gignens,
1523 1500 1644 1556 ﬁdei
1674 1501 1845 1557 intro-

252 1592 396 1645 itum
420 1604 520 1660 per
538 1604 703 1659 quem
728 1589 781 1645 in
812 1589 1109 1644 Ecclesium
1141 1590 1416 1660 ingressus
1428 1601 1532 1657 est,
1556 1591 1847 1656 custodiat,

248 1697 326 1737 ne
356 1682 571 1736 otiosus
596 1688 652 1735 et
680 1679 883 1733 inutilis
920 1678 1118 1745 factus,
1164 1680 1291 1735 inde
1334 1681 1638 1751 abjiciatur.
1684 1680 1849 1737 Mer-i-

1950 502 1999 549 et
2020 509 2203 565 supra,
2230 504 2280 549 et
2305 494 2518 552 habebis
2551 514 2813 553 summam
2840 489 3046 556 eorum.
3084 486 3353 578 Tollesth
3391 509 3539 567 Levi-

1946 593 2032 639 tes
2071 585 2199 641 mihi
2232 602 2330 657 pro
2367 589 2514 643 enini
2550 590 2896 661 primogenita
2930 591 3162 662 ﬁliam
3207 594 3416 652 Israel:
3443 617 3537 670 ego

1928 674 2244 742 .Doms'nus;
2279 686 2328 729 et
2354 694 2544 746 pecora
2569 696 2749 733 eorum
2774 697 2871 751 pro
2903 683 3159 737 universis
3182 687 3539 757 primogenitis

1946 783 2195 837 pecorum
2218 768 2450 837 ﬁliorum
2476 769 2669 825 Israel.
2697 771 2973 827 Recensuit
2997 773 3226 845 Moyses,
3244 778 3382 832 sicut
3403 796 3539 849 prte-

1950 868 2156 928 ceperat
2188 859 2465 927 Dominus,
2487 863 2858 932 primogenitos
2886 864 3118 931 ﬁliorum
3140 865 3329 932 Israel,
3354 878 3404 922 ct
3425 869 3542 937 {ue-

1951 957 2073 1001 runt
2103 951 2381 1005 masculini
2402 967 2495 1021 per
2508 953 2721 1005 nomina
2749 969 2869 1020 sua,
2896 971 2931 1007 ιι
2955 971 3129 1009 mense
3156 973 3261 1012 uno
3280 967 3334 1011 et
3356 976 3538 1030 supra,

1950 1039 2129 1109 uiginti
2157 1040 2263 1096 duo
2294 1041 2458 1095 millia
2489 1043 2698 1098 ducenti
2724 1046 3051 1115 septuaginta
3082 1056 3204 1103 tres.
3240 1049 3541 1106 Numeran-

1952 1138 2040 1182 tur
2064 1130 2230 1185 etiam
2256 1130 2458 1187 Levita:
2484 1147 2762 1199 seorsum;
2797 1150 2900 1189 non
2932 1137 3076 1193 enim
3107 1137 3321 1192 fuerant
3351 1157 3540 1197 recen-

1951 1220 2043 1275 siti
2078 1236 2201 1277 cum
2240 1221 2366 1276 ﬁliis
2393 1222 2595 1278 Israel:
2628 1234 2683 1279 et
2714 1225 2944 1280 habetur
2986 1241 3174 1281 eorum
3223 1239 3540 1300 segregatus

1950 1312 2169 1381 quidem
2215 1327 2280 1366 ac
2317 1314 2623 1383 praecipuus
2658 1329 2771 1383 prae
2804 1317 3012 1370 ueteris
3042 1333 3299 1373 numerus
3328 1335 3434 1389 quo
3459 1337 3545 1376 re-

1949 1403 2199 1458 feruntur
2222 1419 2413 1467 omnes
2452 1405 2613 1459 simul
2656 1405 2843 1476 viginti
2882 1407 2990 1460 duo
3015 1408 3182 1462 millia
3214 1412 3434 1478 reperti,
3465 1412 3538 1465 ita

1949 1502 2011 1547 ut
2031 1507 2206 1564 neque
2242 1492 2471 1563 amplius
2511 1492 2713 1564 aliquid
2758 1509 2932 1565 neque
2970 1497 3147 1551 minus
3180 1497 3282 1552 hoc
3313 1514 3540 1555 numero

1951 1584 2230 1641 inventum
2254 1586 2346 1640 sit.
2375 1583 2503 1639 Post
2529 1585 2647 1640 haec
2687 1586 2942 1656 prmcepit
2967 1586 3231 1643 Dominus
3263 1592 3542 1645 numerari

1948 1676 2113 1731 etiam
2165 1677 2551 1747 primogenitos
2607 1677 2837 1734 ﬁliorum
2880 1678 3064 1745 lsravl,
3115 1682 3305 1736 eodem
3352 1683 3542 1738 ordine

247 1772 423 1827 diana
451 1784 581 1824 vero
604 1769 762 1840 plaga
785 1770 941 1840 juxta
968 1785 1132 1840 quam
1167 1769 1433 1825 Casthitte
1458 1773 1559 1827 sub
1585 1771 1846 1828 Eleazaro
1873 1775 1925 1835 Β
1946 1784 2054 1838 quo
2081 1769 2282 1825 Levita:
2310 1769 2523 1824 fuerant
2558 1771 2848 1835 numerati,
2885 1771 2941 1825 id
2967 1781 3069 1837 est,
3109 1772 3179 1827 ab
3207 1789 3313 1828 uno
3350 1790 3537 1830 mense

246 1860 548 1915 sacerdote
615 1868 1101 1926 castrametantur,
1154 1860 1429 1933 signiﬁcat
1483 1871 1606 1932 post
1676 1865 1851 1920 lucem

250 1950 508 2004 scientiae
554 1956 887 2018 perceptam,
918 1964 1191 2020 quemque
1232 1951 1512 2020 patientiae
1537 1953 1762 2007 verbum
1794 1964 1855 2009 et

248 2041 517 2096 solatium
563 2040 823 2110 proximis
859 2040 974 2095 suis
1014 2041 1247 2097 discreto
1285 2042 1482 2097 debere
1516 2044 1850 2113 impendere,

248 2145 315 2190 et
346 2135 449 2190 hoc
475 2135 575 2190 sub
604 2135 882 2199 Eleazaro,
914 2135 965 2189 id
987 2143 1090 2201 est,
1121 2134 1523 2207 sub'adjntorio
1549 2138 1665 2192 Dei.
1693 2138 1848 2206 Quia,

243 2229 415 2298 juxta
446 2227 745 2283 Psalmistaz
773 2230 1097 2283 sententiam
1125 2269 1141 2294 ,
1176 2227 1297 2283 Nisi
1331 2228 1589 2285 Dominus
1619 2231 1854 2300 mliﬁcu-

248 2320 392 2373 νει-ὴ
408 2320 642 2382 domum,
657 2321 712 2371 in
730 2318 1302 2374 vanum'laboraverunt
1319 2322 1409 2392 qui
1429 2322 1694 2392 trdiﬁcant
1713 2338 1849 2376 eam.

259 2411 390 2465 Nisi
413 2410 665 2464 Dominus
680 2411 989 2463 custodierit
1018 2411 1295 2477 civitatem,
1324 2413 1378 2466 in
1401 2429 1589 2467 vanum
1614 2414 1853 2466 laborant

251 2502 354 2571 qui
381 2501 678 2554 custodiunt
734 2517 847 2553 eam
879 2499 1050 2571 (l’sal.
1097 2503 1302 2573 cxxw).
1348 2504 1520 2557 Porro
1551 2502 1853 2559 Gersonitte

250 2594 359 2662 qui
384 2592 635 2646 similiter
668 2595 771 2646 sub
808 2594 1047 2648 Eleazari
1092 2610 1220 2649 cura
1263 2596 1565 2662 constituti,
1601 2596 1853 2651 occiden-

254 2683 364 2737 tali
390 2683 547 2752 plaga
575 2682 662 2736 ubi
694 2684 775 2736 sul
805 2683 943 2737 diem
975 2683 1243 2748 claudere,
1275 2694 1329 2739 et
1355 2695 1497 2739 astra
1521 2685 1690 2740 solent
1724 2700 1855 2739 cun-

249 2788 355 2828 cta
384 2774 655 2837 occidere,
699 2782 875 2826 castra
919 2772 1250 2839 locaverunt,
1298 2774 1426 2827 illud
1472 2775 1726 2828 nimirum
1760 2788 1855 2842 per

254 2868 495 2935 ﬁguram
534 2864 863 2932 exprimunt,
907 2864 1048 2932 quod
1095 2864 1328 2917 ministri
1364 2872 1418 2918 et
1455 2865 1709 2917 custodes
1736 2864 1851 2916 veri

252 2958 627 3021 tabernaculi,
657 2957 839 3011 mundi
882 2956 1375 3026 concupisemitiam
1405 2954 1612 3024 fugere,
1645 2962 1697 3008 et
1730 2968 1855 3008 car-

253 3048 408 3103 nalia
440 3046 706 3101 desideria
737 3061 835 3115 per
862 3045 953 3099 Dei
984 3044 1312 3113 adjutorium
1351 3045 1404 3098 in
1435 3059 1494 3098 se
1522 3043 1853 3099 mortiﬁeare

250 3138 497 3202 debent;
544 3137 735 3205 sicque
769 3135 910 3190 diem
957 3135 1204 3189 ultimum
1252 3150 1315 3190 ac
1358 3135 1521 3190 ﬁnem
1566 3136 1852 3205 praesentis

250 3228 467 3283 laboris
501 3237 841 3297 exspectare,
879 3226 1130 3296 quamvis
1167 3227 1369 3281 mundo
1408 3228 1603 3281 mortui
1642 3234 1702 3281 et
1738 3227 1851 3281 Deo

246 3324 532 3386 viventes,
565 3335 687 3376 cum
721 3320 887 3374 Paulo
936 3318 1179 3388 apostolo
1218 3320 1401 3374 dicere
1440 3320 1650 3388 possint
1674 3333 1689 3372 :
1716 3317 1851 3374 Mihi

250 3424 438 3469 autem
468 3412 605 3467 absit
629 3412 866 3483 gloriari,
896 3413 997 3467 nisi
1032 3412 1086 3466 in
1107 3426 1260 3465 cruce
1282 3411 1493 3466 Domini
1528 3411 1695 3466 nostri
1719 3409 1850 3465 Iesu

250 3502 481 3568 Christi,
522 3519 618 3573 per
644 3516 794 3574 quem
822 3502 951 3556 mihi
989 3499 1216 3555 mundus
1243 3499 1525 3569 cruciﬁxus
1553 3509 1652 3567 est,
1682 3510 1729 3555 et
1756 3518 1849 3574 ego

246 3594 477 3649 intendo
501 3589 700 3665 (Galat.
744 3595 862 3661 vn).
896 3591 1134 3647 Extremi
1178 3595 1395 3662 quoque
1442 3592 1710 3648 Meraritze
1748 3595 1851 3649 sub

252 3687 504 3743 Ithamar
538 3684 648 3740 tilio
683 3684 887 3750 Aaron,
930 3684 1018 3755 qui
1059 3685 1446 3755 interpretatur
1483 3685 1573 3739 ubi
1612 3701 1847 3749 amarus,

246 3780 373 3833 sive
404 3779 496 3831 ubi
516 3776 719 3847 palma,
738 3775 950 3846 plagam
976 3775 1348 3846 aquilonarem
1375 3774 1551 3829 sortiti
1579 3783 1727 3841 sunt,
1756 3775 1850 3832 ubi

248 3867 473 3938 glaciali
503 3865 739 3920 horrore
760 3865 932 3918 hiems
950 3872 1212 3933 perpetua
1238 3862 1424 3916 durat
1468 3861 1612 3931 quod
1647 3876 1744 3932 per
1772 3869 1852 3935 ty-

247 3974 385 4031 pum
415 3970 611 4012 omnes
639 3955 914 4018 admonet,
946 3953 1203 4009 Ecclesiae
1244 3951 1452 4008 scilicet
1493 3952 1747 4023 praesules
1776 3954 1852 4009 si-

248 4048 370 4103 mul
419 4055 476 4102 et
516 4045 820 4111 ministros,
869 4053 1136 4115 quatenus
1173 4045 1466 4100 securitate
1507 4046 1697 4101 nociva
1742 4061 1849 4103 non

248 4148 537 4210 torpeant,
559 4139 683 4207 quia
709 4136 831 4191 licet
844 4151 948 4204 per
960 4135 1183 4205 ianuam
1205 4135 1327 4191 ﬁdei
1342 4135 1457 4205 jam
1475 4137 1528 4191 in
1552 4137 1848 4193 Ecclesiam

249 4227 609 4292 intraverint,
652 4226 765 4295 jam
817 4225 990 4280 lucem
1040 4224 1281 4280 scientia!
1318 4229 1691 4295 perceperint,
1735 4226 1848 4297 jam

247 4322 443 4381 carnis
473 4318 743 4376 desideria
778 4317 834 4371 in
863 4331 922 4371 se
953 4314 1348 4382 cruciﬁxerint,
1394 4317 1629 4371 nondum
1656 4325 1849 4372 tamen

249 4416 320 4469 ad
350 4410 659 4483 perfectam
686 4408 1030 4473 suavitatem,
1056 4406 1115 4461 id
1147 4416 1251 4473 est,
1292 4407 1359 4462 ad
1390 4416 1651 4463 aeternam
1678 4408 1851 4465 beati-

248 4502 504 4558 tudinem
545 4506 929 4570 pervenerunt,
978 4498 1074 4553 sed
1120 4498 1300 4552 adhuc
1346 4511 1596 4551 amarum
1646 4498 1848 4568 aliquid

247 4600 431 4647 natat
456 4608 474 4643 :
509 4604 634 4644 cum
674 4587 773 4643 illo
815 4587 1003 4658 utique
1051 4587 1143 4657 qui
1190 4587 1259 4642 ad
1301 4584 1613 4656 aquilonem
1652 4586 1847 4643 solium

249 4697 421 4740 suum
448 4679 613 4750 erigit
636 4677 1021 4736 decertandum
1054 4685 1159 4742 est,
1190 4677 1344 4747 cuius
1372 4676 1630 4733 duritiam
1674 4676 1846 4733 emol-

245 4775 343 4832 liri
392 4789 508 4830 non
542 4782 634 4828 est
649 4771 833 4837 facile,
860 4771 973 4825 imo
1008 4770 1360 4842 hnpossibile.
1397 4768 1549 4825 Unde
1590 4769 1848 4827 Dominus

242 4869 361 4925 sub
388 4875 523 4938 typo
548 4862 842 4918 Leviatban
867 4862 936 4916 ad
967 4859 1069 4915 Iob
1089 4860 1328 4931 loquitur
1349 4860 1572 4915 dicens:
1602 4859 1710 4914 Cor
1731 4860 1847 4930 ejus

238 4958 603 5015 indurth
634 4956 789 5027 quasi
813 4954 969 5026 lepis,
997 4963 1048 5007 et
1080 4953 1366 5024 stringatur
1390 4952 1542 5024 quasi
1570 4950 1845 5007 malleato-

241 5053 331 5107 τε.
349 5052 510 5107 incus
538 5047 661 5120 (Job
683 5046 813 5120 xu).
839 5045 1067 5115 Quando
1084 5044 1239 5099 enim
1278 5044 1384 5098 iste
1406 5043 1659 5099 inimicus
1690 5057 1850 5112 stipe.

242 5141 498 5205 rabitur,
522 5145 593 5192 et
622 5137 694 5192 de
714 5150 786 5192 eo
819 5133 1472 5207 perfectetriulqihatur,
1512 5140 1647 5188 tunc
1668 5131 1850 5188 asul-

244 5229 511 5292 tatdum,
538 5236 777 5298 tuncque
800 5224 1163 5297 gaudendum,
1194 5232 1321 5278 tunc
1352 5224 1512 5280 beate
1537 5225 1847 5293 vivendum,

242 5320 483 5393 quando
504 5318 795 5374 discrimen
816 5317 942 5371 vitae
957 5315 1073 5385 jam
1093 5330 1201 5370 non
1231 5315 1338 5369 erit
1356 5314 1550 5370 ullum.

326 5412 529 5469 (hum
557 5411 749 5467 Levita:
765 5425 897 5481 quos
919 5419 1321 5462 immensarum
1345 5404 1552 5478 Moyses
1571 5417 1619 5461 et
1644 5406 1848 5473 Amr,

239 5507 414 5577 iusta
440 5511 759 5573 praeceptum
795 5498 1008 5554 Domini
1038 5513 1131 5569 per
1157 5498 1390 5568 familias
1412 5513 1546 5553 suas
1577 5497 1632 5552 in
1668 5510 1852 5566 genere

242 5594 575 5658 masculino,
604 5608 637 5647 α
667 5607 840 5647 mense
858 5607 967 5645 uno
996 5598 1263 5660 θειιιφτα,
1286 5589 1504 5657 afuerunt
1533 5588 1713 5658 uiginti
1743 5587 1850 5640 duo

242 5686 454 5741 millia.
488 5683 554 5738 Et
595 5684 672 5739 ait
706 5682 962 5737 Dominus
996 5680 1065 5734 ad
1096 5679 1354 5750 Moysen:
1386 5678 1627 5733 Numera
1656 5677 1852 5748 primo-

1951 1861 2220 1930 et'supra.
2253 1860 2321 1916 Et
2346 1861 2693 1916 inveniuntur
2721 1863 3065 1934 primogeniti
3105 1863 3335 1918 ﬁliormn
3373 1866 3539 1922 Israel

1952 1953 2138 2023 viginti
2190 1952 2297 2007 duo
2332 1953 2498 2007 millia
2531 1953 2745 2010 ducenti
2772 1955 3114 2026 septuaginta
3145 1963 3274 2010 tres.
3305 1955 3540 2013 Putasne

1948 2059 2048 2115 per
2075 2044 2190 2101 hmo
2226 2043 2395 2098 solam
2426 2046 2699 2098 numerari
2729 2045 3011 2099 historiam
3034 2047 3229 2101 docere
3254 2062 3353 2101 nos
3372 2047 3543 2103 voluit

1953 2135 2183 2206 Moyses,
2214 2141 2270 2188 et
2301 2134 2505 2188 nullum
2544 2135 2598 2190 in
2644 2135 2730 2195 bis
2760 2135 3165 2191 diversitatibns
3192 2152 3539 2191 numerorum

1952 2225 2216 2281 conclusit
2239 2224 2396 2281 solito
2418 2225 2521 2280 sibi
2555 2241 2705 2281 more
2740 2226 3097 2298 mysterium?
3126 2226 3269 2281 Nihil
3299 2243 3366 2281 ne
3388 2227 3537 2282 vide-

1953 2324 2043 2370 tur
2089 2315 2266 2370 inesse
2304 2315 2552 2381 rationis,
2599 2315 2742 2384 quod
2780 2315 2996 2370 ducenti
3042 2317 3379 2387 septuaginta
3429 2325 3542 2371 tres

1952 2413 2164 2460 tantum
2210 2405 2488 2460 abundare
2532 2405 2786 2460 dicuntur
2810 2406 2863 2458 in
2888 2406 3265 2476 primogenitis
3308 2406 3542 2462 filiorum

1952 2496 2162 2552 Israel?
2184 2505 2238 2552 et
2268 2498 2320 2552 in
2361 2496 2564 2553 Levitis
2606 2498 2672 2552 ad
2706 2498 2890 2567 viginti
2922 2497 3029 2552 duo
3056 2513 3231 2568 neque
3262 2499 3543 2553 abundare

1951 2594 2261 2664 quisquam,
2314 2610 2491 2664 neque
2543 2597 2731 2650 deesse
2770 2596 3159 2665 perscribitur?
3202 2597 3399 2667 Viginti
3438 2597 3544 2653 duo

1953 2686 2169 2752 quidem
2197 2702 2478 2751 numerus,
2503 2687 2559 2741 in
2591 2686 2887 2756 Scripturis
2917 2688 3113 2742 divinis
3142 2687 3187 2742 si
3216 2688 3337 2756 quis
3362 2688 3547 2742 obser-

1952 2783 2123 2838 varet,
2171 2778 2312 2845 quod
2357 2777 2749 2846 principalibus
2791 2778 3111 2845 quihusdam
3157 2778 3336 2833 causis
3372 2778 3544 2833 ascri-

1955 2876 2077 2937 ptus
2113 2869 2204 2932 sit,
2231 2866 2540 2938 frequenter
2570 2869 2823 2923 inveniet.
2854 2868 2988 2921 Nam
3018 2868 3205 2937 viginti
3237 2870 3342 2921 duo
3366 2869 3543 2937 primo

1956 2959 2096 3025 apud
2149 2956 2404 3011 Hebrteos
2453 2956 2718 3011 elementa
2774 2956 2990 3011 tradunt
3043 2970 3164 3011 esse
3212 2958 3538 3011 litterarum.

1957 3047 2154 3117 Viginti
2196 3050 2301 3102 duo
2342 3063 2531 3103 rursus
2569 3063 2600 3101 a
2650 3047 2986 3117 protoplasto
3028 3048 3202 3103 Adam
3248 3064 3424 3117 usque
3471 3050 3541 3104 al

1879 3114 1923 3176 (ἶ
1952 3114 2142 3205 Jacob,
2168 3153 2236 3193 ex
2264 3138 2418 3208 cujus
2449 3114 2667 3195 semine
2688 3114 2899 3195 initium
2941 3140 3222 3197 duodecim
3252 3114 3424 3197 tribus
3452 3157 3544 3195 su-

1950 3237 2126 3293 munt,
2172 3235 2354 3299 patres
2399 3228 2566 3290 fuisse
2603 3237 2975 3287 numerantur.
3012 3228 3115 3285 Sed
3147 3229 3251 3286 alia
3290 3230 3458 3285 multa
3487 3230 3545 3285 in

1914 3317 2249 3388 .Scripturis
2296 3317 2343 3373 si
2384 3317 2507 3387 quis
2553 3316 2862 3388 diligentius
2903 3328 3252 3388 exsequatur,
3295 3321 3395 3375 sub
3437 3319 3543 3374 hoc

1948 3423 2180 3464 numero
2222 3415 2542 3464 consecrata
2588 3408 2838 3478 reperiet.
2886 3405 3117 3478 Propter
3163 3409 3267 3463 hoc
3310 3423 3439 3481 ergo
3484 3418 3540 3464 et

1949 3497 2172 3565 Len’tae,
2210 3498 2264 3553 id
2305 3507 2410 3564 est,
2440 3497 2533 3567 qui
2576 3498 2889 3553 deserviunt
2916 3497 3052 3563 Deo,
3100 3507 3155 3554 et
3200 3499 3543 3571 primogeniti

1952 3586 2185 3643 ﬁliorum
2211 3587 2375 3642 Israel
2402 3576 2705 3642 admirabili
2735 3588 2837 3643 hoc
2858 3597 3179 3659 sacrataque
3206 3603 3431 3646 numero
3457 3599 3540 3657 at-

1952 3675 2258 3731 titulantur.
2298 3675 2401 3743 Qui
2442 3685 2622 3730 autem
2662 3677 2716 3731 in
2758 3676 2883 3731 ﬁliis
2913 3675 3078 3732 Israel
3118 3678 3410 3744 adduntur,
3445 3680 3544 3735 du-

1950 3769 2095 3825 centi
2123 3768 2462 3840 septuaginta
2490 3776 2603 3824 tres
2644 3784 2822 3839 neque
2858 3770 3092 3824 otiosum
3136 3771 3269 3825 mihi
3305 3772 3538 3839 videtur,

1951 3880 2128 3937 neque
2155 3865 2507 3923 absolutionis
2548 3866 2692 3920 viam
2732 3864 2948 3920 facilem
2990 3880 3181 3930 cerno,
3225 3865 3328 3922 nisi
3359 3867 3542 3923 Domi-

1950 3972 2061 4013 nus
2079 3955 2329 4012 velamen
2370 3956 2499 4011 illud
2540 3956 2849 4026 impositum
2898 3955 2952 4011 in
3001 3954 3182 4027 Moyse
3220 3956 3306 4013 his
3342 3957 3539 4014 litteris

1952 4049 2232 4119 adaperire
2264 4047 2421 4103 nobis
2465 4048 2715 4120 dignetur
2758 4057 2814 4103 et
2854 4045 3087 4103 auferte.
3120 4048 3288 4118 Igitur
3315 4050 3537 4105 humani

1951 4138 2166 4210 generis
2194 4138 2249 4193 in
2278 4153 2443 4194 carne
2472 4138 2772 4209 generatio,
2800 4138 2939 4194 sicut
2971 4145 3222 4193 asserunt
3248 4139 3342 4208 qui
3370 4140 3427 4194 in
3455 4148 3536 4193 ta-

1952 4228 2094 4284 libus
2112 4227 2274 4297 periti
2295 4234 2442 4293 sunt,
2464 4241 2657 4282 novem
2679 4227 2895 4296 quidem
2924 4227 3203 4281 mensibus
3230 4227 3539 4282 continetur

1895 4370 1915 4391 ,
1954 4319 2008 4373 in
2038 4315 2228 4381 milva;
2276 4315 2370 4371 sed
2411 4330 2522 4370 non
2563 4314 2715 4386 prius
2750 4314 2956 4369 moveri
2978 4312 3170 4368 fertur
3196 4313 3263 4368 ad
3297 4321 3535 4383 partum,

1878 4454 1928 4512 Β
1952 4419 2117 4475 quam
2150 4394 2315 4458 etiam
2342 4403 2536 4459 decimi
2568 4403 2772 4458 mensis
2796 4402 3033 4459 triduum
3066 4410 3341 4468 transeat;
3371 4410 3425 4458 et
3462 4402 3537 4458 ita

1955 4493 2248 4559 invenitur,
2270 4492 2420 4563 quod
2438 4506 2696 4549 numerus
2717 4492 2840 4559 iste,
2868 4492 2923 4549 id
2941 4501 3048 4559 est,
3079 4492 3295 4549 ducenti
3320 4501 3539 4564 septua-

1948 4587 2104 4658 ginta
2130 4595 2244 4641 tres
2280 4586 2401 4641 dies
2427 4585 2548 4641 illos
2584 4586 2840 4652 indicent,
2886 4586 2981 4657 qui
3003 4601 3071 4642 es
3111 4600 3308 4642 novem
3337 4588 3538 4644 mensi-

1952 4680 2054 4734 bus
2074 4686 2138 4733 et
2158 4676 2342 4733 triduo
2366 4677 2573 4732 mensis
2602 4676 2800 4732 decimi
2830 4676 3176 4748 colliguntur,
3204 4686 3258 4733 et
3293 4677 3432 4734 ﬁunt
3456 4679 3533 4735 si-

1952 4769 2066 4826 mul
2098 4769 2315 4827 ducenti
2334 4767 2674 4839 septuaginta
2700 4767 2948 4824 tresdies
2970 4768 3058 4823 isti
3083 4769 3280 4838 quibus
3296 4769 3535 4826 humano

1950 4862 2137 4934 generi
2180 4862 2238 4916 in
2278 4861 2424 4917 hnc
2449 4861 2707 4917 mundum
2738 4860 3014 4930 pmhetur
3039 4861 3335 4934 ingressus.
3362 4864 3442 4918 Et.
3459 4864 3534 4919 ita

1950 4955 2007 5009 in
2039 4954 2231 5024 5uiginti
2259 4953 2478 5024 quidem
2503 4963 2559 5009 et
2578 4953 2790 5009 ditches
2810 4952 3078 5019 numeris,
3106 4954 3348 5009 nomium
3374 4955 3536 5013 simul

1951 5052 2326 5099 censuerunt
2370 5042 2672 5098 rationibus
2715 5042 2959 5114 mysticis
2991 5057 3200 5098 sntnma
3241 5043 3529 5114 colligitur.

1949 5132 2010 5189 In
2033 5133 2119 5188 his
2146 5146 2278 5187 vero
2299 5147 2419 5202 quae
2461 5146 2529 5186 ex
2572 5131 2865 5189 abundanti
2901 5132 2955 5186 in
2982 5132 3356 5203 primogenitis
3384 5133 3532 5187 inve.

1950 5222 2180 5277 aluntur
2204 5220 2392 5286 isnel,
2418 5221 2581 5277 etiam
2613 5221 2929 5291 mysterium
2956 5220 3209 5276 humana:
3233 5219 3531 5291 generatio-

1952 5315 2039 5369 nis
2060 5312 2369 5383 esponitur.
2406 5311 2546 5379 Quia
2579 5327 2708 5381 ergo
2748 5310 2948 5366 Levim
2989 5309 3416 5366 ecclesiasticum
3441 5321 3531 5360 or-

1944 5405 2128 5461 dinem
2157 5402 2462 5473 signiﬁcant
2484 5403 2578 5472 qui
2613 5402 2847 5458 deservit
2888 5401 2944 5456 in
2990 5401 3215 5464 satictis,
3255 5405 3313 5452 et
3355 5395 3529 5465 legem

1946 5493 2161 5550 Domini
2186 5492 2480 5548 meditatur
2500 5501 2556 5548 et
2577 5493 2752 5557 docet,
2780 5498 2904 5561 apte
2939 5489 3095 5560 juxta
3137 5500 3420 5543 numerum
3449 5486 3532 5540 vi-

1946 5584 2084 5657 ginti
2123 5583 2230 5639 duo
2253 5582 2576 5647 attitulatur,
2603 5582 2752 5650 quia,
2786 5589 2847 5636 ut
2870 5595 3034 5648 supra
3066 5578 3263 5633 dictum
3292 5583 3395 5641 est,
3423 5574 3531 5631 IIe-

1946 5675 2215 5730 braeorum
2250 5673 2555 5728 litterarum
2586 5686 2840 5728 numerus
2868 5671 2923 5725 in
2953 5668 3143 5739 viginti
3180 5667 3391 5723 duobus
3416 5666 3528 5726 olea
