3932 6188
500 298 600 354 611

1137 283 1198 338 Β.
1241 278 1494 336 RABANI
1532 275 1752 334 MAURI
1792 271 2108 329 ARCHIEP.

2151 265 2458 324 MOGUNT.
2501 262 2790 322 OPERUM
2815 260 2994 317 PARS
3028 260 3068 314 l.
3624 268 3708 322 (ili

488 409 685 470 mentis
709 402 1134 475 comprehensus
1160 407 1274 465 est;
1317 412 1416 452 nec
1447 410 1553 451 non
1585 402 1639 448 et
1668 393 1838 448 series
1869 388 2078 446 Veteris
2105 389 2156 451 Α
2179 383 2360 447 brum,
2386 389 2442 436 et
2461 378 2598 435 nihil
2620 379 2816 433 horum
2839 377 3082 432 omnium
3103 375 3304 430 nudum
3325 375 3620 446 relinquitur
3637 392 3711 436 aut

487 494 826 556 Testameuti
849 491 1037 547 eodem
1065 503 1290 544 numero
1316 485 1578 540 librorum
1612 480 1908 536 secundum
1927 493 2083 548 quos-

491 591 616 643 dam
659 583 946 641 conclusus
994 588 1095 635 est.
1151 578 1220 634 Ut
1263 575 1500 631 ministri
1550 568 1763 626 Domini
1806 571 1907 624 hac
1951 582 2083 622 con-

491 679 787 748 scriptione
812 671 1086 734 commoti,
1135 667 1428 724 secundum
1457 665 1511 719 id
1542 662 1686 733 quod
1729 662 1783 716 in
1822 661 1938 731 lege
1979 660 2085 714 Do-

493 774 625 828 mini
670 771 978 827 continetur
1021 765 1220 826 vivant,
1253 768 1547 831 operentur
1584 764 1640 810 et
1678 755 1938 818 doceant;
1984 765 2086 806 nec

495 864 601 918 ullo
629 863 789 916 modo
811 862 1140 928 praesumant
1161 869 1281 908 eam
1303 849 1617 907 excedendo
1642 844 1965 915 transgredi,
1991 844 2086 898 sed

497 955 598 1011 sub
621 954 737 1023 ejus
764 947 1075 1020 magisterio
1101 946 1282 1001 omnia
1310 945 1460 997 fiant.
1487 939 1641 1008 Quod
1667 946 1850 992 autem
1873 949 2086 990 summa

495 1043 982 1116 primOgenitorum
1023 1039 1088 1092 de
1120 1037 1244 1091 filiis
1272 1034 1435 1090 Israel
1479 1035 1624 1088 hunc
1672 1043 1956 1085 numerum
1995 1041 2089 1081 ex-

499 1115 720 1198 cedens,
749 1129 995 1186 ducentis
1025 1125 1364 1196 septuaginta
1405 1123 1580 1177 tribus
1602 1119 1825 1187 jubetur
1851 1115 2090 1184 quinque

494 1225 642 1280 siclis
669 1237 766 1292 per
795 1219 1003 1288 singula
1035 1216 1213 1286 capita
1252 1213 1468 1277 redimi,
1498 1213 1619 1274 hoc,
1653 1209 1706 1262 ni
1749 1207 1923 1270 fallor,
1951 1204 2090 1275 figu-

495 1315 680 1370 raliter
705 1312 882 1375 docet,
916 1319 974 1362 ut
1007 1305 1252 1376 quisquis
1281 1304 1491 1357 initium
1524 1296 1958 1355 conversationis
1981 1308 2093 1350 suae

498 1423 595 1462 seu
630 1401 925 1458 voluntatis
964 1401 1077 1454 sive
1111 1396 1442 1468 operationis
1465 1397 1575 1448 Deo
1606 1403 1929 1446 consecrare
1953 1386 2088 1450 vult,

501 1495 741 1566 quinque
765 1506 956 1545 sensus
978 1488 1222 1558 corporis
1247 1487 1534 1555 diligenter
1551 1480 1841 1545 custodiat,
1865 1493 1934 1532 ne
1957 1478 2095 1531 forte

503 1602 604 1656 per
638 1582 913 1638 lasciviam
950 1581 1004 1635 in
1045 1593 1286 1634 errorem
1326 1587 1420 1630 aut
1446 1577 1498 1629 in
1533 1573 1802 1628 mundana
1829 1567 2096 1624 desideria

503 1674 720 1738 defluat,
748 1675 841 1728 sed
871 1671 1040 1742 magis
1055 1671 1208 1741 juxta
1233 1668 1422 1723 siclum
1442 1662 1734 1719 sanctuarii
1761 1661 1851 1732 qui
1876 1673 2096 1714 mensus

502 1775 586 1822 est
628 1765 801 1821 obolis
842 1763 1054 1834 viginti,
1091 1761 1194 1815 hoc
1224 1768 1307 1814 est
1336 1757 1628 1813 secundum
1659 1755 1844 1808 decem
1874 1751 2097 1806 manda-

502 1863 680 1910 torum
717 1855 1039 1917 doctrinam,
1070 1866 1188 1920 quae
1227 1849 1280 1903 in
1311 1848 1517 1903 duobus
1546 1845 1829 1915 praaceptis
1851 1843 2090 1897 charita-

503 1949 572 2003 tis
613 1946 860 2001 consistit
900 1945 1173 2008 laborans,
1219 1941 1397 1996 omnia
1444 1955 1607 2008 opera
1644 1953 1741 1992 sua
1777 1939 1830 1990 in
1871 1937 2091 1990 domum

501 2037 696 2092 summi
734 2034 1051 2098 sacerdotis,
1089 2039 1145 2087 et
1179 2031 1409 2085 ﬁliorum
1440 2029 1557 2098 ejus
1601 2027 1842 2098 redigere
1873 2025 2088 2096 satagit.

1127 2119 1356 2176 CAPUT
1395 2118 1480 2173 Vl.

576 2218 652 2271 De
679 2216 885 2271 servitio
914 2214 1146 2284 ﬁliorum
1178 2212 1346 2267 Caatlt
1384 2213 1438 2266 in
1465 2211 1754 2265 ministerio
1784 2207 2018 2262 Domini.

579 2309 728 2381 (Car.
765 2308 861 2378 tv.)
899 2307 1228 2376 Locutusque
1256 2313 1328 2357 est
1356 2303 1613 2356 Dominus
1657 2301 1725 2354 ad
1754 2300 1969 2369 Moysen
2015 2299 2096 2351 di—

505 2415 624 2454 cens
650 2413 667 2449 :
697 2395 839 2449 Tolle
870 2410 1127 2448 summam
1170 2393 1403 2461 ﬁliorum
1447 2389 1615 2445 Caatlt
1648 2389 1712 2443 de
1747 2389 1915 2442 medio
1943 2387 2092 2440 Levi-

507 2499 699 2549 tarum,
731 2503 822 2556 per
847 2486 1030 2538 domos
1058 2495 1104 2538 et
1137 2484 1368 2551 familias
1397 2500 1542 2548 suas,
1581 2499 1614 2534 a
1655 2481 1916 2550 trigesimo
1957 2493 2096 2532 anno

507 2590 552 2633 et
579 2594 761 2646 supra,
808 2591 969 2646 usque
997 2574 1064 2627 ad
1093 2572 1574 2644 quinquagesimum
1609 2586 1830 2632 annum,
1866 2567 2097 2622 omnium

513 2669 601 2739 qui
631 2665 1015 2734 ingrediuntur,
1043 2674 1098 2716 ut
1130 2673 1263 2717 stent
1289 2674 1334 2716 et
1366 2663 1657 2716 ministrent
1681 2662 1734 2713 in
1762 2657 2098 2713 tabernaculo

510 2756 743 2827 foederis.
798 2753 901 2807 Hic
953 2763 1026 2807 est
1084 2751 1255 2806 cultus
1292 2752 1525 2821 ﬁliorum
1574 2749 1739 2804 Caatlt
1775 2765 1793 2802 :
1838 2749 2101 2802 Taberna—

509 2845 684 2898 culum
739 2844 966 2914 foederis,
1013 2853 1059 2896 et
1111 2842 1364 2897 Sanctum
1409 2851 1711 2896 sanctorum
1745 2840 2103 2910 ingredientur

510 2938 691 2989 Aaron
721 2947 768 2989 et
800 2933 899 3004 filii
943 2935 1078 3004 ejus,
1115 2934 1326 3005 quando
1361 2933 1614 2987 movenda
1645 2943 1768 2986 sunt
1812 2938 2005 2994 castra,
2053 2938 2103 2982 et

509 3032 764 3100 deponent
798 3029 964 3084 velum
998 3029 1137 3099 quod
1171 3027 1354 3099 pendet
1402 3037 1522 3080 ante
1548 3027 1708 3096 fores,
1750 3023 2104 3093 involventque

511 3139 572 3176 eo
609 3138 788 3175 arcum
813 3121 1094 3174 testimonii
1120 3129 1165 3172 et
1199 3119 1428 3188 operient
1457 3133 1665 3170 rursum
1697 3115 1950 3170 uelamine
1975 3114 2106 3182 hya-

461 3247 469 3254 -
510 3216 865 3268 cinlhinarum
911 3211 1121 3281 pellium
1169 3227 1188 3264 :
1246 3210 1621 3278 extendentque
1668 3207 1888 3279 pallium
1945 3206 2102 3259 desu-

511 3319 604 3372 per
653 3312 816 3354 totum
864 3299 1259 3368 Itgacintltinum
1287 3339 1301 3364 ,
1347 3307 1394 3351 et
1451 3297 1699 3351 inducent
1759 3304 2093 3361 vectes,etc.

515 3392 636 3464 (Ea:
676 3391 941 3461 Isidoro.)
978 3388 1254 3443 Numerati
1293 3396 1419 3442 sunt
1450 3385 1564 3454 jam
1594 3386 1687 3440 filii
1730 3385 1859 3440 Levi
1897 3383 1966 3438 ab
1993 3399 2102 3438 uno

515 3497 701 3537 mense
729 3490 785 3535 et
825 3496 985 3551 supra
1020 3494 1034 3532 :
1072 3494 1215 3534 nunc
1250 3485 1605 3532 numerantur
1635 3476 1729 3530 lilii
1775 3474 1901 3529 Levi
1933 3488 1962 3527 a
2007 3473 2105 3526 tri-

513 3573 720 3627 cesimo
750 3587 891 3626 anno
922 3571 1036 3625 sive
1074 3569 1368 3624 secundum
1396 3568 1538 3623 LXX
1565 3583 1595 3622 a
1625 3567 1884 3622 vicesimo
1915 3563 2102 3634 quinto

519 3680 682 3730 anno,
721 3659 815 3718 sed
854 3678 961 3718 non
987 3669 1045 3716 ut
1080 3661 1132 3714 in
1160 3661 1388 3722 czeteris,
1418 3659 1513 3715 sed
1548 3673 1719 3728 usque
1742 3658 1810 3712 ad
1838 3655 2104 3725 quinqua-

517 3757 780 3826 gesimum
803 3768 1027 3817 annum,
1047 3743 1104 3807 et
1122 3752 1192 3806 sit
1213 3752 1314 3806 iste
1338 3750 1608 3820 praecipue
1631 3762 1890 3803 numerus
1919 3753 1976 3801 et
2003 3745 2107 3800 ele-

517 3854 656 3898 ctus.
681 3844 891 3898 Dicitur
913 3841 1056 3896 enim
1078 3841 1195 3895 his:
1217 3839 1400 3894 Omnis
1426 3841 1584 3903 enim,
1602 3837 1797 3906 inquit,
1819 3837 1908 3906 qui
1928 3850 2108 3905 proce-

520 3936 596 3988 dit
626 3936 694 3988 ad
723 3933 1128 3988 ministrandum
1156 3931 1223 3984 ad
1250 3947 1404 4000 opera
1443 3927 1766 3983 tabernaculi
1803 3924 2102 3980 testimonii.

518 4024 612 4080 lsti
661 4031 786 4078 sunt
817 4023 909 4092 qui
958 4029 1313 4075 numerantur
1353 4018 1575 4073 meliore
1621 4017 1854 4086 quodam
1886 4022 1941 4069 et
1971 4028 2106 4084 pra:-

519 4115 676 4184 cipuo
711 4127 955 4168 numero.
1005 4109 1156 4166 Sicut
1177 4110 1320 4164 enim
1349 4109 1402 4163 in
1440 4107 1564 4163 filiis
1591 4105 1754 4162 lsrael
1781 4104 2102 4160 dicebatur:

519 4204 709 4262 Omnis
731 4203 820 4272 qui
846 4199 1091 4272 procedit
1125 4199 1191 4254 ad
1223 4198 1466 4269 praelium
1499 4197 1553 4251 in
1587 4195 1712 4251 filiis
1736 4193 1920 4258 Israel;
1953 4193 2029 4246 ita
2055 4200 2108 4246 et

520 4297 612 4352 hic
649 4296 878 4350 dicitur:
910 4292 1099 4349 Omnis
1142 4291 1234 4360 qui
1265 4289 1505 4361 procedit
1537 4289 1602 4343 ad
1635 4285 2017 4350 ministerium,
2046 4290 2109 4359 ut

521 4387 684 4443 faciat
711 4402 874 4456 opera
913 4386 967 4439 in
1001 4381 1352 4438 tabernaculo
1380 4379 1693 4461 testimonii.
1725 4377 1856 4432 Post
1881 4377 1997 4431 haec
2025 4374 2107 4429 di-

2183 473 2498 528 revelatum.
2527 468 2768 538 Denique
2794 467 3010 522 additur
3037 467 3204 521 etiam
3229 473 3535 535 praeceptum
3560 469 3713 538 hujus-

2186 562 2350 617 modi.
2409 559 2628 625 Nolite,
2689 558 2903 628 inquit,
2965 556 3423 613 exterminarede
3473 557 3595 612 tribu
3635 578 3714 615 sua

2183 652 2383 725 plebem
2425 650 2616 706 Caath.
2652 649 2796 716 Quos
2840 649 3048 705 scilicet
3087 648 3513 704 exterminandas
3545 665 3595 705 se
3619 667 3717 708 esse

2188 745 2410 809 scirent,
2432 743 2484 799 si
2511 742 2649 798 forte
2684 743 2752 797 ad
2783 743 2900 796 haec
2919 755 3114 796 manus
3146 754 3276 795 suas
3305 740 3550 794 movenda
3574 745 3718 799 mitte-

2190 845 2330 900 rent,
2362 835 2468 890 nisi
2511 832 2928 903 unumquodque
2954 846 3146 887 eorum
3175 830 3325 900 prius
3349 845 3379 884 a
3405 832 3720 890 sacerdotibus

2191 924 2381 980 fuisset
2405 925 2701 979 obtectum.
2743 922 2896 977 Nunc
2940 937 3069 992 ergo
3117 922 3401 976 redeamus
3426 921 3488 976 ad
3515 922 3636 978 istud
3655 935 3717 977 ta-

2188 1015 2541 1070 bernaculum
2571 1014 2828 1069 Ecclesia:
2858 1013 2953 1067 Dei
2973 1013 3232 1076 viventis,
3260 1019 3315 1066 et
3344 1011 3597 1068 videamus
3615 1029 3720 1083 quo-

2192 1107 2355 1161 modo
2398 1106 2514 1160 haec
2553 1105 2762 1175 singula
2809 1103 3090 1158 observari
3139 1110 3384 1172 oporteat
3428 1103 3478 1156 in
3526 1104 3720 1161 Ecclesia

2194 1196 2289 1250 Dei
2339 1211 2370 1248 a
2419 1194 2793 1249 sacerdotibus
2837 1192 3060 1248 Christi.
3093 1192 3152 1246 Si
3182 1193 3304 1262 quis
3347 1207 3472 1247 vero
3516 1197 3722 1248 sacerdos

2195 1293 2294 1348 est,
2327 1284 2412 1338 cui
2446 1297 2574 1337 vasa
2613 1297 2787 1348 sacra,
2833 1281 2886 1336 id
2925 1290 3032 1346 est,
3078 1282 3451 1353 mysteriorum
3496 1283 3722 1351 sapientia:

2198 1381 2405 1429 secreta
2447 1372 2738 1427 commissa
2780 1380 2928 1434 sunt,
2979 1371 3156 1425 discat
3200 1386 3264 1424 ex
3308 1372 3390 1425 his
3428 1379 3479 1425 ct
3522 1373 3724 1426 observet

2196 1463 2467 1534 quomodo
2511 1463 2624 1516 haec
2668 1469 2915 1530 oporteat
2962 1462 3106 1516 intra
3155 1460 3396 1515 velamen
3437 1462 3725 1516 conscientiae

2197 1553 2491 1618 custodire,
2539 1566 2643 1606 nec
2677 1552 2836 1606 facile
2875 1550 3122 1625 proferre
3167 1552 3235 1605 ad
3264 1551 3557 1620 publicum;
3593 1560 3670 1604 aut
3691 1553 3726 1606 si

2197 1656 2288 1696 res
2311 1641 2485 1710 poscit
2509 1628 2770 1710 proferre,
2799 1648 2854 1695 et
2877 1640 3252 1704 inferioribus,
3279 1640 3331 1693 id
3357 1649 3453 1706 est,
3482 1641 3728 1710 imperitio-

2121 1741 2172 1800 Β
2200 1732 2349 1785 ribus
2377 1730 2614 1794 tradere,
2644 1745 2712 1785 ne
2737 1731 2882 1784 nuda
2915 1729 3178 1800 proferat,
3210 1745 3277 1784 ne
3300 1741 3479 1799 aperta
3505 1731 3724 1795 ostendat,

2195 1828 2250 1876 et
2300 1821 2517 1890 penitus
2574 1819 2865 1889 patientia,
2907 1820 3113 1889 alioqui
3159 1820 3496 1875 homicidium
3532 1822 3658 1884 facit,
3687 1831 3727 1874 et

2189 1909 2520 1965 exterminat
2547 1909 2778 1987 plebem.
2809 1909 2875 1962 Et
2903 1910 3306 1964 exterminatur
3326 1911 3463 1964 enim
3487 1913 3639 1965 omnis
3656 1913 3724 1980 qui

2191 2008 2404 2053 secreta
2434 2006 2487 2051 et
2517 1996 2809 2052 ineffabilia
2841 2007 3188 2051 sacramenta
3216 1998 3512 2068 contigerit,
3536 2000 3726 2052 nondum

2193 2088 2404 2142 meritis
2432 2096 2486 2142 et
2510 2088 2738 2142 scientia
2767 2088 2824 2141 in
2856 2087 3152 2143 sacerdotii
3179 2088 3421 2142 ordinem
3447 2089 3724 2157 gradumque

2195 2179 2506 2235 translatus.
2537 2179 2678 2234 Solis
2717 2180 2862 2234 enim
2903 2180 3028 2234 filiis
3056 2179 3262 2245 Aaron,
3289 2180 3631 2235 sacerdotibus
3651 2180 3728 2233 sci-

2194 2272 2341 2338 licet,
2379 2272 2550 2342 ipsam
2585 2285 2772 2326 arcam
2820 2271 3133 2326 testamenti
3160 2282 3214 2326 et
3239 2285 3475 2325 mensam
3493 2280 3544 2324 et
3567 2271 3724 2324 cande-

2199 2363 2434 2426 labrum,
2465 2371 2520 2414 et
2549 2362 2597 2416 si
2624 2362 2752 2431 quid
2778 2368 2862 2416 est
2887 2377 3077 2416 eorum
3107 2377 3227 2431 qua:
3255 2378 3411 2432 supra
3434 2361 3726 2430 comprehen-

2197 2452 2394 2515 dimus,
2423 2452 2566 2506 nuda
2607 2460 2663 2506 et
2710 2452 2947 2506 revelata
2989 2453 3178 2506 videre
3214 2466 3516 2507 concessum
3538 2460 3626 2505 est.
3648 2450 3724 2504 Alii

2199 2551 2380 2596 autem
2400 2552 2588 2613 operta
2619 2545 2732 2598 hzec
2765 2543 2999 2607 videant,
3027 2545 3146 2597 imo
3174 2545 3351 2614 potius
3381 2542 3541 2596 velata
3572 2543 3664 2596 hzec
3685 2541 3725 2594 in

2205 2635 2448 2691 humeris
2475 2637 2589 2691 suis
2612 2645 2848 2706 portent.
2882 2636 2950 2690 Et
2977 2636 3075 2690 filii
3103 2637 3319 2705 quidem
3345 2635 3503 2690 Caath
3530 2634 3635 2690 licet
3653 2635 3727 2704 ipsi

2200 2746 2308 2785 non
2347 2731 2455 2785 sint
2489 2733 2820 2796 sacerdotes,
2863 2740 2990 2786 sunt
3029 2740 3217 2784 tamen
3241 2728 3726 2799 proximi-sacerdoti-

2201 2821 2324 2888 bus,
2365 2824 2417 2877 in
2449 2824 2692 2878 humeris
2717 2838 2846 2892 ergo
2885 2823 3000 2877 suis
3030 2830 3262 2890 possunt
3290 2822 3388 2876 ista
3421 2829 3628 2891 portare.
3650 2818 3726 2872 Alii

2203 2927 2349 2996 vero.
2363 2914 2607 2967 sarcinas
2645 2928 2772 2968 suas
2794 2921 2849 2966 et
2874 2912 3204 2977 ministeria,
3235 2927 3334 2966 nec
3355 2911 3407 2965 in
3431 2910 3638 2965 humeris
3658 2908 3728 2963 sed

2205 3001 2260 3056 in
2291 3001 2548 3071 plaustris
2578 3011 2804 3073 ponunt.

2131 3103 2176 3163 ί]
2279 3093 2606 3165 Locutusque
2647 3105 2721 3148 est
2771 3093 3029 3148 Dominus
3065 3094 3140 3147 ad
3170 3093 3384 3164 Moysen
3421 3103 3464 3146 et
3495 3092 3644 3146 Aaron
3669 3090 3729 3141 di-

2199 3200 2319 3238 cens
2349 3200 2366 3238 :
2401 3182 2578 3237 Nolite
2624 3184 2838 3254 perdere
2891 3182 3144 3254 populum
3183 3183 3348 3239 Caatli
3377 3183 3438 3238 de
3479 3181 3623 3236 taedio
3653 3178 3728 3232 Le-

2199 3276 2456 3342 vitarum,
2505 3276 2596 3330 sed
2635 3276 2734 3329 hoc
2778 3276 2936 3344 facite
2980 3277 3054 3329 eis
3094 3286 3153 3330 ut
3191 3277 3396 3340 vivant,
3441 3287 3483 3329 et
3531 3291 3617 3327 non
3647 3287 3730 3324 mo-

2202 3366 2409 3418 riantur
2437 3367 2482 3420 si
2517 3365 2774 3436 tetigerint
2813 3365 3010 3420 Sancta
3035 3376 3367 3420 sanctorum.
3406 3365 3567 3418 Aaron
3599 3373 3637 3416 et
3661 3358 3734 3428 ﬁlii

2201 3456 2316 3524 ejus
2380 3455 2651 3510 intrabunt
2675 3497 2690 3522 ,
2758 3457 2957 3527 ipsique
3023 3456 3312 3526 disponant
3363 3473 3510 3526 opera
3555 3451 3736 3522 singulo-

2203 3561 2320 3598 rum
2348 3586 2364 3614 ,
2415 3556 2462 3600 et
2514 3545 2745 3600 divident
2803 3545 2929 3616 quid
2989 3554 3215 3616 portare
3277 3545 3388 3617 quis
3440 3544 3615 3598 debeat.
3658 3536 3734 3592 Alii

2205 3637 2351 3694 nulla
2413 3637 2716 3692 curiositate
2771 3637 2976 3692 videant
3033 3653 3164 3707 qui:
3216 3647 3336 3691 sunt
3394 3637 3447 3690 iu
3491 3629 3733 3689 sanctuario

2203 3730 2512 3803 priusquam
2599 3729 2962 3796 involvantur,
3017 3727 3236 3800 alioqui~
3273 3729 3558 3782 morientur.
3595 3721 3733 3777 Primo

2205 3822 2568 3893 intelligamus
2619 3836 2684 3876 ea
2735 3836 2856 3890 qua:
2909 3822 3220 3876 secundum
3270 3821 3496 3876 litteram
3546 3815 3734 3872 referun-

2209 3920 2327 3977 tur;
2375 3920 2430 3967 et
2476 3912 2582 3977 ita,
2638 3919 2930 3981 praestante
2973 3911 3244 3978 Domino,
3293 3912 3360 3967 ab
3405 3908 3644 3964 intellmtu
3674 3902 3733 3955 lit-

2205 4009 2339 4055 teras
2386 4002 2748 4056 ascendamus
2803 4001 2874 4056 ad
2936 4001 3348 4072 intelligentiam
3404 4001 3616 4072 spiritus.
3668 3993 3732 4048 ln-

2209 4090 2390 4161 tellige
2425 4106 2555 4160 ergo
2592 4093 2742 4160 prius
2787 4092 2959 4161 ipsam
3007 4092 3418 4149 collocationem
3461 4083 3729 4146 tabernaculi

2212 4182 2529 4249 testimonii,
2563 4183 2798 4252 intelligo
2821 4192 2876 4239 et
2897 4183 3096 4240 Sancta
3125 4195 3578 4253 sanctorum,qu:e
3599 4179 3731 4233 inter-

2202 4273 2351 4343 jecto
2375 4289 2406 4327 a
2429 4274 2635 4329 sanctis
2661 4275 2928 4331 velamine
2950 4276 3302 4344 dirimuntur,
3331 4291 3445 4346 quae
3465 4271 3632 4342 inspici
3651 4281 3728 4322 non

2209 4363 2338 4418 licet
2360 4365 2431 4419 ab
2458 4363 2566 4420 ullo
2592 4365 2872 4420 hominum
2899 4365 3001 4420 nisi
3028 4381 3058 4420 a
3088 4367 3458 4422 sacerdotibus
3486 4362 3614 4418 solis.
3637 4357 3732 4411 Post

521 4480 660 4534 citur
681 4447 800 4546 qua:
842 4477 952 4531 sint
990 4488 1155 4544 Opera
1185 4472 1420 4527 filiorum
1454 4453 1648 4535 Caath,
1685 4470 1738 4523 in
1770 4468 1948 4523 medio
1972 4467 2105 4521 ﬁlio-
2130 4457 2184 4517 D
2210 4454 2326 4510 haec
2348 4453 2605 4524 intellige,
2632 4454 2900 4524 quomodo
2930 4455 3020 4510 ubi
3050 4464 3272 4511 ventum
3316 4447 3488 4516 fuerit,
3519 4460 3570 4505 ut
3592 4455 3729 4504 castra

521 4583 643 4621 rum
672 4567 796 4620 Levi
825 4564 1119 4619 secundum
1143 4562 1326 4632 plebes
1347 4576 1476 4616 suas
1500 4562 1554 4614 in
1588 4559 1934 4615 tabernaculo
1959 4559 2111 4612 testi-

521 4657 710 4710 monii.
759 4654 1041 4717 Introibit,
1099 4651 1315 4720 inquit,
1368 4649 1546 4702 Aaron
1593 4657 1641 4702 et
1683 4647 1782 4716 filii
1832 4647 1946 4716 ejus
1988 4663 2108 4700 cum

523 4749 723 4801 elevata
753 4747 949 4815 fuerint
986 4754 1190 4808 castra,
1231 4752 1278 4797 et
1315 4741 1572 4810 deponent
1608 4739 1774 4794 uelum
1803 4754 1905 4808 quo
1933 4747 2109 4808 tegun-

524 4849 612 4892 tur
634 4849 839 4904 sancta,
879 4848 924 4892 et
960 4838 1188 4906 operient
1217 4852 1282 4890 ex
1303 4835 1413 4905 ipso
1439 4832 1550 4887 velo
1585 4848 1765 4886 arcam
1793 4831 2106 4885 testamenti.

525 4930 592 4984 Et
631 4936 750 4998 post
790 4929 904 4981 haec
934 4936 1139 4995 septem
1186 4925 1430 4995 quaedam
1461 4923 1671 4991 species
1697 4929 2103 4986 enumerantur,

525 5035 645 5090 quae
676 5017 1062 5088 praecipiuntur
1083 5016 1302 5086 operiri.
1330 5014 1512 5068 Primo
1532 5014 1586 5066 in
1615 5013 1754 5077 loco,
1781 5019 1842 5066 ut
1862 5012 2103 5066 omnium

525 5109 814 5180 pretiosior
856 5122 980 5161 arca
1025 5108 1137 5177 ipsa
1185 5105 1492 5161 testamenti
1531 5105 1809 5174 operiatur
1840 5103 1962 5160 velo
1997 5119 2106 5174 quo

525 5201 675 5273 prius
707 5198 1010 5262 velabatur,
1035 5199 1126 5252 sed
1150 5204 1205 5251 et
1231 5195 1368 5266 pelle
1394 5195 1622 5263 desuper
1647 5193 1995 5264 hyacinthina
2034 5201 2108 5247 te-

526 5299 714 5361 gatur;
758 5287 974 5343 additur
1000 5287 1160 5342 etiam
1191 5286 1336 5340 aliud
1361 5284 1601 5339 velamen
1632 5285 1864 5354 desuper
1891 5285 2106 5355 hyacin-

527 5383 757 5436 thinum.
793 5380 1042 5436 Secundo
1071 5379 1125 5433 in
1154 5377 1272 5433 loco
1302 5392 1488 5432 mensa
1511 5377 1770 5446 operitur,
1796 5377 1957 5432 tertio
1980 5389 2110 5430 ean-

527 5472 827 5536 delabrum,
856 5478 1049 5540 quarto
1084 5469 1254 5524 altare
1285 5482 1529 5530 aureum,
1562 5466 1750 5536 quinto
1793 5481 1920 5520 vasa
1951 5465 2110 5520 mini-

529 5564 700 5626 sterii,
750 5571 902 5616 sexto
944 5561 1337 5632 operimentum
1385 5557 1572 5611 altaris
1618 5571 1742 5610 cum
1785 5554 2110 5625 quibusdam

530 5650 842 5708 velamentis
875 5653 1181 5722 apponitur,
1230 5651 1456 5720 septimo
1493 5649 1611 5703 loco
1641 5649 1884 5718 operitur
1931 5657 1984 5703 et
2027 5648 2107 5703 la-

2211 4559 2463 4605 moveant
2488 4548 2583 4602 filii
2613 4549 2800 4615 Israel,
2835 4549 3064 4605 solvitur
3087 4549 3504 4611 tabernaculum,
3526 4553 3573 4599 et
3591 4541 3728 4598 Aaron

2209 4649 2266 4694 et
2295 4639 2389 4694 filii
2415 4639 2532 4708 ejus
2563 4639 2876 4695 sacerdotes
2919 4640 3062 4695 intra
3099 4639 3303 4696 Sancta
3330 4645 3612 4695 sanctorum
3637 4641 3730 4696 opc‘

2211 4731 2358 4785 riunt
2397 4731 2607 4800 singula
2659 4745 2885 4801 qumque
2931 4732 3286 4801 operimentis
3334 4747 3398 4785 ac
3437 4719 3729 4782 velaminibus

2208 4822 2341 4887 suis,
2373 4829 2430 4876 et
2453 4823 2668 4876 obtecta
2691 4835 2756 4876 ea
2785 4821 3172 4890 relinquentes,
3215 4822 3269 4876 in
3313 4821 3496 4875 eodem
3520 4827 3614 4886 quo
3638 4807 3727 4862 lue-

2212 4922 2335 4967 rant
2365 4913 2480 4969 loco
2509 4914 2858 4969 introducunt
2878 4914 3018 4970 filios
3051 4913 3241 4978 Caath,
3289 4913 3379 4983 qui
3419 4911 3483 4966 ad
3509 4904 3630 4964 istud
3647 4897 3732 4956 ollis

2215 5006 2358 5060 cium
2387 5006 2626 5075 deputati
2643 5015 2797 5072 sunt,
2827 5015 2884 5062 et
2907 5006 3111 5061 faciunt
3155 5007 3368 5062 elevare
3402 4999 3615 5060 humeris
3645 4991 3728 5049 suis

2211 5099 2392 5154 omnia
2442 5099 2532 5154 illa
2578 5115 2698 5170 quae
2740 5116 2933 5155 manus
2971 5101 3322 5156 sacerdotalis
3373 5099 3640 5165 obtererat.
3678 5085 3727 5138 Ει

2213 5198 2435 5260 Propter
2465 5192 2570 5245 hoc
2597 5190 2799 5246 dicitur
2835 5207 2866 5246 a
2904 5192 3168 5248 Domino:
3201 5189 3279 5246 Ne
3315 5182 3650 5245 exterminetis
3672 5175 3727 5228 'de

2214 5284 2359 5339 tribu
2395 5298 2492 5338 sua
2529 5283 2741 5353 plebem
2781 5283 2971 5346 Caath,
3002 5284 3156 5353 quasi
3198 5283 3255 5337 in
3287 5297 3352 5337 eo
3391 5262 3724 5334 exterminandi

2205 5380 2411 5440 essent,
2443 5374 2489 5428 si
2515 5373 2715 5429 Sancta
2742 5382 3053 5430 sanctorum
3099 5372 3240 5428 nuda
3268 5381 3324 5426 et
3363 5363 3599 5442 patientia
3628 5370 3728 5411 eon-

2207 5465 2488 5537 tigissent:
2517 5481 2640 5536 quas
2673 5481 2780 5521 non
2816 5464 2989 5520 solum
3037 5479 3142 5520 non
3177 5461 3500 5531 contingere,
3540 5450 3619 5509 sed
3653 5453 3727 5537 DN?

2209 5533 2406 5614 intueri
2452 5533 2670 5628 quidem
2705 5557 2789 5612 fas
2817 5564 2934 5612 erat
2975 5572 3081 5612 non
3126 5555 3318 5611 velata.
3369 5551 3423 5607 Si
3473 5533 3728 5628 intellexisti

2208 5649 2337 5719 quid
2395 5649 2633 5707 historiae
2699 5648 2833 5703 ordo
2881 5648 3174 5715 contineat,
3230 5643 3455 5698 ascende
3509 5647 3631 5691 nunc
3677 5620 3728 5679 ad
