  <div class='ocr_page' id='page_1' title='image "/cluster/home/n/w/nwhite01/storage/ocr_20150623/108/hvd.32044054759733/312.png"; bbox 0 0 3932 6188; ppageno 0'>
   <div class='ocr_carea' id='block_1_1' title="bbox 366 243 3642 329">
    <p class='ocr_par' dir='ltr' id='par_1_1' title="bbox 366 243 3642 329">
     <span class='ocr_line' id='line_1_1' title="bbox 366 243 3642 329; baseline 0.011 -35"><span class='ocrx_word' id='word_1_1' title='bbox 366 243 471 296; x_wconf 72' lang='grc'><strong>613</strong></span> <span class='ocrx_word' id='word_1_2' title='bbox 1089 245 1625 305; x_wconf 79' lang='lat' dir='ltr'><strong>ENARRATIONES</strong></span> <span class='ocrx_word' id='word_1_3' title='bbox 1661 249 1729 304; x_wconf 82' lang='lat' dir='ltr'><strong>IN</strong></span> <span class='ocrx_word' id='word_1_4' title='bbox 1765 249 2029 307; x_wconf 80' lang='lat' dir='ltr'><strong>LIBRUM</strong></span> <span class='ocrx_word' id='word_1_5' title='bbox 2067 250 2531 314; x_wconf 75' lang='lat' dir='ltr'><strong>NUMERORUM.</strong></span> <span class='ocrx_word' id='word_1_6' title='bbox 2572 290 2640 301; x_wconf 91' lang='lat'><strong><em>—</em></strong></span> <span class='ocrx_word' id='word_1_7' title='bbox 2682 261 2812 318; x_wconf 81' lang='lat' dir='ltr'><strong>LIB.</strong></span> <span class='ocrx_word' id='word_1_8' title='bbox 2852 264 2892 318; x_wconf 91' lang='grc' dir='ltr'><strong>Ι.</strong></span> <span class='ocrx_word' id='word_1_9' title='bbox 3539 274 3642 329; x_wconf 75' lang='lat' dir='ltr'><strong>0M</strong></span> 
     </span>
    </p>
   </div>
   <div class='ocr_carea' id='block_1_2' title="bbox 348 353 3645 442">
    <p class='ocr_par' dir='ltr' id='par_1_2' title="bbox 348 353 3645 442">
     <span class='ocr_line' id='line_1_2' title="bbox 348 353 3645 442; baseline 0.01 -34"><span class='ocrx_word' id='word_1_10' title='bbox 348 353 696 425; x_wconf 81' lang='lat' dir='ltr'><strong>splendorem</strong></span> <span class='ocrx_word' id='word_1_11' title='bbox 725 356 994 427; x_wconf 87' lang='lat' dir='ltr'><strong>mysterii,</strong></span> <span class='ocrx_word' id='word_1_12' title='bbox 1018 365 1073 412; x_wconf 84' lang='lat' dir='ltr'><strong>et</strong></span> <span class='ocrx_word' id='word_1_13' title='bbox 1100 359 1234 428; x_wconf 90' lang='lat' dir='ltr'><strong>legis</strong></span> <span class='ocrx_word' id='word_1_14' title='bbox 1260 359 1522 429; x_wconf 73' lang='lat' dir='ltr'><strong>spiritalis</strong></span> <span class='ocrx_word' id='word_1_15' title='bbox 1547 360 1747 423; x_wconf 81' lang='lat' dir='ltr'><strong>lumen,</strong></span> <span class='ocrx_word' id='word_1_16' title='bbox 1785 361 1830 415; x_wconf 88' lang='lat' dir='ltr'><strong>si</strong></span> <span class='ocrx_word' id='word_1_17' title='bbox 1855 377 1951 431; x_wconf 90' lang='lat' dir='ltr'><strong>pu-</strong></span> <span class='ocrx_word' id='word_1_18' title='bbox 1977 373 2026 432; x_wconf 79' lang='grc' dir='ltr'>Α</span> <span class='ocrx_word' id='word_1_19' title='bbox 2054 361 2198 418; x_wconf 89' lang='lat' dir='ltr'><strong>ﬁlius</strong></span> <span class='ocrx_word' id='word_1_20' title='bbox 2243 365 2442 431; x_wconf 81' lang='lat' dir='ltr'><strong>Aaron,</strong></span> <span class='ocrx_word' id='word_1_21' title='bbox 2489 369 2686 438; x_wconf 81' lang='lat' dir='ltr'><strong>quibus</strong></span> <span class='ocrx_word' id='word_1_22' title='bbox 2727 373 2827 427; x_wconf 89' lang='lat' dir='ltr'><strong>ista</strong></span> <span class='ocrx_word' id='word_1_23' title='bbox 2867 376 3183 432; x_wconf 79' lang='lat' dir='ltr'><strong>conceditur</strong></span> <span class='ocrx_word' id='word_1_24' title='bbox 3223 381 3362 436; x_wconf 92' lang='lat' dir='ltr'><strong>nuda</strong></span> <span class='ocrx_word' id='word_1_25' title='bbox 3406 392 3463 438; x_wconf 93' lang='lat' dir='ltr'><strong>et</strong></span> <span class='ocrx_word' id='word_1_26' title='bbox 3495 400 3645 442; x_wconf 82' lang='lat' dir='ltr'><strong>reve-</strong></span> 
     </span>
    </p>
   </div>
   <div class='ocr_carea' id='block_1_3' title="bbox 347 444 3643 547">
    <p class='ocr_par' dir='ltr' id='par_1_3' title="bbox 347 444 3643 547">
     <span class='ocr_line' id='line_1_3' title="bbox 347 444 3643 547; baseline 0.01 -49"><span class='ocrx_word' id='word_1_27' title='bbox 347 460 445 498; x_wconf 89' lang='lat' dir='ltr'><strong>rus</strong></span> <span class='ocrx_word' id='word_1_28' title='bbox 472 444 570 499; x_wconf 94' lang='lat' dir='ltr'><strong>tibi</strong></span> <span class='ocrx_word' id='word_1_29' title='bbox 609 453 696 500; x_wconf 86' lang='lat' dir='ltr'><strong>est</strong></span> <span class='ocrx_word' id='word_1_30' title='bbox 722 446 918 501; x_wconf 89' lang='lat' dir='ltr'><strong>mentis</strong></span> <span class='ocrx_word' id='word_1_31' title='bbox 946 447 1154 514; x_wconf 86' lang='lat' dir='ltr'><strong>oculus,</strong></span> <span class='ocrx_word' id='word_1_32' title='bbox 1195 457 1474 504; x_wconf 89' lang='lat' dir='ltr'><strong>eontuere.</strong></span> <span class='ocrx_word' id='word_1_33' title='bbox 1515 448 1572 504; x_wconf 88' lang='lat' dir='ltr'><strong>Si</strong></span> <span class='ocrx_word' id='word_1_34' title='bbox 1603 450 1724 520; x_wconf 87' lang='lat' dir='ltr'><strong>quis</strong></span> <span class='ocrx_word' id='word_1_35' title='bbox 1753 451 1946 522; x_wconf 87' lang='lat' dir='ltr'><strong>dignus</strong></span> <span class='ocrx_word' id='word_1_36' title='bbox 2048 453 2156 508; x_wconf 88' lang='lat' dir='ltr'><strong>lata</strong></span> <span class='ocrx_word' id='word_1_37' title='bbox 2184 458 2520 526; x_wconf 89' lang='lat' dir='ltr'><strong>perspicere,</strong></span> <span class='ocrx_word' id='word_1_38' title='bbox 2563 469 2621 513; x_wconf 92' lang='lat' dir='ltr'><strong>ut</strong></span> <span class='ocrx_word' id='word_1_39' title='bbox 2652 462 2827 516; x_wconf 90' lang='lat' dir='ltr'><strong>sciant</strong></span> <span class='ocrx_word' id='word_1_40' title='bbox 2867 463 2968 518; x_wconf 90' lang='lat' dir='ltr'><strong>sibi</strong></span> <span class='ocrx_word' id='word_1_41' title='bbox 2999 467 3222 523; x_wconf 88' lang='lat' dir='ltr'><strong>velanda</strong></span> <span class='ocrx_word' id='word_1_42' title='bbox 3261 472 3376 527; x_wconf 76' lang='lat' dir='ltr'><strong>hmc</strong></span> <span class='ocrx_word' id='word_1_43' title='bbox 3417 483 3473 529; x_wconf 91' lang='lat' dir='ltr'><strong>et</strong></span> <span class='ocrx_word' id='word_1_44' title='bbox 3515 492 3643 547; x_wconf 82' lang='lat' dir='ltr'><strong>epe-</strong></span> 
     </span>
    </p>
   </div>
   <div class='ocr_carea' id='block_1_4' title="bbox 340 537 3636 632">
    <p class='ocr_par' dir='ltr' id='par_1_4' title="bbox 340 537 3636 632">
     <span class='ocr_line' id='line_1_4' title="bbox 340 537 3636 632; baseline 0.008 -41"><span class='ocrx_word' id='word_1_45' title='bbox 340 544 528 592; x_wconf 80' lang='lat' dir='ltr'><strong>estex</strong></span> <span class='ocrx_word' id='word_1_46' title='bbox 562 537 649 591; x_wconf 90' lang='lat' dir='ltr'><strong>his</strong></span> <span class='ocrx_word' id='word_1_47' title='bbox 678 538 769 606; x_wconf 92' lang='lat' dir='ltr'><strong>qui</strong></span> <span class='ocrx_word' id='word_1_48' title='bbox 817 539 928 592; x_wconf 90' lang='lat' dir='ltr'><strong>Deo</strong></span> <span class='ocrx_word' id='word_1_49' title='bbox 971 539 1308 606; x_wconf 84' lang='lat' dir='ltr'><strong>ministrant,</strong></span> <span class='ocrx_word' id='word_1_50' title='bbox 1339 541 1522 596; x_wconf 88' lang='lat' dir='ltr'><strong>divina</strong></span> <span class='ocrx_word' id='word_1_51' title='bbox 1558 557 1755 612; x_wconf 83' lang='lat' dir='ltr'><strong>capere</strong></span> <span class='ocrx_word' id='word_1_52' title='bbox 1782 551 1837 598; x_wconf 91' lang='lat' dir='ltr'><strong>et</strong></span> <span class='ocrx_word' id='word_1_53' title='bbox 1864 543 1945 597; x_wconf 89' lang='lat' dir='ltr'><strong>vi-</strong></span> <span class='ocrx_word' id='word_1_54' title='bbox 2047 543 2267 610; x_wconf 89' lang='lat' dir='ltr'><strong>rienda,</strong></span> <span class='ocrx_word' id='word_1_55' title='bbox 2307 546 2397 600; x_wconf 91' lang='lat' dir='ltr'><strong>ubi</strong></span> <span class='ocrx_word' id='word_1_56' title='bbox 2447 549 2659 605; x_wconf 63' lang='lat' dir='ltr'><strong>caneris</strong></span> <span class='ocrx_word' id='word_1_57' title='bbox 2706 551 2824 605; x_wconf 90' lang='lat' dir='ltr'><strong>dari</strong></span> <span class='ocrx_word' id='word_1_58' title='bbox 2870 567 2934 606; x_wconf 91' lang='lat' dir='ltr'><strong>ea</strong></span> <span class='ocrx_word' id='word_1_59' title='bbox 2959 593 2974 618; x_wconf 90' lang='lat'><strong>,</strong></span> <span class='ocrx_word' id='word_1_60' title='bbox 3027 565 3082 609; x_wconf 92' lang='lat' dir='ltr'><strong>ct</strong></span> <span class='ocrx_word' id='word_1_61' title='bbox 3130 557 3185 611; x_wconf 91' lang='lat' dir='ltr'><strong>in</strong></span> <span class='ocrx_word' id='word_1_62' title='bbox 3233 575 3368 629; x_wconf 89' lang='lat' dir='ltr'><strong>opus</strong></span> <span class='ocrx_word' id='word_1_63' title='bbox 3408 537 3636 632; x_wconf 70' lang='lat' dir='ltr'><strong>proferri</strong></span> 
     </span>
    </p>
   </div>
   <div class='ocr_carea' id='block_1_5' title="bbox 339 625 3632 718">
    <p class='ocr_par' dir='ltr' id='par_1_5' title="bbox 339 625 3632 718">
     <span class='ocr_line' id='line_1_5' title="bbox 339 625 3632 718; baseline 0.009 -38"><span class='ocrx_word' id='word_1_64' title='bbox 339 625 478 682; x_wconf 89' lang='lat' dir='ltr'><strong>dere</strong></span> <span class='ocrx_word' id='word_1_65' title='bbox 515 628 796 698; x_wconf 86' lang='lat' dir='ltr'><strong>mysteria,</strong></span> <span class='ocrx_word' id='word_1_66' title='bbox 827 629 894 683; x_wconf 89' lang='lat' dir='ltr'><strong>ad</strong></span> <span class='ocrx_word' id='word_1_67' title='bbox 931 645 1050 698; x_wconf 70' lang='lat' dir='ltr'><strong>qua:</strong></span> <span class='ocrx_word' id='word_1_68' title='bbox 1074 631 1379 686; x_wconf 90' lang='lat' dir='ltr'><strong>contuenda</strong></span> <span class='ocrx_word' id='word_1_69' title='bbox 1421 632 1604 686; x_wconf 57' lang='lat' dir='ltr'><strong>caeteri</strong></span> <span class='ocrx_word' id='word_1_70' title='bbox 1639 633 1818 688; x_wconf 90' lang='lat' dir='ltr'><strong>minus</strong></span> <span class='ocrx_word' id='word_1_71' title='bbox 1855 648 1946 688; x_wconf 90' lang='lat' dir='ltr'><strong>ca-</strong></span> <span class='ocrx_word' id='word_1_72' title='bbox 2047 636 2185 690; x_wconf 87' lang='lat' dir='ltr'><strong>ratio</strong></span> <span class='ocrx_word' id='word_1_73' title='bbox 2244 639 2570 706; x_wconf 88' lang='lat' dir='ltr'><strong>poposcerit.</strong></span> <span class='ocrx_word' id='word_1_74' title='bbox 2642 640 2770 696; x_wconf 87' lang='lat' dir='ltr'><strong>Post</strong></span> <span class='ocrx_word' id='word_1_75' title='bbox 2834 643 2950 698; x_wconf 64' lang='lat' dir='ltr'><strong>haec</strong></span> <span class='ocrx_word' id='word_1_76' title='bbox 3011 645 3208 702; x_wconf 90' lang='lat' dir='ltr'><strong>dicitur</strong></span> <span class='ocrx_word' id='word_1_77' title='bbox 3268 625 3335 705; x_wconf 84' lang='lat' dir='ltr'><strong>de</strong></span> <span class='ocrx_word' id='word_1_78' title='bbox 3395 625 3632 718; x_wconf 59' lang='lat' dir='ltr'><strong>Levitis,</strong></span> 
     </span>
    </p>
   </div>
   <div class='ocr_carea' id='block_1_6' title="bbox 336 718 3637 814">
    <p class='ocr_par' dir='ltr' id='par_1_6' title="bbox 336 718 3637 814">
     <span class='ocr_line' id='line_1_6' title="bbox 336 718 3637 814; baseline 0.008 -42"><span class='ocrx_word' id='word_1_79' title='bbox 336 734 512 788; x_wconf 87' lang='lat' dir='ltr'><strong>paces</strong></span> <span class='ocrx_word' id='word_1_80' title='bbox 558 727 702 782; x_wconf 88' lang='lat' dir='ltr'><strong>sunt,</strong></span> <span class='ocrx_word' id='word_1_81' title='bbox 752 718 840 774; x_wconf 90' lang='lat' dir='ltr'><strong>hic</strong></span> <span class='ocrx_word' id='word_1_82' title='bbox 876 719 1056 774; x_wconf 83' lang='lat' dir='ltr'><strong>Aaron</strong></span> <span class='ocrx_word' id='word_1_83' title='bbox 1087 722 1170 775; x_wconf 92' lang='lat' dir='ltr'><strong>vel</strong></span> <span class='ocrx_word' id='word_1_84' title='bbox 1217 720 1360 776; x_wconf 87' lang='lat' dir='ltr'><strong>ﬁlius</strong></span> <span class='ocrx_word' id='word_1_85' title='bbox 1389 722 1571 776; x_wconf 83' lang='lat' dir='ltr'><strong>Aaron</strong></span> <span class='ocrx_word' id='word_1_86' title='bbox 1598 737 1719 777; x_wconf 90' lang='lat' dir='ltr'><strong>esse</strong></span> <span class='ocrx_word' id='word_1_87' title='bbox 1747 723 1946 778; x_wconf 90' lang='lat' dir='ltr'><strong>intelli-</strong></span> <span class='ocrx_word' id='word_1_88' title='bbox 2045 725 2171 794; x_wconf 87' lang='lat' dir='ltr'><strong>quia</strong></span> <span class='ocrx_word' id='word_1_89' title='bbox 2219 727 2480 782; x_wconf 85' lang='lat' dir='ltr'><strong>tolluntur</strong></span> <span class='ocrx_word' id='word_1_90' title='bbox 2529 745 2560 783; x_wconf 93' lang='lat' dir='ltr'><strong>a</strong></span> <span class='ocrx_word' id='word_1_91' title='bbox 2603 731 2878 786; x_wconf 89' lang='lat' dir='ltr'><strong>tricesimo</strong></span> <span class='ocrx_word' id='word_1_92' title='bbox 2919 748 3062 790; x_wconf 89' lang='lat' dir='ltr'><strong>anno</strong></span> <span class='ocrx_word' id='word_1_93' title='bbox 3107 746 3163 790; x_wconf 94' lang='lat' dir='ltr'><strong>et</strong></span> <span class='ocrx_word' id='word_1_94' title='bbox 3203 753 3364 808; x_wconf 85' lang='lat' dir='ltr'><strong>supra</strong></span> <span class='ocrx_word' id='word_1_95' title='bbox 3389 781 3405 805; x_wconf 91' lang='lat'><strong>,</strong></span> <span class='ocrx_word' id='word_1_96' title='bbox 3469 759 3637 814; x_wconf 89' lang='lat' dir='ltr'><strong>usque</strong></span> 
     </span>
    </p>
   </div>
   <div class='ocr_carea' id='block_1_7' title="bbox 335 811 3635 902">
    <p class='ocr_par' dir='ltr' id='par_1_7' title="bbox 335 811 3635 902">
     <span class='ocr_line' id='line_1_7' title="bbox 335 811 3635 902; baseline 0.008 -38"><span class='ocrx_word' id='word_1_97' title='bbox 335 821 522 882; x_wconf 84' lang='lat' dir='ltr'><strong>gatur,</strong></span> <span class='ocrx_word' id='word_1_98' title='bbox 570 811 661 881; x_wconf 89' lang='lat' dir='ltr'><strong>qui</strong></span> <span class='ocrx_word' id='word_1_99' title='bbox 701 811 909 880; x_wconf 76' lang='lat' dir='ltr'><strong>ing-redi</strong></span> <span class='ocrx_word' id='word_1_100' title='bbox 945 820 1122 883; x_wconf 89' lang='lat' dir='ltr'><strong>potest</strong></span> <span class='ocrx_word' id='word_1_101' title='bbox 1156 815 1224 870; x_wconf 89' lang='lat' dir='ltr'><strong>ad</strong></span> <span class='ocrx_word' id='word_1_102' title='bbox 1261 830 1324 870; x_wconf 90' lang='lat' dir='ltr'><strong>ea</strong></span> <span class='ocrx_word' id='word_1_103' title='bbox 1353 831 1474 885; x_wconf 74' lang='lat' dir='ltr'><strong>quze</strong></span> <span class='ocrx_word' id='word_1_104' title='bbox 1515 817 1668 870; x_wconf 91' lang='lat' dir='ltr'><strong>adire</strong></span> <span class='ocrx_word' id='word_1_105' title='bbox 1703 816 1824 870; x_wconf 90' lang='lat' dir='ltr'><strong>aliis</strong></span> <span class='ocrx_word' id='word_1_106' title='bbox 1858 817 1943 873; x_wconf 87' lang='lat' dir='ltr'><strong>fas</strong></span> <span class='ocrx_word' id='word_1_107' title='bbox 2042 816 2111 869; x_wconf 84' lang='lat' dir='ltr'><strong>ad</strong></span> <span class='ocrx_word' id='word_1_108' title='bbox 2137 816 2648 888; x_wconf 76' lang='lat' dir='ltr'><strong>quinquagesimum</strong></span> <span class='ocrx_word' id='word_1_109' title='bbox 2700 837 2924 889; x_wconf 90' lang='lat' dir='ltr'><strong>annum,</strong></span> <span class='ocrx_word' id='word_1_110' title='bbox 2974 841 3162 883; x_wconf 90' lang='lat' dir='ltr'><strong>omnes</strong></span> <span class='ocrx_word' id='word_1_111' title='bbox 3191 831 3282 898; x_wconf 89' lang='lat' dir='ltr'><strong>qui</strong></span> <span class='ocrx_word' id='word_1_112' title='bbox 3324 811 3635 902; x_wconf 80' lang='lat' dir='ltr'><strong>ingrediun—</strong></span> 
     </span>
    </p>
   </div>
   <div class='ocr_carea' id='block_1_8' title="bbox 335 901 1940 975">
    <p class='ocr_par' dir='ltr' id='par_1_8' title="bbox 335 901 1940 975">
     <span class='ocr_line' id='line_1_8' title="bbox 335 901 1940 975; baseline 0.006 -19"><span class='ocrx_word' id='word_1_113' title='bbox 335 911 584 957; x_wconf 88' lang='lat' dir='ltr'><strong>nonest.</strong></span> <span class='ocrx_word' id='word_1_114' title='bbox 641 901 698 958; x_wconf 89' lang='lat' dir='ltr'><strong>Si</strong></span> <span class='ocrx_word' id='word_1_115' title='bbox 747 904 868 972; x_wconf 89' lang='lat' dir='ltr'><strong>quis</strong></span> <span class='ocrx_word' id='word_1_116' title='bbox 907 919 1037 975; x_wconf 89' lang='lat' dir='ltr'><strong>ergo</strong></span> <span class='ocrx_word' id='word_1_117' title='bbox 1083 905 1206 960; x_wconf 89' lang='lat' dir='ltr'><strong>talis</strong></span> <span class='ocrx_word' id='word_1_118' title='bbox 1235 915 1340 972; x_wconf 89' lang='lat' dir='ltr'><strong>est,</strong></span> <span class='ocrx_word' id='word_1_119' title='bbox 1386 907 1511 962; x_wconf 90' lang='lat' dir='ltr'><strong>huic</strong></span> <span class='ocrx_word' id='word_1_120' title='bbox 1559 908 1659 964; x_wconf 90' lang='lat' dir='ltr'><strong>soli</strong></span> <span class='ocrx_word' id='word_1_121' title='bbox 1703 908 1940 965; x_wconf 86' lang='lat' dir='ltr'><strong>revelata</strong></span> 
     </span>
    </p>
   </div>
   <div class='ocr_carea' id='block_1_9' title="bbox 332 995 1937 1062">
    <p class='ocr_par' dir='ltr' id='par_1_9' title="bbox 332 995 1937 1062">
     <span class='ocr_line' id='line_1_9' title="bbox 332 995 1937 1062; baseline 0.005 -16"><span class='ocrx_word' id='word_1_122' title='bbox 332 1001 496 1062; x_wconf 86' lang='lat' dir='ltr'><strong>patet</strong></span> <span class='ocrx_word' id='word_1_123' title='bbox 535 1008 662 1048; x_wconf 88' lang='lat' dir='ltr'><strong>arca</strong></span> <span class='ocrx_word' id='word_1_124' title='bbox 709 995 1060 1048; x_wconf 89' lang='lat' dir='ltr'><strong>testamenti:</strong></span> <span class='ocrx_word' id='word_1_125' title='bbox 1094 995 1181 1050; x_wconf 91' lang='lat' dir='ltr'><strong>hic</strong></span> <span class='ocrx_word' id='word_1_126' title='bbox 1222 997 1367 1052; x_wconf 88' lang='lat' dir='ltr'><strong>videt</strong></span> <span class='ocrx_word' id='word_1_127' title='bbox 1410 1013 1603 1052; x_wconf 92' lang='lat' dir='ltr'><strong>urnam</strong></span> <span class='ocrx_word' id='word_1_128' title='bbox 1651 999 1937 1054; x_wconf 86' lang='lat' dir='ltr'><strong>habentem</strong></span> 
     </span>
    </p>
   </div>
   <div class='ocr_carea' id='block_1_10' title="bbox 333 1083 1938 1159">
    <p class='ocr_par' dir='ltr' id='par_1_10' title="bbox 333 1083 1938 1159">
     <span class='ocr_line' id='line_1_10' title="bbox 333 1083 1938 1159; baseline 0.006 -23"><span class='ocrx_word' id='word_1_129' title='bbox 333 1099 558 1146; x_wconf 91' lang='lat' dir='ltr'><strong>manna,</strong></span> <span class='ocrx_word' id='word_1_130' title='bbox 581 1083 669 1138; x_wconf 92' lang='lat' dir='ltr'><strong>hic</strong></span> <span class='ocrx_word' id='word_1_131' title='bbox 690 1085 998 1139; x_wconf 85' lang='lat' dir='ltr'><strong>considerat</strong></span> <span class='ocrx_word' id='word_1_132' title='bbox 1019 1094 1073 1141; x_wconf 91' lang='lat' dir='ltr'><strong>et</strong></span> <span class='ocrx_word' id='word_1_133' title='bbox 1095 1086 1341 1159; x_wconf 76' lang='lat' dir='ltr'><strong>intelligit</strong></span> <span class='ocrx_word' id='word_1_134' title='bbox 1372 1089 1824 1158; x_wconf 90' lang='lat' dir='ltr'><strong>propitiatorium,</strong></span> <span class='ocrx_word' id='word_1_135' title='bbox 1849 1091 1938 1146; x_wconf 90' lang='lat' dir='ltr'><strong>hic</strong></span> 
     </span>
    </p>
   </div>
   <div class='ocr_carea' id='block_1_11' title="bbox 331 1171 1933 1248">
    <p class='ocr_par' dir='ltr' id='par_1_11' title="bbox 331 1171 1933 1248">
     <span class='ocr_line' id='line_1_11' title="bbox 331 1171 1933 1248; baseline 0.007 -25"><span class='ocrx_word' id='word_1_136' title='bbox 331 1171 584 1226; x_wconf 88' lang='lat' dir='ltr'><strong>intuetur</strong></span> <span class='ocrx_word' id='word_1_137' title='bbox 609 1179 663 1226; x_wconf 90' lang='lat' dir='ltr'><strong>et</strong></span> <span class='ocrx_word' id='word_1_138' title='bbox 692 1173 972 1228; x_wconf 88' lang='lat' dir='ltr'><strong>cherubim</strong></span> <span class='ocrx_word' id='word_1_139' title='bbox 993 1185 1301 1245; x_wconf 89' lang='lat' dir='ltr'><strong>utrumque,</strong></span> <span class='ocrx_word' id='word_1_140' title='bbox 1325 1186 1380 1232; x_wconf 93' lang='lat' dir='ltr'><strong>et</strong></span> <span class='ocrx_word' id='word_1_141' title='bbox 1400 1193 1644 1234; x_wconf 88' lang='lat' dir='ltr'><strong>mensam</strong></span> <span class='ocrx_word' id='word_1_142' title='bbox 1667 1189 1933 1248; x_wconf 89' lang='lat' dir='ltr'><strong>sanctam,</strong></span> 
     </span>
    </p>
   </div>
   <div class='ocr_carea' id='block_1_12' title="bbox 329 1261 1936 1326">
    <p class='ocr_par' dir='ltr' id='par_1_12' title="bbox 329 1261 1936 1326">
     <span class='ocr_line' id='line_1_12' title="bbox 329 1261 1936 1326; baseline 0.007 -11"><span class='ocrx_word' id='word_1_143' title='bbox 329 1269 392 1315; x_wconf 89' lang='lat' dir='ltr'><strong>et</strong></span> <span class='ocrx_word' id='word_1_144' title='bbox 421 1261 808 1317; x_wconf 88' lang='lat' dir='ltr'><strong>candelabrum</strong></span> <span class='ocrx_word' id='word_1_145' title='bbox 857 1262 1076 1319; x_wconf 91' lang='lat' dir='ltr'><strong>luminis</strong></span> <span class='ocrx_word' id='word_1_146' title='bbox 1109 1272 1163 1319; x_wconf 89' lang='lat' dir='ltr'><strong>et</strong></span> <span class='ocrx_word' id='word_1_147' title='bbox 1191 1267 1362 1322; x_wconf 89' lang='lat' dir='ltr'><strong>altare</strong></span> <span class='ocrx_word' id='word_1_148' title='bbox 1401 1268 1625 1323; x_wconf 89' lang='lat' dir='ltr'><strong>incensi.</strong></span> <span class='ocrx_word' id='word_1_149' title='bbox 1669 1269 1776 1325; x_wconf 89' lang='lat' dir='ltr'><strong>lste</strong></span> <span class='ocrx_word' id='word_1_150' title='bbox 1819 1271 1936 1326; x_wconf 68' lang='lat' dir='ltr'><strong>haec</strong></span> 
     </span>
    </p>
   </div>
   <div class='ocr_carea' id='block_1_13' title="bbox 329 1353 1934 1429">
    <p class='ocr_par' dir='ltr' id='par_1_13' title="bbox 329 1353 1934 1429">
     <span class='ocr_line' id='line_1_13' title="bbox 329 1353 1934 1429; baseline 0.005 -22"><span class='ocrx_word' id='word_1_151' title='bbox 329 1353 668 1417; x_wconf 86' lang='lat' dir='ltr'><strong>considerat,</strong></span> <span class='ocrx_word' id='word_1_152' title='bbox 696 1361 748 1407; x_wconf 89' lang='lat' dir='ltr'><strong>et</strong></span> <span class='ocrx_word' id='word_1_153' title='bbox 780 1353 1030 1424; x_wconf 77' lang='lat' dir='ltr'><strong>intelligit</strong></span> <span class='ocrx_word' id='word_1_154' title='bbox 1062 1355 1396 1426; x_wconf 89' lang='lat' dir='ltr'><strong>spiritaliter,</strong></span> <span class='ocrx_word' id='word_1_155' title='bbox 1431 1357 1482 1411; x_wconf 91' lang='lat' dir='ltr'><strong>id</strong></span> <span class='ocrx_word' id='word_1_156' title='bbox 1513 1367 1618 1424; x_wconf 91' lang='lat' dir='ltr'><strong>est,</strong></span> <span class='ocrx_word' id='word_1_157' title='bbox 1650 1360 1743 1429; x_wconf 90' lang='lat' dir='ltr'><strong>qui</strong></span> <span class='ocrx_word' id='word_1_158' title='bbox 1768 1361 1934 1415; x_wconf 85' lang='lat' dir='ltr'><strong>verbo</strong></span> 
     </span>
    </p>
   </div>
   <div class='ocr_carea' id='block_1_14' title="bbox 326 1443 1930 1517">
    <p class='ocr_par' dir='ltr' id='par_1_14' title="bbox 326 1443 1930 1517">
     <span class='ocr_line' id='line_1_14' title="bbox 326 1443 1930 1517; baseline 0.004 -19"><span class='ocrx_word' id='word_1_159' title='bbox 326 1443 432 1499; x_wconf 87' lang='lat' dir='ltr'><strong>Dei</strong></span> <span class='ocrx_word' id='word_1_160' title='bbox 481 1451 536 1498; x_wconf 91' lang='lat' dir='ltr'><strong>et</strong></span> <span class='ocrx_word' id='word_1_161' title='bbox 575 1445 854 1513; x_wconf 63' lang='lat' dir='ltr'><strong>sapientiae</strong></span> <span class='ocrx_word' id='word_1_162' title='bbox 880 1447 1154 1515; x_wconf 82' lang='lat' dir='ltr'><strong>mysteriis</strong></span> <span class='ocrx_word' id='word_1_163' title='bbox 1183 1463 1403 1517; x_wconf 86' lang='lat' dir='ltr'><strong>operam</strong></span> <span class='ocrx_word' id='word_1_164' title='bbox 1434 1451 1544 1514; x_wconf 91' lang='lat' dir='ltr'><strong>dat,</strong></span> <span class='ocrx_word' id='word_1_165' title='bbox 1578 1459 1632 1504; x_wconf 91' lang='lat' dir='ltr'><strong>et</strong></span> <span class='ocrx_word' id='word_1_166' title='bbox 1675 1451 1786 1504; x_wconf 91' lang='lat' dir='ltr'><strong>Deo</strong></span> <span class='ocrx_word' id='word_1_167' title='bbox 1830 1451 1930 1506; x_wconf 89' lang='lat' dir='ltr'><strong>soli</strong></span> 
     </span>
    </p>
   </div>
   <div class='ocr_carea' id='block_1_15' title="bbox 325 1535 1930 1607">
    <p class='ocr_par' dir='ltr' id='par_1_15' title="bbox 325 1535 1930 1607">
     <span class='ocr_line' id='line_1_15' title="bbox 325 1535 1930 1607; baseline 0.004 -17"><span class='ocrx_word' id='word_1_168' title='bbox 325 1537 392 1592; x_wconf 90' lang='lat' dir='ltr'><strong>in</strong></span> <span class='ocrx_word' id='word_1_169' title='bbox 437 1537 640 1591; x_wconf 86' lang='lat' dir='ltr'><strong>sanctis</strong></span> <span class='ocrx_word' id='word_1_170' title='bbox 680 1545 855 1591; x_wconf 84' lang='lat' dir='ltr'><strong>vacat.</strong></span> <span class='ocrx_word' id='word_1_171' title='bbox 892 1535 1041 1591; x_wconf 91' lang='lat' dir='ltr'><strong>Sciat</strong></span> <span class='ocrx_word' id='word_1_172' title='bbox 1077 1552 1208 1592; x_wconf 89' lang='lat' dir='ltr'><strong>sane</strong></span> <span class='ocrx_word' id='word_1_173' title='bbox 1248 1538 1334 1593; x_wconf 91' lang='lat' dir='ltr'><strong>cui</strong></span> <span class='ocrx_word' id='word_1_174' title='bbox 1365 1539 1478 1594; x_wconf 69' lang='lat' dir='ltr'><strong>haec</strong></span> <span class='ocrx_word' id='word_1_175' title='bbox 1517 1540 1841 1607; x_wconf 77' lang='lat' dir='ltr'><strong>revelantur,</strong></span> <span class='ocrx_word' id='word_1_176' title='bbox 1875 1549 1930 1596; x_wconf 91' lang='lat' dir='ltr'><strong>et</strong></span> 
     </span>
    </p>
   </div>
   <div class='ocr_carea' id='block_1_16' title="bbox 325 1627 1926 1697">
    <p class='ocr_par' dir='ltr' id='par_1_16' title="bbox 325 1627 1926 1697">
     <span class='ocr_line' id='line_1_16' title="bbox 325 1627 1926 1697; baseline 0.004 -15"><span class='ocrx_word' id='word_1_177' title='bbox 325 1628 654 1697; x_wconf 86' lang='lat' dir='ltr'><strong>spiritaliter</strong></span> <span class='ocrx_word' id='word_1_178' title='bbox 693 1627 1031 1697; x_wconf 90' lang='lat' dir='ltr'><strong>inspiciendo</strong></span> <span class='ocrx_word' id='word_1_179' title='bbox 1070 1630 1386 1696; x_wconf 92' lang='lat' dir='ltr'><strong>creduntur,</strong></span> <span class='ocrx_word' id='word_1_180' title='bbox 1431 1646 1533 1688; x_wconf 90' lang='lat' dir='ltr'><strong>nec</strong></span> <span class='ocrx_word' id='word_1_181' title='bbox 1567 1633 1670 1687; x_wconf 90' lang='lat' dir='ltr'><strong>sibi</strong></span> <span class='ocrx_word' id='word_1_182' title='bbox 1716 1640 1926 1689; x_wconf 91' lang='lat' dir='ltr'><strong>tantum</strong></span> 
     </span>
    </p>
   </div>
   <div class='ocr_carea' id='block_1_17' title="bbox 323 1718 1926 1792">
    <p class='ocr_par' dir='ltr' id='par_1_17' title="bbox 323 1718 1926 1792">
     <span class='ocr_line' id='line_1_17' title="bbox 323 1718 1926 1792; baseline 0.002 -19"><span class='ocrx_word' id='word_1_183' title='bbox 323 1733 456 1773; x_wconf 88' lang='lat' dir='ltr'><strong>esse</strong></span> <span class='ocrx_word' id='word_1_184' title='bbox 483 1718 695 1789; x_wconf 88' lang='lat' dir='ltr'><strong>aperire</strong></span> <span class='ocrx_word' id='word_1_185' title='bbox 719 1718 855 1783; x_wconf 72' lang='lat' dir='ltr'><strong>haec,</strong></span> <span class='ocrx_word' id='word_1_186' title='bbox 885 1728 941 1772; x_wconf 92' lang='lat' dir='ltr'><strong>et</strong></span> <span class='ocrx_word' id='word_1_187' title='bbox 965 1718 1203 1788; x_wconf 90' lang='lat' dir='ltr'><strong>pandere</strong></span> <span class='ocrx_word' id='word_1_188' title='bbox 1225 1721 1422 1789; x_wconf 89' lang='lat' dir='ltr'><strong>quibus</strong></span> <span class='ocrx_word' id='word_1_189' title='bbox 1451 1736 1556 1776; x_wconf 95' lang='lat' dir='ltr'><strong>non</strong></span> <span class='ocrx_word' id='word_1_190' title='bbox 1589 1721 1713 1777; x_wconf 91' lang='lat' dir='ltr'><strong>licet</strong></span> <span class='ocrx_word' id='word_1_191' title='bbox 1741 1722 1926 1792; x_wconf 91' lang='lat' dir='ltr'><strong>pandi,</strong></span> 
     </span>
    </p>
   </div>
   <div class='ocr_carea' id='block_1_18' title="bbox 321 1810 1927 1882">
    <p class='ocr_par' dir='ltr' id='par_1_18' title="bbox 321 1810 1927 1882">
     <span class='ocr_line' id='line_1_18' title="bbox 321 1810 1927 1882; baseline 0.002 -16"><span class='ocrx_word' id='word_1_192' title='bbox 321 1811 424 1866; x_wconf 85' lang='lat' dir='ltr'><strong>sed</strong></span> <span class='ocrx_word' id='word_1_193' title='bbox 454 1810 670 1880; x_wconf 88' lang='lat' dir='ltr'><strong>operire</strong></span> <span class='ocrx_word' id='word_1_194' title='bbox 716 1810 876 1864; x_wconf 89' lang='lat' dir='ltr'><strong>debet</strong></span> <span class='ocrx_word' id='word_1_195' title='bbox 920 1811 1148 1882; x_wconf 90' lang='lat' dir='ltr'><strong>singula,</strong></span> <span class='ocrx_word' id='word_1_196' title='bbox 1181 1820 1236 1866; x_wconf 91' lang='lat' dir='ltr'><strong>et</strong></span> <span class='ocrx_word' id='word_1_197' title='bbox 1276 1821 1462 1882; x_wconf 88' lang='lat' dir='ltr'><strong>operta</strong></span> <span class='ocrx_word' id='word_1_198' title='bbox 1503 1815 1714 1869; x_wconf 67' lang='lat' dir='ltr'><strong>eaateris</strong></span> <span class='ocrx_word' id='word_1_199' title='bbox 1747 1816 1927 1871; x_wconf 90' lang='lat' dir='ltr'><strong>minus</strong></span> 
     </span>
    </p>
   </div>
   <div class='ocr_carea' id='block_1_19' title="bbox 321 1901 1926 1972">
    <p class='ocr_par' dir='ltr' id='par_1_19' title="bbox 321 1901 1926 1972">
     <span class='ocr_line' id='line_1_19' title="bbox 321 1901 1926 1972; baseline 0.004 -17"><span class='ocrx_word' id='word_1_200' title='bbox 321 1901 619 1970; x_wconf 88' lang='lat' dir='ltr'><strong>capacibus</strong></span> <span class='ocrx_word' id='word_1_201' title='bbox 668 1901 881 1956; x_wconf 87' lang='lat' dir='ltr'><strong>tradere</strong></span> <span class='ocrx_word' id='word_1_202' title='bbox 929 1901 1193 1972; x_wconf 87' lang='lat' dir='ltr'><strong>portanda</strong></span> <span class='ocrx_word' id='word_1_203' title='bbox 1245 1903 1486 1959; x_wconf 88' lang='lat' dir='ltr'><strong>humeris</strong></span> <span class='ocrx_word' id='word_1_204' title='bbox 1525 1914 1581 1959; x_wconf 92' lang='lat' dir='ltr'><strong>et</strong></span> <span class='ocrx_word' id='word_1_205' title='bbox 1625 1907 1926 1962; x_wconf 86' lang='lat' dir='ltr'><strong>cervicibus</strong></span> 
     </span>
    </p>
   </div>
   <div class='ocr_carea' id='block_1_20' title="bbox 324 1986 1924 2065">
    <p class='ocr_par' dir='ltr' id='par_1_20' title="bbox 324 1986 1924 2065">
     <span class='ocr_line' id='line_1_20' title="bbox 324 1986 1924 2065; baseline 0.004 -20"><span class='ocrx_word' id='word_1_206' title='bbox 324 1992 675 2062; x_wconf 86' lang='lat' dir='ltr'><strong>imponenda.</strong></span> <span class='ocrx_word' id='word_1_207' title='bbox 702 1991 834 2047; x_wconf 91' lang='lat' dir='ltr'><strong>Cum</strong></span> <span class='ocrx_word' id='word_1_208' title='bbox 862 1993 1003 2046; x_wconf 89' lang='lat' dir='ltr'><strong>enim</strong></span> <span class='ocrx_word' id='word_1_209' title='bbox 1038 2009 1101 2047; x_wconf 84' lang='lat' dir='ltr'><strong>cx</strong></span> <span class='ocrx_word' id='word_1_210' title='bbox 1139 1995 1320 2049; x_wconf 85' lang='lat' dir='ltr'><strong>verbis</strong></span> <span class='ocrx_word' id='word_1_211' title='bbox 1351 1995 1591 2065; x_wconf 82' lang='lat' dir='ltr'><strong>mysticis</strong></span> <span class='ocrx_word' id='word_1_212' title='bbox 1635 1986 1832 2050; x_wconf 77' lang='lat' dir='ltr'><strong>eruditi</strong></span> <span class='ocrx_word' id='word_1_213' title='bbox 1869 2006 1924 2052; x_wconf 92' lang='lat' dir='ltr'><strong>et</strong></span> 
     </span>
    </p>
   </div>
   <div class='ocr_carea' id='block_1_21' title="bbox 319 2083 1923 2158">
    <p class='ocr_par' dir='ltr' id='par_1_21' title="bbox 319 2083 1923 2158">
     <span class='ocr_line' id='line_1_21' title="bbox 319 2083 1923 2158; baseline 0.004 -21"><span class='ocrx_word' id='word_1_214' title='bbox 319 2083 550 2156; x_wconf 83' lang='lat' dir='ltr'><strong>perfecti</strong></span> <span class='ocrx_word' id='word_1_215' title='bbox 581 2083 779 2152; x_wconf 86' lang='lat' dir='ltr'><strong>quique</strong></span> <span class='ocrx_word' id='word_1_216' title='bbox 813 2086 1062 2141; x_wconf 88' lang='lat' dir='ltr'><strong>doctores</strong></span> <span class='ocrx_word' id='word_1_217' title='bbox 1091 2101 1254 2156; x_wconf 82' lang='lat' dir='ltr'><strong>Opera</strong></span> <span class='ocrx_word' id='word_1_218' title='bbox 1289 2086 1500 2156; x_wconf 90' lang='lat' dir='ltr'><strong>populis</strong></span> <span class='ocrx_word' id='word_1_219' title='bbox 1530 2088 1838 2158; x_wconf 87' lang='lat' dir='ltr'><strong>injungunt,</strong></span> <span class='ocrx_word' id='word_1_220' title='bbox 1868 2098 1923 2146; x_wconf 91' lang='lat' dir='ltr'><strong>et</strong></span> 
     </span>
    </p>
   </div>
   <div class='ocr_carea' id='block_1_22' title="bbox 315 2173 1918 2245">
    <p class='ocr_par' dir='ltr' id='par_1_22' title="bbox 315 2173 1918 2245">
     <span class='ocr_line' id='line_1_22' title="bbox 315 2173 1918 2245; baseline 0.006 -20"><span class='ocrx_word' id='word_1_221' title='bbox 315 2173 474 2240; x_wconf 86' lang='lat' dir='ltr'><strong>plebs</strong></span> <span class='ocrx_word' id='word_1_222' title='bbox 508 2173 621 2241; x_wconf 85' lang='lat' dir='ltr'><strong>agit</strong></span> <span class='ocrx_word' id='word_1_223' title='bbox 667 2174 882 2242; x_wconf 90' lang='lat' dir='ltr'><strong>quidem</strong></span> <span class='ocrx_word' id='word_1_224' title='bbox 925 2184 982 2229; x_wconf 90' lang='lat' dir='ltr'><strong>et</strong></span> <span class='ocrx_word' id='word_1_225' title='bbox 1012 2175 1198 2245; x_wconf 89' lang='lat' dir='ltr'><strong>implet</strong></span> <span class='ocrx_word' id='word_1_226' title='bbox 1237 2191 1356 2244; x_wconf 72' lang='lat' dir='ltr'><strong>qua:</strong></span> <span class='ocrx_word' id='word_1_227' title='bbox 1411 2179 1760 2243; x_wconf 85' lang='lat' dir='ltr'><strong>mandantur,</strong></span> <span class='ocrx_word' id='word_1_228' title='bbox 1812 2194 1918 2234; x_wconf 92' lang='lat' dir='ltr'><strong>non</strong></span> 
     </span>
    </p>
   </div>
   <div class='ocr_carea' id='block_1_23' title="bbox 313 2265 1919 2340">
    <p class='ocr_par' dir='ltr' id='par_1_23' title="bbox 313 2265 1919 2340">
     <span class='ocr_line' id='line_1_23' title="bbox 313 2265 1919 2340; baseline 0.006 -26"><span class='ocrx_word' id='word_1_229' title='bbox 313 2270 503 2316; x_wconf 87' lang='lat' dir='ltr'><strong>tamen</strong></span> <span class='ocrx_word' id='word_1_230' title='bbox 531 2277 719 2318; x_wconf 90' lang='lat' dir='ltr'><strong>eorum</strong></span> <span class='ocrx_word' id='word_1_231' title='bbox 749 2279 868 2333; x_wconf 70' lang='lat' dir='ltr'><strong>qua:</strong></span> <span class='ocrx_word' id='word_1_232' title='bbox 893 2274 1156 2335; x_wconf 85' lang='lat' dir='ltr'><strong>geruntur</strong></span> <span class='ocrx_word' id='word_1_233' title='bbox 1193 2266 1446 2338; x_wconf 80' lang='lat' dir='ltr'><strong>intelligit</strong></span> <span class='ocrx_word' id='word_1_234' title='bbox 1472 2265 1760 2334; x_wconf 87' lang='lat' dir='ltr'><strong>rationem,</strong></span> <span class='ocrx_word' id='word_1_235' title='bbox 1790 2271 1919 2340; x_wconf 89' lang='lat' dir='ltr'><strong>quid</strong></span> 
     </span>
    </p>
   </div>
   <div class='ocr_carea' id='block_1_24' title="bbox 312 2357 1918 2428">
    <p class='ocr_par' dir='ltr' id='par_1_24' title="bbox 312 2357 1918 2428">
     <span class='ocr_line' id='line_1_24' title="bbox 312 2357 1918 2428; baseline 0.004 -18"><span class='ocrx_word' id='word_1_236' title='bbox 312 2357 461 2411; x_wconf 82' lang='lat' dir='ltr'><strong>aliud</strong></span> <span class='ocrx_word' id='word_1_237' title='bbox 493 2360 720 2428; x_wconf 83' lang='lat' dir='ltr'><strong>geritur,</strong></span> <span class='ocrx_word' id='word_1_238' title='bbox 749 2359 851 2413; x_wconf 90' lang='lat' dir='ltr'><strong>nisi</strong></span> <span class='ocrx_word' id='word_1_239' title='bbox 875 2373 1044 2428; x_wconf 90' lang='lat' dir='ltr'><strong>opera</strong></span> <span class='ocrx_word' id='word_1_240' title='bbox 1077 2368 1132 2414; x_wconf 91' lang='lat' dir='ltr'><strong>et</strong></span> <span class='ocrx_word' id='word_1_241' title='bbox 1159 2359 1337 2414; x_wconf 91' lang='lat' dir='ltr'><strong>velata</strong></span> <span class='ocrx_word' id='word_1_242' title='bbox 1369 2358 1574 2416; x_wconf 89' lang='lat' dir='ltr'><strong>Sancta</strong></span> <span class='ocrx_word' id='word_1_243' title='bbox 1605 2372 1918 2417; x_wconf 89' lang='lat' dir='ltr'><strong>sanctorum</strong></span> 
     </span>
    </p>
   </div>
   <div class='ocr_carea' id='block_1_25' title="bbox 312 2450 1918 2523">
    <p class='ocr_par' dir='ltr' id='par_1_25' title="bbox 312 2450 1918 2523">
     <span class='ocr_line' id='line_1_25' title="bbox 312 2450 1918 2523; baseline 0.003 -19"><span class='ocrx_word' id='word_1_244' title='bbox 312 2464 484 2518; x_wconf 83' lang='lat' dir='ltr'><strong>super</strong></span> <span class='ocrx_word' id='word_1_245' title='bbox 511 2451 768 2504; x_wconf 92' lang='lat' dir='ltr'><strong>humeros</strong></span> <span class='ocrx_word' id='word_1_246' title='bbox 795 2450 1116 2520; x_wconf 86' lang='lat' dir='ltr'><strong>portantur?</strong></span> <span class='ocrx_word' id='word_1_247' title='bbox 1144 2450 1211 2504; x_wconf 82' lang='lat' dir='ltr'><strong>Et</strong></span> <span class='ocrx_word' id='word_1_248' title='bbox 1238 2461 1296 2504; x_wconf 92' lang='lat' dir='ltr'><strong>ut</strong></span> <span class='ocrx_word' id='word_1_249' title='bbox 1321 2450 1664 2507; x_wconf 74' lang='lat' dir='ltr'><strong>manifestius</strong></span> <span class='ocrx_word' id='word_1_250' title='bbox 1691 2469 1813 2523; x_wconf 67' lang='lat' dir='ltr'><strong>qua</strong></span> <span class='ocrx_word' id='word_1_251' title='bbox 1838 2455 1918 2509; x_wconf 85' lang='lat' dir='ltr'><strong>di-</strong></span> 
     </span>
    </p>
   </div>
   <div class='ocr_carea' id='block_1_26' title="bbox 311 2543 1916 2612">
    <p class='ocr_par' dir='ltr' id='par_1_26' title="bbox 311 2543 1916 2612">
     <span class='ocr_line' id='line_1_26' title="bbox 311 2543 1916 2612; baseline 0.003 -16"><span class='ocrx_word' id='word_1_252' title='bbox 311 2551 518 2596; x_wconf 91' lang='lat' dir='ltr'><strong>cuntur</strong></span> <span class='ocrx_word' id='word_1_253' title='bbox 547 2543 821 2608; x_wconf 83' lang='lat' dir='ltr'><strong>advertas,</strong></span> <span class='ocrx_word' id='word_1_254' title='bbox 859 2543 1122 2612; x_wconf 73' lang='lat' dir='ltr'><strong>exemplis</strong></span> <span class='ocrx_word' id='word_1_255' title='bbox 1151 2551 1202 2597; x_wconf 90' lang='lat' dir='ltr'><strong>te</strong></span> <span class='ocrx_word' id='word_1_256' title='bbox 1227 2558 1294 2599; x_wconf 82' lang='lat' dir='ltr'><strong>ex</strong></span> <span class='ocrx_word' id='word_1_257' title='bbox 1325 2543 1524 2598; x_wconf 83' lang='lat' dir='ltr'><strong>divinis</strong></span> <span class='ocrx_word' id='word_1_258' title='bbox 1548 2545 1916 2601; x_wconf 85' lang='lat' dir='ltr'><strong>voluminibus</strong></span> 
     </span>
    </p>
   </div>
   <div class='ocr_carea' id='block_1_27' title="bbox 312 2633 1918 2706">
    <p class='ocr_par' dir='ltr' id='par_1_27' title="bbox 312 2633 1918 2706">
     <span class='ocr_line' id='line_1_27' title="bbox 312 2633 1918 2706; baseline 0.002 -20"><span class='ocrx_word' id='word_1_259' title='bbox 312 2634 581 2689; x_wconf 84' lang='lat' dir='ltr'><strong>adhibitis</strong></span> <span class='ocrx_word' id='word_1_260' title='bbox 603 2633 1039 2690; x_wconf 85' lang='lat' dir='ltr'><strong>informabimus.</strong></span> <span class='ocrx_word' id='word_1_261' title='bbox 1070 2634 1283 2705; x_wconf 80' lang='lat' dir='ltr'><strong>Moyses</strong></span> <span class='ocrx_word' id='word_1_262' title='bbox 1315 2635 1649 2706; x_wconf 89' lang='lat' dir='ltr'><strong>intelligebat</strong></span> <span class='ocrx_word' id='word_1_263' title='bbox 1673 2638 1790 2691; x_wconf 92' lang='lat' dir='ltr'><strong>sine</strong></span> <span class='ocrx_word' id='word_1_264' title='bbox 1824 2639 1918 2690; x_wconf 87' lang='lat' dir='ltr'><strong>du-</strong></span> 
     </span>
    </p>
   </div>
   <div class='ocr_carea' id='block_1_28' title="bbox 306 2723 1914 2798">
    <p class='ocr_par' dir='ltr' id='par_1_28' title="bbox 306 2723 1914 2798">
     <span class='ocr_line' id='line_1_28' title="bbox 306 2723 1914 2798; baseline 0.004 -20"><span class='ocrx_word' id='word_1_265' title='bbox 306 2723 408 2778; x_wconf 84' lang='lat' dir='ltr'><strong>bio</strong></span> <span class='ocrx_word' id='word_1_266' title='bbox 449 2739 570 2794; x_wconf 73' lang='lat' dir='ltr'><strong>quae</strong></span> <span class='ocrx_word' id='word_1_267' title='bbox 609 2733 755 2779; x_wconf 83' lang='lat' dir='ltr'><strong>esset</strong></span> <span class='ocrx_word' id='word_1_268' title='bbox 798 2740 926 2780; x_wconf 89' lang='lat' dir='ltr'><strong>vera</strong></span> <span class='ocrx_word' id='word_1_269' title='bbox 975 2726 1338 2792; x_wconf 86' lang='lat' dir='ltr'><strong>circumcisio,</strong></span> <span class='ocrx_word' id='word_1_270' title='bbox 1391 2727 1726 2798; x_wconf 88' lang='lat' dir='ltr'><strong>intelligebat</strong></span> <span class='ocrx_word' id='word_1_271' title='bbox 1771 2731 1914 2798; x_wconf 92' lang='lat' dir='ltr'><strong>quod</strong></span> 
     </span>
    </p>
   </div>
   <div class='ocr_carea' id='block_1_29' title="bbox 307 2817 1914 2886">
    <p class='ocr_par' dir='ltr' id='par_1_29' title="bbox 307 2817 1914 2886">
     <span class='ocr_line' id='line_1_29' title="bbox 307 2817 1914 2886; baseline 0.004 -17"><span class='ocrx_word' id='word_1_272' title='bbox 307 2823 461 2870; x_wconf 87' lang='lat' dir='ltr'><strong>esset</strong></span> <span class='ocrx_word' id='word_1_273' title='bbox 503 2831 688 2870; x_wconf 89' lang='lat' dir='ltr'><strong>verum</strong></span> <span class='ocrx_word' id='word_1_274' title='bbox 728 2817 962 2886; x_wconf 81' lang='lat' dir='ltr'><strong>pascha;</strong></span> <span class='ocrx_word' id='word_1_275' title='bbox 1001 2817 1207 2871; x_wconf 89' lang='lat' dir='ltr'><strong>sciebat</strong></span> <span class='ocrx_word' id='word_1_276' title='bbox 1239 2833 1362 2886; x_wconf 76' lang='lat' dir='ltr'><strong>qua:</strong></span> <span class='ocrx_word' id='word_1_277' title='bbox 1389 2827 1575 2872; x_wconf 88' lang='lat' dir='ltr'><strong>essent</strong></span> <span class='ocrx_word' id='word_1_278' title='bbox 1608 2832 1748 2873; x_wconf 72' lang='lat' dir='ltr'><strong>vera:</strong></span> <span class='ocrx_word' id='word_1_279' title='bbox 1789 2834 1914 2876; x_wconf 86' lang='lat' dir='ltr'><strong>neo-</strong></span> 
     </span>
    </p>
   </div>
   <div class='ocr_carea' id='block_1_30' title="bbox 302 2905 1910 2976">
    <p class='ocr_par' dir='ltr' id='par_1_30' title="bbox 302 2905 1910 2976">
     <span class='ocr_line' id='line_1_30' title="bbox 302 2905 1910 2976; baseline 0.005 -17"><span class='ocrx_word' id='word_1_280' title='bbox 302 2905 528 2972; x_wconf 67' lang='lat' dir='ltr'><strong>menius,</strong></span> <span class='ocrx_word' id='word_1_281' title='bbox 561 2916 613 2961; x_wconf 90' lang='lat' dir='ltr'><strong>et</strong></span> <span class='ocrx_word' id='word_1_282' title='bbox 640 2922 760 2976; x_wconf 75' lang='lat' dir='ltr'><strong>qua:</strong></span> <span class='ocrx_word' id='word_1_283' title='bbox 784 2923 913 2961; x_wconf 88' lang='lat' dir='ltr'><strong>vera</strong></span> <span class='ocrx_word' id='word_1_284' title='bbox 947 2909 1192 2962; x_wconf 85' lang='lat' dir='ltr'><strong>sabbata.</strong></span> <span class='ocrx_word' id='word_1_285' title='bbox 1226 2908 1292 2962; x_wconf 89' lang='lat' dir='ltr'><strong>Et</strong></span> <span class='ocrx_word' id='word_1_286' title='bbox 1318 2925 1440 2964; x_wconf 91' lang='lat' dir='ltr'><strong>cum</strong></span> <span class='ocrx_word' id='word_1_287' title='bbox 1471 2911 1585 2965; x_wconf 67' lang='lat' dir='ltr'><strong>hmc</strong></span> <span class='ocrx_word' id='word_1_288' title='bbox 1609 2912 1790 2966; x_wconf 87' lang='lat' dir='ltr'><strong>omnia</strong></span> <span class='ocrx_word' id='word_1_289' title='bbox 1821 2913 1910 2969; x_wconf 89' lang='lat' dir='ltr'><strong>in-</strong></span> 
     </span>
    </p>
   </div>
   <div class='ocr_carea' id='block_1_31' title="bbox 308 2995 1907 3074">
    <p class='ocr_par' dir='ltr' id='par_1_31' title="bbox 308 2995 1907 3074">
     <span class='ocr_line' id='line_1_31' title="bbox 308 2995 1907 3074; baseline 0.007 -24"><span class='ocrx_word' id='word_1_290' title='bbox 308 2995 608 3050; x_wconf 86' lang='lat' dir='ltr'><strong>tellexisset</strong></span> <span class='ocrx_word' id='word_1_291' title='bbox 654 2998 708 3050; x_wconf 92' lang='lat' dir='ltr'><strong>in</strong></span> <span class='ocrx_word' id='word_1_292' title='bbox 756 2999 972 3068; x_wconf 89' lang='lat' dir='ltr'><strong>spiritu,</strong></span> <span class='ocrx_word' id='word_1_293' title='bbox 1020 2999 1200 3054; x_wconf 89' lang='lat' dir='ltr'><strong>verbis</strong></span> <span class='ocrx_word' id='word_1_294' title='bbox 1249 3009 1430 3056; x_wconf 90' lang='lat' dir='ltr'><strong>tamen</strong></span> <span class='ocrx_word' id='word_1_295' title='bbox 1479 3011 1535 3057; x_wconf 90' lang='lat' dir='ltr'><strong>et</strong></span> <span class='ocrx_word' id='word_1_296' title='bbox 1582 3018 1681 3074; x_wconf 88' lang='lat' dir='ltr'><strong>per</strong></span> <span class='ocrx_word' id='word_1_297' title='bbox 1725 3020 1907 3060; x_wconf 72' lang='lat' dir='ltr'><strong>rerum</strong></span> 
     </span>
    </p>
   </div>
   <div class='ocr_carea' id='block_1_32' title="bbox 2044 908 3634 986">
    <p class='ocr_par' dir='ltr' id='par_1_32' title="bbox 2044 908 3634 986">
     <span class='ocr_line' id='line_1_32' title="bbox 2044 908 3634 986; baseline 0.015 -26"><span class='ocrx_word' id='word_1_298' title='bbox 2044 916 2133 960; x_wconf 88' lang='lat' dir='ltr'><strong>tur</strong></span> <span class='ocrx_word' id='word_1_299' title='bbox 2167 908 2233 962; x_wconf 89' lang='lat' dir='ltr'><strong>ad</strong></span> <span class='ocrx_word' id='word_1_300' title='bbox 2272 910 2630 968; x_wconf 89' lang='lat' dir='ltr'><strong>ministerium</strong></span> <span class='ocrx_word' id='word_1_301' title='bbox 2662 914 2994 972; x_wconf 88' lang='lat' dir='ltr'><strong>tabernaculi</strong></span> <span class='ocrx_word' id='word_1_302' title='bbox 3031 917 3269 986; x_wconf 72' lang='lat' dir='ltr'><strong>fmderis,</strong></span> <span class='ocrx_word' id='word_1_303' title='bbox 3303 925 3418 979; x_wconf 86' lang='lat' dir='ltr'><strong>sive</strong></span> <span class='ocrx_word' id='word_1_304' title='bbox 3442 942 3634 984; x_wconf 79' lang='lat' dir='ltr'><strong>secun-</strong></span> 
     </span>
    </p>
   </div>
   <div class='ocr_carea' id='block_1_33' title="bbox 2041 997 3632 1073">
    <p class='ocr_par' dir='ltr' id='par_1_33' title="bbox 2041 997 3632 1073">
     <span class='ocr_line' id='line_1_33' title="bbox 2041 997 3632 1073; baseline 0.013 -21"><span class='ocrx_word' id='word_1_305' title='bbox 2041 997 2168 1052; x_wconf 89' lang='lat' dir='ltr'><strong>dum</strong></span> <span class='ocrx_word' id='word_1_306' title='bbox 2215 1000 2506 1057; x_wconf 89' lang='lat' dir='ltr'><strong>editionem</strong></span> <span class='ocrx_word' id='word_1_307' title='bbox 2555 1003 2720 1071; x_wconf 80' lang='lat' dir='ltr'><strong>LXX,</strong></span> <span class='ocrx_word' id='word_1_308' title='bbox 2767 1007 3028 1062; x_wconf 91' lang='lat' dir='ltr'><strong>tolluntur</strong></span> <span class='ocrx_word' id='word_1_309' title='bbox 3061 1009 3260 1066; x_wconf 70' lang='lat' dir='ltr'><strong>Levila:</strong></span> <span class='ocrx_word' id='word_1_310' title='bbox 3299 1029 3330 1067; x_wconf 89' lang='lat' dir='ltr'><strong>a</strong></span> <span class='ocrx_word' id='word_1_311' title='bbox 3375 1015 3632 1073; x_wconf 89' lang='lat' dir='ltr'><strong>vicesimo</strong></span> 
     </span>
    </p>
   </div>
   <div class='ocr_carea' id='block_1_34' title="bbox 2038 1093 3630 1174">
    <p class='ocr_par' dir='ltr' id='par_1_34' title="bbox 2038 1093 3630 1174">
     <span class='ocr_line' id='line_1_34' title="bbox 2038 1093 3630 1174; baseline 0.011 -30"><span class='ocrx_word' id='word_1_312' title='bbox 2038 1093 2227 1160; x_wconf 87' lang='lat' dir='ltr'><strong>quinto</strong></span> <span class='ocrx_word' id='word_1_313' title='bbox 2252 1109 2396 1149; x_wconf 93' lang='lat' dir='ltr'><strong>anno</strong></span> <span class='ocrx_word' id='word_1_314' title='bbox 2423 1103 2478 1150; x_wconf 93' lang='lat' dir='ltr'><strong>ct</strong></span> <span class='ocrx_word' id='word_1_315' title='bbox 2503 1111 2690 1166; x_wconf 87' lang='lat' dir='ltr'><strong>supra,</strong></span> <span class='ocrx_word' id='word_1_316' title='bbox 2721 1114 2890 1168; x_wconf 89' lang='lat' dir='ltr'><strong>usque</strong></span> <span class='ocrx_word' id='word_1_317' title='bbox 2911 1101 2978 1154; x_wconf 92' lang='lat' dir='ltr'><strong>ad</strong></span> <span class='ocrx_word' id='word_1_318' title='bbox 3004 1102 3507 1174; x_wconf 79' lang='lat' dir='ltr'><strong>quinquagesimum</strong></span> <span class='ocrx_word' id='word_1_319' title='bbox 3535 1124 3630 1163; x_wconf 85' lang='lat' dir='ltr'><strong>an-</strong></span> 
     </span>
    </p>
   </div>
   <div class='ocr_carea' id='block_1_35' title="bbox 2038 1187 3629 1261">
    <p class='ocr_par' dir='ltr' id='par_1_35' title="bbox 2038 1187 3629 1261">
     <span class='ocr_line' id='line_1_35' title="bbox 2038 1187 3629 1261; baseline 0.013 -27"><span class='ocrx_word' id='word_1_320' title='bbox 2038 1197 2191 1248; x_wconf 92' lang='lat' dir='ltr'><strong>num,</strong></span> <span class='ocrx_word' id='word_1_321' title='bbox 2243 1199 2431 1239; x_wconf 91' lang='lat' dir='ltr'><strong>omnes</strong></span> <span class='ocrx_word' id='word_1_322' title='bbox 2463 1187 2556 1254; x_wconf 90' lang='lat' dir='ltr'><strong>qui</strong></span> <span class='ocrx_word' id='word_1_323' title='bbox 2585 1189 2886 1256; x_wconf 89' lang='lat' dir='ltr'><strong>procedunt</strong></span> <span class='ocrx_word' id='word_1_324' title='bbox 2909 1189 2976 1242; x_wconf 91' lang='lat' dir='ltr'><strong>ad</strong></span> <span class='ocrx_word' id='word_1_325' title='bbox 3023 1206 3158 1260; x_wconf 89' lang='lat' dir='ltr'><strong>opus</strong></span> <span class='ocrx_word' id='word_1_326' title='bbox 3192 1208 3438 1261; x_wconf 89' lang='lat' dir='ltr'><strong>operum,</strong></span> <span class='ocrx_word' id='word_1_327' title='bbox 3480 1208 3535 1252; x_wconf 93' lang='lat' dir='ltr'><strong>ct</strong></span> <span class='ocrx_word' id='word_1_328' title='bbox 3561 1201 3629 1254; x_wconf 89' lang='lat' dir='ltr'><strong>ad</strong></span> 
     </span>
    </p>
   </div>
   <div class='ocr_carea' id='block_1_36' title="bbox 2037 1280 3630 1345">
    <p class='ocr_par' dir='ltr' id='par_1_36' title="bbox 2037 1280 3630 1345">
     <span class='ocr_line' id='line_1_36' title="bbox 2037 1280 3630 1345; baseline 0.013 -20"><span class='ocrx_word' id='word_1_329' title='bbox 2037 1287 2201 1341; x_wconf 90' lang='lat' dir='ltr'><strong>opera</strong></span> <span class='ocrx_word' id='word_1_330' title='bbox 2241 1289 2363 1343; x_wconf 70' lang='lat' dir='ltr'><strong>qua:</strong></span> <span class='ocrx_word' id='word_1_331' title='bbox 2387 1280 3043 1345; x_wconf 86' lang='lat' dir='ltr'><strong>portantur-tabernaculi</strong></span> <span class='ocrx_word' id='word_1_332' title='bbox 3078 1284 3394 1340; x_wconf 90' lang='lat' dir='ltr'><strong>testimonii.</strong></span> <span class='ocrx_word' id='word_1_333' title='bbox 3436 1288 3630 1344; x_wconf 85' lang='lat' dir='ltr'><strong>Obser-</strong></span> 
     </span>
    </p>
   </div>
   <div class='ocr_carea' id='block_1_37' title="bbox 2035 1367 3620 1449">
    <p class='ocr_par' dir='ltr' id='par_1_37' title="bbox 2035 1367 3620 1449">
     <span class='ocr_line' id='line_1_37' title="bbox 2035 1367 3620 1449; baseline 0.012 -30"><span class='ocrx_word' id='word_1_334' title='bbox 2035 1381 2104 1420; x_wconf 88' lang='lat' dir='ltr'><strong>va</strong></span> <span class='ocrx_word' id='word_1_335' title='bbox 2129 1367 2183 1420; x_wconf 91' lang='lat' dir='ltr'><strong>in</strong></span> <span class='ocrx_word' id='word_1_336' title='bbox 2207 1368 2292 1422; x_wconf 90' lang='lat' dir='ltr'><strong>his</strong></span> <span class='ocrx_word' id='word_1_337' title='bbox 2307 1369 2711 1427; x_wconf 91' lang='lat' dir='ltr'><strong>distinctionem</strong></span> <span class='ocrx_word' id='word_1_338' title='bbox 2741 1389 3056 1430; x_wconf 89' lang='lat' dir='ltr'><strong>sermonum</strong></span> <span class='ocrx_word' id='word_1_339' title='bbox 3092 1371 3384 1449; x_wconf 75' lang='lat' dir='ltr'><strong>Scriptum</strong></span> <span class='ocrx_word' id='word_1_340' title='bbox 3406 1383 3620 1438; x_wconf 67' lang='lat' dir='ltr'><strong>divinae.</strong></span> 
     </span>
    </p>
   </div>
   <div class='ocr_carea' id='block_1_38' title="bbox 2037 1454 3626 1538">
    <p class='ocr_par' dir='ltr' id='par_1_38' title="bbox 2037 1454 3626 1538">
     <span class='ocr_line' id='line_1_38' title="bbox 2037 1454 3626 1538; baseline 0.01 -26"><span class='ocrx_word' id='word_1_341' title='bbox 2037 1454 2139 1512; x_wconf 88' lang='lat' dir='ltr'><strong>Ubi</strong></span> <span class='ocrx_word' id='word_1_342' title='bbox 2168 1459 2234 1512; x_wconf 89' lang='lat' dir='ltr'><strong>de</strong></span> <span class='ocrx_word' id='word_1_343' title='bbox 2259 1461 2517 1528; x_wconf 86' lang='lat' dir='ltr'><strong>Operibus</strong></span> <span class='ocrx_word' id='word_1_344' title='bbox 2562 1461 2796 1517; x_wconf 91' lang='lat' dir='ltr'><strong>ﬁliorum</strong></span> <span class='ocrx_word' id='word_1_345' title='bbox 2845 1464 3009 1519; x_wconf 88' lang='lat' dir='ltr'><strong>Israel</strong></span> <span class='ocrx_word' id='word_1_346' title='bbox 3052 1466 3316 1538; x_wconf 89' lang='lat' dir='ltr'><strong>loquitur,</strong></span> <span class='ocrx_word' id='word_1_347' title='bbox 3355 1488 3461 1526; x_wconf 92' lang='lat' dir='ltr'><strong>non</strong></span> <span class='ocrx_word' id='word_1_348' title='bbox 3489 1475 3626 1528; x_wconf 81' lang='lat' dir='ltr'><strong>dixit</strong></span> 
     </span>
    </p>
   </div>
   <div class='ocr_carea' id='block_1_39' title="bbox 2031 1554 3623 1627">
    <p class='ocr_par' dir='ltr' id='par_1_39' title="bbox 2031 1554 3623 1627">
     <span class='ocr_line' id='line_1_39' title="bbox 2031 1554 3623 1627; baseline 0.01 -24"><span class='ocrx_word' id='word_1_349' title='bbox 2031 1563 2197 1619; x_wconf 91' lang='lat' dir='ltr'><strong>opera</strong></span> <span class='ocrx_word' id='word_1_350' title='bbox 2229 1565 2478 1621; x_wconf 88' lang='lat' dir='ltr'><strong>operum,</strong></span> <span class='ocrx_word' id='word_1_351' title='bbox 2531 1554 2623 1607; x_wconf 89' lang='lat' dir='ltr'><strong>sed</strong></span> <span class='ocrx_word' id='word_1_352' title='bbox 2654 1555 2768 1609; x_wconf 90' lang='lat' dir='ltr'><strong>sola</strong></span> <span class='ocrx_word' id='word_1_353' title='bbox 2805 1571 2990 1627; x_wconf 87' lang='lat' dir='ltr'><strong>opera.</strong></span> <span class='ocrx_word' id='word_1_354' title='bbox 3027 1558 3127 1613; x_wconf 92' lang='lat' dir='ltr'><strong>Ubi</strong></span> <span class='ocrx_word' id='word_1_355' title='bbox 3149 1576 3280 1615; x_wconf 87' lang='lat' dir='ltr'><strong>vero</strong></span> <span class='ocrx_word' id='word_1_356' title='bbox 3331 1563 3395 1617; x_wconf 92' lang='lat' dir='ltr'><strong>de</strong></span> <span class='ocrx_word' id='word_1_357' title='bbox 3426 1564 3623 1619; x_wconf 88' lang='lat' dir='ltr'><strong>ofﬁciis</strong></span> 
     </span>
    </p>
   </div>
   <div class='ocr_carea' id='block_1_40' title="bbox 2031 1638 3620 1720">
    <p class='ocr_par' dir='ltr' id='par_1_40' title="bbox 2031 1638 3620 1720">
     <span class='ocr_line' id='line_1_40' title="bbox 2031 1638 3620 1720; baseline 0.011 -29"><span class='ocrx_word' id='word_1_358' title='bbox 2031 1638 2366 1707; x_wconf 87' lang='lat' dir='ltr'><strong>Levitarum,</strong></span> <span class='ocrx_word' id='word_1_359' title='bbox 2399 1656 2504 1696; x_wconf 93' lang='lat' dir='ltr'><strong>non</strong></span> <span class='ocrx_word' id='word_1_360' title='bbox 2529 1643 2640 1697; x_wconf 90' lang='lat' dir='ltr'><strong>sola</strong></span> <span class='ocrx_word' id='word_1_361' title='bbox 2667 1659 2857 1714; x_wconf 89' lang='lat' dir='ltr'><strong>opera,</strong></span> <span class='ocrx_word' id='word_1_362' title='bbox 2886 1647 2980 1701; x_wconf 91' lang='lat' dir='ltr'><strong>sed</strong></span> <span class='ocrx_word' id='word_1_363' title='bbox 3009 1663 3172 1717; x_wconf 86' lang='lat' dir='ltr'><strong>opera</strong></span> <span class='ocrx_word' id='word_1_364' title='bbox 3194 1665 3438 1720; x_wconf 88' lang='lat' dir='ltr'><strong>operum.</strong></span> <span class='ocrx_word' id='word_1_365' title='bbox 3467 1652 3620 1708; x_wconf 90' lang='lat' dir='ltr'><strong>Sicut</strong></span> 
     </span>
    </p>
   </div>
   <div class='ocr_carea' id='block_1_41' title="bbox 1955 1724 3617 1802">
    <p class='ocr_par' dir='ltr' id='par_1_41' title="bbox 1955 1724 3617 1802">
     <span class='ocr_line' id='line_1_41' title="bbox 1955 1724 3617 1802; baseline 0.01 -19"><span class='ocrx_word' id='word_1_366' title='bbox 1955 1724 2004 1784; x_wconf 89' lang='lat' dir='ltr'><strong>B</strong></span> <span class='ocrx_word' id='word_1_367' title='bbox 2029 1731 2175 1784; x_wconf 88' lang='lat' dir='ltr'><strong>enim</strong></span> <span class='ocrx_word' id='word_1_368' title='bbox 2201 1741 2326 1786; x_wconf 90' lang='lat' dir='ltr'><strong>sunt</strong></span> <span class='ocrx_word' id='word_1_369' title='bbox 2353 1733 2597 1802; x_wconf 65' lang='lat' dir='ltr'><strong>quaedam</strong></span> <span class='ocrx_word' id='word_1_370' title='bbox 2621 1744 2833 1801; x_wconf 86' lang='lat' dir='ltr'><strong>sancta,</strong></span> <span class='ocrx_word' id='word_1_371' title='bbox 2865 1746 2991 1791; x_wconf 92' lang='lat' dir='ltr'><strong>sunt</strong></span> <span class='ocrx_word' id='word_1_372' title='bbox 3020 1747 3200 1794; x_wconf 88' lang='lat' dir='ltr'><strong>autem</strong></span> <span class='ocrx_word' id='word_1_373' title='bbox 3227 1750 3283 1795; x_wconf 89' lang='lat' dir='ltr'><strong>et</strong></span> <span class='ocrx_word' id='word_1_374' title='bbox 3303 1741 3408 1796; x_wconf 91' lang='lat' dir='ltr'><strong>alia</strong></span> <span class='ocrx_word' id='word_1_375' title='bbox 3427 1754 3617 1799; x_wconf 91' lang='lat' dir='ltr'><strong>sancta</strong></span> 
     </span>
    </p>
   </div>
   <div class='ocr_carea' id='block_1_42' title="bbox 2028 1825 3613 1902">
    <p class='ocr_par' dir='ltr' id='par_1_42' title="bbox 2028 1825 3613 1902">
     <span class='ocr_line' id='line_1_42' title="bbox 2028 1825 3613 1902; baseline 0.008 -27"><span class='ocrx_word' id='word_1_376' title='bbox 2028 1829 2360 1888; x_wconf 87' lang='lat' dir='ltr'><strong>sanctorum,</strong></span> <span class='ocrx_word' id='word_1_377' title='bbox 2409 1825 2483 1878; x_wconf 90' lang='lat' dir='ltr'><strong>ita</strong></span> <span class='ocrx_word' id='word_1_378' title='bbox 2508 1835 2634 1880; x_wconf 92' lang='lat' dir='ltr'><strong>sunt</strong></span> <span class='ocrx_word' id='word_1_379' title='bbox 2661 1829 2908 1895; x_wconf 82' lang='lat' dir='ltr'><strong>quaedam</strong></span> <span class='ocrx_word' id='word_1_380' title='bbox 2943 1844 3128 1898; x_wconf 85' lang='lat' dir='ltr'><strong>Opera,</strong></span> <span class='ocrx_word' id='word_1_381' title='bbox 3185 1839 3241 1886; x_wconf 90' lang='lat' dir='ltr'><strong>et</strong></span> <span class='ocrx_word' id='word_1_382' title='bbox 3291 1832 3394 1886; x_wconf 88' lang='lat' dir='ltr'><strong>alia</strong></span> <span class='ocrx_word' id='word_1_383' title='bbox 3447 1850 3613 1902; x_wconf 84' lang='lat' dir='ltr'><strong>opera</strong></span> 
     </span>
    </p>
   </div>
   <div class='ocr_carea' id='block_1_43' title="bbox 2025 1914 3616 1992">
    <p class='ocr_par' dir='ltr' id='par_1_43' title="bbox 2025 1914 3616 1992">
     <span class='ocr_line' id='line_1_43' title="bbox 2025 1914 3616 1992; baseline 0.008 -26"><span class='ocrx_word' id='word_1_384' title='bbox 2025 1927 2272 1982; x_wconf 92' lang='lat' dir='ltr'><strong>operum.</strong></span> <span class='ocrx_word' id='word_1_385' title='bbox 2306 1914 2458 1969; x_wconf 87' lang='lat' dir='ltr'><strong>Unde</strong></span> <span class='ocrx_word' id='word_1_386' title='bbox 2493 1917 2708 1970; x_wconf 88' lang='lat' dir='ltr'><strong>videtur</strong></span> <span class='ocrx_word' id='word_1_387' title='bbox 2739 1919 2872 1972; x_wconf 91' lang='lat' dir='ltr'><strong>mihi</strong></span> <span class='ocrx_word' id='word_1_388' title='bbox 2917 1920 3042 1988; x_wconf 91' lang='lat' dir='ltr'><strong>quia</strong></span> <span class='ocrx_word' id='word_1_389' title='bbox 3082 1921 3292 1992; x_wconf 85' lang='lat' dir='ltr'><strong>Moyses</strong></span> <span class='ocrx_word' id='word_1_390' title='bbox 3325 1923 3413 1977; x_wconf 93' lang='lat' dir='ltr'><strong>ubi</strong></span> <span class='ocrx_word' id='word_1_391' title='bbox 3445 1927 3616 1979; x_wconf 87' lang='lat' dir='ltr'><strong>sensit</strong></span> 
     </span>
    </p>
   </div>
   <div class='ocr_carea' id='block_1_44' title="bbox 2023 2005 3613 2082">
    <p class='ocr_par' dir='ltr' id='par_1_44' title="bbox 2023 2005 3613 2082">
     <span class='ocr_line' id='line_1_44' title="bbox 2023 2005 3613 2082; baseline 0.008 -26"><span class='ocrx_word' id='word_1_392' title='bbox 2023 2017 2144 2056; x_wconf 90' lang='lat' dir='ltr'><strong>esse</strong></span> <span class='ocrx_word' id='word_1_393' title='bbox 2171 2005 2417 2072; x_wconf 70' lang='lat' dir='ltr'><strong>qumdam</strong></span> <span class='ocrx_word' id='word_1_394' title='bbox 2448 2019 2614 2074; x_wconf 88' lang='lat' dir='ltr'><strong>opera</strong></span> <span class='ocrx_word' id='word_1_395' title='bbox 2641 2007 2873 2061; x_wconf 89' lang='lat' dir='ltr'><strong>visibilia</strong></span> <span class='ocrx_word' id='word_1_396' title='bbox 2904 2011 3147 2078; x_wconf 83' lang='lat' dir='ltr'><strong>quidem,</strong></span> <span class='ocrx_word' id='word_1_397' title='bbox 3189 2014 3284 2066; x_wconf 90' lang='lat' dir='ltr'><strong>sed</strong></span> <span class='ocrx_word' id='word_1_398' title='bbox 3309 2015 3507 2082; x_wconf 89' lang='lat' dir='ltr'><strong>quibus</strong></span> <span class='ocrx_word' id='word_1_399' title='bbox 3537 2017 3613 2068; x_wconf 88' lang='lat' dir='ltr'><strong>in-</strong></span> 
     </span>
    </p>
   </div>
   <div class='ocr_carea' id='block_1_45' title="bbox 2024 2092 3609 2172">
    <p class='ocr_par' dir='ltr' id='par_1_45' title="bbox 2024 2092 3609 2172">
     <span class='ocr_line' id='line_1_45' title="bbox 2024 2092 3609 2172; baseline 0.007 -26"><span class='ocrx_word' id='word_1_400' title='bbox 2024 2100 2166 2146; x_wconf 87' lang='lat' dir='ltr'><strong>esset</strong></span> <span class='ocrx_word' id='word_1_401' title='bbox 2214 2092 2442 2146; x_wconf 92' lang='lat' dir='ltr'><strong>interior</strong></span> <span class='ocrx_word' id='word_1_402' title='bbox 2490 2093 2596 2148; x_wconf 91' lang='lat' dir='ltr'><strong>alia</strong></span> <span class='ocrx_word' id='word_1_403' title='bbox 2625 2096 2851 2165; x_wconf 84' lang='lat' dir='ltr'><strong>mystica</strong></span> <span class='ocrx_word' id='word_1_404' title='bbox 2884 2107 2939 2152; x_wconf 93' lang='lat' dir='ltr'><strong>et</strong></span> <span class='ocrx_word' id='word_1_405' title='bbox 2977 2099 3189 2153; x_wconf 91' lang='lat' dir='ltr'><strong>occulta</strong></span> <span class='ocrx_word' id='word_1_406' title='bbox 3235 2101 3609 2172; x_wconf 82' lang='lat' dir='ltr'><strong>intelligentia,</strong></span> 
     </span>
    </p>
   </div>
   <div class='ocr_carea' id='block_1_46' title="bbox 2023 2182 3609 2259">
    <p class='ocr_par' dir='ltr' id='par_1_46' title="bbox 2023 2182 3609 2259">
     <span class='ocr_line' id='line_1_46' title="bbox 2023 2182 3609 2259; baseline 0.008 -24"><span class='ocrx_word' id='word_1_407' title='bbox 2023 2182 2139 2237; x_wconf 65' lang='lat' dir='ltr'><strong>haec</strong></span> <span class='ocrx_word' id='word_1_408' title='bbox 2196 2197 2304 2236; x_wconf 91' lang='lat' dir='ltr'><strong>non</strong></span> <span class='ocrx_word' id='word_1_409' title='bbox 2359 2183 2532 2238; x_wconf 91' lang='lat' dir='ltr'><strong>solum</strong></span> <span class='ocrx_word' id='word_1_410' title='bbox 2567 2200 2755 2255; x_wconf 89' lang='lat' dir='ltr'><strong>opera,</strong></span> <span class='ocrx_word' id='word_1_411' title='bbox 2805 2189 2900 2241; x_wconf 88' lang='lat' dir='ltr'><strong>sed</strong></span> <span class='ocrx_word' id='word_1_412' title='bbox 2942 2203 3107 2258; x_wconf 86' lang='lat' dir='ltr'><strong>opera</strong></span> <span class='ocrx_word' id='word_1_413' title='bbox 3135 2205 3360 2259; x_wconf 76' lang='lat' dir='ltr'><strong>cperunt</strong></span> <span class='ocrx_word' id='word_1_414' title='bbox 3392 2193 3609 2248; x_wconf 82' lang='lat' dir='ltr'><strong>dixerit.</strong></span> 
     </span>
    </p>
   </div>
   <div class='ocr_carea' id='block_1_47' title="bbox 2023 2271 3613 2351">
    <p class='ocr_par' dir='ltr' id='par_1_47' title="bbox 2023 2271 3613 2351">
     <span class='ocr_line' id='line_1_47' title="bbox 2023 2271 3613 2351; baseline 0.009 -27"><span class='ocrx_word' id='word_1_415' title='bbox 2023 2271 2154 2338; x_wconf 69' lang='lat' dir='ltr'><strong>Quae</strong></span> <span class='ocrx_word' id='word_1_416' title='bbox 2204 2287 2336 2326; x_wconf 86' lang='lat' dir='ltr'><strong>vero</strong></span> <span class='ocrx_word' id='word_1_417' title='bbox 2381 2275 2690 2328; x_wconf 88' lang='lat' dir='ltr'><strong>communia</strong></span> <span class='ocrx_word' id='word_1_418' title='bbox 2741 2283 2795 2330; x_wconf 93' lang='lat' dir='ltr'><strong>et</strong></span> <span class='ocrx_word' id='word_1_419' title='bbox 2823 2279 3109 2346; x_wconf 83' lang='lat' dir='ltr'><strong>praesentis</strong></span> <span class='ocrx_word' id='word_1_420' title='bbox 3139 2280 3310 2334; x_wconf 90' lang='lat' dir='ltr'><strong>solum</strong></span> <span class='ocrx_word' id='word_1_421' title='bbox 3353 2285 3613 2351; x_wconf 87' lang='lat' dir='ltr'><strong>temporis</strong></span> 
     </span>
    </p>
   </div>
   <div class='ocr_carea' id='block_1_48' title="bbox 2020 2363 3614 2438">
    <p class='ocr_par' dir='ltr' id='par_1_48' title="bbox 2020 2363 3614 2438">
     <span class='ocr_line' id='line_1_48' title="bbox 2020 2363 3614 2438; baseline 0.008 -23"><span class='ocrx_word' id='word_1_422' title='bbox 2020 2377 2184 2432; x_wconf 87' lang='lat' dir='ltr'><strong>opera</strong></span> <span class='ocrx_word' id='word_1_423' title='bbox 2211 2363 2492 2428; x_wconf 80' lang='lat' dir='ltr'><strong>intellexit,</strong></span> <span class='ocrx_word' id='word_1_424' title='bbox 2527 2365 2643 2420; x_wconf 65' lang='lat' dir='ltr'><strong>haec</strong></span> <span class='ocrx_word' id='word_1_425' title='bbox 2667 2366 2841 2420; x_wconf 90' lang='lat' dir='ltr'><strong>solum</strong></span> <span class='ocrx_word' id='word_1_426' title='bbox 2872 2383 3036 2437; x_wconf 84' lang='lat' dir='ltr'><strong>opera</strong></span> <span class='ocrx_word' id='word_1_427' title='bbox 3064 2372 3444 2438; x_wconf 72' lang='lat' dir='ltr'><strong>nominaverit.</strong></span> <span class='ocrx_word' id='word_1_428' title='bbox 3474 2373 3614 2428; x_wconf 92' lang='lat' dir='ltr'><strong>Sunt</strong></span> 
     </span>
    </p>
   </div>
   <div class='ocr_carea' id='block_1_49' title="bbox 2018 2453 3611 2531">
    <p class='ocr_par' dir='ltr' id='par_1_49' title="bbox 2018 2453 3611 2531">
     <span class='ocr_line' id='line_1_49' title="bbox 2018 2453 3611 2531; baseline 0.009 -28"><span class='ocrx_word' id='word_1_429' title='bbox 2018 2464 2148 2521; x_wconf 89' lang='lat' dir='ltr'><strong>ergo</strong></span> <span class='ocrx_word' id='word_1_430' title='bbox 2199 2453 2447 2520; x_wconf 71' lang='lat' dir='ltr'><strong>quaedam</strong></span> <span class='ocrx_word' id='word_1_431' title='bbox 2497 2468 2661 2524; x_wconf 90' lang='lat' dir='ltr'><strong>opera</strong></span> <span class='ocrx_word' id='word_1_432' title='bbox 2719 2471 2968 2525; x_wconf 91' lang='lat' dir='ltr'><strong>operum,</strong></span> <span class='ocrx_word' id='word_1_433' title='bbox 3013 2473 3134 2528; x_wconf 67' lang='lat' dir='ltr'><strong>quae</strong></span> <span class='ocrx_word' id='word_1_434' title='bbox 3170 2476 3270 2531; x_wconf 81' lang='lat' dir='ltr'><strong>ego</strong></span> <span class='ocrx_word' id='word_1_435' title='bbox 3322 2471 3453 2531; x_wconf 87' lang='lat' dir='ltr'><strong>puto</strong></span> <span class='ocrx_word' id='word_1_436' title='bbox 3489 2479 3611 2518; x_wconf 88' lang='lat' dir='ltr'><strong>esse</strong></span> 
     </span>
    </p>
   </div>
   <div class='ocr_carea' id='block_1_50' title="bbox 2017 2543 3608 2620">
    <p class='ocr_par' dir='ltr' id='par_1_50' title="bbox 2017 2543 3608 2620">
     <span class='ocr_line' id='line_1_50' title="bbox 2017 2543 3608 2620; baseline 0.008 -24"><span class='ocrx_word' id='word_1_437' title='bbox 2017 2543 2132 2597; x_wconf 73' lang='lat' dir='ltr'><strong>hmo</strong></span> <span class='ocrx_word' id='word_1_438' title='bbox 2154 2544 2357 2609; x_wconf 89' lang='lat' dir='ltr'><strong>omnia,</strong></span> <span class='ocrx_word' id='word_1_439' title='bbox 2381 2546 2448 2598; x_wconf 86' lang='lat' dir='ltr'><strong>de</strong></span> <span class='ocrx_word' id='word_1_440' title='bbox 2471 2546 2665 2615; x_wconf 89' lang='lat' dir='ltr'><strong>quibus</strong></span> <span class='ocrx_word' id='word_1_441' title='bbox 2688 2548 2772 2602; x_wconf 90' lang='lat' dir='ltr'><strong>vel</strong></span> <span class='ocrx_word' id='word_1_442' title='bbox 2803 2550 2858 2602; x_wconf 91' lang='lat' dir='ltr'><strong>in</strong></span> <span class='ocrx_word' id='word_1_443' title='bbox 2888 2553 3142 2619; x_wconf 65' lang='lat' dir='ltr'><strong>praesenti</strong></span> <span class='ocrx_word' id='word_1_444' title='bbox 3165 2552 3414 2620; x_wconf 90' lang='lat' dir='ltr'><strong>lectione,</strong></span> <span class='ocrx_word' id='word_1_445' title='bbox 3440 2557 3526 2608; x_wconf 85' lang='lat' dir='ltr'><strong>vel</strong></span> <span class='ocrx_word' id='word_1_446' title='bbox 3555 2557 3608 2610; x_wconf 90' lang='lat' dir='ltr'><strong>in</strong></span> 
     </span>
    </p>
   </div>
   <div class='ocr_carea' id='block_1_51' title="bbox 2017 2632 3610 2712">
    <p class='ocr_par' dir='ltr' id='par_1_51' title="bbox 2017 2632 3610 2712">
     <span class='ocr_line' id='line_1_51' title="bbox 2017 2632 3610 2712; baseline 0.008 -26"><span class='ocrx_word' id='word_1_447' title='bbox 2017 2632 2222 2694; x_wconf 76' lang='lat' dir='ltr'><strong>Exodo,</strong></span> <span class='ocrx_word' id='word_1_448' title='bbox 2251 2635 2386 2686; x_wconf 91' lang='lat' dir='ltr'><strong>etin</strong></span> <span class='ocrx_word' id='word_1_449' title='bbox 2424 2635 2638 2689; x_wconf 66' lang='lat' dir='ltr'><strong>caeteris</strong></span> <span class='ocrx_word' id='word_1_450' title='bbox 2679 2635 2812 2692; x_wconf 91' lang='lat' dir='ltr'><strong>locis</strong></span> <span class='ocrx_word' id='word_1_451' title='bbox 2865 2640 2966 2693; x_wconf 85' lang='lat' dir='ltr'><strong>sub</strong></span> <span class='ocrx_word' id='word_1_452' title='bbox 3017 2641 3248 2696; x_wconf 87' lang='lat' dir='ltr'><strong>occultis</strong></span> <span class='ocrx_word' id='word_1_453' title='bbox 3296 2644 3610 2712; x_wconf 63' lang='lat' dir='ltr'><strong>praecipitur</strong></span> 
     </span>
    </p>
   </div>
   <div class='ocr_carea' id='block_1_52' title="bbox 2016 2726 3599 2801">
    <p class='ocr_par' dir='ltr' id='par_1_52' title="bbox 2016 2726 3599 2801">
     <span class='ocr_line' id='line_1_52' title="bbox 2016 2726 3599 2801; baseline 0.008 -24"><span class='ocrx_word' id='word_1_454' title='bbox 2016 2726 2326 2795; x_wconf 83' lang='lat' dir='ltr'><strong>mysteriis;</strong></span> <span class='ocrx_word' id='word_1_455' title='bbox 2359 2734 2414 2780; x_wconf 89' lang='lat' dir='ltr'><strong>et</strong></span> <span class='ocrx_word' id='word_1_456' title='bbox 2433 2741 2532 2795; x_wconf 91' lang='lat' dir='ltr'><strong>pro</strong></span> <span class='ocrx_word' id='word_1_457' title='bbox 2554 2735 2708 2795; x_wconf 87' lang='lat' dir='ltr'><strong>parte</strong></span> <span class='ocrx_word' id='word_1_458' title='bbox 2745 2727 2797 2780; x_wconf 92' lang='lat' dir='ltr'><strong>in</strong></span> <span class='ocrx_word' id='word_1_459' title='bbox 2836 2731 3118 2797; x_wconf 67' lang='lat' dir='ltr'><strong>praesenti,</strong></span> <span class='ocrx_word' id='word_1_460' title='bbox 3151 2747 3250 2800; x_wconf 89' lang='lat' dir='ltr'><strong>pro</strong></span> <span class='ocrx_word' id='word_1_461' title='bbox 3277 2746 3432 2801; x_wconf 91' lang='lat' dir='ltr'><strong>parte</strong></span> <span class='ocrx_word' id='word_1_462' title='bbox 3468 2750 3599 2789; x_wconf 87' lang='lat' dir='ltr'><strong>vero</strong></span> 
     </span>
    </p>
   </div>
   <div class='ocr_carea' id='block_1_53' title="bbox 2015 2815 3603 2893">
    <p class='ocr_par' dir='ltr' id='par_1_53' title="bbox 2015 2815 3603 2893">
     <span class='ocr_line' id='line_1_53' title="bbox 2015 2815 3603 2893; baseline 0.006 -25"><span class='ocrx_word' id='word_1_463' title='bbox 2015 2815 2294 2885; x_wconf 76' lang='lat' dir='ltr'><strong>explendis</strong></span> <span class='ocrx_word' id='word_1_464' title='bbox 2320 2815 2375 2870; x_wconf 90' lang='lat' dir='ltr'><strong>in</strong></span> <span class='ocrx_word' id='word_1_465' title='bbox 2399 2815 2642 2870; x_wconf 90' lang='lat' dir='ltr'><strong>futurum</strong></span> <span class='ocrx_word' id='word_1_466' title='bbox 2671 2831 2686 2870; x_wconf 91' lang='lat'><strong>:</strong></span> <span class='ocrx_word' id='word_1_467' title='bbox 2711 2833 2830 2887; x_wconf 76' lang='lat' dir='ltr'><strong>qua:</strong></span> <span class='ocrx_word' id='word_1_468' title='bbox 2854 2826 3054 2886; x_wconf 88' lang='lat' dir='ltr'><strong>tamen,</strong></span> <span class='ocrx_word' id='word_1_469' title='bbox 3080 2830 3142 2874; x_wconf 91' lang='lat' dir='ltr'><strong>ut</strong></span> <span class='ocrx_word' id='word_1_470' title='bbox 3167 2823 3603 2893; x_wconf 81' lang='lat' dir='ltr'><strong>diximus,opera</strong></span> 
     </span>
    </p>
   </div>
   <div class='ocr_carea' id='block_1_54' title="bbox 2011 2907 3602 2978">
    <p class='ocr_par' dir='ltr' id='par_1_54' title="bbox 2011 2907 3602 2978">
     <span class='ocr_line' id='line_1_54' title="bbox 2011 2907 3602 2978; baseline 0.006 -17"><span class='ocrx_word' id='word_1_471' title='bbox 2011 2921 2239 2978; x_wconf 89' lang='lat' dir='ltr'><strong>operum</strong></span> <span class='ocrx_word' id='word_1_472' title='bbox 2287 2923 2395 2964; x_wconf 90' lang='lat' dir='ltr'><strong>non</strong></span> <span class='ocrx_word' id='word_1_473' title='bbox 2457 2907 2702 2972; x_wconf 88' lang='lat' dir='ltr'><strong>cuilibet,</strong></span> <span class='ocrx_word' id='word_1_474' title='bbox 2757 2909 2852 2963; x_wconf 91' lang='lat' dir='ltr'><strong>sed</strong></span> <span class='ocrx_word' id='word_1_475' title='bbox 2910 2910 3088 2965; x_wconf 89' lang='lat' dir='ltr'><strong>levitis</strong></span> <span class='ocrx_word' id='word_1_476' title='bbox 3148 2912 3277 2967; x_wconf 92' lang='lat' dir='ltr'><strong>solis</strong></span> <span class='ocrx_word' id='word_1_477' title='bbox 3343 2915 3602 2970; x_wconf 88' lang='lat' dir='ltr'><strong>tradenda</strong></span> 
     </span>
    </p>
   </div>
   <div class='ocr_carea' id='block_1_55' title="bbox 2012 2997 3604 3069">
    <p class='ocr_par' dir='ltr' id='par_1_55' title="bbox 2012 2997 3604 3069">
     <span class='ocr_line' id='line_1_55' title="bbox 2012 2997 3604 3069; baseline 0.003 -17"><span class='ocrx_word' id='word_1_478' title='bbox 2012 2998 2374 3063; x_wconf 88' lang='lat' dir='ltr'><strong>mandantur;</strong></span> <span class='ocrx_word' id='word_1_479' title='bbox 2404 3007 2461 3050; x_wconf 92' lang='lat' dir='ltr'><strong>et</strong></span> <span class='ocrx_word' id='word_1_480' title='bbox 2488 2998 2630 3051; x_wconf 89' lang='lat' dir='ltr'><strong>inter</strong></span> <span class='ocrx_word' id='word_1_481' title='bbox 2653 2997 2875 3052; x_wconf 86' lang='lat' dir='ltr'><strong>Levitas</strong></span> <span class='ocrx_word' id='word_1_482' title='bbox 2903 2998 3048 3068; x_wconf 85' lang='lat' dir='ltr'><strong>ipsos</strong></span> <span class='ocrx_word' id='word_1_483' title='bbox 3075 3015 3181 3054; x_wconf 91' lang='lat' dir='ltr'><strong>non</strong></span> <span class='ocrx_word' id='word_1_484' title='bbox 3214 3001 3363 3069; x_wconf 86' lang='lat' dir='ltr'><strong>prius</strong></span> <span class='ocrx_word' id='word_1_485' title='bbox 3391 3004 3456 3055; x_wconf 91' lang='lat' dir='ltr'><strong>ad</strong></span> <span class='ocrx_word' id='word_1_486' title='bbox 3487 3003 3604 3058; x_wconf 70' lang='lat' dir='ltr'><strong>haec</strong></span> 
     </span>
    </p>
   </div>
   <div class='ocr_carea' id='block_1_56' title="bbox 303 3086 1908 3162">
    <p class='ocr_par' dir='ltr' id='par_1_56' title="bbox 303 3087 1908 3162">
     <span class='ocr_line' id='line_1_56' title="bbox 303 3087 1908 3162; baseline 0.008 -22"><span class='ocrx_word' id='word_1_487' title='bbox 303 3087 678 3156; x_wconf 88' lang='lat' dir='ltr'><strong>corporalium</strong></span> <span class='ocrx_word' id='word_1_488' title='bbox 726 3089 933 3158; x_wconf 89' lang='lat' dir='ltr'><strong>species</strong></span> <span class='ocrx_word' id='word_1_489' title='bbox 979 3089 1524 3162; x_wconf 88' lang='lat' dir='ltr'><strong>adumbrationesque</strong></span> <span class='ocrx_word' id='word_1_490' title='bbox 1564 3094 1798 3149; x_wconf 90' lang='lat' dir='ltr'><strong>velabat.</strong></span> <span class='ocrx_word' id='word_1_491' title='bbox 1840 3095 1908 3153; x_wconf 87' lang='lat' dir='ltr'><strong>Et</strong></span> 
     </span>
    </p>
   </div>
   <div class='ocr_carea' id='block_1_57' title="bbox 2010 3086 3605 3162">
    <p class='ocr_par' dir='ltr' id='par_1_57' title="bbox 2014 3086 3605 3157">
     <span class='ocr_line' id='line_1_57' title="bbox 2014 3086 3605 3157; baseline 0.002 -15"><span class='ocrx_word' id='word_1_492' title='bbox 2014 3101 2180 3156; x_wconf 87' lang='lat' dir='ltr'><strong>opera</strong></span> <span class='ocrx_word' id='word_1_493' title='bbox 2211 3086 2499 3157; x_wconf 89' lang='lat' dir='ltr'><strong>quisquam</strong></span> <span class='ocrx_word' id='word_1_494' title='bbox 2559 3095 2806 3152; x_wconf 88' lang='lat' dir='ltr'><strong>vocatur,</strong></span> <span class='ocrx_word' id='word_1_495' title='bbox 2845 3087 2950 3141; x_wconf 89' lang='lat' dir='ltr'><strong>nisi</strong></span> <span class='ocrx_word' id='word_1_496' title='bbox 2995 3088 3251 3143; x_wconf 81' lang='lat' dir='ltr'><strong>vicesimo</strong></span> <span class='ocrx_word' id='word_1_497' title='bbox 3296 3090 3510 3144; x_wconf 91' lang='lat' dir='ltr'><strong>demum</strong></span> <span class='ocrx_word' id='word_1_498' title='bbox 3548 3100 3605 3146; x_wconf 90' lang='lat' dir='ltr'><strong>et</strong></span> 
     </span>
    </p>
   </div>
   <div class='ocr_carea' id='block_1_58' title="bbox 300 3177 1901 3250">
    <p class='ocr_par' dir='ltr' id='par_1_58' title="bbox 300 3177 1901 3250">
     <span class='ocr_line' id='line_1_58' title="bbox 300 3177 1901 3250; baseline 0.007 -19"><span class='ocrx_word' id='word_1_499' title='bbox 300 3193 433 3231; x_wconf 84' lang='lat' dir='ltr'><strong>cum</strong></span> <span class='ocrx_word' id='word_1_500' title='bbox 474 3177 641 3233; x_wconf 90' lang='lat' dir='ltr'><strong>sciret</strong></span> <span class='ocrx_word' id='word_1_501' title='bbox 685 3195 874 3234; x_wconf 87' lang='lat' dir='ltr'><strong>verum</strong></span> <span class='ocrx_word' id='word_1_502' title='bbox 919 3181 1121 3250; x_wconf 87' lang='lat' dir='ltr'><strong>pascha</strong></span> <span class='ocrx_word' id='word_1_503' title='bbox 1169 3182 1554 3238; x_wconf 86' lang='lat' dir='ltr'><strong>immolandum</strong></span> <span class='ocrx_word' id='word_1_504' title='bbox 1596 3200 1715 3242; x_wconf 89' lang='lat' dir='ltr'><strong>esse</strong></span> <span class='ocrx_word' id='word_1_505' title='bbox 1745 3185 1901 3242; x_wconf 88' lang='lat' dir='ltr'><strong>Chri-</strong></span> 
     </span>
    </p>
   </div>
   <div class='ocr_carea' id='block_1_59' title="bbox 302 3268 1904 3349">
    <p class='ocr_par' dir='ltr' id='par_1_59' title="bbox 302 3268 1904 3349">
     <span class='ocr_line' id='line_1_59' title="bbox 302 3268 1904 3349; baseline 0.007 -27"><span class='ocrx_word' id='word_1_506' title='bbox 302 3279 474 3332; x_wconf 85' lang='lat' dir='ltr'><strong>stum,</strong></span> <span class='ocrx_word' id='word_1_507' title='bbox 501 3268 785 3339; x_wconf 88' lang='lat' dir='ltr'><strong>corporale</strong></span> <span class='ocrx_word' id='word_1_508' title='bbox 832 3269 1100 3324; x_wconf 90' lang='lat' dir='ltr'><strong>immolari</strong></span> <span class='ocrx_word' id='word_1_509' title='bbox 1144 3273 1365 3327; x_wconf 88' lang='lat' dir='ltr'><strong>mandat</strong></span> <span class='ocrx_word' id='word_1_510' title='bbox 1401 3275 1624 3344; x_wconf 90' lang='lat' dir='ltr'><strong>pascha.</strong></span> <span class='ocrx_word' id='word_1_511' title='bbox 1660 3277 1904 3349; x_wconf 88' lang='lat' dir='ltr'><strong>Cumque</strong></span> 
     </span>
    </p>
   </div>
   <div class='ocr_carea' id='block_1_60' title="bbox 301 3359 1900 3439">
    <p class='ocr_par' dir='ltr' id='par_1_60' title="bbox 301 3359 1900 3439">
     <span class='ocr_line' id='line_1_60' title="bbox 301 3359 1900 3439; baseline 0.006 -26"><span class='ocrx_word' id='word_1_512' title='bbox 301 3361 476 3415; x_wconf 78' lang='lat' dir='ltr'><strong>sciret</strong></span> <span class='ocrx_word' id='word_1_513' title='bbox 499 3360 640 3414; x_wconf 90' lang='lat' dir='ltr'><strong>diem</strong></span> <span class='ocrx_word' id='word_1_514' title='bbox 667 3359 862 3416; x_wconf 87' lang='lat' dir='ltr'><strong>festum</strong></span> <span class='ocrx_word' id='word_1_515' title='bbox 887 3377 1047 3433; x_wconf 86' lang='lat' dir='ltr'><strong>agere</strong></span> <span class='ocrx_word' id='word_1_516' title='bbox 1073 3364 1272 3419; x_wconf 90' lang='lat' dir='ltr'><strong>debere</strong></span> <span class='ocrx_word' id='word_1_517' title='bbox 1299 3365 1353 3419; x_wconf 93' lang='lat' dir='ltr'><strong>in</strong></span> <span class='ocrx_word' id='word_1_518' title='bbox 1383 3368 1590 3439; x_wconf 87' lang='lat' dir='ltr'><strong>azymis</strong></span> <span class='ocrx_word' id='word_1_519' title='bbox 1610 3369 1900 3424; x_wconf 87' lang='lat' dir='ltr'><strong>sincerita-</strong></span> 
     </span>
    </p>
   </div>
   <div class='ocr_carea' id='block_1_61' title="bbox 312 3451 1899 3529">
    <p class='ocr_par' dir='ltr' id='par_1_61' title="bbox 312 3451 1899 3529">
     <span class='ocr_line' id='line_1_61' title="bbox 312 3451 1899 3529; baseline 0.007 -26"><span class='ocrx_word' id='word_1_520' title='bbox 312 3451 389 3504; x_wconf 86' lang='lat' dir='ltr'><strong>tis</strong></span> <span class='ocrx_word' id='word_1_521' title='bbox 417 3461 471 3505; x_wconf 92' lang='lat' dir='ltr'><strong>et</strong></span> <span class='ocrx_word' id='word_1_522' title='bbox 498 3453 760 3517; x_wconf 81' lang='lat' dir='ltr'><strong>veritatis,</strong></span> <span class='ocrx_word' id='word_1_523' title='bbox 789 3459 970 3509; x_wconf 89' lang='lat' dir='ltr'><strong>tamen</strong></span> <span class='ocrx_word' id='word_1_524' title='bbox 999 3455 1064 3509; x_wconf 90' lang='lat' dir='ltr'><strong>de</strong></span> <span class='ocrx_word' id='word_1_525' title='bbox 1087 3453 1276 3509; x_wconf 72' lang='lat' dir='ltr'><strong>farina:</strong></span> <span class='ocrx_word' id='word_1_526' title='bbox 1302 3458 1506 3528; x_wconf 85' lang='lat' dir='ltr'><strong>azymis</strong></span> <span class='ocrx_word' id='word_1_527' title='bbox 1529 3460 1899 3529; x_wconf 67' lang='lat' dir='ltr'><strong>praacipiebat.</strong></span> 
     </span>
    </p>
   </div>
   <div class='ocr_carea' id='block_1_62' title="bbox 299 3537 1900 3616">
    <p class='ocr_par' dir='ltr' id='par_1_62' title="bbox 299 3537 1900 3616">
     <span class='ocr_line' id='line_1_62' title="bbox 299 3537 1900 3616; baseline 0.007 -24"><span class='ocrx_word' id='word_1_528' title='bbox 299 3537 436 3594; x_wconf 65' lang='grc' dir='ltr'><strong>Βίης</strong></span> <span class='ocrx_word' id='word_1_529' title='bbox 453 3554 580 3610; x_wconf 85' lang='lat' dir='ltr'><strong>ergo</strong></span> <span class='ocrx_word' id='word_1_530' title='bbox 605 3551 661 3596; x_wconf 90' lang='lat' dir='ltr'><strong>et</strong></span> <span class='ocrx_word' id='word_1_531' title='bbox 683 3541 991 3610; x_wconf 90' lang='lat' dir='ltr'><strong>hujusmodi</strong></span> <span class='ocrx_word' id='word_1_532' title='bbox 1012 3553 1169 3598; x_wconf 92' lang='lat' dir='ltr'><strong>erant</strong></span> <span class='ocrx_word' id='word_1_533' title='bbox 1191 3544 1389 3600; x_wconf 90' lang='lat' dir='ltr'><strong>Sancta</strong></span> <span class='ocrx_word' id='word_1_534' title='bbox 1414 3557 1744 3603; x_wconf 90' lang='lat' dir='ltr'><strong>sanctorum.</strong></span> <span class='ocrx_word' id='word_1_535' title='bbox 1770 3549 1900 3616; x_wconf 73' lang='lat' dir='ltr'><strong>Quae</strong></span> 
     </span>
    </p>
   </div>
   <div class='ocr_carea' id='block_1_63' title="bbox 299 3627 1902 3704">
    <p class='ocr_par' dir='ltr' id='par_1_63' title="bbox 299 3627 1902 3704">
     <span class='ocr_line' id='line_1_63' title="bbox 299 3627 1902 3704; baseline 0.007 -22"><span class='ocrx_word' id='word_1_536' title='bbox 299 3644 428 3682; x_wconf 85' lang='lat' dir='ltr'><strong>cum</strong></span> <span class='ocrx_word' id='word_1_537' title='bbox 459 3627 669 3700; x_wconf 73' lang='lat' dir='ltr'><strong>Moyses</strong></span> <span class='ocrx_word' id='word_1_538' title='bbox 697 3632 962 3701; x_wconf 89' lang='lat' dir='ltr'><strong>portanda</strong></span> <span class='ocrx_word' id='word_1_539' title='bbox 984 3634 1197 3704; x_wconf 63' lang='lat' dir='ltr'><strong>caeteris</strong></span> <span class='ocrx_word' id='word_1_540' title='bbox 1224 3637 1484 3700; x_wconf 89' lang='lat' dir='ltr'><strong>traderet,</strong></span> <span class='ocrx_word' id='word_1_541' title='bbox 1519 3637 1572 3690; x_wconf 91' lang='lat' dir='ltr'><strong>id</strong></span> <span class='ocrx_word' id='word_1_542' title='bbox 1599 3647 1704 3704; x_wconf 88' lang='lat' dir='ltr'><strong>est,</strong></span> <span class='ocrx_word' id='word_1_543' title='bbox 1737 3639 1902 3694; x_wconf 86' lang='lat' dir='ltr'><strong>rebus</strong></span> 
     </span>
    </p>
   </div>
   <div class='ocr_carea' id='block_1_64' title="bbox 298 3703 1900 3792">
    <p class='ocr_par' dir='ltr' id='par_1_64' title="bbox 298 3703 1900 3792">
     <span class='ocr_line' id='line_1_64' title="bbox 298 3703 1900 3792; baseline 0.007 -22"><span class='ocrx_word' id='word_1_544' title='bbox 298 3726 360 3771; x_wconf 85' lang='lat' dir='ltr'><strong>et</strong></span> <span class='ocrx_word' id='word_1_545' title='bbox 407 3719 658 3789; x_wconf 84' lang='lat' dir='ltr'><strong>cperibus</strong></span> <span class='ocrx_word' id='word_1_546' title='bbox 701 3721 996 3791; x_wconf 90' lang='lat' dir='ltr'><strong>implenda,</strong></span> <span class='ocrx_word' id='word_1_547' title='bbox 1028 3703 1283 3792; x_wconf 83' lang='lat' dir='ltr'><strong>cooperta</strong></span> <span class='ocrx_word' id='word_1_548' title='bbox 1329 3732 1509 3778; x_wconf 88' lang='lat' dir='ltr'><strong>tamen</strong></span> <span class='ocrx_word' id='word_1_549' title='bbox 1543 3741 1606 3780; x_wconf 91' lang='lat' dir='ltr'><strong>ea</strong></span> <span class='ocrx_word' id='word_1_550' title='bbox 1639 3734 1694 3780; x_wconf 92' lang='lat' dir='ltr'><strong>et</strong></span> <span class='ocrx_word' id='word_1_551' title='bbox 1723 3727 1900 3782; x_wconf 88' lang='lat' dir='ltr'><strong>velata</strong></span> 
     </span>
    </p>
   </div>
   <div class='ocr_carea' id='block_1_65' title="bbox 301 3813 1900 3885">
    <p class='ocr_par' dir='ltr' id='par_1_65' title="bbox 301 3813 1900 3885">
     <span class='ocr_line' id='line_1_65' title="bbox 301 3813 1900 3885; baseline 0.006 -20"><span class='ocrx_word' id='word_1_552' title='bbox 301 3813 582 3866; x_wconf 77' lang='lat' dir='ltr'><strong>communi</strong></span> <span class='ocrx_word' id='word_1_553' title='bbox 605 3827 918 3870; x_wconf 86' lang='lat' dir='ltr'><strong>sermonum</strong></span> <span class='ocrx_word' id='word_1_554' title='bbox 943 3815 1190 3870; x_wconf 89' lang='lat' dir='ltr'><strong>tradebat</strong></span> <span class='ocrx_word' id='word_1_555' title='bbox 1211 3815 1445 3885; x_wconf 89' lang='lat' dir='ltr'><strong>eloquio.</strong></span> <span class='ocrx_word' id='word_1_556' title='bbox 1470 3815 1694 3872; x_wconf 85' lang='lat' dir='ltr'><strong>Humeri</strong></span> <span class='ocrx_word' id='word_1_557' title='bbox 1719 3827 1900 3874; x_wconf 89' lang='lat' dir='ltr'><strong>autem</strong></span> 
     </span>
    </p>
   </div>
   <div class='ocr_carea' id='block_1_66' title="bbox 301 3904 1902 3979">
    <p class='ocr_par' dir='ltr' id='par_1_66' title="bbox 301 3904 1902 3979">
     <span class='ocr_line' id='line_1_66' title="bbox 301 3904 1902 3979; baseline 0.006 -22"><span class='ocrx_word' id='word_1_558' title='bbox 301 3904 446 3972; x_wconf 90' lang='lat' dir='ltr'><strong>quod</strong></span> <span class='ocrx_word' id='word_1_559' title='bbox 473 3918 694 3974; x_wconf 91' lang='lat' dir='ltr'><strong>operum</strong></span> <span class='ocrx_word' id='word_1_560' title='bbox 727 3905 991 3960; x_wconf 90' lang='lat' dir='ltr'><strong>indicium</strong></span> <span class='ocrx_word' id='word_1_561' title='bbox 1025 3914 1265 3972; x_wconf 88' lang='lat' dir='ltr'><strong>teneant,</strong></span> <span class='ocrx_word' id='word_1_562' title='bbox 1304 3907 1358 3962; x_wconf 91' lang='lat' dir='ltr'><strong>in</strong></span> <span class='ocrx_word' id='word_1_563' title='bbox 1385 3907 1568 3962; x_wconf 92' lang='lat' dir='ltr'><strong>multis</strong></span> <span class='ocrx_word' id='word_1_564' title='bbox 1603 3908 1902 3979; x_wconf 71' lang='lat' dir='ltr'><strong>Scriptum</strong></span> 
     </span>
    </p>
   </div>
   <div class='ocr_carea' id='block_1_67' title="bbox 300 3996 1900 4066">
    <p class='ocr_par' dir='ltr' id='par_1_67' title="bbox 300 3996 1900 4066">
     <span class='ocr_line' id='line_1_67' title="bbox 300 3996 1900 4066; baseline 0.003 -15"><span class='ocrx_word' id='word_1_565' title='bbox 300 3996 442 4051; x_wconf 88' lang='lat' dir='ltr'><strong>locis</strong></span> <span class='ocrx_word' id='word_1_566' title='bbox 468 4011 609 4066; x_wconf 66' lang='lat' dir='ltr'><strong>saepe</strong></span> <span class='ocrx_word' id='word_1_567' title='bbox 637 3997 992 4052; x_wconf 86' lang='lat' dir='ltr'><strong>ostendimus.</strong></span> <span class='ocrx_word' id='word_1_568' title='bbox 1023 3997 1130 4053; x_wconf 89' lang='lat' dir='ltr'><strong>Sed</strong></span> <span class='ocrx_word' id='word_1_569' title='bbox 1157 3999 1212 4053; x_wconf 92' lang='lat' dir='ltr'><strong>in</strong></span> <span class='ocrx_word' id='word_1_570' title='bbox 1240 3998 1624 4056; x_wconf 89' lang='lat' dir='ltr'><strong>ecclesiasticis</strong></span> <span class='ocrx_word' id='word_1_571' title='bbox 1647 4001 1900 4056; x_wconf 87' lang='lat' dir='ltr'><strong>observa-</strong></span> 
     </span>
    </p>
   </div>
   <div class='ocr_carea' id='block_1_68' title="bbox 298 4084 1901 4159">
    <p class='ocr_par' dir='ltr' id='par_1_68' title="bbox 298 4084 1901 4159">
     <span class='ocr_line' id='line_1_68' title="bbox 298 4084 1901 4159; baseline 0.004 -21"><span class='ocrx_word' id='word_1_572' title='bbox 298 4084 540 4139; x_wconf 86' lang='lat' dir='ltr'><strong>tionibus</strong></span> <span class='ocrx_word' id='word_1_573' title='bbox 567 4093 692 4140; x_wconf 88' lang='lat' dir='ltr'><strong>sunt</strong></span> <span class='ocrx_word' id='word_1_574' title='bbox 714 4086 974 4141; x_wconf 88' lang='lat' dir='ltr'><strong>nonnulla</strong></span> <span class='ocrx_word' id='word_1_575' title='bbox 1004 4086 1334 4155; x_wconf 85' lang='lat' dir='ltr'><strong>hujusmodi,</strong></span> <span class='ocrx_word' id='word_1_576' title='bbox 1362 4103 1482 4157; x_wconf 65' lang='lat' dir='ltr'><strong>quae</strong></span> <span class='ocrx_word' id='word_1_577' title='bbox 1505 4088 1758 4144; x_wconf 89' lang='lat' dir='ltr'><strong>omnibus</strong></span> <span class='ocrx_word' id='word_1_578' title='bbox 1785 4091 1901 4159; x_wconf 90' lang='lat' dir='ltr'><strong>qui-</strong></span> 
     </span>
    </p>
   </div>
   <div class='ocr_carea' id='block_1_69' title="bbox 296 4177 1898 4245">
    <p class='ocr_par' dir='ltr' id='par_1_69' title="bbox 296 4177 1898 4245">
     <span class='ocr_line' id='line_1_69' title="bbox 296 4177 1898 4245; baseline 0.002 -14"><span class='ocrx_word' id='word_1_579' title='bbox 296 4178 425 4231; x_wconf 87' lang='lat' dir='ltr'><strong>dem</strong></span> <span class='ocrx_word' id='word_1_580' title='bbox 461 4177 640 4232; x_wconf 91' lang='lat' dir='ltr'><strong>facere</strong></span> <span class='ocrx_word' id='word_1_581' title='bbox 671 4191 896 4233; x_wconf 89' lang='lat' dir='ltr'><strong>necesse</strong></span> <span class='ocrx_word' id='word_1_582' title='bbox 928 4186 1030 4245; x_wconf 91' lang='lat' dir='ltr'><strong>est,</strong></span> <span class='ocrx_word' id='word_1_583' title='bbox 1078 4194 1180 4233; x_wconf 91' lang='lat' dir='ltr'><strong>nec</strong></span> <span class='ocrx_word' id='word_1_584' title='bbox 1206 4187 1389 4234; x_wconf 89' lang='lat' dir='ltr'><strong>tamen</strong></span> <span class='ocrx_word' id='word_1_585' title='bbox 1417 4180 1670 4235; x_wconf 88' lang='lat' dir='ltr'><strong>omnibus</strong></span> <span class='ocrx_word' id='word_1_586' title='bbox 1707 4195 1898 4235; x_wconf 87' lang='lat' dir='ltr'><strong>eorum</strong></span> 
     </span>
    </p>
   </div>
   <div class='ocr_carea' id='block_1_70' title="bbox 297 4267 1898 4341">
    <p class='ocr_par' dir='ltr' id='par_1_70' title="bbox 297 4267 1898 4341">
     <span class='ocr_line' id='line_1_70' title="bbox 297 4267 1898 4341; baseline 0.002 -21"><span class='ocrx_word' id='word_1_587' title='bbox 297 4275 451 4337; x_wconf 87' lang='lat' dir='ltr'><strong>patet</strong></span> <span class='ocrx_word' id='word_1_588' title='bbox 470 4267 790 4324; x_wconf 88' lang='lat' dir='ltr'><strong>intellectus.</strong></span> <span class='ocrx_word' id='word_1_589' title='bbox 819 4267 956 4324; x_wconf 80' lang='lat' dir='ltr'><strong>Nam</strong></span> <span class='ocrx_word' id='word_1_590' title='bbox 984 4269 1128 4338; x_wconf 88' lang='lat' dir='ltr'><strong>quod</strong></span> <span class='ocrx_word' id='word_1_591' title='bbox 1155 4269 1306 4324; x_wconf 88' lang='lat' dir='ltr'><strong>verbi</strong></span> <span class='ocrx_word' id='word_1_592' title='bbox 1328 4270 1500 4340; x_wconf 91' lang='lat' dir='ltr'><strong>gratia</strong></span> <span class='ocrx_word' id='word_1_593' title='bbox 1525 4286 1700 4341; x_wconf 91' lang='lat' dir='ltr'><strong>genua</strong></span> <span class='ocrx_word' id='word_1_594' title='bbox 1731 4270 1898 4326; x_wconf 83' lang='lat' dir='ltr'><strong>ﬂecti-</strong></span> 
     </span>
    </p>
   </div>
   <div class='ocr_carea' id='block_1_71' title="bbox 299 4345 1906 4430">
    <p class='ocr_par' dir='ltr' id='par_1_71' title="bbox 299 4345 1906 4430">
     <span class='ocr_line' id='line_1_71' title="bbox 299 4345 1906 4430; baseline 0.002 -20"><span class='ocrx_word' id='word_1_595' title='bbox 299 4372 425 4410; x_wconf 89' lang='lat' dir='ltr'><strong>mus</strong></span> <span class='ocrx_word' id='word_1_596' title='bbox 453 4366 698 4424; x_wconf 90' lang='lat' dir='ltr'><strong>orantes,</strong></span> <span class='ocrx_word' id='word_1_597' title='bbox 727 4367 781 4412; x_wconf 92' lang='lat' dir='ltr'><strong>et</strong></span> <span class='ocrx_word' id='word_1_598' title='bbox 810 4360 954 4428; x_wconf 92' lang='lat' dir='ltr'><strong>quod</strong></span> <span class='ocrx_word' id='word_1_599' title='bbox 979 4373 1050 4414; x_wconf 77' lang='lat' dir='ltr'><strong>ex</strong></span> <span class='ocrx_word' id='word_1_600' title='bbox 1087 4359 1338 4413; x_wconf 88' lang='lat' dir='ltr'><strong>omnibus</strong></span> <span class='ocrx_word' id='word_1_601' title='bbox 1361 4357 1484 4414; x_wconf 66' lang='lat' dir='ltr'><strong>caeli</strong></span> <span class='ocrx_word' id='word_1_602' title='bbox 1507 4359 1678 4430; x_wconf 88' lang='lat' dir='ltr'><strong>plagis</strong></span> <span class='ocrx_word' id='word_1_603' title='bbox 1711 4359 1778 4414; x_wconf 90' lang='lat' dir='ltr'><strong>ad</strong></span> <span class='ocrx_word' id='word_1_604' title='bbox 1809 4345 1906 4414; x_wconf 42' lang='lat' dir='ltr'><strong>so?</strong></span> 
     </span>
    </p>
   </div>
   <div class='ocr_carea' id='block_1_72' title="bbox 2007 3179 3601 3251">
    <p class='ocr_par' dir='ltr' id='par_1_72' title="bbox 2007 3179 3601 3251">
     <span class='ocr_line' id='line_1_72' title="bbox 2007 3179 3601 3251; baseline 0.001 -17"><span class='ocrx_word' id='word_1_605' title='bbox 2007 3179 2198 3249; x_wconf 90' lang='lat' dir='ltr'><strong>quinto</strong></span> <span class='ocrx_word' id='word_1_606' title='bbox 2213 3195 2356 3234; x_wconf 90' lang='lat' dir='ltr'><strong>anno</strong></span> <span class='ocrx_word' id='word_1_607' title='bbox 2381 3181 2506 3234; x_wconf 68' lang='lat' dir='ltr'><strong>vita:</strong></span> <span class='ocrx_word' id='word_1_608' title='bbox 2519 3194 2651 3244; x_wconf 67' lang='lat' dir='ltr'><strong>suae,</strong></span> <span class='ocrx_word' id='word_1_609' title='bbox 2671 3194 2844 3248; x_wconf 90' lang='lat' dir='ltr'><strong>usque</strong></span> <span class='ocrx_word' id='word_1_610' title='bbox 2857 3181 2924 3234; x_wconf 89' lang='lat' dir='ltr'><strong>ad</strong></span> <span class='ocrx_word' id='word_1_611' title='bbox 2939 3181 3474 3251; x_wconf 75' lang='lat' dir='ltr'><strong>quinquagesimum.</strong></span> <span class='ocrx_word' id='word_1_612' title='bbox 3493 3181 3601 3236; x_wconf 84' lang='lat' dir='ltr'><strong>Sed</strong></span> 
     </span>
    </p>
   </div>
   <div class='ocr_carea' id='block_1_73' title="bbox 2005 3269 3601 3348">
    <p class='ocr_par' dir='ltr' id='par_1_73' title="bbox 2005 3269 3601 3348">
     <span class='ocr_line' id='line_1_73' title="bbox 2005 3269 3601 3348; baseline 0 -23"><span class='ocrx_word' id='word_1_613' title='bbox 2005 3283 2114 3325; x_wconf 90' lang='lat' dir='ltr'><strong>non</strong></span> <span class='ocrx_word' id='word_1_614' title='bbox 2138 3276 2290 3323; x_wconf 89' lang='lat' dir='ltr'><strong>caret</strong></span> <span class='ocrx_word' id='word_1_615' title='bbox 2315 3277 2684 3333; x_wconf 87' lang='lat' dir='ltr'><strong>sacramento,</strong></span> <span class='ocrx_word' id='word_1_616' title='bbox 2715 3284 2786 3324; x_wconf 93' lang='lat' dir='ltr'><strong>ne</strong></span> <span class='ocrx_word' id='word_1_617' title='bbox 2832 3269 2948 3338; x_wconf 78' lang='lat' dir='ltr'><strong>ipse</strong></span> <span class='ocrx_word' id='word_1_618' title='bbox 2981 3271 3200 3348; x_wconf 83' lang='lat' dir='ltr'><strong>quidem</strong></span> <span class='ocrx_word' id='word_1_619' title='bbox 3227 3271 3416 3341; x_wconf 84' lang='lat' dir='ltr'><strong>viginti</strong></span> <span class='ocrx_word' id='word_1_620' title='bbox 3441 3271 3601 3340; x_wconf 88' lang='lat' dir='ltr'><strong>quiu-</strong></span> 
     </span>
    </p>
   </div>
   <div class='ocr_carea' id='block_1_74' title="bbox 2004 3359 3601 3430">
    <p class='ocr_par' dir='ltr' id='par_1_74' title="bbox 2004 3359 3601 3430">
     <span class='ocr_line' id='line_1_74' title="bbox 2004 3359 3601 3430; baseline 0.001 -17"><span class='ocrx_word' id='word_1_621' title='bbox 2004 3374 2111 3428; x_wconf 86' lang='lat' dir='ltr'><strong>que</strong></span> <span class='ocrx_word' id='word_1_622' title='bbox 2136 3367 2192 3414; x_wconf 92' lang='lat' dir='ltr'><strong>et</strong></span> <span class='ocrx_word' id='word_1_623' title='bbox 2216 3359 2610 3430; x_wconf 77' lang='lat' dir='ltr'><strong>quinquaginta</strong></span> <span class='ocrx_word' id='word_1_624' title='bbox 2650 3375 2910 3415; x_wconf 90' lang='lat' dir='ltr'><strong>numerus</strong></span> <span class='ocrx_word' id='word_1_625' title='bbox 2955 3375 3242 3415; x_wconf 88' lang='lat' dir='ltr'><strong>annorum.</strong></span> <span class='ocrx_word' id='word_1_626' title='bbox 3279 3361 3415 3415; x_wconf 82' lang='lat' dir='ltr'><strong>Nam</strong></span> <span class='ocrx_word' id='word_1_627' title='bbox 3444 3364 3497 3415; x_wconf 84' lang='lat' dir='ltr'><strong>in</strong></span> <span class='ocrx_word' id='word_1_628' title='bbox 3523 3363 3601 3416; x_wconf 85' lang='lat' dir='ltr'><strong>vi-</strong></span> 
     </span>
    </p>
   </div>
   <div class='ocr_carea' id='block_1_75' title="bbox 2004 3450 3596 3520">
    <p class='ocr_par' dir='ltr' id='par_1_75' title="bbox 2004 3450 3596 3520">
     <span class='ocr_line' id='line_1_75' title="bbox 2004 3450 3596 3520; baseline 0.002 -16"><span class='ocrx_word' id='word_1_629' title='bbox 2004 3450 2210 3520; x_wconf 88' lang='lat' dir='ltr'><strong>gesimo</strong></span> <span class='ocrx_word' id='word_1_630' title='bbox 2251 3451 2442 3520; x_wconf 89' lang='lat' dir='ltr'><strong>quinto</strong></span> <span class='ocrx_word' id='word_1_631' title='bbox 2487 3465 2709 3505; x_wconf 90' lang='lat' dir='ltr'><strong>numero</strong></span> <span class='ocrx_word' id='word_1_632' title='bbox 2737 3452 2978 3520; x_wconf 91' lang='lat' dir='ltr'><strong>quinque</strong></span> <span class='ocrx_word' id='word_1_633' title='bbox 3027 3466 3285 3506; x_wconf 90' lang='lat' dir='ltr'><strong>sensuum</strong></span> <span class='ocrx_word' id='word_1_634' title='bbox 3333 3451 3596 3520; x_wconf 80' lang='lat' dir='ltr'><strong>perfectio</strong></span> 
     </span>
    </p>
   </div>
   <div class='ocr_carea' id='block_1_76' title="bbox 2003 3540 3592 3610">
    <p class='ocr_par' dir='ltr' id='par_1_76' title="bbox 2003 3540 3592 3610">
     <span class='ocr_line' id='line_1_76' title="bbox 2003 3540 3592 3610; baseline -0.001 -15"><span class='ocrx_word' id='word_1_635' title='bbox 2003 3540 2338 3606; x_wconf 86' lang='lat' dir='ltr'><strong>declaratur,</strong></span> <span class='ocrx_word' id='word_1_636' title='bbox 2410 3541 2485 3593; x_wconf 86' lang='lat' dir='ltr'><strong>ita</strong></span> <span class='ocrx_word' id='word_1_637' title='bbox 2533 3549 2596 3594; x_wconf 90' lang='lat' dir='ltr'><strong>ut</strong></span> <span class='ocrx_word' id='word_1_638' title='bbox 2641 3541 2928 3610; x_wconf 89' lang='lat' dir='ltr'><strong>quinquies</strong></span> <span class='ocrx_word' id='word_1_639' title='bbox 2978 3542 3169 3610; x_wconf 89' lang='lat' dir='ltr'><strong>quinto</strong></span> <span class='ocrx_word' id='word_1_640' title='bbox 3211 3550 3592 3596; x_wconf 86' lang='lat' dir='ltr'><strong>.nnmercutur.</strong></span> 
     </span>
    </p>
   </div>
   <div class='ocr_carea' id='block_1_77' title="bbox 2003 3630 3587 3701">
    <p class='ocr_par' dir='ltr' id='par_1_77' title="bbox 2003 3630 3587 3701">
     <span class='ocr_line' id='line_1_77' title="bbox 2003 3630 3587 3701; baseline -0.001 -16"><span class='ocrx_word' id='word_1_641' title='bbox 2003 3630 2158 3696; x_wconf 83' lang='lat' dir='ltr'><strong>Quod</strong></span> <span class='ocrx_word' id='word_1_642' title='bbox 2184 3631 2369 3699; x_wconf 87' lang='lat' dir='ltr'><strong>utique</strong></span> <span class='ocrx_word' id='word_1_643' title='bbox 2394 3630 2595 3684; x_wconf 89' lang='lat' dir='ltr'><strong>indicat</strong></span> <span class='ocrx_word' id='word_1_644' title='bbox 2621 3646 2746 3685; x_wconf 90' lang='lat' dir='ltr'><strong>eum</strong></span> <span class='ocrx_word' id='word_1_645' title='bbox 2775 3632 2959 3685; x_wconf 90' lang='lat' dir='ltr'><strong>vocari</strong></span> <span class='ocrx_word' id='word_1_646' title='bbox 2995 3631 3063 3685; x_wconf 90' lang='lat' dir='ltr'><strong>ad</strong></span> <span class='ocrx_word' id='word_1_647' title='bbox 3089 3646 3255 3701; x_wconf 88' lang='lat' dir='ltr'><strong>opera</strong></span> <span class='ocrx_word' id='word_1_648' title='bbox 3282 3646 3510 3700; x_wconf 90' lang='lat' dir='ltr'><strong>operum</strong></span> <span class='ocrx_word' id='word_1_649' title='bbox 3533 3633 3587 3685; x_wconf 89' lang='lat' dir='ltr'><strong>in</strong></span> 
     </span>
    </p>
   </div>
   <div class='ocr_carea' id='block_1_78' title="bbox 2002 3715 3592 3788">
    <p class='ocr_par' dir='ltr' id='par_1_78' title="bbox 2002 3715 3592 3788">
     <span class='ocr_line' id='line_1_78' title="bbox 2002 3715 3592 3788; baseline 0 -16"><span class='ocrx_word' id='word_1_650' title='bbox 2002 3717 2306 3772; x_wconf 83' lang='lat' dir='ltr'><strong>ministerio</strong></span> <span class='ocrx_word' id='word_1_651' title='bbox 2351 3715 2678 3788; x_wconf 88' lang='lat' dir='ltr'><strong>peragenda,</strong></span> <span class='ocrx_word' id='word_1_652' title='bbox 2711 3718 2804 3787; x_wconf 91' lang='lat' dir='ltr'><strong>qui</strong></span> <span class='ocrx_word' id='word_1_653' title='bbox 2847 3732 2915 3772; x_wconf 82' lang='lat' dir='ltr'><strong>ex</strong></span> <span class='ocrx_word' id='word_1_654' title='bbox 2963 3719 3109 3772; x_wconf 89' lang='lat' dir='ltr'><strong>omni</strong></span> <span class='ocrx_word' id='word_1_655' title='bbox 3152 3728 3305 3787; x_wconf 88' lang='lat' dir='ltr'><strong>parte</strong></span> <span class='ocrx_word' id='word_1_656' title='bbox 3335 3718 3592 3788; x_wconf 80' lang='lat' dir='ltr'><strong>multipli-</strong></span> 
     </span>
    </p>
   </div>
   <div class='ocr_carea' id='block_1_79' title="bbox 2002 3807 3590 3878">
    <p class='ocr_par' dir='ltr' id='par_1_79' title="bbox 2002 3807 3590 3878">
     <span class='ocr_line' id='line_1_79' title="bbox 2002 3807 3590 3878; baseline 0.001 -15"><span class='ocrx_word' id='word_1_657' title='bbox 2002 3808 2139 3864; x_wconf 89' lang='lat' dir='ltr'><strong>catis</strong></span> <span class='ocrx_word' id='word_1_658' title='bbox 2161 3815 2218 3863; x_wconf 94' lang='lat' dir='ltr'><strong>et</strong></span> <span class='ocrx_word' id='word_1_659' title='bbox 2237 3807 2538 3876; x_wconf 82' lang='lat' dir='ltr'><strong>puriﬁcatis</strong></span> <span class='ocrx_word' id='word_1_660' title='bbox 2559 3808 2832 3872; x_wconf 89' lang='lat' dir='ltr'><strong>sensibus,</strong></span> <span class='ocrx_word' id='word_1_661' title='bbox 2859 3808 3133 3862; x_wconf 88' lang='lat' dir='ltr'><strong>invenitur</strong></span> <span class='ocrx_word' id='word_1_662' title='bbox 3155 3822 3276 3863; x_wconf 90' lang='lat' dir='ltr'><strong>esse</strong></span> <span class='ocrx_word' id='word_1_663' title='bbox 3296 3807 3590 3878; x_wconf 89' lang='lat' dir='ltr'><strong>perfectus.</strong></span> 
     </span>
    </p>
   </div>
   <div class='ocr_carea' id='block_1_80' title="bbox 2006 3897 3588 3968">
    <p class='ocr_par' dir='ltr' id='par_1_80' title="bbox 2006 3897 3588 3968">
     <span class='ocr_line' id='line_1_80' title="bbox 2006 3897 3588 3968; baseline 0.001 -14"><span class='ocrx_word' id='word_1_664' title='bbox 2006 3898 2069 3954; x_wconf 89' lang='lat' dir='ltr'><strong>Si</strong></span> <span class='ocrx_word' id='word_1_665' title='bbox 2094 3907 2276 3954; x_wconf 90' lang='lat' dir='ltr'><strong>autem</strong></span> <span class='ocrx_word' id='word_1_666' title='bbox 2305 3898 2638 3954; x_wconf 90' lang='lat' dir='ltr'><strong>voluerimus</strong></span> <span class='ocrx_word' id='word_1_667' title='bbox 2687 3897 2864 3968; x_wconf 84' lang='lat' dir='ltr'><strong>legere</strong></span> <span class='ocrx_word' id='word_1_668' title='bbox 2909 3899 3248 3955; x_wconf 88' lang='lat' dir='ltr'><strong>tricesimum</strong></span> <span class='ocrx_word' id='word_1_669' title='bbox 3279 3915 3588 3967; x_wconf 89' lang='lat' dir='ltr'><strong>numerum,</strong></span> 
     </span>
    </p>
   </div>
   <div class='ocr_carea' id='block_1_81' title="bbox 2000 3990 3591 4060">
    <p class='ocr_par' dir='ltr' id='par_1_81' title="bbox 2000 3990 3591 4060">
     <span class='ocr_line' id='line_1_81' title="bbox 2000 3990 3591 4060; baseline -0.001 -13"><span class='ocrx_word' id='word_1_670' title='bbox 2000 4000 2063 4047; x_wconf 88' lang='lat' dir='ltr'><strong>ut</strong></span> <span class='ocrx_word' id='word_1_671' title='bbox 2091 3991 2193 4048; x_wconf 88' lang='lat' dir='ltr'><strong>sub</strong></span> <span class='ocrx_word' id='word_1_672' title='bbox 2222 4005 2288 4046; x_wconf 90' lang='lat' dir='ltr'><strong>eo</strong></span> <span class='ocrx_word' id='word_1_673' title='bbox 2333 3991 2706 4060; x_wconf 82' lang='lat' dir='ltr'><strong>ingrediantur</strong></span> <span class='ocrx_word' id='word_1_674' title='bbox 2751 3990 2952 4046; x_wconf 62' lang='lat' dir='ltr'><strong>Levim</strong></span> <span class='ocrx_word' id='word_1_675' title='bbox 3006 3995 3074 4046; x_wconf 90' lang='lat' dir='ltr'><strong>ad</strong></span> <span class='ocrx_word' id='word_1_676' title='bbox 3111 3992 3475 4047; x_wconf 89' lang='lat' dir='ltr'><strong>ministerium</strong></span> <span class='ocrx_word' id='word_1_677' title='bbox 3512 4003 3591 4046; x_wconf 88' lang='lat' dir='ltr'><strong>ta-</strong></span> 
     </span>
    </p>
   </div>
   <div class='ocr_carea' id='block_1_82' title="bbox 2000 4081 3586 4155">
    <p class='ocr_par' dir='ltr' id='par_1_82' title="bbox 2000 4081 3586 4155">
     <span class='ocr_line' id='line_1_82' title="bbox 2000 4081 3586 4155; baseline 0.001 -17"><span class='ocrx_word' id='word_1_678' title='bbox 2000 4082 2302 4146; x_wconf 89' lang='lat' dir='ltr'><strong>bernaculi,</strong></span> <span class='ocrx_word' id='word_1_679' title='bbox 2345 4083 2582 4137; x_wconf 90' lang='lat' dir='ltr'><strong>sciamus</strong></span> <span class='ocrx_word' id='word_1_680' title='bbox 2608 4081 2713 4138; x_wconf 90' lang='lat' dir='ltr'><strong>hoc</strong></span> <span class='ocrx_word' id='word_1_681' title='bbox 2749 4098 2858 4137; x_wconf 90' lang='lat' dir='ltr'><strong>non</strong></span> <span class='ocrx_word' id='word_1_682' title='bbox 2888 4085 3008 4138; x_wconf 90' lang='lat' dir='ltr'><strong>sine</strong></span> <span class='ocrx_word' id='word_1_683' title='bbox 3034 4098 3192 4139; x_wconf 90' lang='lat' dir='ltr'><strong>sacro</strong></span> <span class='ocrx_word' id='word_1_684' title='bbox 3232 4097 3352 4139; x_wconf 90' lang='lat' dir='ltr'><strong>esse</strong></span> <span class='ocrx_word' id='word_1_685' title='bbox 3383 4093 3586 4155; x_wconf 90' lang='lat' dir='ltr'><strong>myste-</strong></span> 
     </span>
    </p>
   </div>
   <div class='ocr_carea' id='block_1_83' title="bbox 2000 4170 3584 4242">
    <p class='ocr_par' dir='ltr' id='par_1_83' title="bbox 2000 4170 3584 4242">
     <span class='ocr_line' id='line_1_83' title="bbox 2000 4170 3584 4242; baseline 0.003 -18"><span class='ocrx_word' id='word_1_686' title='bbox 2000 4171 2103 4226; x_wconf 90' lang='lat' dir='ltr'><strong>rio.</strong></span> <span class='ocrx_word' id='word_1_687' title='bbox 2135 4170 2468 4225; x_wconf 89' lang='lat' dir='ltr'><strong>Tricesimus</strong></span> <span class='ocrx_word' id='word_1_688' title='bbox 2495 4171 2641 4225; x_wconf 88' lang='lat' dir='ltr'><strong>enim</strong></span> <span class='ocrx_word' id='word_1_689' title='bbox 2683 4187 2942 4227; x_wconf 90' lang='lat' dir='ltr'><strong>numerus</strong></span> <span class='ocrx_word' id='word_1_690' title='bbox 2970 4189 3078 4242; x_wconf 93' lang='lat' dir='ltr'><strong>quo</strong></span> <span class='ocrx_word' id='word_1_691' title='bbox 3104 4175 3362 4229; x_wconf 88' lang='lat' dir='ltr'><strong>denarius</strong></span> <span class='ocrx_word' id='word_1_692' title='bbox 3390 4190 3584 4229; x_wconf 84' lang='lat' dir='ltr'><strong>nume-</strong></span> 
     </span>
    </p>
   </div>
   <div class='ocr_carea' id='block_1_84' title="bbox 1999 4259 3585 4330">
    <p class='ocr_par' dir='ltr' id='par_1_84' title="bbox 1999 4259 3585 4330">
     <span class='ocr_line' id='line_1_84' title="bbox 1999 4259 3585 4330; baseline 0.005 -20"><span class='ocrx_word' id='word_1_693' title='bbox 1999 4273 2094 4312; x_wconf 90' lang='lat' dir='ltr'><strong>rus</strong></span> <span class='ocrx_word' id='word_1_694' title='bbox 2118 4264 2200 4312; x_wconf 91' lang='lat' dir='ltr'><strong>ter</strong></span> <span class='ocrx_word' id='word_1_695' title='bbox 2228 4265 2437 4313; x_wconf 87' lang='lat' dir='ltr'><strong>constat</strong></span> <span class='ocrx_word' id='word_1_696' title='bbox 2464 4271 2585 4312; x_wconf 90' lang='lat' dir='ltr'><strong>esse</strong></span> <span class='ocrx_word' id='word_1_697' title='bbox 2624 4259 3037 4328; x_wconf 79' lang='lat' dir='ltr'><strong>multiplicatus,</strong></span> <span class='ocrx_word' id='word_1_698' title='bbox 3070 4261 3434 4330; x_wconf 87' lang='lat' dir='ltr'><strong>integritatem</strong></span> <span class='ocrx_word' id='word_1_699' title='bbox 3461 4262 3585 4318; x_wconf 86' lang='lat' dir='ltr'><strong>ﬁdei</strong></span> 
     </span>
    </p>
   </div>
   <div class='ocr_carea' id='block_1_85' title="bbox 2000 4346 3582 4420">
    <p class='ocr_par' dir='ltr' id='par_1_85' title="bbox 2000 4346 3582 4420">
     <span class='ocr_line' id='line_1_85' title="bbox 2000 4346 3582 4420; baseline 0.004 -17"><span class='ocrx_word' id='word_1_700' title='bbox 2000 4347 2271 4419; x_wconf 86' lang='lat' dir='ltr'><strong>signiﬁcat</strong></span> <span class='ocrx_word' id='word_1_701' title='bbox 2315 4363 2440 4402; x_wconf 91' lang='lat' dir='ltr'><strong>cum</strong></span> <span class='ocrx_word' id='word_1_702' title='bbox 2485 4346 2818 4416; x_wconf 80' lang='lat' dir='ltr'><strong>perfectione</strong></span> <span class='ocrx_word' id='word_1_703' title='bbox 2870 4351 3134 4404; x_wconf 89' lang='lat' dir='ltr'><strong>bonorum</strong></span> <span class='ocrx_word' id='word_1_704' title='bbox 3167 4367 3414 4420; x_wconf 91' lang='lat' dir='ltr'><strong>operum,</strong></span> <span class='ocrx_word' id='word_1_705' title='bbox 3464 4355 3582 4409; x_wconf 89' lang='lat' dir='ltr'><strong>sine</strong></span> 
     </span>
    </p>
   </div>
   <div class='ocr_carea' id='block_1_86' title="bbox 297 4437 3578 4519">
    <p class='ocr_par' dir='ltr' id='par_1_86' title="bbox 297 4437 3578 4519">
     <span class='ocr_line' id='line_1_86' title="bbox 297 4437 3578 4519; baseline 0.005 -36"><span class='ocrx_word' id='word_1_706' title='bbox 297 4445 407 4500; x_wconf 66' lang='lat' dir='ltr'><strong>lam</strong></span> <span class='ocrx_word' id='word_1_707' title='bbox 445 4447 673 4503; x_wconf 67' lang='grc' dir='ltr'><strong>οτίεηιίε</strong></span> <span class='ocrx_word' id='word_1_708' title='bbox 707 4448 919 4519; x_wconf 64' lang='lat' dir='ltr'><strong>plagam</strong></span> <span class='ocrx_word' id='word_1_709' title='bbox 961 4449 1208 4504; x_wconf 71' lang='grc' dir='ltr'><strong>εοηνειιεί</strong></span> <span class='ocrx_word' id='word_1_710' title='bbox 1247 4449 1552 4505; x_wconf 59' lang='lat' dir='ltr'><strong>oralionem</strong></span> <span class='ocrx_word' id='word_1_711' title='bbox 1595 4449 1890 4515; x_wconf 54' lang='lat' dir='ltr'><strong>fundimus,</strong></span> <span class='ocrx_word' id='word_1_712' title='bbox 1921 4441 1975 4502; x_wconf 89' lang='lat' dir='ltr'><strong>D</strong></span> <span class='ocrx_word' id='word_1_713' title='bbox 2001 4439 2199 4508; x_wconf 90' lang='lat' dir='ltr'><strong>quibus</strong></span> <span class='ocrx_word' id='word_1_714' title='bbox 2241 4437 2420 4493; x_wconf 91' lang='lat' dir='ltr'><strong>nullus</strong></span> <span class='ocrx_word' id='word_1_715' title='bbox 2460 4446 2618 4508; x_wconf 90' lang='lat' dir='ltr'><strong>aptus</strong></span> <span class='ocrx_word' id='word_1_716' title='bbox 2656 4449 2736 4494; x_wconf 89' lang='lat' dir='ltr'><strong>est</strong></span> <span class='ocrx_word' id='word_1_717' title='bbox 2789 4441 2856 4494; x_wconf 90' lang='lat' dir='ltr'><strong>ad</strong></span> <span class='ocrx_word' id='word_1_718' title='bbox 2909 4441 3267 4496; x_wconf 90' lang='lat' dir='ltr'><strong>ministerium</strong></span> <span class='ocrx_word' id='word_1_719' title='bbox 3316 4444 3578 4500; x_wconf 90' lang='lat' dir='ltr'><strong>divinum.</strong></span> 
     </span>
    </p>
   </div>
   <div class='ocr_carea' id='block_1_87' title="bbox 297 4535 1889 4608">
    <p class='ocr_par' dir='ltr' id='par_1_87' title="bbox 297 4535 1889 4608">
     <span class='ocr_line' id='line_1_87' title="bbox 297 4535 1889 4608; baseline 0.003 -19"><span class='ocrx_word' id='word_1_720' title='bbox 297 4551 408 4590; x_wconf 89' lang='lat' dir='ltr'><strong>non</strong></span> <span class='ocrx_word' id='word_1_721' title='bbox 437 4535 580 4592; x_wconf 82' lang='lat' dir='ltr'><strong>facili</strong></span> <span class='ocrx_word' id='word_1_722' title='bbox 613 4538 866 4608; x_wconf 88' lang='lat' dir='ltr'><strong>cuiquam</strong></span> <span class='ocrx_word' id='word_1_723' title='bbox 907 4547 1039 4608; x_wconf 91' lang='lat' dir='ltr'><strong>puto</strong></span> <span class='ocrx_word' id='word_1_724' title='bbox 1077 4540 1287 4595; x_wconf 86' lang='lat' dir='ltr'><strong>ratione</strong></span> <span class='ocrx_word' id='word_1_725' title='bbox 1314 4548 1670 4608; x_wconf 89' lang='lat' dir='ltr'><strong>compertum.</strong></span> <span class='ocrx_word' id='word_1_726' title='bbox 1704 4538 1810 4594; x_wconf 90' lang='lat' dir='ltr'><strong>Sed</strong></span> <span class='ocrx_word' id='word_1_727' title='bbox 1833 4549 1889 4594; x_wconf 89' lang='lat' dir='ltr'><strong>et</strong></span> 
     </span>
    </p>
   </div>
   <div class='ocr_carea' id='block_1_88' title="bbox 295 4627 1886 4700">
    <p class='ocr_par' dir='ltr' id='par_1_88' title="bbox 295 4627 1886 4700">
     <span class='ocr_line' id='line_1_88' title="bbox 295 4627 1886 4700; baseline 0.003 -20"><span class='ocrx_word' id='word_1_728' title='bbox 295 4627 644 4682; x_wconf 69' lang='lat' dir='ltr'><strong>eucharistiae</strong></span> <span class='ocrx_word' id='word_1_729' title='bbox 679 4628 793 4682; x_wconf 88' lang='lat' dir='ltr'><strong>sive</strong></span> <span class='ocrx_word' id='word_1_730' title='bbox 826 4629 1208 4700; x_wconf 68' lang='lat' dir='ltr'><strong>percipiendae,</strong></span> <span class='ocrx_word' id='word_1_731' title='bbox 1252 4629 1366 4685; x_wconf 85' lang='lat' dir='ltr'><strong>sive</strong></span> <span class='ocrx_word' id='word_1_732' title='bbox 1407 4643 1596 4684; x_wconf 90' lang='lat' dir='ltr'><strong>eorum</strong></span> <span class='ocrx_word' id='word_1_733' title='bbox 1635 4628 1743 4683; x_wconf 92' lang='lat' dir='ltr'><strong>ritu</strong></span> <span class='ocrx_word' id='word_1_734' title='bbox 1767 4646 1886 4700; x_wconf 77' lang='lat' dir='ltr'><strong>qua:</strong></span> 
     </span>
    </p>
   </div>
   <div class='ocr_carea' id='block_1_89' title="bbox 294 4717 1886 4791">
    <p class='ocr_par' dir='ltr' id='par_1_89' title="bbox 294 4717 1886 4791">
     <span class='ocr_line' id='line_1_89' title="bbox 294 4717 1886 4791; baseline 0.004 -22"><span class='ocrx_word' id='word_1_735' title='bbox 294 4717 508 4786; x_wconf 85' lang='lat' dir='ltr'><strong>geritur</strong></span> <span class='ocrx_word' id='word_1_736' title='bbox 550 4719 911 4788; x_wconf 66' lang='lat' dir='ltr'><strong>explicandae,</strong></span> <span class='ocrx_word' id='word_1_737' title='bbox 961 4720 1046 4775; x_wconf 90' lang='lat' dir='ltr'><strong>vel</strong></span> <span class='ocrx_word' id='word_1_738' title='bbox 1097 4735 1288 4776; x_wconf 88' lang='lat' dir='ltr'><strong>eorum</strong></span> <span class='ocrx_word' id='word_1_739' title='bbox 1351 4735 1471 4790; x_wconf 61' lang='lat' dir='ltr'><strong>quae</strong></span> <span class='ocrx_word' id='word_1_740' title='bbox 1515 4728 1777 4791; x_wconf 89' lang='lat' dir='ltr'><strong>geruntur</strong></span> <span class='ocrx_word' id='word_1_741' title='bbox 1830 4722 1886 4776; x_wconf 93' lang='lat' dir='ltr'><strong>in</strong></span> 
     </span>
    </p>
   </div>
   <div class='ocr_carea' id='block_1_90' title="bbox 294 4806 1886 4881">
    <p class='ocr_par' dir='ltr' id='par_1_90' title="bbox 294 4806 1886 4881">
     <span class='ocr_line' id='line_1_90' title="bbox 294 4806 1886 4881; baseline 0.004 -22"><span class='ocrx_word' id='word_1_742' title='bbox 294 4806 568 4876; x_wconf 83' lang='lat' dir='ltr'><strong>baptismo</strong></span> <span class='ocrx_word' id='word_1_743' title='bbox 614 4811 900 4864; x_wconf 87' lang='lat' dir='ltr'><strong>verborum</strong></span> <span class='ocrx_word' id='word_1_744' title='bbox 949 4819 1361 4881; x_wconf 84' lang='lat' dir='ltr'><strong>gestorumque,</strong></span> <span class='ocrx_word' id='word_1_745' title='bbox 1410 4821 1466 4866; x_wconf 93' lang='lat' dir='ltr'><strong>et</strong></span> <span class='ocrx_word' id='word_1_746' title='bbox 1503 4812 1755 4867; x_wconf 90' lang='lat' dir='ltr'><strong>ordinum</strong></span> <span class='ocrx_word' id='word_1_747' title='bbox 1804 4823 1886 4866; x_wconf 89' lang='lat' dir='ltr'><strong>at-</strong></span> 
     </span>
    </p>
   </div>
   <div class='ocr_carea' id='block_1_91' title="bbox 295 4897 1886 4970">
    <p class='ocr_par' dir='ltr' id='par_1_91' title="bbox 295 4897 1886 4970">
     <span class='ocr_line' id='line_1_91' title="bbox 295 4897 1886 4970; baseline 0.006 -22"><span class='ocrx_word' id='word_1_748' title='bbox 295 4910 406 4964; x_wconf 85' lang='lat' dir='ltr'><strong>que</strong></span> <span class='ocrx_word' id='word_1_749' title='bbox 441 4897 944 4967; x_wconf 87' lang='lat' dir='ltr'><strong>interrogationum,</strong></span> <span class='ocrx_word' id='word_1_750' title='bbox 984 4899 1105 4968; x_wconf 92' lang='lat' dir='ltr'><strong>quis</strong></span> <span class='ocrx_word' id='word_1_751' title='bbox 1143 4897 1301 4955; x_wconf 86' lang='lat' dir='ltr'><strong>facile</strong></span> <span class='ocrx_word' id='word_1_752' title='bbox 1329 4901 1562 4970; x_wconf 79' lang='lat' dir='ltr'><strong>explicet</strong></span> <span class='ocrx_word' id='word_1_753' title='bbox 1587 4901 1886 4957; x_wconf 86' lang='lat' dir='ltr'><strong>rationem?</strong></span> 
     </span>
    </p>
   </div>
   <div class='ocr_carea' id='block_1_92' title="bbox 299 4985 1888 5062">
    <p class='ocr_par' dir='ltr' id='par_1_92' title="bbox 299 4985 1888 5062">
     <span class='ocr_line' id='line_1_92' title="bbox 299 4985 1888 5062; baseline 0.006 -24"><span class='ocrx_word' id='word_1_754' title='bbox 299 4985 368 5039; x_wconf 83' lang='lat' dir='ltr'><strong>Et</strong></span> <span class='ocrx_word' id='word_1_755' title='bbox 415 4995 595 5040; x_wconf 89' lang='lat' dir='ltr'><strong>tamen</strong></span> <span class='ocrx_word' id='word_1_756' title='bbox 641 4987 820 5042; x_wconf 86' lang='lat' dir='ltr'><strong>omnia</strong></span> <span class='ocrx_word' id='word_1_757' title='bbox 868 4990 984 5042; x_wconf 71' lang='lat' dir='ltr'><strong>haec</strong></span> <span class='ocrx_word' id='word_1_758' title='bbox 1023 5003 1185 5058; x_wconf 90' lang='lat' dir='ltr'><strong>opera</strong></span> <span class='ocrx_word' id='word_1_759' title='bbox 1231 4989 1356 5046; x_wconf 89' lang='lat' dir='ltr'><strong>licet</strong></span> <span class='ocrx_word' id='word_1_760' title='bbox 1401 5000 1456 5046; x_wconf 91' lang='lat' dir='ltr'><strong>et</strong></span> <span class='ocrx_word' id='word_1_761' title='bbox 1497 4992 1673 5046; x_wconf 89' lang='lat' dir='ltr'><strong>velata</strong></span> <span class='ocrx_word' id='word_1_762' title='bbox 1708 5003 1888 5062; x_wconf 86' lang='lat' dir='ltr'><strong>porta-</strong></span> 
     </span>
    </p>
   </div>
   <div class='ocr_carea' id='block_1_93' title="bbox 296 5077 1884 5154">
    <p class='ocr_par' dir='ltr' id='par_1_93' title="bbox 296 5077 1884 5154">
     <span class='ocr_line' id='line_1_93' title="bbox 296 5077 1884 5154; baseline 0.005 -24"><span class='ocrx_word' id='word_1_763' title='bbox 296 5091 422 5131; x_wconf 87' lang='lat' dir='ltr'><strong>mus</strong></span> <span class='ocrx_word' id='word_1_764' title='bbox 455 5092 621 5147; x_wconf 87' lang='lat' dir='ltr'><strong>super</strong></span> <span class='ocrx_word' id='word_1_765' title='bbox 654 5077 910 5134; x_wconf 88' lang='lat' dir='ltr'><strong>humeros</strong></span> <span class='ocrx_word' id='word_1_766' title='bbox 948 5088 1182 5146; x_wconf 88' lang='lat' dir='ltr'><strong>nostros,</strong></span> <span class='ocrx_word' id='word_1_767' title='bbox 1227 5095 1351 5136; x_wconf 88' lang='lat' dir='ltr'><strong>cum</strong></span> <span class='ocrx_word' id='word_1_768' title='bbox 1389 5083 1464 5138; x_wconf 88' lang='lat' dir='ltr'><strong>ita</strong></span> <span class='ocrx_word' id='word_1_769' title='bbox 1501 5083 1784 5154; x_wconf 90' lang='lat' dir='ltr'><strong>implemus</strong></span> <span class='ocrx_word' id='word_1_770' title='bbox 1819 5101 1884 5140; x_wconf 88' lang='lat' dir='ltr'><strong>ea</strong></span> 
     </span>
    </p>
   </div>
   <div class='ocr_carea' id='block_1_94' title="bbox 295 5171 1886 5247">
    <p class='ocr_par' dir='ltr' id='par_1_94' title="bbox 295 5171 1886 5247">
     <span class='ocr_line' id='line_1_94' title="bbox 295 5171 1886 5247; baseline 0.008 -25"><span class='ocrx_word' id='word_1_771' title='bbox 295 5178 356 5222; x_wconf 87' lang='lat' dir='ltr'><strong>et</strong></span> <span class='ocrx_word' id='word_1_772' title='bbox 407 5171 782 5239; x_wconf 78' lang='lat' dir='ltr'><strong>exsequimur,</strong></span> <span class='ocrx_word' id='word_1_773' title='bbox 829 5180 888 5225; x_wconf 90' lang='lat' dir='ltr'><strong>ut</strong></span> <span class='ocrx_word' id='word_1_774' title='bbox 938 5187 970 5225; x_wconf 90' lang='lat' dir='ltr'><strong>a</strong></span> <span class='ocrx_word' id='word_1_775' title='bbox 1016 5187 1212 5244; x_wconf 87' lang='lat' dir='ltr'><strong>magno</strong></span> <span class='ocrx_word' id='word_1_776' title='bbox 1260 5175 1516 5244; x_wconf 85' lang='lat' dir='ltr'><strong>pontiﬁce</strong></span> <span class='ocrx_word' id='word_1_777' title='bbox 1566 5187 1727 5247; x_wconf 85' lang='lat' dir='ltr'><strong>atque</strong></span> <span class='ocrx_word' id='word_1_778' title='bbox 1767 5177 1886 5247; x_wconf 81' lang='lat' dir='ltr'><strong>ejus</strong></span> 
     </span>
    </p>
   </div>
   <div class='ocr_carea' id='block_1_95' title="bbox 298 5257 1884 5336">
    <p class='ocr_par' dir='ltr' id='par_1_95' title="bbox 298 5257 1884 5336">
     <span class='ocr_line' id='line_1_95' title="bbox 298 5257 1884 5336; baseline 0.006 -24"><span class='ocrx_word' id='word_1_779' title='bbox 298 5257 426 5313; x_wconf 85' lang='lat' dir='ltr'><strong>ﬁliis</strong></span> <span class='ocrx_word' id='word_1_780' title='bbox 476 5261 675 5314; x_wconf 88' lang='lat' dir='ltr'><strong>tradita</strong></span> <span class='ocrx_word' id='word_1_781' title='bbox 733 5271 788 5316; x_wconf 91' lang='lat' dir='ltr'><strong>et</strong></span> <span class='ocrx_word' id='word_1_782' title='bbox 837 5263 1213 5318; x_wconf 89' lang='lat' dir='ltr'><strong>commendata</strong></span> <span class='ocrx_word' id='word_1_783' title='bbox 1266 5267 1618 5336; x_wconf 90' lang='lat' dir='ltr'><strong>suscepimus.</strong></span> <span class='ocrx_word' id='word_1_784' title='bbox 1679 5267 1884 5323; x_wconf 88' lang='lat' dir='ltr'><strong>Cuncta</strong></span> 
     </span>
    </p>
   </div>
   <div class='ocr_carea' id='block_1_96' title="bbox 295 5352 1893 5427">
    <p class='ocr_par' dir='ltr' id='par_1_96' title="bbox 295 5352 1893 5427">
     <span class='ocr_line' id='line_1_96' title="bbox 295 5352 1893 5427; baseline 0.005 -21"><span class='ocrx_word' id='word_1_785' title='bbox 295 5365 430 5421; x_wconf 84' lang='lat' dir='ltr'><strong>ergo</strong></span> <span class='ocrx_word' id='word_1_786' title='bbox 475 5352 594 5407; x_wconf 66' lang='lat' dir='ltr'><strong>haec</strong></span> <span class='ocrx_word' id='word_1_787' title='bbox 634 5362 690 5407; x_wconf 90' lang='lat' dir='ltr'><strong>et</strong></span> <span class='ocrx_word' id='word_1_788' title='bbox 734 5354 930 5408; x_wconf 89' lang='lat' dir='ltr'><strong>horum</strong></span> <span class='ocrx_word' id='word_1_789' title='bbox 969 5355 1168 5410; x_wconf 88' lang='lat' dir='ltr'><strong>similia</strong></span> <span class='ocrx_word' id='word_1_790' title='bbox 1211 5370 1332 5410; x_wconf 90' lang='lat' dir='ltr'><strong>cum</strong></span> <span class='ocrx_word' id='word_1_791' title='bbox 1374 5358 1633 5427; x_wconf 90' lang='lat' dir='ltr'><strong>gerimus,</strong></span> <span class='ocrx_word' id='word_1_792' title='bbox 1680 5374 1781 5414; x_wconf 91' lang='lat' dir='ltr'><strong>nec</strong></span> <span class='ocrx_word' id='word_1_793' title='bbox 1816 5368 1893 5413; x_wconf 89' lang='lat' dir='ltr'><strong>ta—</strong></span> 
     </span>
    </p>
   </div>
   <div class='ocr_carea' id='block_1_97' title="bbox 294 5445 1893 5515">
    <p class='ocr_par' dir='ltr' id='par_1_97' title="bbox 294 5445 1893 5515">
     <span class='ocr_line' id='line_1_97' title="bbox 294 5445 1893 5515; baseline 0.005 -18"><span class='ocrx_word' id='word_1_794' title='bbox 294 5459 424 5497; x_wconf 89' lang='lat' dir='ltr'><strong>men</strong></span> <span class='ocrx_word' id='word_1_795' title='bbox 457 5457 649 5500; x_wconf 88' lang='lat' dir='ltr'><strong>eorum</strong></span> <span class='ocrx_word' id='word_1_796' title='bbox 677 5445 1018 5515; x_wconf 83' lang='lat' dir='ltr'><strong>assequimur</strong></span> <span class='ocrx_word' id='word_1_797' title='bbox 1047 5447 1336 5513; x_wconf 87' lang='lat' dir='ltr'><strong>rationem,</strong></span> <span class='ocrx_word' id='word_1_798' title='bbox 1373 5446 1616 5502; x_wconf 89' lang='lat' dir='ltr'><strong>levamus</strong></span> <span class='ocrx_word' id='word_1_799' title='bbox 1649 5450 1893 5506; x_wconf 88' lang='lat' dir='ltr'><strong>humeris</strong></span> 
     </span>
    </p>
   </div>
   <div class='ocr_carea' id='block_1_98' title="bbox 296 5537 1889 5610">
    <p class='ocr_par' dir='ltr' id='par_1_98' title="bbox 296 5537 1889 5610">
     <span class='ocr_line' id='line_1_98' title="bbox 296 5537 1889 5610; baseline 0.003 -18"><span class='ocrx_word' id='word_1_800' title='bbox 296 5537 503 5593; x_wconf 78' lang='lat' dir='ltr'><strong>nostris</strong></span> <span class='ocrx_word' id='word_1_801' title='bbox 567 5546 625 5594; x_wconf 85' lang='lat' dir='ltr'><strong>et</strong></span> <span class='ocrx_word' id='word_1_802' title='bbox 678 5548 957 5610; x_wconf 85' lang='lat' dir='ltr'><strong>portamus</strong></span> <span class='ocrx_word' id='word_1_803' title='bbox 1010 5539 1266 5609; x_wconf 85' lang='lat' dir='ltr'><strong>adoperta</strong></span> <span class='ocrx_word' id='word_1_804' title='bbox 1321 5549 1378 5594; x_wconf 90' lang='lat' dir='ltr'><strong>et</strong></span> <span class='ocrx_word' id='word_1_805' title='bbox 1433 5540 1648 5596; x_wconf 84' lang='lat' dir='ltr'><strong>obtecta</strong></span> <span class='ocrx_word' id='word_1_806' title='bbox 1709 5539 1889 5596; x_wconf 86' lang='lat' dir='ltr'><strong>divina</strong></span> 
     </span>
    </p>
   </div>
   <div class='ocr_carea' id='block_1_99' title="bbox 297 5628 1888 5702">
    <p class='ocr_par' dir='ltr' id='par_1_99' title="bbox 297 5628 1888 5702">
     <span class='ocr_line' id='line_1_99' title="bbox 297 5628 1888 5702; baseline 0.002 -19"><span class='ocrx_word' id='word_1_807' title='bbox 297 5629 564 5702; x_wconf 75' lang='lat' dir='ltr'><strong>mysteria</strong></span> <span class='ocrx_word' id='word_1_808' title='bbox 623 5650 634 5684; x_wconf 91' lang='lat'><strong>:</strong></span> <span class='ocrx_word' id='word_1_809' title='bbox 678 5629 780 5684; x_wconf 90' lang='lat' dir='ltr'><strong>nisi</strong></span> <span class='ocrx_word' id='word_1_810' title='bbox 827 5629 871 5683; x_wconf 88' lang='lat' dir='ltr'><strong>si</strong></span> <span class='ocrx_word' id='word_1_811' title='bbox 925 5628 1046 5701; x_wconf 90' lang='lat' dir='ltr'><strong>quis</strong></span> <span class='ocrx_word' id='word_1_812' title='bbox 1105 5628 1174 5684; x_wconf 88' lang='lat' dir='ltr'><strong>sit</strong></span> <span class='ocrx_word' id='word_1_813' title='bbox 1228 5629 1368 5684; x_wconf 89' lang='lat' dir='ltr'><strong>inter</strong></span> <span class='ocrx_word' id='word_1_814' title='bbox 1413 5644 1512 5684; x_wconf 89' lang='lat' dir='ltr'><strong>nos</strong></span> <span class='ocrx_word' id='word_1_815' title='bbox 1561 5630 1742 5684; x_wconf 81' lang='lat' dir='ltr'><strong>Aaron</strong></span> <span class='ocrx_word' id='word_1_816' title='bbox 1796 5639 1888 5686; x_wconf 89' lang='lat' dir='ltr'><strong>aut</strong></span> 
     </span>
    </p>
   </div>
   <div class='ocr_carea' id='block_1_100' title="bbox 1999 4529 3584 4600">
    <p class='ocr_par' dir='ltr' id='par_1_100' title="bbox 1999 4529 3584 4600">
     <span class='ocr_line' id='line_1_100' title="bbox 1999 4529 3584 4600; baseline 0.005 -16"><span class='ocrx_word' id='word_1_817' title='bbox 1999 4529 2106 4586; x_wconf 92' lang='lat' dir='ltr'><strong>Sed</strong></span> <span class='ocrx_word' id='word_1_818' title='bbox 2135 4539 2188 4584; x_wconf 92' lang='lat' dir='ltr'><strong>et</strong></span> <span class='ocrx_word' id='word_1_819' title='bbox 2219 4529 2516 4584; x_wconf 90' lang='lat' dir='ltr'><strong>innumeris</strong></span> <span class='ocrx_word' id='word_1_820' title='bbox 2545 4530 2838 4600; x_wconf 71' lang='lat' dir='ltr'><strong>Scriptura:</strong></span> <span class='ocrx_word' id='word_1_821' title='bbox 2868 4542 3070 4586; x_wconf 72' lang='lat' dir='ltr'><strong>sancta:</strong></span> <span class='ocrx_word' id='word_1_822' title='bbox 3099 4533 3231 4588; x_wconf 86' lang='lat' dir='ltr'><strong>locis</strong></span> <span class='ocrx_word' id='word_1_823' title='bbox 3259 4534 3584 4592; x_wconf 86' lang='lat' dir='ltr'><strong>tricenarius</strong></span> 
     </span>
    </p>
   </div>
   <div class='ocr_carea' id='block_1_101' title="bbox 1995 4621 3583 4705">
    <p class='ocr_par' dir='ltr' id='par_1_101' title="bbox 1995 4621 3583 4705">
     <span class='ocr_line' id='line_1_101' title="bbox 1995 4621 3583 4705; baseline 0.005 -29"><span class='ocrx_word' id='word_1_824' title='bbox 1995 4637 2272 4686; x_wconf 89' lang='lat' dir='ltr'><strong>numerus,</strong></span> <span class='ocrx_word' id='word_1_825' title='bbox 2323 4621 2528 4677; x_wconf 91' lang='lat' dir='ltr'><strong>Christi</strong></span> <span class='ocrx_word' id='word_1_826' title='bbox 2577 4631 2634 4705; x_wconf 73' lang='lat' dir='ltr'><strong>et</strong></span> <span class='ocrx_word' id='word_1_827' title='bbox 2677 4623 2933 4678; x_wconf 79' lang='lat' dir='ltr'><strong>Ecclesia:</strong></span> <span class='ocrx_word' id='word_1_828' title='bbox 2969 4627 3326 4681; x_wconf 88' lang='lat' dir='ltr'><strong>sacramentis</strong></span> <span class='ocrx_word' id='word_1_829' title='bbox 3367 4636 3583 4697; x_wconf 89' lang='lat' dir='ltr'><strong>aptatus</strong></span> 
     </span>
    </p>
   </div>
   <div class='ocr_carea' id='block_1_102' title="bbox 1994 4713 3578 4788">
    <p class='ocr_par' dir='ltr' id='par_1_102' title="bbox 1994 4713 3578 4788">
     <span class='ocr_line' id='line_1_102' title="bbox 1994 4713 3578 4788; baseline 0.006 -19"><span class='ocrx_word' id='word_1_830' title='bbox 1994 4715 2290 4770; x_wconf 86' lang='lat' dir='ltr'><strong>invenitur.</strong></span> <span class='ocrx_word' id='word_1_831' title='bbox 2349 4713 2486 4768; x_wconf 86' lang='lat' dir='ltr'><strong>Nam</strong></span> <span class='ocrx_word' id='word_1_832' title='bbox 2537 4723 2594 4769; x_wconf 93' lang='lat' dir='ltr'><strong>ct</strong></span> <span class='ocrx_word' id='word_1_833' title='bbox 2629 4713 2827 4787; x_wconf 84' lang='lat' dir='ltr'><strong>Joseph</strong></span> <span class='ocrx_word' id='word_1_834' title='bbox 2855 4717 2945 4788; x_wconf 89' lang='lat' dir='ltr'><strong>qui</strong></span> <span class='ocrx_word' id='word_1_835' title='bbox 2977 4718 3030 4771; x_wconf 92' lang='lat' dir='ltr'><strong>in</strong></span> <span class='ocrx_word' id='word_1_836' title='bbox 3062 4717 3290 4788; x_wconf 85' lang='lat' dir='ltr'><strong>ﬁguram</strong></span> <span class='ocrx_word' id='word_1_837' title='bbox 3334 4737 3578 4778; x_wconf 90' lang='lat' dir='ltr'><strong>resurre—</strong></span> 
     </span>
    </p>
   </div>
   <div class='ocr_carea' id='block_1_103' title="bbox 1992 4805 3580 4884">
    <p class='ocr_par' dir='ltr' id='par_1_103' title="bbox 1992 4805 3580 4884">
     <span class='ocr_line' id='line_1_103' title="bbox 1992 4805 3580 4884; baseline 0.006 -25"><span class='ocrx_word' id='word_1_838' title='bbox 1992 4806 2190 4860; x_wconf 91' lang='lat' dir='ltr'><strong>ctionis</strong></span> <span class='ocrx_word' id='word_1_839' title='bbox 2210 4805 2455 4874; x_wconf 89' lang='lat' dir='ltr'><strong>Novique</strong></span> <span class='ocrx_word' id='word_1_840' title='bbox 2472 4805 2804 4862; x_wconf 86' lang='lat' dir='ltr'><strong>Testamenti</strong></span> <span class='ocrx_word' id='word_1_841' title='bbox 2829 4809 3101 4877; x_wconf 86' lang='lat' dir='ltr'><strong>octoginta</strong></span> <span class='ocrx_word' id='word_1_842' title='bbox 3115 4811 3274 4866; x_wconf 90' lang='lat' dir='ltr'><strong>annis</strong></span> <span class='ocrx_word' id='word_1_843' title='bbox 3294 4810 3580 4884; x_wconf 61' lang='lat' dir='ltr'><strong>rEgyptios</strong></span> 
     </span>
    </p>
   </div>
   <div class='ocr_carea' id='block_1_104' title="bbox 1995 4893 3583 4970">
    <p class='ocr_par' dir='ltr' id='par_1_104' title="bbox 1995 4893 3583 4970">
     <span class='ocr_line' id='line_1_104' title="bbox 1995 4893 3583 4970; baseline 0.005 -21"><span class='ocrx_word' id='word_1_844' title='bbox 1995 4911 2027 4949; x_wconf 93' lang='lat' dir='ltr'><strong>a</strong></span> <span class='ocrx_word' id='word_1_845' title='bbox 2063 4894 2206 4950; x_wconf 82' lang='lat' dir='ltr'><strong>fame</strong></span> <span class='ocrx_word' id='word_1_846' title='bbox 2231 4893 2492 4962; x_wconf 91' lang='lat' dir='ltr'><strong>defendit,</strong></span> <span class='ocrx_word' id='word_1_847' title='bbox 2531 4897 2855 4952; x_wconf 87' lang='lat' dir='ltr'><strong>tricenarius</strong></span> <span class='ocrx_word' id='word_1_848' title='bbox 2893 4898 3092 4953; x_wconf 91' lang='lat' dir='ltr'><strong>ablutis</strong></span> <span class='ocrx_word' id='word_1_849' title='bbox 3126 4901 3382 4970; x_wconf 86' lang='lat' dir='ltr'><strong>ergastuli</strong></span> <span class='ocrx_word' id='word_1_850' title='bbox 3413 4903 3583 4956; x_wconf 84' lang='lat' dir='ltr'><strong>sordi-</strong></span> 
     </span>
    </p>
   </div>
   <div class='ocr_carea' id='block_1_105' title="bbox 1994 4987 3576 5059">
    <p class='ocr_par' dir='ltr' id='par_1_105' title="bbox 1994 4987 3576 5059">
     <span class='ocr_line' id='line_1_105' title="bbox 1994 4987 3576 5059; baseline 0.004 -19"><span class='ocrx_word' id='word_1_851' title='bbox 1994 4987 2114 5051; x_wconf 91' lang='lat' dir='ltr'><strong>bus,</strong></span> <span class='ocrx_word' id='word_1_852' title='bbox 2149 4988 2300 5058; x_wconf 86' lang='lat' dir='ltr'><strong>regni</strong></span> <span class='ocrx_word' id='word_1_853' title='bbox 2343 4988 2711 5059; x_wconf 88' lang='lat' dir='ltr'><strong>gubcrnacula</strong></span> <span class='ocrx_word' id='word_1_854' title='bbox 2765 4991 3033 5059; x_wconf 85' lang='lat' dir='ltr'><strong>suscepit;</strong></span> <span class='ocrx_word' id='word_1_855' title='bbox 3079 5000 3134 5046; x_wconf 90' lang='lat' dir='ltr'><strong>et</strong></span> <span class='ocrx_word' id='word_1_856' title='bbox 3169 4992 3338 5046; x_wconf 86' lang='lat' dir='ltr'><strong>David</strong></span> <span class='ocrx_word' id='word_1_857' title='bbox 3387 4995 3576 5047; x_wconf 84' lang='lat' dir='ltr'><strong>eadem</strong></span> 
     </span>
    </p>
   </div>
   <div class='ocr_carea' id='block_1_106' title="bbox 1992 5077 3576 5151">
    <p class='ocr_par' dir='ltr' id='par_1_106' title="bbox 1992 5077 3576 5151">
     <span class='ocr_line' id='line_1_106' title="bbox 1992 5077 3576 5151; baseline 0.004 -22"><span class='ocrx_word' id='word_1_858' title='bbox 1992 5083 2153 5132; x_wconf 64' lang='lat' dir='ltr'><strong>aetate</strong></span> <span class='ocrx_word' id='word_1_859' title='bbox 2181 5091 2406 5146; x_wconf 89' lang='lat' dir='ltr'><strong>regnum</strong></span> <span class='ocrx_word' id='word_1_860' title='bbox 2437 5077 2580 5146; x_wconf 89' lang='lat' dir='ltr'><strong>quod</strong></span> <span class='ocrx_word' id='word_1_861' title='bbox 2625 5080 3091 5150; x_wconf 86' lang='lat' dir='ltr'><strong>scptuagcnarius,</strong></span> <span class='ocrx_word' id='word_1_862' title='bbox 3117 5081 3220 5136; x_wconf 91' lang='lat' dir='ltr'><strong>hoc</strong></span> <span class='ocrx_word' id='word_1_863' title='bbox 3250 5091 3353 5146; x_wconf 90' lang='lat' dir='ltr'><strong>est,</strong></span> <span class='ocrx_word' id='word_1_864' title='bbox 3381 5096 3576 5151; x_wconf 71' lang='lat' dir='ltr'><strong>perpe-</strong></span> 
     </span>
    </p>
   </div>
   <div class='ocr_carea' id='block_1_107' title="bbox 1995 5170 3573 5242">
    <p class='ocr_par' dir='ltr' id='par_1_107' title="bbox 1995 5170 3573 5242">
     <span class='ocr_line' id='line_1_107' title="bbox 1995 5170 3573 5242; baseline 0.003 -20"><span class='ocrx_word' id='word_1_865' title='bbox 1995 5177 2086 5223; x_wconf 90' lang='lat' dir='ltr'><strong>tua</strong></span> <span class='ocrx_word' id='word_1_866' title='bbox 2118 5170 2300 5238; x_wconf 87' lang='lat' dir='ltr'><strong>quiete</strong></span> <span class='ocrx_word' id='word_1_867' title='bbox 2336 5171 2531 5241; x_wconf 87' lang='lat' dir='ltr'><strong>dignus</strong></span> <span class='ocrx_word' id='word_1_868' title='bbox 2561 5173 2879 5242; x_wconf 90' lang='lat' dir='ltr'><strong>compleret,</strong></span> <span class='ocrx_word' id='word_1_869' title='bbox 2911 5175 3200 5238; x_wconf 86' lang='lat' dir='ltr'><strong>inchoavit,</strong></span> <span class='ocrx_word' id='word_1_870' title='bbox 3236 5187 3289 5229; x_wconf 94' lang='lat' dir='ltr'><strong>et</strong></span> <span class='ocrx_word' id='word_1_871' title='bbox 3323 5174 3573 5228; x_wconf 85' lang='lat' dir='ltr'><strong>Ezechiel</strong></span> 
     </span>
    </p>
   </div>
   <div class='ocr_carea' id='block_1_108' title="bbox 1993 5259 3572 5336">
    <p class='ocr_par' dir='ltr' id='par_1_108' title="bbox 1993 5259 3572 5336">
     <span class='ocr_line' id='line_1_108' title="bbox 1993 5259 3572 5336; baseline 0.003 -24"><span class='ocrx_word' id='word_1_872' title='bbox 1993 5259 2213 5328; x_wconf 87' lang='lat' dir='ltr'><strong>triginta</strong></span> <span class='ocrx_word' id='word_1_873' title='bbox 2251 5276 2538 5328; x_wconf 88' lang='lat' dir='ltr'><strong>annorum,</strong></span> <span class='ocrx_word' id='word_1_874' title='bbox 2580 5264 2784 5331; x_wconf 88' lang='lat' dir='ltr'><strong>apertis</strong></span> <span class='ocrx_word' id='word_1_875' title='bbox 2809 5263 2922 5330; x_wconf 83' lang='lat' dir='ltr'><strong>sibi</strong></span> <span class='ocrx_word' id='word_1_876' title='bbox 2941 5263 3407 5336; x_wconf 64' lang='lat' dir='ltr'><strong>C(BliSPl‘Opht‘lllB</strong></span> <span class='ocrx_word' id='word_1_877' title='bbox 3433 5263 3572 5316; x_wconf 89' lang='lat' dir='ltr'><strong>dona</strong></span> 
     </span>
    </p>
   </div>
   <div class='ocr_carea' id='block_1_109' title="bbox 1989 5351 3571 5423">
    <p class='ocr_par' dir='ltr' id='par_1_109' title="bbox 1989 5351 3571 5423">
     <span class='ocr_line' id='line_1_109' title="bbox 1989 5351 3571 5423; baseline -0.001 -19"><span class='ocrx_word' id='word_1_878' title='bbox 1989 5351 2308 5420; x_wconf 90' lang='lat' dir='ltr'><strong>promeruit.</strong></span> <span class='ocrx_word' id='word_1_879' title='bbox 2338 5351 2543 5422; x_wconf 90' lang='lat' dir='ltr'><strong>thuia</strong></span> <span class='ocrx_word' id='word_1_880' title='bbox 2568 5368 2664 5423; x_wconf 90' lang='lat' dir='ltr'><strong>per</strong></span> <span class='ocrx_word' id='word_1_881' title='bbox 2686 5353 2844 5408; x_wconf 86' lang='lat' dir='ltr'><strong>ﬁdem</strong></span> <span class='ocrx_word' id='word_1_882' title='bbox 2865 5362 2920 5408; x_wconf 90' lang='lat' dir='ltr'><strong>et</strong></span> <span class='ocrx_word' id='word_1_883' title='bbox 2939 5364 3164 5407; x_wconf 80' lang='lat' dir='ltr'><strong>adversa</strong></span> <span class='ocrx_word' id='word_1_884' title='bbox 3190 5351 3571 5421; x_wconf 82' lang='lat' dir='ltr'><strong>longanimiter</strong></span> 
     </span>
    </p>
   </div>
   <div class='ocr_carea' id='block_1_110' title="bbox 1987 5440 3570 5515">
    <p class='ocr_par' dir='ltr' id='par_1_110' title="bbox 1987 5440 3570 5515">
     <span class='ocr_line' id='line_1_110' title="bbox 1987 5440 3570 5515; baseline 0.002 -20"><span class='ocrx_word' id='word_1_885' title='bbox 1987 5440 2141 5508; x_wconf 90' lang='lat' dir='ltr'><strong>ferri,</strong></span> <span class='ocrx_word' id='word_1_886' title='bbox 2176 5452 2231 5498; x_wconf 88' lang='lat' dir='ltr'><strong>et</strong></span> <span class='ocrx_word' id='word_1_887' title='bbox 2258 5443 2562 5499; x_wconf 86' lang='lat' dir='ltr'><strong>sublimiter</strong></span> <span class='ocrx_word' id='word_1_888' title='bbox 2592 5444 2789 5500; x_wconf 87' lang='lat' dir='ltr'><strong>debent</strong></span> <span class='ocrx_word' id='word_1_889' title='bbox 2814 5445 3033 5515; x_wconf 65' lang='lat' dir='ltr'><strong>praemia</strong></span> <span class='ocrx_word' id='word_1_890' title='bbox 3073 5443 3303 5513; x_wconf 87' lang='lat' dir='ltr'><strong>sperari,</strong></span> <span class='ocrx_word' id='word_1_891' title='bbox 3347 5450 3403 5495; x_wconf 92' lang='lat' dir='ltr'><strong>et</strong></span> <span class='ocrx_word' id='word_1_892' title='bbox 3429 5457 3570 5497; x_wconf 66' lang='lat' dir='ltr'><strong>arcte</strong></span> 
     </span>
    </p>
   </div>
   <div class='ocr_carea' id='block_1_111' title="bbox 1987 5530 3565 5602">
    <p class='ocr_par' dir='ltr' id='par_1_111' title="bbox 1987 5530 3565 5602">
     <span class='ocr_line' id='line_1_111' title="bbox 1987 5530 3565 5602; baseline -0.001 -14"><span class='ocrx_word' id='word_1_893' title='bbox 1987 5532 2070 5588; x_wconf 88' lang='lat' dir='ltr'><strong>vel</strong></span> <span class='ocrx_word' id='word_1_894' title='bbox 2095 5532 2280 5602; x_wconf 90' lang='lat' dir='ltr'><strong>templi</strong></span> <span class='ocrx_word' id='word_1_895' title='bbox 2311 5533 2562 5598; x_wconf 87' lang='lat' dir='ltr'><strong>altitudo,</strong></span> <span class='ocrx_word' id='word_1_896' title='bbox 2589 5542 2646 5588; x_wconf 90' lang='lat' dir='ltr'><strong>et</strong></span> <span class='ocrx_word' id='word_1_897' title='bbox 2675 5533 3009 5588; x_wconf 90' lang='lat' dir='ltr'><strong>tabernaculi</strong></span> <span class='ocrx_word' id='word_1_898' title='bbox 3038 5530 3316 5602; x_wconf 86' lang='lat' dir='ltr'><strong>longitudo</strong></span> <span class='ocrx_word' id='word_1_899' title='bbox 3342 5530 3565 5602; x_wconf 88' lang='lat' dir='ltr'><strong>triginta</strong></span> 
     </span>
    </p>
   </div>
   <div class='ocr_carea' id='block_1_112' title="bbox 1986 5623 3565 5695">
    <p class='ocr_par' dir='ltr' id='par_1_112' title="bbox 1986 5623 3565 5695">
     <span class='ocr_line' id='line_1_112' title="bbox 1986 5623 3565 5695; baseline -0.001 -15"><span class='ocrx_word' id='word_1_900' title='bbox 1986 5625 2185 5680; x_wconf 89' lang='lat' dir='ltr'><strong>cubitis</strong></span> <span class='ocrx_word' id='word_1_901' title='bbox 2224 5633 2587 5679; x_wconf 88' lang='lat' dir='ltr'><strong>mensuratur.</strong></span> <span class='ocrx_word' id='word_1_902' title='bbox 2630 5623 3120 5695; x_wconf 85' lang='lat' dir='ltr'><strong>Quinquagesimus</strong></span> <span class='ocrx_word' id='word_1_903' title='bbox 3163 5628 3343 5676; x_wconf 86' lang='lat' dir='ltr'><strong>autem</strong></span> <span class='ocrx_word' id='word_1_904' title='bbox 3381 5636 3565 5678; x_wconf 83' lang='lat' dir='ltr'><strong>nume-</strong></span> 
     </span>
    </p>
   </div>
  </div>
