3924 6176
466 247 576 304 613

1128 233 1190 288 Β.
1233 229 1488 286 RABAM
1524 225 1747 282 MALBl
1777 226 2100 284 ARCHIEP.
2140 223 2448 280 MOGU'NT.
2489 221 2774 280 OPERUM
2811 221 2991 278 PARS
3025 221 3064 275 Ι.
3560 238 3641 292 δη,

462 373 556 414 rus
589 355 732 426 quod
764 346 1204 422 repromissionis
1254 340 1603 414 indulgentiae
1645 347 1827 394 teneat
1868 353 2049 393 sacra-
2076 349 2126 407 Α
2155 337 2429 396 cultorum
2457 336 2812 408 providentia:
2840 351 2952 426 sua:
2992 345 3191 392 secreta
3217 339 3506 410 iudiciorum
3527 361 3645 403 coin-

462 456 729 509 mentum,
756 443 808 495 in
845 438 1025 492 multis
1052 435 1454 504 Scripturarum
1485 430 1617 486 locis
1635 444 1777 499 saepe
1797 438 1852 484 et
1875 428 2046 482 abun-

461 539 656 592 danter
667 530 1023 587 ostendimus.
1049 525 1182 579 Nam
1206 536 1262 577 et
1279 522 1738 594 quinquagesimus
1755 536 1923 574 annus
1947 528 2044 584 est,

461 629 518 681 in
532 639 631 694 quo
646 630 693 674 et
709 619 1095 689 possessionum
1111 624 1156 668 et
1173 613 1436 667 servitutis
1455 625 1499 665 et
1525 611 1686 664 debiti
1698 610 1757 679 ﬁt
1777 607 2044 675 reittissio;

460 725 517 769 et
553 708 1030 781 quinquagesimus
1054 706 1170 759 dies
1195 713 1318 775 post
1349 703 1573 766 Pascha,
1615 701 1785 757 festus
1815 700 2048 756 traditur

462 808 517 861 in
556 807 672 872 lege
697 801 884 870 (Leuit.
914 800 1062 869 xxv).
1097 796 1204 852 Sed
1229 796 1490 850 Dominus
1519 794 1573 850 in
1603 792 1897 864 Evangelia
1923 807 2048 847 cum

461 897 774 968 parabolam
798 890 1232 962 repromissionis
1255 889 1474 944 doceret
1491 894 1545 942 et
1571 884 1934 957 indulgentiae,
1957 885 2051 940 de-

462 989 669 1042 bitores
699 999 836 1053 quos
882 981 1198 1045 introducit,
1237 994 1402 1034 unum
1455 977 1509 1031 in
1552 975 1960 1045 quinquaginta,
1993 981 2050 1029 et

463 1081 630 1133 alium
681 1074 994 1146 quingentis
1040 1072 1280 1127 denariis
1320 1068 1488 1125 fuisse
1548 1068 1682 1122 dicit
1731 1067 2048 1122 obnoxium.

464 1167 868 1236 Quinquaginta
913 1171 1096 1217 autem
1121 1172 1176 1215 et
1199 1160 1502 1234 quingenti,
1542 1166 1805 1230 cognatus
1833 1166 1920 1212 est
1947 1173 2048 1210 nu-

467 1271 668 1309 merus.
707 1253 916 1308 Decade
947 1253 1092 1306 enim
1119 1251 1510 1322 quinquaginta
1551 1249 1758 1304 faciunt
1791 1250 2053 1317 quingen-

468 1354 568 1400 tos.
597 1346 704 1400 Sed
726 1346 830 1398 alia
859 1352 1010 1414 parte
1032 1359 1288 1397 numerus
1312 1343 1414 1397 iste
1434 1349 1678 1396 sacratus
1698 1351 1801 1395 est.
1833 1341 2053 1409 Septem

465 1437 610 1489 enim
659 1435 973 1502 septimanae
1001 1432 1048 1485 si
1079 1433 1309 1487 addatur
1332 1431 1493 1485 unius
1520 1430 1731 1484 numeri
1769 1428 2053 1499 perfectio,

470 1526 861 1596 quinquaginta
894 1522 1097 1578 faciunt
1141 1524 1275 1579 dies.
1321 1522 1584 1578 Similiter
1611 1532 1666 1577 et
1711 1522 2054 1592 septuaginta

474 1617 816 1686 septimanis,
856 1615 900 1670 si
932 1616 1163 1670 addatur
1199 1616 1358 1671 unius
1379 1615 1598 1670 decadis
1635 1613 2051 1680 consummatio,

2148 428 2317 493 misit,
2361 441 2487 482 arca
2539 426 2854 482 testamenti
2903 424 2998 480 Dei
3048 426 3378 498 appellentur.
3413 429 3552 488 Porro
3575 437 3648 503 qui

2148 531 2271 574 cum
2309 515 2455 570 omni
2505 515 2700 569 fiducia
2754 529 2851 584 per
2877 514 3083 572 hostias
3126 530 3335 584 precum
3363 520 3648 588 supplicatio-

2145 621 2386 677 numque
2431 606 2679 660 victimas
2726 605 2896 660 Deum
2925 605 3230 660 hominibus
3266 610 3586 680 repropitiant,
3610 621 3653 667 et

2143 710 2247 766 pro
2261 696 2472 750 delictis
2486 695 2668 766 populi
2699 695 3087 760 interveniunt,
3107 698 3501 765 propitiatorium
3520 703 3652 756 nomi-

2149 795 2368 841 nentur.
2407 785 2472 841 At
2509 786 2601 856 qui
2648 792 2968 841 meruerunt
3018 784 3394 840 multitudinem
3443 791 3652 856 scientiae,

2149 883 2206 928 et
2251 876 2590 930 abundantes
2631 875 2848 929 divitias
2897 875 2952 929 in
2988 876 3256 945 agnitione
3303 877 3408 940 Dei,
3445 879 3653 935 cherubin

2152 964 2378 1036 intelligi
2411 973 2660 1034 possunt.
2706 964 2982 1020 Cherubin
3024 980 3232 1036 quoque
3257 966 3309 1020 in
3329 966 3493 1036 lingua
3515 978 3657 1024 nostra

2152 1057 2434 1112 multitudo
2487 1059 2717 1113 scientia:
2765 1058 3171 1128 interpretatur.
3226 1056 3325 1113 Sed
3379 1060 3466 1114 hos
3512 1076 3660 1114 omnes

2153 1151 2243 1220 qui
2299 1166 2397 1222 per
2449 1151 2563 1205 lnec
2607 1149 2818 1220 singula
2873 1166 2994 1220 quae
3042 1165 3202 1220 supra
3237 1161 3525 1206 enumerata
3564 1162 3660 1207 sunt

2151 1243 2528 1310 designantur,
2554 1225 2556 1229 ’
2583 1226 2791 1310 partari
2839 1256 3060 1296 necesse
3087 1250 3192 1307 est,
3224 1250 3276 1295 et
3308 1243 3494 1314 portari
3525 1243 3568 1296 in
3590 1242 3664 1296 hu-

2154 1334 2340 1390 meris.
2367 1331 2518 1390 Unde
2545 1333 2818 1398 fortassis,
2834 1340 2896 1403 ut
2923 1347 3022 1403 ego
3050 1334 3254 1404 opinor,
3274 1331 3434 1404 angeli
3454 1332 3533 1401 qui
3553 1333 3666 1387 ordi-

2155 1423 2270 1478 nati
2298 1431 2425 1476 sunt
2468 1433 2689 1494 propter
2715 1439 2809 1478 cos
2834 1423 2927 1493 qui
2955 1423 3320 1478 [nereditatem
3344 1423 3538 1492 capiunt
3561 1423 3666 1476 salu

2157 1515 2246 1580 tis,
2278 1514 2380 1584 ipsi
2433 1523 2559 1581 sunt
2610 1516 2701 1585 qui
2731 1514 2971 1585 singulos
2995 1529 3184 1568 eorum
3231 1529 3361 1584 quos
3393 1529 3534 1584 supra
3567 1513 3668 1568 dixi-

2159 1621 2301 1668 mus,
2331 1615 2573 1676 portant.
2605 1605 2739 1660 Cum
2771 1606 2915 1661 enim
2952 1604 3186 1660 solutum
3215 1603 3369 1659 fuerit
3403 1606 3667 1658 tabernacu—

468 1707 675 1761 faciunt
709 1707 1052 1776 quingentos.
1083 1705 1239 1773 Quod
1263 1707 1310 1762 si
1346 1705 1710 1760 abundantius
1753 1704 1928 1762 adhuc
1962 1720 2052 1760 sa-
2085 1702 2130 1764 Β
2158 1696 2269 1751 lum
2309 1697 2436 1762 110C.
2472 1704 2528 1750 et
2573 1696 2899 1765 ωερθνίωυε
2950 1695 3160 1764 ingredi
3212 1694 3278 1750 ad
3304 1694 3389 1749 illa
3416 1700 3593 1758 sancta,
3627 1701 3670 1746 et

466 1804 745 1850 crementa
769 1796 1159 1866 quinquaginta
1181 1806 1237 1851 et
1258 1789 1676 1865 quingentorum
1705 1795 2058 1864 numeripla-

469 1892 555 1937 cet
601 1883 800 1954 colligi,
836 1884 1098 1938 habemus
1128 1893 1182 1937 et
1212 1885 1266 1938 in
1313 1885 1418 1939 hoc
1447 1885 1564 1955 ipso
1585 1883 1757 1954 quiin
1803 1885 2057 1939 manibus

467 1983 553 2028 est
568 1972 932 2027 Numerorum
963 1974 1123 2040 libro,
1157 1973 1246 2027 ubi
1271 1974 1336 2028 de
1363 1975 1600 2029 hostium
1630 1973 1816 2042 spoliis
1837 1972 2055 2043 quidam

467 2065 688 2134 quidem
719 2063 955 2120 oﬂ'erunt
981 2067 1036 2120 in
1061 2068 1222 2120 domo
1246 2066 1366 2130 Dei,
1392 2066 1899 2136 quinquagesimum
1923 2081 2054 2135 por-

468 2156 670 2210 tionem
693 2157 784 2226 qui
810 2173 915 2211 non
943 2158 1416 2227 processeruntad
1439 2157 1664 2222 bellum,
1693 2159 1913 2226 quidam
1926 2173 2057 2214 vero

465 2248 981 2317 quingentesimum.
1035 2248 1103 2301 Et
1146 2250 1333 2316 utique
1363 2262 1473 2302 non
1503 2248 1738 2302 inaniter
1769 2249 1933 2302 etiam
1968 2247 2058 2302 hic

467 2336 951 2408 quinquagesimus
975 2354 1237 2392 numerus
1270 2341 1518 2392 habetur.
1561 2339 1668 2393 Sed
1691 2347 1746 2392 et
1779 2340 1831 2393 in
1859 2337 2058 2395 Genesi

472 2427 563 2482 ubi
591 2427 851 2484 Dominus
903 2431 1171 2484 tractabat
1207 2431 1272 2484 de
1305 2430 1636 2500 indulgentia
1674 2430 2054 2497 Sodomorum,

475 2518 521 2571 si
559 2516 702 2572 forte
745 2529 968 2588 possent
1016 2521 1083 2574 ad
1133 2522 1347 2576 veniam
1397 2523 1692 2591 pertinere,
1751 2522 2058 2591 hujusmod’t

474 2611 859 2680 mysteriorum
880 2626 1134 2666 conscius
1172 2614 1482 2681 patriarcha
1510 2598 1809 2679 Abraham,
1850 2631 1882 2668 a
1905 2613 2061 2683 quin-

469 2703 786 2773 quagesimo
818 2719 1048 2759 numero
1085 2705 1270 2774 incipit
1316 2721 1414 2774 pro
1440 2705 1770 2774 indulgentia
1802 2707 2060 2762 Sodomo-

474 2810 596 2849 rum
642 2797 871 2850 Domino
901 2797 1206 2867 supplicare
1245 2807 1298 2852 et
1339 2799 1472 2852 dicit
1499 2815 1512 2850 :
1539 2797 1596 2851 Si
1631 2800 1826 2852 inventi
1859 2800 2059 2869 fuerint

471 2889 853 2961 quinquaginta
898 2891 952 2943 in
979 2893 1205 2956 cantate,
1255 2908 1360 2945 non
1395 2890 1621 2945 salvabis
1668 2901 1878 2962 propter
1905 2892 2060 2965 quin-

471 2983 723 3052 quaginta
771 2982 1074 3035 civitatem?
1115 2981 1267 3052 (Gen.
1302 2983 1438 3054 XIX.)
1463 2983 1572 3036 Sed
1627 2985 1694 3038 ad
1723 2984 2059 3052 propositum

2156 1802 2386 1858 pergere
2413 1787 2482 1842 ad
2509 1787 2686 1843 locum
2726 1785 3186 1857 repromissionis,
3214 1785 3270 1841 hi
3289 1785 3374 1857 qui
3397 1799 3510 1839 vere
3536 1781 3669 1838 sancti

2157 1888 2306 1946 sunt,
2331 1887 2389 1934 et
2415 1887 2469 1933 in
2496 1878 2711 1933 Sanctis
2734 1887 3046 1933 sanctorum
3069 1878 3350 1942 habentur,
3383 1874 3562 1947 angelis
3583 1875 3671 1956 sine

2158 1971 2350 2026 dubio‘
2384 1970 2829 2031 subvectantibus
2871 1969 3171 2033 incedunt,
3222 1977 3276 2022 et
3318 1982 3564 2036 usquequo
3609 1981 3673 2018 reo

2157 2062 2406 2131 quiescat
2468 2059 2876 2116 tabernaculum
2945 2059 3300 2129 deportantur
3359 2058 3410 2112 in
3460 2054 3671 2118 humeris,

2155 2153 2488 2208 extolluntur
2509 2153 2565 2205 in
2599 2150 2869 2207 manibus.
2898 2149 3053 2220 Quod
3087 2150 3416 2222 prospiciens
3451 2149 3500 2202 in
3525 2145 3673 2218 spiritu

2156 2244 2421 2314 propheta
2447 2243 2660 2297 dicebat
2685 2260 2697 2294 :
2725 2241 2990 2308 Quoniam
3019 2240 3220 2312 angeli:
3244 2241 3351 2295 suis
3377 2237 3605 2292 mandavit
3628 2235 3672 2290 de

2155 2347 2228 2404 te,
2257 2345 2314 2390 ut
2336 2338 2392 2390 in
2415 2336 2656 2394 manibus
2682 2334 2869 2389 tollant
2895 2345 2966 2401 te,
2995 2351 3057 2389 ne
3083 2334 3220 2403 forte
3249 2331 3470 2403 olfendas
3492 2329 3550 2382 ad
3571 2326 3674 2396 lapi-

2158 2431 2276 2484 dem
2317 2430 2498 2500 pedem
2548 2438 2698 2484 tuum
2745 2425 2918 2500 (Psal.
2951 2427 3062 2500 xc).
3094 2426 3252 2496 Quod
3297 2424 3482 2479 dictum
3507 2421 3674 2489 quidem

2159 2521 2371 2593 putavit
2425 2519 2672 2574 diabolus
2731 2519 2798 2574 de
2857 2517 3149 2576 Salvatore
3199 2515 3570 2588 accipiendum;
3608 2509 3679 2564 sed

2159 2619 2464 2668 excaecatus
2509 2611 2736 2676 malitia,
2786 2624 2894 2682 non
2935 2609 3209 2667 intellexit
3240 2607 3442 2678 eloquia
3476 2601 3676 2676 mystica.

2159 2703 2348 2775 Neque
2385 2704 2530 2760 enim
2581 2703 2835 2760 Salvator
2863 2712 3051 2758 noster
3097 2701 3308 2774 angelis
3347 2699 3602 2772 indigebat,
3638 2700 3682 2748 ut

2159 2815 2272 2857 non
2318 2789 2618 2863 offenderet
2670 2799 2739 2854 ad
2787 2797 3020 2868 lapidem
3066 2798 3267 2866 pedem
3305 2809 3468 2850 suum.
3519 2787 3680 2844 Calum-

2160 2894 2348 2950 niatur
2395 2890 2645 2946 diabolus
2686 2888 3027 2960 Scripturam
3081 2889 3346 2953 divinam,
3389 2883 3474 2955 qui
3517 2881 3608 2936 haec
3633 2877 3681 2930 de

2165 2983 2450 3042 Salvatore
2475 2983 2618 3036 dicta
2646 2979 2956 3052 protulerit,
2983 2992 3092 3032 non
3125 2979 3194 3034 de
3225 2976 3331 3041 illo,
3358 2973 3447 3029 sed
3467 2970 3524 3025 de
3544 2964 3680 3022 omni-

471 3082 832 3126 revertamur.
867 3071 1095 3142 Oportet
1119 3090 1250 3144 ergo
1283 3074 1500 3143 operari
1529 3074 1747 3128 Levitas
1771 3076 1827 3130 in
1854 3075 2057 3130 Sanctis
2081 3063 2130 3126 C
2159 3075 2264 3132 bus
2300 3073 2504 3133 sanctis
2529 3073 2646 3128 haec
2671 3070 2871 3126 dicitur
2900 3086 2912 3121 :
2947 3067 3083 3136 Quia
3114 3066 3323 3139 angelis
3341 3065 3448 3120 suis
3465 3054 3684 3116 mandavit

473 3177 648 3232 usque
697 3163 764 3214 ad
814 3163 1205 3231 quinquaginta
1252 3179 1443 3226 annos,
1502 3163 1789 3217 inferiores
1837 3164 2054 3232 quidem

473 3266 661 3323 opera,
711 3251 963 3306 meliores
993 3254 1210 3320 quidem
1242 3267 1406 3322 opera
1441 3267 1702 3321 operum;
1739 3254 1933 3307 horum
1961 3269 2058 3308 au-

473 3349 583 3395 tem
614 3341 923 3409 superiores
966 3343 1301 3411 spiritalibus
1346 3343 1545 3398 officiis
1566 3343 1862 3411 deservire,
1891 3354 1950 3400 et
1975 3346 2060 3400 in-

473 3431 645 3486 troire
671 3430 726 3484 in
757 3428 958 3487 Sancta
982 3448 1317 3501 sanctorum,
1348 3435 1532 3505 ibique
1551 3437 1766 3508 operire
1789 3453 1910 3507 quae
1931 3453 2061 3508 ope-

475 3526 667 3582 rienda
689 3534 834 3592 sunt,
871 3535 927 3582 et
957 3529 1173 3582 tradere
1208 3528 1336 3583 ﬁliis
1363 3528 1534 3584 Caatb
1574 3530 1839 3599 portanda
1871 3530 2060 3585 hume-

471 3618 550 3673 ris
575 3628 630 3674 ct
654 3620 906 3675 manibus
940 3620 1240 3686 evehenda,
1282 3621 1378 3676 sed
1404 3628 1461 3674 et
1505 3621 1727 3690 reliquis
1770 3621 2061 3691 unicuique

473 3714 773 3768 secundum
809 3728 873 3768 ea
902 3727 1023 3782 quae
1049 3710 1164 3780 jam
1193 3713 1443 3782 superius
1473 3727 1614 3783 saepe
1640 3713 1871 3769 disserta
1911 3722 2056 3768 sunt.

473 3801 677 3858 Verum
713 3818 782 3858 ne
828 3804 992 3859 nimia
1040 3805 1156 3858 haec
1206 3805 1670 3874 operimentorum
1710 3805 2062 3874 velorumque

477 3894 691 3948 cautela
721 3895 1156 3964 desperationem
1175 3897 1465 3965 quamdam
1488 3905 1542 3949 et
1567 3898 1881 3952 maestitiam
1906 3912 2063 3967 gene-

484 3993 570 4040 ret
607 3984 966 4050 auditoribus,
995 4001 1168 4057 pauca
1196 3986 1376 4055 aliqua
1406 4002 1527 4056 qua:
1557 3995 1614 4042 et
1640 3988 1877 4057 pandere
1903 3989 2061 4045 nobis

471 4083 656 4130 tutum
701 4075 792 4141 sit,
829 4083 884 4130 et
932 4076 1088 4130 vobis
1135 4075 1206 4130 sit
1233 4075 1316 4130 fas
1345 4077 1588 4147 aspicere
1622 4078 2059 4149 quandoquidem

475 4174 536 4220 ut
558 4166 708 4236 prius
735 4166 992 4231 diximus,
1021 4181 1193 4237 genus
1225 4167 1406 4238 regale
1432 4177 1486 4221 et
1514 4168 1896 4233 sacerdotium,
1930 4183 2062 4238 gens

475 4268 693 4323 sancta,
739 4267 793 4314 et
839 4258 1069 4329 populus
1111 4259 1166 4313 in
1218 4260 1634 4330 acquisitionem
1682 4260 1812 4316 dicti
1850 4276 2057 4328 sumus,

478 4351 694 4420 aperire
731 4351 1082 4406 tentabimus.
1132 4349 1499 4422 lntelligamus
1549 4367 1679 4422 ergo
1739 4352 2061 4408 tabernacu-

2161 3165 2308 3224 Deus
2357 3162 2580 3234 populo,
2637 3168 2698 3216 ut
2749 3175 2860 3214 non
2898 3157 3144 3214 offendat
3172 3159 3240 3214 ad
3291 3154 3507 3227 lapidem
3535 3147 3682 3220 pedem

2161 3268 2342 3310 suum.
2397 3250 2598 3307 Sedet
2647 3251 2830 3306 omnia
2885 3263 3006 3319 quae
3060 3247 3123 3314 in
3172 3249 3274 3304 hoc
3311 3244 3504 3318 psalmo
3528 3237 3686 3307 scripta

2162 3355 2310 3412 sunt.
2332 3344 2496 3415 justis
2520 3344 2823 3416 quibusque
2851 3343 3027 3416 magis
3051 3358 3224 3415 quam
3259 3335 3509 3397 Salvatori
3535 3344 3687 3389 conve-

2161 3436 2336 3491 niunt.
2360 3433 2582 3492 Liberat
2605 3433 2749 3488 enim
2771 3419 2914 3491 Deus
2939 3449 2971 3486 a
2997 3433 3185 3499 ruina,
3215 3439 3271 3488 et
3300 3427 3541 3486 daemonio
3570 3419 3689 3477 meri

2162 3529 2327 3584 diana
2347 3543 2457 3584 non
2481 3527 2822 3584 Salvatorem
2859 3526 3036 3597 (Absit
3055 3541 3086 3580 a
3117 3526 3281 3582 nobis
3301 3525 3374 3580 ita
3399 3512 3685 3588 intelligere).

2163 3620 2258 3675 sed
2305 3636 2522 3676 omnem
2564 3619 2792 3692 justum.
2835 3617 2976 3674 Justi
3030 3619 3196 3676 enim.
3231 3615 3469 3687 suntqui
3499 3609 3691 3678 indigem

2163 3711 2432 3783 adiutorio
2470 3712 2785 3780 angelorum
2811 3710 2930 3774 Dei,
2964 3719 3025 3765 ut
3051 3725 3167 3765 non
3191 3725 3221 3764 a
3271 3705 3574 3766 daemonibus
3596 3695 3691 3752 sub-

2163 3812 2416 3870 ruantur,
2471 3812 2620 3860 etne
2650 3802 2814 3858 corda
2844 3816 3033 3858 eorum
3055 3802 3262 3874 sagitta
3283 3798 3489 3854 volante
3512 3794 3561 3847 in
3579 3799 3690 3844 tene-

2161 3896 2280 3952 bris
2307 3896 2677 3952 teuebrentur.
2709 3893 2814 3949 Per
2841 3895 2988 3963 ipsos
3015 3893 3246 3964 angelos
3268 3890 3368 3950 sub
3410 3884 3577 3942 eodem
3604 3891 3692 3946 my-

2161 3988 2330 4042 sterio
2380 3984 2581 4041 Paulus
2605 3984 2900 4054 portandas
2927 3997 3048 4037 esse
3071 3982 3347 4052 quosdam
3381 3973 3630 4032 confirmat
3649 3965 3690 4018 iu

2161 4079 2396 4133 nubibus
2421 4093 2545 4133 cum
2573 4077 2706 4132 dicit
2743 4093 2757 4129 :
2792 4073 2894 4131 Sed
2927 4086 2975 4129 et
3011 4091 3109 4129 nos
3153 4075 3250 4145 qui
3287 4073 3515 4133 vivimus,
3542 4062 3615 4136 qui
3640 4074 3696 4110 re-

2161 4171 2472 4241 linquimur,
2495 4167 2652 4224 simul
2674 4185 2794 4223 eum
2814 4166 2920 4222 illis
2944 4167 3219 4237 rapiemur
3240 4167 3303 4220 in
3315 4161 3524 4219 nubibus
3537 4151 3693 4210 ebriam

2111 4335 2114 4338 ι
2163 4261 2372 4316 Christo
2399 4261 2456 4315 in
2479 4275 2607 4314 aera
2629 4258 2682 4330 (Ι
2718 4257 2904 4314 Thess.
2944 4258 3042 4330 iv).
3067 4255 3384 4329 Rapinntur
3411 4266 3531 4321 ergo
3549 4245 3606 4302 ab
3623 4257 3696 4297 an-

2165 4351 2300 4427 gelis
2335 4352 2388 4407 hi
2419 4351 2511 4423 qui
2561 4350 2779 4421 penitus
2828 4349 3043 4420 purgati
3068 4358 3127 4405 et
3154 4349 3306 4404 leves
3347 4343 3517 4402 etl‘ecti
3545 4345 3649 4394 sunt
3672 4347 3693 4384 α

477 4441 586 4496 lum
625 4443 920 4498 testimonii
969 4456 1158 4498 omnes
1195 4454 1433 4511 sanctos,
1477 4446 1570 4517 qui
1603 4447 1705 4502 sub
1735 4454 2059 4502 testamento
2081 4422 2136 4482 D
2163 4422 2394 4502 delictis.
2439 4422 2748 4499 Portantur
2774 4456 2906 4498 vero
2946 4442 3003 4498 hi
3031 4443 3128 4512 qui
3171 4441 3445 4512 aliquibus
3467 4435 3620 4491 adhuc
3637 4442 3700 4482 re-

478 4533 572 4587 Dci
604 4543 931 4600 censentur;
972 4543 1027 4590 et
1052 4535 1108 4587 in
1135 4535 1240 4589 hoc
1270 4537 1624 4591 tabernaculo
1655 4551 1777 4592 esse
1797 4538 2061 4605 quosdam

477 4626 738 4683 celsiores
782 4629 995 4684 meritis
1025 4638 1080 4682 et
1113 4630 1288 4700 gratia
1312 4632 1638 4702 superiores,
1670 4641 1726 4687 et
1750 4648 1819 4687 ex
1846 4633 1931 4686 bis
1963 4632 2061 4687 ali-

477 4734 613 4787 quos
637 4721 851 4787 quidem
876 4723 1260 4779 candelabrum
1287 4724 1413 4788 dici,
1448 4725 1594 4795 ipsos
1626 4724 1766 4779 forte
1788 4724 2061 4793 apostolos

478 4809 572 4879 qui
624 4810 928 4866 illuminant
985 4814 1307 4868 accedentes
1336 4815 1402 4868 ad
1433 4814 1622 4868 Deum.
1667 4815 1775 4868 Sed
1818 4814 1943 4868 etsi
1970 4815 2060 4883 qui

483 4900 572 4954 alii
596 4910 720 4955 sunt
743 4904 834 4971 qui
860 4905 915 4957 in
940 4904 1046 4959 hoc
1072 4905 1424 4960 tabernaculo
1451 4905 1569 4970 Dei,
1601 4907 1854 4962 omnibus
1887 4907 2068 4978 ingre-

483 4991 759 5047 dientibus
815 4993 1056 5049 scientiae
1107 5004 1162 5050 et
1213 4995 1476 5050 doctrina:
1521 4995 1702 5052 lumen
1755 4999 2062 5064 ostendunt,

480 5097 671 5137 omnes
711 5083 796 5138 isti
826 5083 1211 5138 candelabrum
1239 5086 1524 5156 mysticum
1555 5088 1918 5142 nominentur.
1957 5089 2065 5144 Alii

478 5181 605 5228 sunt
634 5189 822 5228 mensa
855 5189 1008 5229 sacra
1055 5175 1147 5245 qui
1191 5191 1310 5230 cum
1342 5176 1545 5232 habent
1593 5191 1760 5249 panes
1789 5177 1909 5245 Dei,
1938 5179 2066 5236 reti-

476 5266 627 5320 ciunt
667 5279 729 5319 ac
774 5273 1005 5335 pascunt
1055 5267 1265 5321 animas
1298 5269 1602 5324 esurientes
1620 5269 1910 5340 justitiam.
1951 5271 2058 5326 Alii

477 5363 602 5410 sunt
630 5355 799 5410 altare
822 5357 1048 5423 incensi,
1077 5358 1386 5428 quicunque
1402 5361 1740 5418 orationibus
1761 5373 1816 5416 et
1839 5359 2060 5432 jejuniis

477 5447 563 5502 die
597 5463 661 5502 ac
687 5457 850 5503 nocte
891 5457 1088 5503 vacant
1119 5449 1173 5504 in
1205 5451 1402 5522 templo
1428 5460 1652 5508 orantes
1676 5453 1796 5520 Dei,
1826 5471 1934 5511 non
1967 5469 2046 5511 son

475 5535 586 5588 lum
618 5552 715 5606 pro
743 5539 1069 5607 semetipsis,
1118 5539 1211 5593 sed
1243 5548 1296 5593 et
1325 5556 1423 5610 pro
1451 5543 1704 5598 universo
1736 5543 1956 5614 populo.
1991 5544 2057 5598 Hi

478 5637 608 5678 vero
631 5627 827 5693 quibus
878 5644 1076 5684 arcana
1111 5632 1366 5700 mysteria
1415 5633 1648 5690 credidit
1684 5635 1850 5702 Deus,
1880 5644 1936 5689 et
1967 5652 2056 5691 oc-

2165 4538 2348 4607 liquiis
2397 4547 2826 4608 przegravantur.
2873 4533 3175 4590 Portantur
3219 4549 3355 4602 ergo
3382 4540 3437 4586 et
3469 4543 3502 4584 a
3526 4522 3698 4596 quibus-

2163 4630 2288 4684 dam
2310 4629 2576 4684 columnae
2611 4627 2971 4694 tabernaculi,
3003 4635 3063 4684 et
3095 4629 3242 4684 atria
3288 4635 3581 4695 ceteraque
3607 4625 3700 4685 qua

2165 4737 2196 4774 a
2235 4719 2516 4790 Scriptura
2557 4720 2904 4785 referuntur;
2949 4729 3244 4790 portantur
3295 4727 3473 4774 autem
3515 4725 3608 4769 non
3647 4703 3698 4758 ab

2165 4811 2442 4878 lsraelitis,
2469 4811 2562 4867 sed
2583 4828 2611 4866 a
2622 4811 2847 4878 Levitis,
2861 4812 3160 4867 secundum
3181 4811 3332 4866 hunc
3349 4819 3559 4865 sensum
3575 4810 3702 4870 quem

2166 4903 2220 4957 in
2251 4912 2567 4958 transcursu
2615 4902 2922 4958 videbimur
2964 4903 3208 4958 breviter
3233 4900 3539 4971 contigisse,
3572 4889 3701 4946 τθιὶῐι·

2164 5004 2393 5066 quentes
2431 4995 2681 5050 sensibus
2711 4995 3139 5052 auditorum..Et
3188 4995 3238 5050 si
3278 4994 3404 5065 quis
3432 4993 3496 5048 de
3519 4988 3596 5044 his
3615 4993 3701 5039 mt-

2156 5088 2276 5156 iore
2339 5088 2614 5145 desiderio
2667 5087 3000 5160 flagraverit,
3057 5089 3330 5144 accendat
3395 5085 3496 5142 sibi
3559 5081 3700 5134 ιωειι

2163 5179 2426 5245 scientia,
2455 5187 2512 5234 et
2537 5179 2740 5249 majora
2767 5181 2964 5236 horum
2991 5179 3150 5236 ocqu
3189 5176 3583 5252 perspicaciore
3604 5180 3701 5222 con-

2160 5269 2332 5340 jiciat.

2759 5360 2985 5417 CAPUT
3025 5360 3130 5417 VII.

2518 5453 2594 5508 De
2614 5454 2878 5525 ejiciendo
2895 5451 3102 5525 leproso
3123 5469 3150 5506 e
3182 5456 3399 5508 castris.
3667 5523 3690 5533 Η

2235 5541 2387 5614 (CAP.
2435 5542 2514 5613 v.)
2558 5543 2889 5614 Locutusque
2915 5554 2991 5599 est
3019 5543 3286 5599 Dominus
3334 5541 3404 5595 ad
3429 5537 3628 5608 Moysen
3647 5525 3711 5579 δί’

2163 5649 2332 5691 cem:
2386 5634 2616 5704 Prii-cipe
2661 5634 2787 5703 filiis
2833 5634 3024 5700 Israel,
3077 5644 3131 5689 ut
3186 5631 3410 5703 ejiciant
3449 5630 3511 5683 de
3555 5616 3710 5680 uti!“
