3932 6188
280 319 386 378 Gl'l

998 310 1529 367 ENARRATIONES
1569 309 1635 363 ΙΝ
1675 306 1867 362 LiBRl.

1973 306 2432 364 NUMERORUM.
2470 338 2538 348 —-
2577 308 2701 363 LIB.
2742 310 2780 365 l.

3424 325 3523 381 6l3

281 452 490 493 omnem
522 432 804 502 leprosum,
847 435 894 480 et
920 427 1008 496 qui
1031 427 1224 479 semine
1248 427 1386 495 ﬂuit,
1415 425 1742 495 pollutusque
1777 434 1850 478 est
1881 429 1925 486 Α
1956 422 2207 488 voluisse,
2249 423 2342 477 sed
2382 423 2447 477 de
2483 423 2597 492 ipso
2627 424 2847 479 homine
2872 427 3002 480 nihil
3053 428 3190 484 dixit
3222 431 3521 504 Scriptura.

276 543 442 598 super
463 532 687 585 mortuo,
712 529 818 573 tam
841 514 1130 570 masculum
1151 532 1310 585 quam
1326 514 1571 580 feminam
1596 514 1767 583 ejicite
1792 514 1856 567 de

274 618 498 682 castris,
538 630 601 667 ne
628 610 983 666 contaminent
1028 623 1090 661 ea
1128 624 1245 661 cum
1301 606 1644 660 habitaverint
1688 605 1855 659 vobis-

272 726 423 764 cum.
456 705 814 773 Feceruntque
827 698 927 771 ﬁlii
944 698 1112 753 Israel
1137 700 1235 764 ita,
1258 707 1305 752 et
1326 699 1683 765 eieceruntcos
1710 708 1856 751 extra

273 811 480 861 castra,
520 797 655 849 sicut
692 792 897 845 locutus
934 784 1057 844 erat
1113 788 1369 842 Dominus
1401 787 1591 857 Moysi.
1636 787 1856 856 chrosi

272 891 375 961 qui
402 887 523 958 ejici
554 885 619 939 de
660 868 856 937 castri's
877 879 1160 949 jubentur,
1198 878 1438 933 haeretici
1468 886 1611 940 sunt,
1642 877 1733 946 qui
1763 894 1858 930 va-

272 980 383 1034 riis
412 990 595 1032 rerum
622 971 849 1026 maculis
877 969 1065 1040 polluti
1090 975 1235 1033 sunt,
1286 982 1385 1021 nec
1416 966 1739 1019 uniformem
1771 965 1859 1019 do—

273 1058 475 1125 ctrinm
514 1064 600 1120 vel
630 1063 753 1118 fidei
778 1061 964 1115 volunt
1012 1060 1212 1115 habere
1238 1058 1508 1123 colorem;
1547 1057 1638 1127 qui
1690 1056 1861 1111 scien-

276 1161 418 1215 tiam
449 1172 592 1213 verae
621 1154 746 1210 fidei
778 1169 883 1206 non
915 1153 1195 1215 habentes,
1224 1150 1404 1203 varias
1431 1148 1705 1203 doctrinas
1733 1161 1859 1218 pro-

277 1251 509 1307 fitentur
526 1245 751 1302 erroris.
780 1243 896 1297 Non
915 1245 1057 1297 enim
1078 1241 1161 1294 vel
1178 1240 1516 1294 abscondunt
1534 1237 1857 1308 imperiti-72m

274 1356 463 1406 suam,
486 1338 578 1393 sed
599 1351 696 1407 pro
721 1349 930 1389 summa
952 1332 1146 1402 peritia
1174 1329 1457 1401 proferunt
1487 1329 1539 1382 in
1572 1328 1773 1393 lucem,
1805 1335 1860 1380 et

266 1430 602 1503 jactantiam
662 1424 931 1481 sermonis
981 1422 1292 1477 ostendunt.
1334 1419 1488 1474 Nulla
1531 1433 1695 1489 porro
1723 1416 1858 1471 falsa

273 1519 530 1574 doctrina
578 1524 680 1578 est,
731 1528 850 1583 qua:
895 1526 1002 1566 non
1059 1510 1240 1579 aliqua
1285 1521 1413 1561 vera
1472 1505 1855 1560 intermisceat.

272 1609 427 1662 Vera
455 1621 583 1677 ergo
609 1603 758 1658 falsis
795 1600 1100 1656 inordinate
1132 1597 1410 1668 permista,
1452 1597 1507 1650 in
1535 1610 1641 1650 una
1673 1594 1857 1663 dispu-

272 1698 492 1753 tatione
520 1695 604 1749 vel
653 1692 963 1747 narratione
1012 1688 1268 1753 hominis,
1327 1695 1586 1757 tanquam
1619 1685 1675 1739 in
1704 1685 1862 1738 unius

1958 513 2340 570 Verumtamen
2389 529 2509 568 cum
2546 513 2699 580 dicit,
2749 516 2796 569 si
2826 533 2927 570 non
2953 518 3001 571 ei
3044 520 3197 588 fuerit
3234 527 3526 593 proximus,

1958 606 2058 662 sub
2108 605 2211 660 hac
2258 605 2527 661 brevitate
2560 606 2799 660 insinuat
2835 614 2961 663 tune
3007 611 3173 679 quaeri
3224 617 3527 683 proximum

1957 696 2092 765 ejus,
2121 697 2165 751 si
2193 697 2305 768 ipse
2335 712 2439 751 non
2463 696 2655 762 fuerit;
2686 698 2731 752 si
2758 706 2941 753 autem
2967 714 3065 753 nec
3095 704 3373 770 proximus
3399 709 3525 772 erit,

1958 789 2188 845 Domino
2242 790 2582 853 restituetur,
2631 806 2697 845 ne
2731 792 3052 860 impunitum
3085 806 3362 851 remaneat
3388 801 3530 868 quod

1958 882 2214 936 amissum
2241 891 2344 936 est.
2380 881 2533 948 Quod
2564 890 2743 936 tamen
2774 898 2877 936 non
2918 884 3077 937 cedat
3100 885 3151 937 in
3179 886 3531 956 sacrificium,

1956 971 2049 1023 sed
2077 970 2147 1024 sit
2191 971 2510 1035 sacerdotis,
2542 972 2618 1025 sic
2645 988 2776 1026 sane
2800 972 2963 1025 verba
2999 972 3295 1043 Scriptura:
3343 976 3529 1030 distin~

1956 1060 2165 1130 guenda
2214 1067 2358 1114 sunt.
2411 1059 2470 1113 Si
2498 1070 2671 1114 autem
2695 1078 2795 1115 non
2823 1061 2981 1131 fuerit
3008 1062 3210 1117 homini
3237 1067 3533 1135 proximus,

1955 1151 2106 1203 itaut
2143 1150 2325 1203 reddat
2369 1149 2448 1204 illi
2477 1150 2723 1204 delictum
2755 1151 2824 1204 ad
2873 1152 3065 1222 ipsum,
3108 1153 3397 1210 locutionis
3448 1166 3531 1211 est

1957 1238 2099 1291 enim
2147 1238 2289 1307 quod
2333 1238 2560 1304 addidit,
2606 1240 2676 1292 ad
2720 1240 2906 1309 ipsum.
2940 1240 3043 1294 Aut
3074 1244 3210 1297 forte
3258 1244 3328 1297 ad
3365 1244 3531 1311 ipsum

1957 1329 2115 1395 dixit,
2163 1331 2306 1399 quod
2333 1331 2401 1384 ad
2432 1331 2605 1400 ipsum
2642 1333 2932 1401 pertineat,
2970 1334 3022 1388 id
3044 1344 3149 1399 est,
3199 1340 3314 1407 ipse
3360 1340 3532 1407 possi-

1959 1419 2103 1472 deat.
2137 1420 2341 1474 Deinde
2390 1421 2636 1490 sequitur
2665 1439 2677 1474 :
2711 1421 2969 1476 Delicium
2992 1426 3129 1496 quod
3154 1426 3389 1481 redditur
3420 1429 3533 1483 Do-

1958 1510 2125 1574 mino,
2176 1510 2462 1563 sacerdotis
2511 1512 2628 1565 erit.
2689 1511 2951 1567 Delictum
3001 1524 3181 1569 autem
3230 1496 3364 1573 dicit
3411 1534 3534 1573 cum

1960 1599 2208 1653 redditur
2238 1615 2301 1654 ea
2324 1615 2432 1665 res,
2463 1615 2583 1668 quae
2613 1616 2709 1670 per
2732 1600 2989 1657 delictum
3010 1604 3188 1659 oblata
3219 1616 3320 1661 est.
3357 1605 3536 1673 Quaeri

1965 1697 2145 1743 autem
2184 1697 2364 1759 potest
2419 1693 2687 1761 quomodo
2739 1692 2794 1746 in
2841 1693 3026 1750 Exodo
3070 1695 3305 1751 dicitur:
3340 1698 3539 1771 Siquis

272 1787 532 1857 corporis
567 1784 749 1839 colore
784 1779 1118 1852 apparentia,
1147 1776 1701 1849 significantlepram,
1736 1782 1859 1829 tan-
1886 1778 1934 1838 B
1960 1777 2172 1835 furatus
2216 1779 2381 1836 fuerit
2426 1781 2653 1836 vitulum
2702 1790 2796 1837 aut
2829 1800 3008 1851 ovem,
3056 1787 3344 1843 restituere
3380 1791 3540 1848 debet

273 1895 449 1950 quam
479 1877 623 1933 veris
648 1874 907 1944 falsisque
936 1870 1176 1927 colorum
1201 1869 1335 1925 locis
1369 1867 1605 1923 humana
1630 1880 1858 1935 corpora

274 1972 587 2025 variantem
632 1975 796 2037 atque
829 1963 1207 2019 maculantem.
1259 1961 1395 2015 Eum
1433 1966 1613 2013 autem
1655 1958 1748 2027 qui
1773 1970 1860 2012 se-

278 2062 433 2118 mine
459 2059 592 2124 ﬂuit,
625 2056 846 2111 fetidum
866 2051 1170 2108 libidinosis
1190 2048 1626 2119 cogitationibus,
1658 2053 1712 2101 et
1732 2046 1861 2099 luxu

282 2151 590 2208 carnalium
614 2145 1002 2207 desideriorum
1024 2148 1360 2203 aestuantem,
1380 2139 1636 2194 debemus
1662 2134 1860 2190 intelli—

280 2259 434 2317 gere.
469 2239 846 2306 Pollutumque
889 2248 1052 2304 super
1078 2239 1311 2295 mortuo,
1342 2229 1490 2283 illum
1515 2228 1603 2298 qui
1628 2234 1865 2281 mortuo—

283 2349 413 2389 rum
458 2332 514 2386 in
563 2328 801 2401 peccatis
851 2333 907 2381 et
936 2325 1212 2394 impietate
1237 2319 1482 2391 exempla
1516 2318 1781 2388 sequitur,
1810 2324 1865 2371 et

279 2423 546 2477 vitiorum
589 2418 839 2475 sordibus
880 2414 1277 2484 eoinquinatur.
1303 2411 1395 2466 Isti
1422 2425 1611 2466 omnes
1634 2408 1866 2480 ergoin-

284 2511 553 2567 fruetuosi
592 2509 851 2580 cogitatu,
913 2498 1190 2560 immundi
1242 2516 1493 2557 sermone
1537 2507 1593 2554 et
1632 2499 1892 2589 morbidi‘

282 2612 567 2667 contactu,
615 2617 644 2655 a
691 2599 887 2656 castris
942 2597 1197 2653 Ecclesiae
1241 2593 1484 2666 separari
1529 2592 1746 2656 debent,
1800 2605 1867 2645 ne

282 2693 615 2764 contagione
652 2706 863 2746 morum
892 2703 1132 2751 suorum,
1160 2688 1328 2741 vitam
1345 2684 1587 2755 polluant
1610 2684 1868 2737 innocen-

286 2795 430 2850 tum,
475 2781 823 2852 quoadusque
862 2779 961 2850 ipsi
1001 2793 1030 2831 a
1059 2776 1375 2832 criminibus
1401 2775 1514 2829 suis
1538 2788 1596 2827 se
1626 2772 1863 2826 abluunt.

874 2889 1101 2948 CAPUT
1152 2890 1282 2946 VIII.

402 2967 480 3021 De
506 2965 730 3037 peccatis
764 2963 1084 3034 negligentiae
1111 2960 1439 3015 sacerdotum
1471 2958 1760 3029 expiandis.

369 3057 548 3133 (lum)
575 3057 904 3123 Locutusque
925 3062 998 3108 est
1026 3052 1279 3107 Dominus
1304 3051 1373 3105 ad
1395 3050 1613 3120 Moysen
1642 3049 1820 3103 dicens
1851 3064 1867 3100 :

1963 1871 2201 1942 quinque
2252 1871 2447 1927 vitulos
2477 1873 2559 1928 vel
2606 1883 2843 1943 quatuor
2875 1892 3005 1932 oves
3047 1878 3092 1933 si
3147 1881 3407 1937 occiderit
3446 1892 3541 1938 aut

1966 1963 2303 2029 vendiderit;
2354 1964 2402 2019 si
2440 1973 2624 2020 autem
2675 1967 2818 2036 quod
2846 1968 3131 2024 abstulerit
3168 1971 3374 2027 salvum
3401 1976 3541 2043 apud

1965 2071 2088 2110 eum
2135 2056 2423 2125 reperitur,
2481 2055 2702 2126 duplum
2758 2073 2879 2113 esse
2930 2060 3353 2130 restituendum,
3414 2079 3540 2118 cum

1965 2146 2054 2202 hic
2092 2136 2325 2201 restitui
2356 2147 2539 2217 iubeat
2586 2156 2750 2218 caput
2794 2158 2849 2204 et
2884 2151 3169 2220 quintam:
3203 2158 3345 2222 quod
3382 2153 3540 2225 longe

1966 2244 2052 2291 est
2102 2237 2268 2291 etiam
2306 2252 2337 2291 a
2375 2236 2558 2306 duplo,
2613 2246 2816 2307 quanto
2860 2240 3033 2309 magis
3072 2255 3103 2294 a
3133 2242 3433 2311 quadruplo
3456 2243 3543 2296 vel

1967 2325 2253 2394 quinquies
2295 2334 2464 2390 tanto,
2524 2327 2627 2381 nisi
2685 2328 2826 2383 forte
2881 2329 3005 2397 quia
3033 2329 3121 2384 hic
3165 2330 3285 2386 ait:
3329 2330 3424 2385 Vir
3449 2342 3543 2385 aut

1968 2416 2180 2483 mulier,
2198 2419 2490 2489 quicunque
2514 2418 2689 2487 fecerit
2705 2419 2768 2473 ab
2783 2420 3018 2475 omnibus
3039 2424 3265 2492 peccatis
3278 2424 3542 2487 humanis,

1967 2514 2193 2575 peccata
2218 2506 2534 2577 ignorantia:
2569 2506 2741 2561 voluit
2778 2507 3003 2579 intelligi
3034 2510 3267 2564 humana
3296 2520 3538 2582 peccata.

1967 2595 2108 2652 Fieri
2158 2597 2300 2652 enim
2331 2605 2529 2667 potest,
2556 2605 2613 2649 ut
2639 2612 2829 2666 parum
2861 2597 3211 2665 attendendo,
3242 2616 3340 2671 per
3364 2602 3541 2673 negli-

1969 2687 2207 2757 gentiam
2258 2686 2491 2755 trajiciat
2538 2687 2700 2743 homo
2732 2703 2843 2742 rem
2879 2689 3107 2744 alienam
3140 2691 3192 2744 in
3225 2705 3338 2745 rem
3366 2708 3540 2746 suam.

1970 2777 2120 2843 Quod
2150 2778 2270 2833 ideo
2293 2786 2576 2848 peceatum
2612 2788 2717 2845 est,
2752 2780 2878 2849 quia
2902 2781 2947 2834 si
2992 2781 3279 2852 diligenter
3301 2782 3542 2836 attende-

1972 2875 2141 2931 retur,
2176 2883 2282 2922 non
2331 2868 2728 2923 admitteretur.
2791 2869 2858 2922 Et
2913 2870 3028 2925 haec
3077 2870 3247 2924 voluit
3289 2872 3466 2947 capite
3492 2882 3547 2927 et

1950 2956 2159 3037 [quinta
2194 2957 2424 3020 restitui,
2450 2974 2555 3013 non
2584 2959 2724 3013 sicut
2746 2959 2886 3013 furta
2919 2960 3135 3015 mutari.
3164 2961 3298 3016 Nam
3329 2963 3376 3017 si
3401 2962 3544 3018 furta

1971 3061 2025 3107 et
2049 3051 2267 3108 fraudes
2298 3054 2386 3109 hic
2422 3053 2867 3120 intellexerimus,
2894 3070 3013 3124 qum
3038 3072 3142 3110 non
3164 3072 3261 3125 per
3290 3056 3545 3127 ignoran-

286 3153 532 3222 Loquere
558 3148 626 3203 ad
667 3147 806 3218 ﬁlios
834 3144 1004 3199 Israel
1031 3159 1049 3196 :
1101 3143 1195 3198 Vir
1215 3145 1319 3198 sive
1348 3141 1558 3209 mulier,
1588 3157 1708 3197 cum
1738 3140 1872 3211 fece-
1900 3159 1943 3219 ρ
1977 3144 2104 3199 tiam
2150 3143 2513 3215 negligentim,
2558 3144 2652 3198 sed
2707 3142 2919 3199 furandi
2957 3153 3009 3199 et
3034 3144 3314 3201 fraudandi
3364 3147 3547 3202 animo

287 3244 399 3296 rint
444 3257 510 3294 ea:
550 3237 786 3293 omnibus
830 3236 1052 3308 peccatis
1073 3250 1189 3307 qua:
1226 3234 1392 3288 solent
1409 3232 1705 3288 hominibus
1733 3232 1871 3286 acci—

286 3334 440 3397 dere,
469 3339 516 3385 et
537 3348 628 3401 per
649 3327 1011 3400 negligentiam
1033 3325 1318 3396 trangressi
1342 3324 1539 3393 fuerint
1559 3323 1867 3378 mandatum

291 3424 512 3480 Domini
563 3432 715 3493 atque
765 3418 1099 3489 deliquerint,
1159 3415 1543 3485 confitebuntur
1597 3423 1868 3493 peccatum

284 3532 477 3582 suum,
503 3525 549 3569 et
575 3491 785 3570 reddent
806 3514 975 3585 ipsum
1000 3520 1176 3580 caput,
1199 3510 1536 3580 quintamque
1557 3518 1759 3578 partem
1782 3491 1872 3560 de;

281 3626 455 3679 super
488 3610 531 3660 ci
560 3607 612 3660 in
639 3622 787 3677 quem
839 3601 1181 3675 peccaverint.
1217 3598 1311 3654 Sin
1348 3607 1521 3652 autem
1559 3615 1661 3652 non
1713 3597 1869 3665 fuerit

285 3698 386 3770 qui
441 3696 677 3765 recipiat,
737 3694 935 3748 dabunt
986 3692 1209 3745 Domino
1259 3700 1305 3745 et
1363 3701 1511 3744 erunt
1560 3686 1867 3749 sacerdotis,

283 3796 509 3856 excepto
553 3787 712 3839 ariete
750 3784 838 3854 qui
868 3783 1088 3852 offertur
1110 3798 1204 3851 pro
1229 3780 1545 3850 expiatione,
1578 3789 1634 3831 ut
1666 3778 1730 3831 sit
1758 3775 1874 3847 pla-

285 3875 482 3930 cabilis
509 3874 697 3927 hostia.
733 3871 875 3927 LXX
903 3891 915 3926 :
960 3871 1053 3924 Vir
1077 3879 1167 3924 aut
1191 3868 1711 3937 mulier,quicunqne
1739 3866 1874 3934 fece—

286 3967 366 4019 rit
394 3966 461 4018 ab
496 3964 733 4018 omnibus
762 3963 985 4032 peccatis
1028 3961 1297 4024 humanis,
1346 3969 1393 4013 et
1448 3958 1736 4027 despiciens
1784 3956 1873 4009 de-

284 4056 522 4124 spexerit
541 4063 590 4107 et
608 4053 904 4123 deliquerit,
927 4053 1105 4104 anima
1127 4049 1221 4103 illa
1246 4049 1581 4103 annunttabit
1604 4056 1871 4117 peccatum

286 4145 435 4217 quod
463 4144 712 4214 peccavit,
741 4152 788 4196 et
832 4142 1066 4195 restituet
1088 4140 1357 4206 delictum,
1393 4150 1441 4194 et
1481 4140 1722 4211 quintam
1758 4138 1873 4208 ejus
1912 4155 1920 4161 '

287 4233 512 4302 adiiciet
530 4247 687 4298 super
716 4230 870 4295 illud,
893 4240 937 4283 et
964 4229 1142 4282 reddet
1165 4230 1210 4282 ei
1232 4229 1316 4281 cui
1337 4228 1575 4298 deliquit.
1609 4227 1669 4283 Si
1698 4237 1873 4281 autem

290 4340 402 4377 non
434 4321 589 4391 fuerit
617 4321 816 4375 homini
840 4321 1133 4391 proximus,
1156 4320 1232 4371 ita
1262 4328 1318 4371 ut
1341 4319 1526 4372 reddat
1557 4319 1605 4372 ei
1625 4318 1873 4372 delictum

289 4414 368 4468 ad
404 4413 576 4482 ipsum
629 4410 875 4465 delictum
920 4410 1061 4479 quod
1098 4409 1264 4463 reddit
1315 4408 1540 4462 Domino
1587 4407 1874 4462 sacerdotis

1975 3235 2410 3297 committuntur,
2466 3243 2520 3290 et
2554 3235 2673 3291 ideo
2707 3236 2849 3290 dicta
2900 3236 3135 3292 humana
3170 3240 3296 3308 quia
3351 3240 3405 3294 in
3445 3241 3547 3295 bo-

1975 3327 2147 3381 mines
2174 3325 2331 3392 fiunt,
2360 3326 2467 3383 ille.
2501 3328 2555 3381 ni
2578 3325 2751 3392 fallor,
2780 3329 2884 3382 erit
2908 3328 3084 3385 exitus
3109 3332 3422 3399 qumstionis
3449 3333 3550 3387 hu-

1968 3418 2075 3488 jus,
2109 3425 2167 3470 ut
2208 3416 2327 3472 ideo
2370 3418 2462 3488 qui
2492 3416 2621 3472 fecit
2672 3433 2779 3473 non
2808 3418 2997 3474 reddat
3024 3422 3128 3476 nisi
3151 3422 3393 3491 duplum,
3421 3425 3547 3493 quia

1974 3522 2079 3560 non
2109 3507 2588 3577 comprehenditur
2616 3507 2699 3562 vel
2746 3509 3101 3572 convincitur,
3159 3512 3255 3565 sed
3303 3512 3551 3583 ignorau-

1973 3595 2117 3650 tibus
2151 3611 2183 3649 a
2224 3611 2332 3665 quo
2378 3594 2581 3649 factum
2628 3596 2698 3649 sit
2727 3595 2811 3650 vel
2854 3605 3034 3651 utrum
3064 3597 3267 3653 factum
3298 3601 3400 3665 sit,
3437 3603 3550 3673 ipse

1975 3684 2261 3739 annuntiat
2286 3683 2540 3739 delictum
2571 3698 2745 3737 suum.
2782 3683 2915 3737 Cum
2949 3686 3091 3739 enim
3123 3687 3348 3743 dixisset
3374 3688 3552 3761 Serip-

1976 3785 2094 3830 tura
2125 3791 2136 3827 :
2181 3771 2274 3827 Vir
2300 3782 2390 3827 aut
2418 3772 2625 3838 mulier,
2666 3775 2959 3844 quicunque
2984 3774 3161 3844 fecerit
3208 3776 3271 3830 ab
3312 3778 3549 3832 omnibus

1974 3865 2197 3935 peccatis
2222 3864 2489 3929 humanis,
2516 3873 2565 3917 et
2609 3862 2894 3934 despiciens
2923 3864 3213 3936 despexerit
3238 3876 3286 3921 et
3316 3864 3549 3940 delique-

1977 3958 2066 4023 rit,
2108 3956 2160 4011 id
2205 3964 2309 4022 est,
2341 3956 2737 4010 contemnendo
2764 3955 2867 4010 ista
2917 3957 3271 4023 commiserit,
3307 3959 3553 4030 adjunxit

1975 4059 2029 4104 et
2057 4050 2134 4104 ait
2177 4069 2187 4103 :
2221 4050 2413 4104 Anima
2454 4048 2548 4103 illa
2572 4050 2905 4104 annuntiabit
2953 4061 3222 4121 peccatum
3269 4054 3408 4124 quod
3434 4071 3554 4124 pec-

1975 4143 2130 4205 cavit,
2163 4150 2212 4195 et
2252 4142 2482 4195 restituet
2545 4139 2814 4205 delictum,
2867 4151 3022 4207 caput
3057 4152 3104 4194 et
3148 4142 3382 4210 quintam
3417 4143 3548 4210 eius.

1978 4231 2139 4286 Forte
2162 4246 2291 4302 ergo
2312 4240 2599 4300 propterea
2625 4237 2858 4294 tantum,
2887 4231 3011 4299 quia
3042 4232 3153 4299 ipse
3173 4231 3509 4286 annuntiavit
3536 4249 3549 4286 :

1977 4330 2031 4375 et
2087 4321 2207 4375 ideo
2260 4336 2365 4374 non
2406 4335 2471 4374 eo
2519 4318 2715 4373 damno
2740 4318 3055 4386 plcclendus
3093 4319 3193 4372 fuit
3225 4336 3331 4389 quo
3379 4319 3553 4376 furem

1979 4413 2425 4481 comprehensum
2487 4410 2570 4464 vel
2651 4409 2953 4463 convictum
3035 4409 3193 4480 plecti
3257 4420 3550 4480 Oportcret.

289 4505 418 4568 erit,
440 4511 649 4572 excepto
687 4502 851 4556 ariete
890 4501 1203 4570 expiationis
1246 4517 1339 4570 per
1380 4516 1531 4569 quem
1557 4501 1791 4553 exoravit
1819 4500 1871 4553 in
1900 4515 1952 4572 υ
1979 4501 2200 4572 Mystice
2248 4508 2428 4554 autem
2464 4501 2565 4554 hoc
2616 4499 2909 4569 capitulum
2956 4515 3055 4554 nos
3106 4500 3380 4567 admonet,
3413 4512 3474 4558 ut
3508 4506 3554 4559 si

290 4596 390 4651 illo
414 4612 510 4666 pro
525 4611 605 4649 eo.
635 4594 735 4650 Hie
753 4609 817 4648 ea
838 4604 1062 4663 peccata
1092 4592 1442 4663 intelligenda
1471 4599 1618 4657 sunt,
1641 4607 1871 4661 quorum

294 4690 356 4744 in
393 4690 482 4744 bis
518 4689 680 4744 rebus
724 4688 1060 4759 perpetratio
1110 4695 1215 4752 est,
1244 4702 1363 4756 quae
1390 4687 1619 4757 pecunia
1662 4687 1873 4741 restitui

290 4782 489 4851 possit.
517 4779 636 4835 Non
665 4781 809 4834 enim
836 4778 992 4833 aliter
1020 4779 1224 4836 diceret
1249 4780 1516 4846 quomodo
1539 4778 1873 4832 restituenda

293 4881 451 4937 sunt,
480 4872 583 4926 nisi
612 4872 792 4927 damni
819 4871 1121 4941 peeuniarii
1154 4870 1397 4926 fuissent.
1438 4869 1703 4924 Jubentur
1730 4869 1875 4923 enim

293 4963 514 5018 restitui
543 4970 705 5032 caput
722 4971 779 5017 et
807 4961 1018 5032 quinta,
1042 4961 1094 5015 id
1124 4971 1224 5026 est,
1257 4970 1427 5016 totum
1456 4960 1584 5015 illud
1613 4960 1877 5029 quidquid

293 5060 405 5115 est,
446 5059 503 5103 et
537 5051 725 5121 quinta
758 5051 875 5121 ejus
923 5065 1071 5120 pars,
1101 5059 1329 5120 excepto
1359 5050 1528 5105 ariete
1573 5050 1665 5119 qui
1700 5048 1878 5104 fuerat

295 5141 610 5197 ofl‘erendus
654 5143 705 5196 in
739 5143 1067 5197 sacrificium
1117 5144 1182 5195 al
1219 5141 1546 5212 expiandum
1593 5140 1872 5197 delictum.

296 5231 467 5286 lubet
489 5242 667 5288 autem
705 5234 834 5288 illud
874 5234 1017 5304 quod
1056 5232 1365 5287 restituitur
1395 5231 1695 5286 sacerdotis
1730 5246 1873 5294 esse,

299 5324 362 5377 id
391 5332 493 5387 est,
526 5323 701 5393 ipsum
724 5333 886 5395 caput
911 5332 966 5378 et
992 5324 1258 5394 quintam,
1289 5323 1334 5376 si
1361 5339 1467 5376 non
1497 5332 1581 5377 est
1600 5323 1878 5392 proximus

296 5412 355 5468 ci
387 5413 441 5465 in
485 5428 646 5481 quem
683 5414 1032 5468 commissum
1079 5422 1181 5468 est.
1220 5404 1428 5482 Ubique
1460 5412 1643 5480 utique
1691 5411 1881 5465 intelli-

298 5512 465 5573 getur
500 5511 627 5557 tunc
660 5504 885 5558 Domino
929 5504 1263 5558 reddendum
1300 5504 1442 5573 quod
1466 5503 1536 5557 sit
1557 5502 1879 5565 sacerdotis,

297 5594 353 5648 si
409 5594 573 5647 homo
602 5594 714 5663 ipse
741 5610 847 5648 non
872 5594 1110 5662 supersit
1129 5596 1219 5663 qui
1251 5594 1507 5649 damnum
1557 5608 1751 5662 passus
1777 5600 1879 5655 est,

300 5701 408 5741 nec
455 5686 736 5753 proximus
783 5684 898 5751 ejus
935 5702 1095 5755 quem
1134 5694 1263 5754 puto
1325 5684 1594 5740 lueredem
1657 5683 1881 5751 intelligi

711 5778 983 5837 l’sruou.
1041 5776 1257 5838 CVlll.

1980 4591 2182 4661 aliquid
2238 4604 2337 4660 per
2382 4590 2761 4661 negligentiam
2824 4592 3038 4647 incaute
3098 4593 3554 4662 commiserimus,

1979 4697 2076 4751 per
2114 4680 2504 4735 confessionem
2546 4690 2602 4735 et
2647 4680 3017 4750 ptenitentiam
3068 4683 3379 4738 studeamus
3428 4686 3556 4742 illud

1981 4771 2289 4827 emendare.
2324 4770 2392 4824 Et
2416 4769 2553 4825 forte
2597 4771 2641 4825 si
2667 4779 2753 4825 est
2794 4772 3073 4841 proximus
3107 4774 3365 4829 adversus
3394 4792 3555 4845 quem

1981 4859 2302 4929 deliquimus
2323 4860 2375 4913 in
2414 4858 2694 4914 inferendo
2717 4859 2794 4913 illi
2831 4858 3049 4931 aliquod
3078 4861 3354 4925 damnum,
3376 4868 3552 4935 poeni-

1983 4954 2205 5008 tentiam
2230 4969 2412 5009 coram
2438 4953 2529 5009 illo
2552 4969 2795 5026 agamus,
2824 4963 2878 5011 et
2903 4956 3158 5012 damnum
3181 4959 3554 5014 restituamus.

1984 5047 2041 5102 Si
2068 5058 2245 5102 autem
2293 5063 2400 5103 non
2450 5057 2696 5119 superest
2721 5048 2812 5104 ille
2851 5065 3011 5120 quem
3037 5050 3292 5113 lmsimus,
3331 5052 3557 5106 Domino

1982 5156 2080 5209 pro
2112 5140 2213 5195 hoc
2237 5155 2335 5210 per
2381 5140 2780 5196 confessionem
2814 5154 2871 5196 et
2914 5142 3196 5212 condignae
3224 5142 3559 5212 poenitentiae

1983 5228 2209 5293 fructus,
2249 5239 2304 5283 et
2344 5229 2810 5300 eleemosynarum
2836 5245 3001 5300 opera
3049 5232 3183 5287 satis
3221 5247 3380 5302 agere
3404 5243 3558 5285 cure-

1986 5333 2122 5371 mus.
2154 5317 2259 5372 Per
2287 5319 2530 5388 quintam
2557 5330 2736 5374 autem
2770 5329 2980 5389 partem
3008 5337 3169 5390 quam
3200 5317 3559 5388 superaddere

1964 5410 2055 5505 wad
2084 5425 2349 5465 summam
2392 5410 2577 5479 jussit,
2606 5413 2764 5466 docet
2791 5429 2888 5466 nos
2915 5421 2970 5466 ut
3005 5428 3102 5480 per
3126 5426 3337 5466 sensum
3366 5421 3560 5476 corpe-

1991 5502 2065 5555 ris
2090 5516 2184 5571 per
2228 5519 2388 5572 quem
2413 5506 2758 5575 peccavimus
2796 5505 2995 5559 malum
3026 5501 3240 5571 aliquod
3266 5497 3561 5569 ingerendo

1988 5608 2085 5662 per
2106 5592 2253 5646 illum
2286 5594 2415 5648 item
2439 5596 2578 5649 bona
2608 5610 2769 5665 agere
2792 5604 3122 5664 satagamus.
3150 5589 3352 5643 Arietis
3378 5597 3559 5643 autem

1988 5682 2191 5737 oblatio
2218 5684 2487 5753 signiﬁcat
2521 5684 2725 5738 Christi
2755 5683 3084 5751 passionem,
3115 5680 3167 5732 in
3194 5696 3300 5749 qua
3324 5680 3562 5733 maxime

3091 5768 3167 5828 Ξί)
