3932 6188
410 297 510 354 619

1055 285 1112 338 Β.
1157 280 1404 336 MBAN!
1448 275 1662 331 MALRI
1707 272 2025 345 ABCHIEI‘.
2069 269 2374 325 MCCl'NT.
2414 267 2696 324 OPERUM
2739 265 2921 322 PARS
2953 267 2992 321 Ι.

3544 262 3653 318 6%

406 409 681 468 conﬁdere
725 404 1001 464 debemus,
1050 398 1172 468 quia
1211 392 1342 448 nihil
1370 389 1585 461 proﬁcit
1610 393 1840 441 conatus
1886 401 1979 437 no-
2008 390 2053 446 Α
2083 383 2268 449 altare,
2310 394 2357 437 et
2400 383 2472 436 sic
2510 392 2687 452 potant
2718 381 2803 434 det
2840 378 3046 433 mulieri
3078 394 3241 448 aqua;
3274 378 3654 432 αηιω-ξεείηιω,

408 512 542 567 ster,
573 498 680 554 nisi
734 493 851 563 ejus
880 489 1050 563 gratia
1079 500 1175 542 nos
1221 480 1507 552 adjuverit.
1538 479 1653 549 Ipse
1695 486 1777 531 est
1806 482 1860 529 et
1896 489 1983 528 sa-

407 591 599 647 cerdos
629 586 718 656 qui
749 598 849 639 nos
878 580 1028 636 Patri
1059 593 1157 649 per
1203 574 1530 630 oblationem
1561 568 1743 624 carnis
1768 582 1878 622 sua:
1900 580 1984 619 re-

410 654 683 736 conciliat.
714 674 782 728 Et
806 672 926 727 ideo
954 684 1115 723 omne
1137 674 1335 721 nostra:
1356 658 1660 717 devotionis
1686 671 1881 712 munus
1907 654 1983 709 illi

410 780 492 826 est
519 765 874 828 offerendum,
921 770 1205 833 quatenus,
1234 772 1333 828 per
1361 755 1477 825 ejus
1515 752 1794 824 pietatem,
1847 748 1982 802 inte-

412 877 563 935 gram
591 859 804 914 veniam
833 852 1090 923 consequi
1122 863 1449 905 mereamur.

486 950 676 1005 Omnes
707 962 908 1019 quoque
934 940 1178 1013 primitia:
1206 954 1339 1009 quas
1382 936 1606 1005 o/Terunt
1649 930 1747 1001 ﬁlii
1793 927 1982 991 Israel,

411 1043 481 1096 ad
500 1038 820 1094 sacerdotem
846 1035 1124 1105 pertinent,
1156 1038 1200 1083 et
1223 1026 1476 1098 quidquid
1499 1024 1719 1091 offertur
1745 1038 1776 1073 a
1800 1020 1980 1087 singu-

411 1134 475 1187 lis
497 1142 543 1185 et
582 1129 811 1184 traditur
836 1123 1072 1179 manibus
1097 1117 1402 1180 sacerdotis,
1427 1112 1590 1184 ipsius
1613 1111 1732 1165 erit.
1761 1109 1982 1171 Omnes,

416 1223 609 1293 inquit,
642 1217 893 1290 primitia:
948 1228 1084 1283 quas
1119 1209 1352 1264 oﬁ‘crunt
1398 1204 1490 1258 ﬁlii
1534 1201 1721 1267 Israel,
1760 1200 1863 1255 hoc
1905 1206 1989 1253 est

414 1312 682 1384 primitias
726 1309 882 1362 bonae
906 1302 1198 1359 voluntatis
1240 1299 1526 1353 verborum
1550 1302 1712 1362 atque
1736 1305 1984 1361 operum,

416 1376 550 1475 quas
579 1401 831 1457 delerunt
861 1396 952 1449 ﬁlii
984 1392 1255 1454 Ecclesiae,
1286 1388 1375 1458 qui
1400 1392 1529 1441 sunt
1567 1383 1680 1439 veri
1706 1376 1984 1445 Israelitae,

416 1471 542 1564 quia
586 1490 781 1546 mentis
820 1486 1012 1542 intuitu
1058 1484 1124 1538 ad
1160 1484 1326 1536 Deum
1377 1477 1563 1533 sedulo
1608 1474 1899 1543 aspiciunt,
1921 1471 1989 1525 ad

416 1581 757 1637 sacerdotem
809 1576 1098 1648 pertinent,
1143 1573 1316 1641 ipsum
1348 1567 1597 1622 videlicet
1626 1564 1986 1623 sacerdotem,

417 1673 507 1741 qui
534 1668 883 1739 semetipsum
911 1662 1105 1720 obtulit
1130 1661 1275 1715 Patri
1306 1674 1405 1731 pro
1434 1656 1612 1711 nobis.
1642 1654 1709 1707 Et
1729 1651 1989 1722 quidquid

2083 474 2227 540 Quas
2262 490 2379 527 cum
2422 472 2641 536 biberit,
2687 472 2732 525 si
2775 469 2976 539 polluta
3017 478 3093 523 est
3133 478 3179 522 et
3224 478 3509 538 contempto
3546 469 3661 523 viro

2081 563 2327 618 adulterii
2366 579 2474 628 rea,
2511 560 2902 632 pertransibunt
2937 576 3055 613 eam
3084 575 3237 630 aqua'
3259 557 3664 623 maledictlonis,

2082 668 2128 712 et
2155 657 2343 726 inﬂato
2385 663 2557 708 ventre
2589 660 2959 722 computrescet
2999 650 3202 720 femur;
3238 651 3434 720 eritque
3470 649 3671 704 mulier

2081 750 2137 802 in
2164 746 2581 802 maledictionem
2619 756 2664 799 et
2690 746 2744 798 in
2780 743 3072 813 exemplum
3105 743 3247 795 omni
3265 741 3476 811 populo.
3506 739 3667 806 Quod

2087 841 2127 893 si
2170 838 2371 909 polluta
2435 853 2537 891 non
2573 835 2761 905 fuerit,
2801 835 2896 887 erit
2940 831 3155 885 innoxia
3185 841 3232 884 et
3257 830 3411 900 faciet
3450 829 3669 885 liberos.

2087 930 2195 984 Ista
2227 940 2299 984 est
2339 929 2424 981 lea:
2455 926 2743 996 zelotypae.
2784 923 2845 979 Si
2877 921 3210 977 declinaverit
3251 919 3441 975 mulier
3478 939 3511 975 a
3551 922 3674 976 viro

2085 1040 2204 1087 suo,
2238 1033 2283 1075 et
2316 1022 2361 1075 si
2387 1019 2587 1091 polluta
2624 1017 2807 1086 fuerit,
2829 1017 3152 1085 meritusque
3181 1012 3448 1084 zelotypae
3474 1012 3678 1081 spiritu

2085 1113 2396 1176 concitatus,
2432 1107 2711 1163 adduxerit
2736 1122 2851 1160 eam
2874 1105 2930 1158 in
2956 1112 3233 1174 conspectu
3254 1102 3488 1165 Domini,
3512 1110 3560 1154 et
3593 1099 3684 1169 fe-

2086 1206 2211 1260 cerit
2238 1205 2283 1257 ei
2309 1201 2553 1257 sacerdos
2567 1200 2728 1270 juxta
2754 1197 2929 1250 omnia
2951 1210 3067 1266 qua:
3089 1195 3283 1263 scripta
3311 1202 3455 1257 sunt,
3500 1192 3681 1244 utari-

2087 1305 2169 1348 tus
2194 1293 2383 1363 absque
2410 1289 2564 1360 culpa
2586 1288 2706 1353 erit,
2729 1297 2776 1341 et
2800 1285 2896 1340 illa
2919 1286 3123 1354 recipiet
3146 1284 3471 1354 iniquitatem
3493 1298 3683 1335 suam.

2088 1387 2263 1441 Verba
2305 1397 2424 1452 qua:
2473 1381 2676 1449 scripta
2720 1387 2847 1434 sunt
2885 1377 3016 1431 dicit
3052 1376 3265 1430 mulieri
3307 1390 3337 1429 a
3379 1373 3684 1428 sacerdote

2089 1475 2334 1538 dicenda,
2370 1471 2589 1542 quando
2615 1469 2684 1524 ad
2713 1468 3076 1538 suspicionem
3122 1464 3372 1520 adulterii
3401 1479 3521 1519 eam
3554 1479 3690 1517 ma-

2090 1566 2226 1620 ritus
2254 1561 2488 1617 adducit.
2509 1559 2611 1613 Det
2638 1573 2755 1614 eam
2781 1557 3040 1611 Dominus
3067 1556 3120 1611 in
3148 1555 3511 1618 maledictum,
3533 1563 3591 1607 et
3629 1554 3692 1607 in

2090 1658 2578 1708 exsecramentum.
2615 1647 2836 1702 Graecus
2874 1647 3037 1701 habet
3080 1647 3322 1720 ὶνὸρκιον,
3367 1658 3474 1713 quo
3509 1644 3697 1696 verbo

418 1766 471 1817 in
503 1758 812 1816 sanctuario
859 1755 1083 1810 ollertur
1127 1769 1155 1806 a
1187 1749 1430 1821 singulis,
1466 1754 1522 1801 et
1551 1744 1782 1799 traditur
1811 1739 1985 1794 mani-
2019 1729 2062 1786 Β
2092 1745 2301 1800 videtur
2343 1739 2639 1812 signiﬁcari
2682 1736 3050 1806 iuramentum
3082 1751 3177 1806 per
3222 1722 3695 1796 exsecrationem,

412 1855 518 1908 bus
567 1850 882 1914 sacerdotis,
926 1847 1095 1916 ipsius
1117 1844 1221 1899 erit
1249 1839 1568 1903 sacerdotis,
1597 1833 1847 1890 videlicet
1889 1831 1991 1884 Do-

408 1944 552 1997 .mini
604 1941 773 1996 nostri
819 1937 946 1994 Jesu
974 1936 1197 2000 Christi,
1226 1934 1351 2004 quia
1377 1931 1442 1984 ad
1468 1928 1585 1999 ejus
1614 1925 1844 1998 gratiam
1871 1937 1993 1992 per-

424 2032 615 2088 tinebit
645 2029 902 2101 quidquid
952 2027 1004 2081 in
1053 2022 1360 2080 sanctuario
1413 2017 1648 2082 Domini,
1682 2016 1785 2069 hoc
1825 2020 1908 2067 est
1939 2010 1993 2064 in

416 2122 659 2177 Ecclesia
682 2129 891 2182 sancta,
921 2116 1148 2171 Domino
1174 2112 1395 2168 olfertur
1415 2124 1444 2164 a
1466 2106 1713 2179 singulis,
1734 2104 1815 2158 vel
1843 2102 1997 2172 quid—

415 2215 546 2284 quid
569 2212 928 2269 communiter
951 2208 1187 2264 oblatmn
1212 2204 1375 2258 fuerit
1400 2201 1467 2256 ab
1489 2198 1759 2254 omnibus.

1011 2316 1237 2374 CAPUT
1302 2313 1391 2369 IX.

943 2390 1015 2443 De
1043 2388 1150 2458 lege
1190 2384 1478 2454 zelotypae.

496 2485 671 2557 Gate.)
705 2483 1030 2550 Locutusque
1050 2490 1122 2534 est
1155 2477 1406 2530 Dominus
1430 2474 1501 2527 ad
1538 2471 1753 2542 Moysen
1778 2469 1954 2522 dicens
1980 2482 1998 2520 :

432 2576 660 2645 Loquere
703 2571 829 2642 ﬁliis
864 2570 1034 2625 Israel
1081 2577 1125 2622 et
1151 2567 1290 2620 dices
1313 2564 1382 2618 ad
1407 2579 1493 2617 eos
1525 2576 1541 2612 :
1572 2559 1667 2613 Vir
1686 2558 1836 2627 cujus
1867 2572 2002 2610 uxor

426 2664 698 2727 erraverit,
733 2662 1086 2730 maritumque
1124 2664 1452 2711 contemnens
1480 2650 1751 2706 dormierit
1781 2662 1897 2702 cum
1923 2645 2002 2700 al-

418 2767 537 2809 tero
561 2753 688 2817 viro,
718 2761 766 2806 et
792 2752 887 2804 hoc
912 2749 1134 2802 maritus
1155 2741 1590 2814 comprehendere
1621 2756 1723 2795 non
1758 2737 2000 2808 quiverit,

429 2843 519 2898 sed
545 2841 668 2897 latet
695 2838 1034 2901 adulterium,
1064 2845 1109 2890 et
1130 2834 1342 2889 testibus
1364 2832 1514 2902 argui
1537 2847 1639 2884 non
1663 2836 1850 2900 potest,
1879 2826 2004 2898 quia

431 2949 532 2987 non
552 2940 627 2987 est
649 2931 859 2986 inventa
880 2929 935 2981 in
967 2935 1166 2995 stupro,
1204 2924 1251 2977 si
1279 2922 1492 2993 spiritus
1533 2918 1802 2989 zelotypae
1832 2916 2008 2971 conci-

394 3052 399 3057 λ
430 3025 615 3080 tanerit
660 3025 827 3079 virum
872 3030 1055 3074 contra
1100 3031 1314 3071 uxorem
1337 3030 1511 3078 suam,
1544 3027 1658 3083 qua:
1694 3007 1771 3063 vel
1805 3006 2005 3079 polluta

424 3130 507 3174 est
530 3116 608 3172 vel
632 3115 770 3186 falsa
793 3112 1088 3183 suspicione
1107 3107 1388 3180 appetitur,
1413 3104 1482 3158 ad
1501 3102 1822 3157 sacerdotem
1842 3099 2008 3153 addu-

433 3218 522 3263 cet
539 3224 677 3273 eam,
705 3215 753 3259 et
784 3204 965 3273 oﬂ'eret
990 3198 1305 3253 oblationem
1336 3211 1429 3266 pro
1452 3193 1570 3258 illa,
1601 3192 1857 3245 decimam
1884 3204 2012 3259 par-

418 3310 535 3354 .tem
567 3296 669 3351 sati
692 3293 897 3362 '{arintv
925 3288 1249 3342 hordeaceae.
1296 3283 1418 3340 Non
1449 3281 1691 3352 infundet
1717 3294 1874 3350 super
1895 3294 2010 3333 eam

435 3388 629 3452 oleum,
685 3398 777 3437 nec
804 3382 1029 3452 imponet
1060 3378 1198 3442 thus,
1224 3376 1349 3447 quia
1389 3373 1706 3443 sacriﬁcium
1743 3371 2013 3442 zelotypia:

435 3489 533 3545 est,
584 3487 632 3532 et
670 3474 865 3530 oblatio
909 3471 1222 3539 investigans
1276 3464 1615 3521 adulterium.
1673 3459 1867 3532 Oﬂ'eret
1897 3477 2014 3515 eam

432 3569 679 3626 sacerdos
708 3607 723 3633 ,
782 3574 829 3620 et
896 3570 1092 3617 statuet
1140 3574 1317 3614 coram
1369 3556 1630 3619 Domino;
1688 3562 2015 3621 assumetque

437 3676 629 3733 aquam
669 3664 908 3712 sanctam
946 3654 1005 3707 in
1052 3666 1169 3706 vase
1215 3647 1388 3718 ﬁctili,
1436 3656 1482 3700 et
1530 3643 1828 3717 pauxillum
1857 3651 2013 3696 terra:

437 3732 503 3807 de
528 3750 823 3822 pavimento
863 3739 1187 3798 tabernaculi
1220 3739 1386 3793 mittet
1409 3738 1463 3791 in
1486 3752 1620 3791 eam.
1651 3732 1881 3804 Cumque
1910 3744 2015 3787 δῖε-

440 3841 557 3896 terit
604 3837 793 3892 mulier
821 3834 877 3889 in
923 3839 1200 3901 conspectu
1225 3827 1458 3890 Domini,
1495 3823 1834 3893 discooperiet
1864 3830 2017 3891 caput

439 3933 648 4003 cjus,ct
689 3934 842 3997 ponet
885 3937 1042 3992 super
1075 3935 1263 3973 manus
1287 3917 1403 3987 ejus
1430 3914 1751 3983 sacriﬁcium
1778 3911 2021 3966 recorda-

444 4002 600 4079 tionis
642 4028 691 4074 et
742 4014 1056 4072 oblationem
1100 4008 1388 4079 zelotypae.
1459 4005 1580 4076 Ipse
1618 4012 1792 4057 autem
1833 4002 2022 4057 tenebit

442 4129 607 4186 aquas
620 4107 997 4169 amarissimas,
1014 4104 1212 4173 inquas
1235 4115 1352 4152 cum
1373 4098 1727 4151 exsecratione
1744 4091 2023 4147 maledicta

445 4181 725 4277 congessit,
771 4195 1040 4268 adjurabt't
1081 4206 1195 4246 eam
1239 4198 1287 4244 et
1328 4188 1501 4242 dicet:
1527 4186 1585 4242 Si
1622 4201 1724 4240 non
1756 4181 2023 4237 dormierit

442 4297 527 4352 vir
547 4271 766 4349 valienus
797 4299 986 4350 tecum,
1015 4292 1063 4338 et
1099 4282 1145 4336 si
1180 4296 1285 4335 non
1305 4276 1505 4350 polluta
1536 4293 1588 4332 es
1615 4276 1815 4330 deserto
1846 4271 2025 4326 mariti

444 4388 622 4449 thoro,
650 4400 753 4439 non
775 4391 823 4436 te
844 4378 1092 4434 nocebunt
1124 4390 1274 4446 aquae
1305 4372 1420 4427 ἰδίω
1447 4370 1790 4425 amarissima
1820 4366 1874 4421 in
1895 4382 2025 4438 quas

452 4478 727 4532 maledicta
769 4470 1021 4541 congessi.
1074 4465 1171 4522 Sin
1205 4472 1377 4519 autem
1412 4460 1684 4517 declinasti
1727 4478 1759 4515 a
1794 4460 1902 4514 viro
1934 4469 2023 4512 tuo

455 4578 607 4639 atque
634 4565 834 4637 polluta
869 4578 942 4625 es,
976 4570 1020 4614 et
1046 4556 1367 4612 concubuisti
1406 4571 1523 4608 cum
1546 4555 1731 4619 altera,
1758 4552 1833 4606 bis
1866 4551 2027 4605 male-

456 4636 768 4712 dictionibus
799 4650 1107 4723 subjacebis.
1136 4647 1234 4701 Det
1269 4656 1317 4701 te
1342 4645 1592 4699 Dominus
1623 4644 1675 4695 in
1708 4636 2025 4696 maledictio-

460 4764 574 4803 nem
610 4745 997 4815 cxcmﬂumque
1034 4748 1338 4794 cunctorum
1370 4738 1424 4789 in
1458 4733 1648 4805 populo
1682 4748 1797 4786 suo.
1849 4730 2032 4785 Putre-

461 4856 601 4896 scere
640 4838 802 4909 faciat
839 4835 1011 4905 femur
1041 4842 1207 4895 tuum,
1253 4838 1299 4884 et
1358 4837 1643 4880 tumescens
1689 4834 1865 4877 uterus
1908 4833 2029 4875 tuus

454 4935 837 5000 disrumpatur.
862 4924 1230 4994 lngredientur
1249 4934 1397 4992 aqua:
1419 4917 1706 4970 maledictte
1728 4916 1781 4969 in
1804 4925 2026 4969 ventrem

462 5033 633 5082 tuum,
671 5025 720 5072 et
772 5024 918 5069 utero
960 5018 1270 5065 tumescente
1312 5015 1571 5077 putrescat
1617 5004 1804 5073 femur.
1850 5003 1914 5057 Et
1951 5020 2029 5057 re-

462 5108 732 5178 spondebit
761 5103 978 5160 mulier:
1000 5101 1183 5165 Amen,
1201 5114 1371 5152 amen.
1396 5096 1695 5166 Scribetqne
1715 5095 1954 5151 sacerdos
1977 5097 2031 5150 in

466 5202 638 5260 libello
680 5200 782 5254 ista
818 5194 1116 5259 maledicta,
1141 5201 1188 5246 et
1217 5189 1403 5244 delebit
1424 5205 1483 5242 ea
1508 5190 1656 5259 aquis
1691 5188 2034 5242 amarissimis

466 5301 523 5353 in
548 5312 679 5369 quas
710 5289 987 5348 maledicta
1015 5285 1291 5357 congessit,
1323 5293 1370 5339 et
1401 5282 1544 5336 dabit
1584 5283 1629 5336 ei
1657 5280 1843 5335 bibere.
1890 5279 2036 5345 Quas

469 5405 587 5444 cum
612 5381 932 5445 exhauserit,
968 5377 1108 5432 tollet
1148 5375 1390 5432 sacerdos
1423 5374 1487 5427 de
1524 5389 1682 5426 manu
1724 5372 1841 5441 ejus~
1875 5370 2039 5424 sacri-

470 5478 647 5548 ﬁcium
676 5468 969 5541 zelotypus,
999 5477 1046 5521 et
1071 5464 1285 5520 elevabit
1314 5462 1447 5517 illud
1472 5469 1648 5531 corq‘m
1670 5459 1913 5525 Domino,
1944 5459 2042 5511 int-

473 5580 724 5640 nonetqae
758 5578 915 5635 super
941 5561 1130 5624 altare,
1167 5559 1241 5612 ita
1262 5558 1517 5611 duntaxat
1551 5564 1602 5608 ut
1627 5554 1770 5622 prius
1791 5550 2041 5623 pupillum

2095 1835 2240 1890 velut
2266 1833 2311 1888 si
2337 1832 2626 1903 quisquam
2656 1829 2799 1883 dicat
2827 1847 2839 1882 :
2869 1827 2960 1883 Sic
2987 1843 3095 1882 non
3128 1827 3263 1882 mihi
3298 1825 3426 1880 illud
3454 1833 3508 1879 et
3547 1824 3700 1878 illud

2096 1928 2408 1997 contingat;
2449 1924 2531 1978 vel
2576 1932 2723 1978 certe
2766 1921 2841 1975 ita
2876 1918 3026 1988 juret
3058 1938 3070 1972 :
3099 1919 3234 1973 lllud
3269 1927 3326 1973 ct
3370 1917 3498 1972 illud
3545 1915 3700 1969 mihi

2099 2019 2397 2089 contingat,
2441 2016 2487 2071 si
2516 2015 2696 2070 fecero
2728 2013 2812 2068 vel
2842 2028 2946 2066 non
2992 2009 3192 2065 fecero.
3231 2007 3309 2062 Ita
3351 2008 3434 2061 hic
3472 2006 3700 2060 dictum

2099 2120 2186 2165 est
2211 2129 2223 2163 :
2252 2110 2354 2163 Det
2385 2115 2436 2162 te
2461 2106 2724 2161 Dominus
2749 2105 2801 2158 in
2827 2100 3259 2156 maledictionem
3277 2098 3403 2152 etin
3426 2110 3704 2151 exsecra-

2097 2210 2368 2266 mentum;
2394 2207 2651 2269 tanquam
2681 2193 2975 2257 diceretur,
2998 2202 3057 2248 ut
3080 2193 3144 2247 de
3169 2201 3219 2247 te
3230 2190 3414 2260 jurent
3435 2206 3559 2260 qua:
3591 2205 3707 2259 per

2099 2295 2531 2370 exsecrationem
2562 2294 2929 2363 jurabuntur:
2974 2287 3065 2344 Sic
3112 2304 3219 2343 non
3259 2288 3338 2342 eis
3379 2287 3704 2357 contingat,

2099 2394 2193 2440 aut
2231 2387 2334 2440 hoc
2368 2385 2450 2439 eis
2487 2384 2791 2451 contingat,
2839 2379 2943 2434 nisi
2980 2379 3108 2433 illud
3152 2377 3397 2433 fecerint.
3445 2377 3549 2433 Vir
3586 2378 3709 2432 iste

2099 2476 2252 2546 cujus
2279 2490 2414 2528 uxor
2439 2484 2715 2527 erraverat
2734 2479 3084 2525 contenmens
3116 2468 3389 2532 maritum,
3411 2475 3708 2537 pastorem

2102 2576 2263 2636 atque
2307 2566 2586 2621 doctorem
2642 2562 2914 2632 signiﬁcat
2961 2559 3241 2615 Ecclesiae.
3299 2559 3442 2614 Uxor
3468 2572 3713 2628 quoque

2101 2658 2241 2730 ejus,
2283 2658 2530 2714 subditus
2569 2664 2653 2711 est
2693 2655 2953 2726 quisque,
2998 2653 3091 2723 qui
3139 2651 3384 2722 magistri
3422 2652 3606 2706 verbo
3656 2652 3712 2707 in

2104 2748 2355 2805 erunibus
2399 2747 2620 2803 obedire
2663 2746 2871 2810 debuit,
2920 2745 3064 2800 sicut
3105 2742 3245 2797 bona
3274 2757 3408 2796 uxor
3439 2740 3713 2811 legitimo

2105 2842 2448 2910 obtemperat
2475 2838 2614 2892 viro.
2663 2834 2773 2891 Sed
2799 2837 2841 2891 si
2874 2851 2973 2906 per
2999 2840 3367 2903 contemptum
3399 2832 3519 2886 haec
3559 2846 3717 2885 uxor

2107 2933 2177 2988 ab
2201 2927 2573 2999 hujuscemodi
2600 2934 2791 2981 errans
2815 2924 3126 2982 discesserit
3164 2939 3195 2978 a
3225 2924 3365 2987 viro,
3394 2933 3448 2976 et
3482 2920 3715 2975 adulte-

2110 3036 2229 3077 rum
2266 3019 2462 3091 quaerit
2503 3015 2838 3088 coniugium,
2879 3016 2933 3071 id
2961 3024 3064 3081 est,
3104 3014 3373 3070 haeretica:
3417 3027 3473 3067 se
3514 3011 3720 3065 immi«

2111 3112 2314 3169 scuerit
2342 3110 2620 3176 doctrinae,
2651 3117 2707 3163 et
2735 3110 2838 3164 hoc
2866 3108 3073 3162 crimen
3111 3107 3239 3162 licet
3267 3122 3373 3160 non
3402 3103 3722 3158 manifeste

2109 3211 2387 3276 appareat,
2416 3210 2596 3256 tamen
2631 3201 2684 3255 in
2714 3200 3076 3270 suspicionem
3106 3198 3254 3252 venit
3286 3196 3557 3267 magistro
3589 3195 3718 3249 zelo

2105 3296 2333 3368 iustitia:
2355 3308 2604 3359 accenso,
2632 3292 2861 3347 adducet
2886 3306 3005 3346 eam
3033 3290 3101 3344 ad
3128 3289 3483 3350 sacerdotem,
3519 3286 3720 3356 ipsum

2110 3386 2365 3444 videlicet
2408 3382 2745 3440 sacerdotem
2796 3381 2883 3435 cui
2936 3395 3032 3451 per
3078 3378 3405 3450 Prophetam
3454 3374 3718 3430 dicitur:

2116 3476 2194 3531 Tu
2227 3493 2282 3531 es
2313 3476 2558 3530 sacerdos
2586 3472 2639 3527 in
2672 3480 2948 3536 a'ternum,
2980 3469 3266 3524 secundum
3298 3466 3543 3523 ordinem
3574 3466 3725 3532 Hel:

2114 3566 2379 3621 chisedeclt
2411 3561 2584 3636 (Psal.
2613 3561 2754 3634 cn);
2790 3560 2906 3630 ejus
2925 3560 3130 3632 judicio
3159 3565 3355 3613 cuncta
3385 3571 3721 3619 reservans,

2114 3673 2184 3713 ne
2214 3656 2354 3711 forte
2385 3669 2498 3709 rem
2538 3653 2800 3707 incertam
2843 3660 2970 3705 ante
3000 3657 3215 3720 tempus
3244 3654 3429 3703 contra
3450 3645 3724 3717 Apostoli

2116 3759 2445 3822 praeceptum
2469 3746 2678 3816 judicet
2703 3743 2796 3815 qui
2823 3742 2961 3797 dixit
2987 3758 3001 3794 :
3033 3738 3212 3794 Nolite
3242 3747 3361 3793 ante
3387 3747 3612 3806 tempus
3632 3738 3726 3807 ju-

2117 3840 2311 3903 dicare,
2339 3837 2677 3910 quoadusque
2709 3833 2880 3887 veniat
2927 3831 3205 3895 Dominus,
3243 3829 3332 3899 qui
3374 3826 3716 3882 illuminabit

2119 3927 2426 3982 abscondita
2459 3925 2810 3987 tenebrarum,
2844 3931 2891 3975 et
2927 3918 3284 3989 manifestabit
3321 3914 3554 3972 consilia
3600 3934 3720 3971 cor-

2119 4018 2266 4071 dium
2289 4016 2339 4089 (Ι
2369 4015 2492 4071 Cor.
2518 4016 2614 4087 ιν).
2652 4014 2721 4070 Ει
2757 4013 2944 4069 offeret
2981 4011 3309 4068 oblationem
3338 4024 3435 4080 pro
3462 4007 3569 4062 illa
3625 4008 3725 4065 de-

2059 4145 2068 4153 .
2122 4106 2323 4161 cimam
2348 4112 2556 4176 partem
2593 4104 2696 4159 sati
2731 4103 2921 4158 farina:
2959 4096 3293 4156 hordeaceae.
3333 4097 3534 4153 Farina
3576 4112 3720 4168 ergo

2121 4196 2423 4254 hordeacea
2470 4195 2752 4251 scientiam
2799 4194 3000 4249 veteris
3056 4192 3192 4263 legis
3235 4188 3530 4261 signiﬁcat.
3579 4187 3723 4257 Quae

2126 4292 2265 4344 bene
2293 4289 2496 4344 hordeo
2520 4287 2876 4351 assimilatur,
2898 4286 3024 4356 quia
3053 4285 3194 4339 sicut
3216 4282 3474 4338 hordeum
3504 4296 3730 4351 magno

2058 4420 2103 4478 υ
2132 4381 2314 4437 labore
2345 4397 2376 4435 a
2404 4381 2573 4452 paleis
2601 4386 2882 4451 purgatum
2910 4377 2975 4431 ad
3006 4376 3235 4430 farinam
3265 4371 3614 4444 perducitur,
3648 4373 3728 4426 ita

2130 4473 2307 4528 littera
2362 4472 2496 4543 legis
2545 4469 2780 4526 contrita
2838 4468 2979 4524 mola
3038 4465 3411 4528 discretionis,
3466 4460 3727 4516 farinam

2128 4578 2324 4619 sensus
2360 4561 2621 4633 spiritalis
2659 4559 2877 4615 emittit.
2921 4559 2988 4613 Et
3025 4564 3173 4613 recte
3212 4556 3419 4612 decima
3443 4566 3585 4623 pars
3617 4554 3727 4609 sati

2130 4651 2313 4707 oﬁ‘erri
2335 4650 2586 4720 jubetur;
2627 4664 2750 4702 nam
2780 4648 2865 4702 lex
2899 4648 3014 4717 ipsa
3042 4646 3229 4702 decem
3253 4640 3544 4714 praeceptis
3580 4656 3726 4697 con-

2130 4748 2258 4803 stat,
2305 4739 2459 4808 cujus
2516 4737 2724 4792 decima
2769 4751 2898 4806 pars
2936 4734 3214 4806 quodlibet
3248 4730 3568 4787 mandatum
3610 4738 3725 4794 est,

2136 4844 2321 4888 contra
2400 4832 2543 4903 quod
2603 4846 2768 4901 prava
2829 4845 2964 4884 uxor
3022 4829 3197 4897 egisse
3265 4822 3723 4894 deprehenditur.

2132 4921 2368 4976 Ultertur
2404 4935 2533 4990 ergo
2563 4921 2680 4975 haec
2720 4918 2913 4973 mulier
2936 4932 3033 4988 per
3064 4917 3236 4971 virum
3274 4911 3548 4968 sacerdoti
3587 4925 3727 4968 cum

2129 5014 2401 5070 oblatione
2436 5013 2661 5069 decima:
2684 5011 2873 5083 partis,
2904 5024 3027 5065 cum
3058 5007 3259 5063 Christi
3280 5003 3483 5074 judicio
3514 5017 3726 5057 secun-

2134 5106 2260 5162 dum
2288 5104 2461 5175 legem
2487 5103 2746 5159 divinitus
2771 5102 2954 5156 datam
2980 5097 3281 5155 damnanda
3311 5104 3405 5149 aut
3429 5092 3722 5148 liberanda

2136 5201 2466 5250 reservatur.
2532 5191 2652 5248 Non
2714 5190 2902 5246 fundet
2963 5204 3126 5259 super
3183 5187 3323 5241 hanc
3373 5182 3718 5239 oblationem

2135 5283 2318 5341 oleum
2349 5296 2521 5352 neque
2549 5283 2674 5337 thus
2700 5287 2885 5350 ponet,
2915 5279 3041 5349 quia
3078 5274 3399 5331 sacriﬁcium
3433 5269 3726 5341 zelotypir

2135 5384 2242 5428 est.
2270 5372 2442 5445 Igitur
2471 5386 2577 5426 non
2604 5372 2757 5427 decet
2798 5369 2917 5425 oleo
2953 5366 3276 5423 adulationis
3304 5362 3388 5419 vel
3422 5363 3583 5416 thure
3626 5374 3726 5412 su-

2135 5466 2355 5537 perﬂuae
2403 5466 2722 5520 laudationis
2764 5473 3079 5534 peccantem
3127 5474 3412 5531 personam
3466 5455 3725 5517 mulceri,

2141 5557 2255 5612 sive
2293 5556 2413 5611 oleo
2453 5554 2757 5610 indiscreta:
2793 5552 3180 5609 misericordiae.
3215 5558 3377 5618 atque
3407 5546 3565 5600 thure
3596 5557 3729 5597 ora-

470 5660 719 5725 ιαενὶίὶεἱὶ
748 5658 897 5713 ιοίίαι
925 5655 989 5711 de
1023 5669 1080 5709 εο
1103 5650 1242 5722 (Ιειοά
1279 5650 1511 5719 οΙΤενῑανν
1546 5658 1590 5701 εἴ
1621 5645 1857 5700 incolui“!
1893 5660 2045 5710 super
2147 5648 2312 5704 tionis
2356 5645 2673 5701 inordinata:
2714 5659 2810 5699 cor
2850 5643 3194 5716 impaenitens
3222 5637 3389 5704 liniri,
3421 5634 3516 5690 sed
3544 5634 3731 5704 magis
