3932 6188
329 244 431 300 Bi‘l

1067 249 1597 309 ENARRATIONES
1634 254 1698 308 IN
1740 243 1999 310 LIBRUM
2040 246 2501 313 NUMERORUM.
2541 289 2611 298 -——
2648 260 2774 315 LIB.
2815 261 2854 317 Ι.

3483 269 3589 326 622

324 357 449 411 zelo
477 356 702 428 justitiao
744 361 1037 416 secundum
1068 375 1330 433 praecepta
1361 364 1572 418 Domini
1603 365 1791 419 vitium
1823 365 1904 419 in-
1934 381 1978 438 Α
2008 366 2203 430 mines,
2238 366 2459 422 umbras
2496 370 2758 436 quasdam
2800 379 2855 426 et
2891 372 3155 444 imagines
3195 374 3450 433 simulant
3486 381 3584 434 ha-

321 458 539 503 stanter
566 462 729 521 atque
754 453 999 509 ordinate
1022 455 1290 525 persequi.
1320 454 1519 511 Oﬁ'eret
1542 472 1683 522 eam,
1708 457 1901 527 inquit,

322 539 627 605 sacerdos,
681 546 737 595 et
791 551 992 598 statuet
1044 558 1229 599 coram
1272 542 1500 601 Domino
1563 556 1907 616 assumetque

318 642 526 697 aquam
564 638 806 684 sanctam
852 632 907 686 in
939 648 1066 688 vase
1102 634 1276 701 ﬁctili,
1333 645 1388 692 et
1422 636 1712 707 pauxillum
1750 648 1907 696 teme

314 720 394 774 de
454 719 763 788 pavimento
832 724 902 776 ta‘.
926 725 1165 779 ernaculi
1218 727 1398 782 mittet
1438 728 1492 782 in
1532 729 1744 795 eadem,
1798 739 1904 785 etc.

316 806 548 863 Statuet
583 810 837 864 sacerdos
866 804 1101 867 oﬁerens
1129 814 1410 869 mulierem
1452 832 1633 872 coram
1660 817 1905 883 Domino,

315 897 455 964 quia
505 898 688 953 divino
735 898 943 969 judicio
997 900 1341 969 dijudicanda
1402 906 1584 959 anima
1632 909 1905 977 peccatrix

315 986 655 1041 decernitur.
701 986 853 1057 Aqua
899 997 1088 1044 sancta
1133 991 1187 1044 in
1234 1007 1362 1047 vase
1404 993 1577 1060 ﬁctili,
1606 997 1787 1052 divina
1827 1006 1911 1053 est

316 1077 595 1147 sapientia
625 1078 681 1133 in
711 1078 801 1133 vili
831 1079 1011 1135 littera
1050 1080 1184 1151 legis
1217 1085 1628 1153 comprehensa.
1668 1087 1766 1143 Cui
1808 1091 1907 1144 mi—

316 1176 442 1220 scet
483 1168 739 1223 sacerdos
772 1169 1074 1238 pauxillum
1118 1179 1276 1227 terrae
1298 1173 1364 1228 de
1389 1173 1698 1244 pavimento
1726 1178 1907 1234 taber—

315 1257 530 1324 naculi,
561 1273 684 1312 cum
710 1258 918 1315 Christi
947 1261 1166 1317 decreto
1200 1267 1643 1321 commemoratio
1670 1269 1897 1338 patriar-

315 1347 573 1412 charum,
600 1349 985 1419 prophetarum
1003 1359 1164 1422 atque
1179 1354 1569 1422 apostolorum,
1598 1357 1905 1415 intromissa

312 1439 375 1493 in
412 1450 482 1493 ea
519 1441 808 1509 reperitur.
859 1441 1007 1497 Hanc
1046 1458 1175 1514 ergo
1215 1460 1413 1514 aquam
1441 1444 1723 1515 Scriptura
1776 1450 1905 1504 dicit

314 1529 725 1584 amarissimam
768 1540 990 1601 prepter
1026 1533 1235 1601 peccati
1276 1534 1571 1589 vindictam
1607 1552 1727 1606 quae
1757 1538 1810 1591 in
1839 1554 1902 1593 ea

312 1616 668 1672 manifestata
720 1620 1042 1685 est;taliter
1093 1622 1462 1689 commistam,
1512 1632 1674 1694 atque
1723 1626 1903 1681 divino

2009 459 2141 514 bere
2164 458 2445 513 virtutum.
2479 458 2594 515 Una
2626 476 2783 529 [ιδεμ
2810 462 2884 516 illi
2913 475 3221 533 vescuntur,
3251 469 3340 537 qui
3368 478 3588 539 propter

2009 549 2275 606 humanos
2316 550 2501 606 oculos
2548 553 2889 608 abstinentiae
2924 555 3126 626 pallore
3166 558 3496 628 inﬁciuntur,
3527 570 3589 616 ut

2008 643 2236 712 gloriam
2282 652 2503 714 captent
2545 644 2613 699 ab
2652 646 2983 703 hominibus.
3031 649 3256 704 Acetum
3304 661 3481 706 autem
3530 656 3586 709 hi

2010 733 2239 799 bibunt,
2290 735 2381 804 qui
2427 744 2550 805 post
2592 737 2715 790 vitm
2761 739 3103 793 sanctitatem
3167 741 3221 795 in
3266 749 3585 799 vetustatem

2007 823 2403 892 praeteritorum
2434 825 2688 880 vitiorum
2730 827 3002 892 labuntur,
3040 839 3094 883 et
3123 832 3469 902 corruptione
3496 849 3589 888 ve-

2010 909 2143 964 teris
2196 912 2452 980 ncquitia:
2491 914 2847 970 delectantur.
2906 917 3166 988 Praecepit
3216 920 3396 990 itaque
3425 922 3585 988 Deus,

2010 1006 2070 1052 ut
2099 1012 2195 1053 eos
2227 1000 2319 1068 qui
2355 1002 2663 1057 sanctitatis
2697 1003 2934 1059 indicent
2983 1006 3219 1073 titulum,
3252 1010 3463 1065 cunctis
3502 1010 3589 1065 his

2007 1097 2229 1143 careant
2254 1090 2418 1155 vitiis,
2458 1091 2767 1162 nullamque
2797 1094 3096 1165 hujusmodi
3122 1100 3586 1167 perturbationem

2008 1185 2281 1247 appetant.
2313 1177 2371 1232 In
2401 1180 2502 1235 hoc
2536 1191 2714 1237 autem
2750 1185 2893 1253 quod
2922 1186 3155 1245 addidit.
3182 1187 3457 1243 Novacula
3482 1190 3588 1245 non

2008 1267 2250 1320 transibit
2274 1284 2431 1338 super
2451 1280 2606 1340 caput
2641 1272 2755 1340 eius
2797 1291 2960 1345 usque
2991 1276 3058 1329 ad
3107 1278 3415 1349 completum
3448 1280 3587 1335 diem

2006 1373 2108 1427 quo
2130 1356 2354 1412 Domino
2381 1372 2737 1429 consecratur,
2764 1365 3020 1421 admonet
3046 1367 3194 1437 ipsos
3220 1370 3584 1435 continentes,

2007 1460 2075 1499 ne
2104 1446 2283 1503 dolum
2326 1456 2420 1503 aut
2458 1450 2720 1505 malitiam
2762 1453 2817 1507 in
2856 1463 3039 1510 mente
3069 1465 3312 1524 teneant,
3344 1474 3410 1513 ne
3447 1458 3587 1516 forte

2006 1533 2278 1604 polluatur
2311 1539 2562 1595 catsaries
2598 1543 2790 1612 capitis
2826 1558 3033 1610 eorum,
3065 1545 3116 1599 id
3152 1554 3255 1612 est,
3292 1548 3468 1603 omnis
3496 1563 3585 1604 co-

2007 1625 2207 1695 gitatus
2249 1629 2445 1684 mentis
2485 1645 2701 1698 eorum;
2736 1634 2832 1689 sed
2860 1650 3031 1706 usque
3078 1637 3146 1691 ad
3173 1637 3332 1694 ﬁnem
3375 1641 3584 1696 scilicet

311 1722 492 1775 opere
540 1718 924 1776 contestatam,
969 1711 1116 1767 bibet
1155 1712 1368 1780 mulier,
1422 1724 1482 1770 ut
1531 1716 1905 1773 manifestatur
1930 1743 1978 1801 Β
2004 1715 2286 1783 praesentis
2311 1718 2435 1773 vitae
2477 1719 2842 1778 innocentiam
2871 1732 3110 1793 teneant;
3139 1729 3265 1798 quia
3290 1730 3449 1785 aliter
3472 1732 3585 1787 Deo

312 1796 470 1854 illius
511 1808 873 1870 contemptus,
919 1802 1035 1857 sive
1080 1803 1168 1858 hic
1209 1804 1277 1858 ad
1318 1805 1465 1877 ejus,
1512 1808 1627 1863 sive
1675 1809 1901 1867 aliorum

315 1890 749 1960 oorreptionem,
783 1893 897 1947 sive
933 1894 986 1948 in
1020 1892 1202 1949 futuro
1229 1896 1296 1950 ad
1321 1897 1438 1967 ejus
1478 1897 1900 1967 damnationem,

313 1978 453 2047 quia
489 1980 785 2036 secundum
817 1980 1075 2038 Veritatis
1109 1999 1328 2039 vocem:
1358 1985 1511 2040 Nihil
1545 1997 1622 2042 est
1645 1989 1901 2043 occultum

310 2069 465 2138 quod
499 2087 603 2123 non
624 2071 820 2125 scietur
841 2072 1053 2144 (Matth.
1082 2074 1161 2146 Χ).
1191 2076 1257 2130 Et
1288 2077 1446 2133 item:
1473 2077 1676 2145 Sermo,
1704 2081 1900 2151 inquit,

314 2176 473 2233 quem
500 2160 701 2216 locutus
726 2179 841 2217 sum
866 2164 1026 2231 vobis,
1051 2165 1138 2220 ille
1160 2183 1247 2220 vos
1266 2168 1528 2237 judicabit
1550 2170 1603 2224 in
1625 2172 1901 2227 novissimo

309 2248 407 2302 die
460 2247 641 2320 (Joan.
688 2248 810 2322 xu).
871 2251 1057 2309 Sumet
1104 2255 1288 2325 itaque
1336 2259 1590 2315 sacerdos
1640 2260 1900 2331 pugillum

310 2337 596 2405 sacriﬁcii,
624 2345 677 2394 et
709 2340 958 2397 incendet
984 2342 1113 2397 illud
1141 2359 1303 2415 super
1327 2346 1518 2413 altare,
1548 2363 1672 2403 cum
1701 2357 1902 2406 sancte

312 2431 603 2487 Trinitatis
657 2433 925 2490 confessio
977 2435 1032 2489 in
1085 2436 1218 2508 legis
1281 2438 1555 2495 invenitur
1600 2442 1897 2510 sacriﬁcio,

310 2538 443 2593 qua:
491 2525 543 2579 in
593 2541 689 2580 ara
738 2525 863 2582 ﬁdei
911 2527 1071 2597 digne
1114 2528 1227 2585 Deo
1272 2529 1516 2586 offertur.
1568 2532 1721 2601 Quod
1770 2550 1911 2607 ergo.

309 2616 521 2670 scribet
547 2616 803 2673 sacerdos
841 2618 895 2672 in
937 2617 1116 2674 libello
1164 2620 1443 2676 maledicta
1477 2638 1596 2692 qua:
1640 2624 1901 2680 adversus

311 2717 641 2778 peccantem
680 2709 920 2778 protulit,
949 2718 1003 2765 et
1037 2711 1237 2766 delebit
1267 2727 1330 2766 ea
1360 2714 1515 2783 aquis
1544 2714 1901 2770 amarissimis

309 2798 366 2852 in
382 2812 523 2867 quas
538 2797 822 2854 maledicta
844 2802 1132 2871 congessit,
1152 2801 1423 2872 signiﬁcat
1440 2804 1582 2874 quod
1604 2817 1762 2874 ptena
1777 2819 1899 2875 qua

307 2889 666 2958 peccantibus
694 2887 874 2945 futura
932 2899 1043 2958 est,
1087 2891 1141 2946 in
1180 2890 1463 2961 Scriptura
1510 2907 1664 2947 sacra
1714 2894 1897 2963 expla-

306 2986 447 3033 nata
503 2979 794 3035 invenitur.
847 2980 927 3036 Ac
965 2982 1160 3037 deinde
1212 2981 1517 3053 quicunque
1560 2982 1895 3054 Scripturam

2007 1809 2187 1857 votum
2226 1807 2532 1864 sanctitatis
2569 1812 2900 1882 acceptabile
2934 1829 3044 1869 non
3083 1814 3331 1882 fecerint,
3363 1820 3466 1875 nisi
3493 1836 3585 1875 cu-

2001 1893 2234 1947 stodiam
2256 1896 2453 1953 mentis
2479 1899 2763 1971 diligenter
2790 1903 3097 1971 habuerint,
3122 1913 3191 1977 ει,
3206 1906 3259 1961 in
3285 1908 3388 1963 hoc
3415 1924 3584 1979 usque

2002 1980 2253 2043 adﬁnem
2273 1999 2624 2054 perseverare
2655 1992 2977 2057 studuerint,
3003 1994 3129 2063 quia
3157 1998 3449 2053 secundum
3474 1998 3581 2055 Ve-

2002 2072 2181 2127 ritatis
2199 2078 2527 2132 sententiam
2548 2097 2560 2130 :
2585 2079 2691 2146 Qui
2706 2088 3107 2152 perseveraverit
3132 2103 3293 2158 usque
3312 2089 3381 2143 ad
3399 2089 3579 2158 finem,

1999 2162 2083 2216 hic
2102 2164 2280 2220 salvus
2300 2167 2396 2220 erit
2417 2167 2635 2240 (Matth.
2660 2174 2780 2243 xu).
2804 2171 2963 2229 Omni
2987 2184 3214 2247 tempore
3235 2182 3583 2235 consecratio-

2001 2253 2082 2306 nis
2101 2270 2213 2309 sua:
2231 2273 2393 2327 super
2410 2269 2677 2315 mortuum
2697 2279 2803 2318 non
2822 2264 3160 2335 ingredietur,
3183 2284 3276 2323 nec
3313 2287 3470 2341 super
3485 2288 3584 2342 pa-

1998 2342 2095 2396 tris
2115 2344 2347 2413 quidem,
2369 2355 2417 2400 et
2436 2339 2621 2404 matris
2650 2359 2700 2404 et
2718 2350 2902 2421 fratris
2925 2355 3224 2427 sororisque
3246 2339 3429 2427 funere
3456 2339 3583 2415 con-

1999 2434 2361 2503 taminabitur,
2382 2438 2508 2507 quia
2533 2442 2854 2497 consecratio
2878 2441 2977 2496 Dei
3004 2445 3088 2498 sui
3111 2461 3268 2516 super
3287 2457 3442 2518 caput
3464 2450 3580 2520 ejus

1998 2532 2094 2577 est.
2121 2522 2376 2595 omnibus
2401 2527 2584 2583 diebus
2611 2534 2958 2601 separationis
2978 2551 3091 2589 suae
3111 2545 3325 2592 sanctus
3358 2539 3451 2593 erit
3472 2539 3583 2594 Do-

1998 2612 2161 2669 mino.
2195 2613 2306 2671 Cur
2333 2631 2462 2688 ergo
2488 2618 2802 2677 Nazaracum
2842 2638 3007 2694 super
3049 2636 3323 2682 mortuum
3370 2628 3581 2702 ingredi

1998 2705 2273 2774 prohibet,
2320 2709 2425 2763 nisi
2451 2711 2576 2780 quia
2605 2712 2754 2767 illum
2779 2730 2889 2771 non
2917 2716 3030 2772 vult
3059 2717 3152 2787 qui
3189 2720 3577 2777 continentiam

1999 2810 2152 2850 suam
2167 2796 2278 2854 Deo
2303 2801 2469 2867 vovit,
2495 2812 2831 2860 mortuorum
2854 2807 2909 2861 in
2928 2810 3168 2877 peccatis
3188 2812 3431 2881 exempla
3458 2814 3581 2870 imi-

1997 2887 2123 2952 tari,
2170 2904 2272 2947 nec
2307 2891 2607 2962 iniquitatis
2655 2911 2843 2951 eorum
2874 2900 3016 2954 viam
3065 2903 3311 2973 ingredi?
3342 2920 3410 2961 ne
3437 2903 3578 2962 forte

1997 2978 2188 3045 perdat
2234 2978 2476 3037 laborem
2510 2998 2688 3052 suum,
2720 2995 2774 3042 et
2796 3002 2985 3045 omnes
3026 3000 3182 3048 actus
3227 2994 3369 3052 illius
3396 3013 3579 3068 repro-

306 3085 528 3125 sacram
567 3072 731 3128 corde
772 3072 862 3143 pio
890 3080 944 3128 et
984 3073 1202 3128 credulo
1232 3074 1502 3139 hauserit,
1533 3074 1898 3146 suppliciaque
1924 3083 1969 3145 ρ
1999 3068 2216 3137 bentur,
2237 3073 2292 3127 in
2311 3074 2507 3143 quibus
2525 3091 2584 3132 se
2606 3077 2807 3148 aliquid
2829 3085 3158 3154 acceptabile
3173 3087 3401 3147 Domino
3417 3099 3578 3147 antea

306 3174 659 3234 peccatorum
687 3182 806 3236 quae
833 3166 887 3221 in
928 3182 993 3221 ea
1020 3175 1318 3223 narrantur
1345 3168 1695 3239 pertimescit,
1728 3178 1891 3241 atque

305 3269 369 3311 se
402 3270 435 3308 a
467 3256 705 3324 peccatis
732 3257 1005 3312 custodire
1051 3259 1334 3322 studuerit,
1369 3273 1505 3329 aqua
1537 3260 1598 3314 ﬁt
1636 3261 1710 3315 illi
1748 3262 1893 3317 salu-

309 3345 453 3401 bris.
481 3346 581 3413 Qui
609 3356 787 3403 autem
816 3350 1210 3406 contemnendo
1234 3351 1411 3406 minas
1433 3353 1551 3417 Dei,
1580 3351 1890 3423 Scripturas

307 3450 503 3490 sacras
539 3435 806 3492 inutiliter
839 3439 1021 3505 audit,
1060 3438 1243 3497 inﬂato
1278 3432 1466 3495 ventre
1511 3444 1892 3512 computrescit

304 3522 493 3579 femur
533 3522 672 3592 ejus,
712 3536 873 3595 atque
918 3530 973 3582 in
1016 3529 1449 3586 maledictionem
1492 3542 1546 3587 et
1582 3535 1888 3603 exemplum

304 3615 421 3669 erit
447 3616 593 3669 omni
632 3617 872 3686 populo:
902 3618 1027 3687 quia
1067 3634 1189 3674 cum
1226 3619 1374 3689 justo
1410 3622 1505 3676 Dei
1538 3623 1746 3692 judicio
1784 3639 1887 3693 pu-

307 3706 498 3760 nietur
523 3709 883 3778 contemptrix
910 3710 1107 3775 anima,
1142 3712 1197 3769 in
1224 3713 1571 3780 opprobrium
1600 3712 1674 3766 illi
1699 3728 1889 3768 omnes

305 3795 431 3865 ejus
459 3805 613 3851 actus
637 3806 694 3851 et
714 3797 981 3855 desideria
1007 3800 1346 3869 proveniant.

933 3911 1161 3969 CAPUT
1198 3912 1266 3967 X.

586 3979 663 4034 De
688 3983 791 4034 ritu
819 3980 1070 4036 Nazartei
1105 3993 1155 4037 et
1184 3982 1446 4037 oblatione
1467 3985 1608 4053 ejus.

380 4068 535 4143 (Car.
572 4074 672 4143 v1.)
716 4070 943 4128 Locutus
966 4083 1041 4128 est
1064 4074 1316 4130 Dominus
1346 4076 1415 4129 ad
1437 4075 1654 4147 Moysen
1676 4077 1886 4132 dicens:

302 4158 541 4231 Loquere
568 4160 636 4213 ad
657 4160 795 4230 filios
819 4161 1010 4230 Israel,
1034 4174 1083 4218 et
1107 4165 1246 4220 dices
1275 4166 1345 4221 ad
1369 4183 1455 4220 eos
1477 4183 1497 4221 :
1530 4165 1623 4221 Vir
1640 4167 1746 4221 sive
1772 4184 1889 4220 mu-

302 4250 405 4304 lier
425 4267 546 4305 cum
565 4250 782 4320 fecerint
796 4263 971 4308 votum
988 4265 1042 4308 ut
1062 4257 1474 4326 sanctiﬁcentur,
1495 4269 1543 4312 et
1562 4276 1617 4313 se
1636 4258 1888 4313 voluerint

306 4340 534 4396 Domino
555 4358 878 4410 consecrare,
909 4362 942 4399 a
971 4347 1089 4401 tino
1115 4355 1162 4400 et
1191 4349 1330 4401 omni
1353 4349 1491 4419 quod
1515 4348 1764 4402 inebriari
1790 4365 1886 4418 po-

1992 3162 2167 3233 egisse
2198 3163 2425 3220 Domino
2459 3167 2803 3225 conﬁdebat:
2832 3172 2958 3243 quia
2998 3190 3105 3230 non
3140 3178 3232 3247 qui
3275 3181 3441 3251 coepit
3479 3182 3575 3237 bo-

1991 3269 2139 3318 num,
2170 3257 2265 3311 sed
2291 3258 2383 3326 qui
2415 3270 2727 3330 perseverat
2747 3266 2801 3319 in
2826 3265 2985 3332 bono,
3011 3272 3383 3327 coronabitur.
3419 3273 3572 3332 Unde

1989 3352 2045 3398 et
2075 3360 2106 3398 a
2130 3348 2320 3415 patris,
2346 3348 2460 3404 sive
2502 3366 2533 3405 a
2555 3353 2764 3415 matris,
2792 3369 2888 3410 seu
2911 3355 3098 3414 fratris
3141 3361 3451 3433 sororisque
3490 3363 3573 3419 fu-

1990 3450 2119 3491 nere
2144 3439 2455 3504 rctrahitur,
2485 3442 2611 3511 quia
2633 3444 2811 3500 omnis
2846 3447 3029 3503 carnis
3052 3447 3277 3507 affectus
3304 3457 3574 3524 amputari

1988 3525 2169 3617 debet,
2193 3529 2281 3584 ubi
2304 3529 2413 3585 Deo
2436 3533 2536 3586 soli
2556 3533 2771 3602 placere
2794 3540 3160 3617 contenditur.
3187 3541 3298 3599 Nec
3318 3545 3425 3599 ulla
3456 3546 3571 3600 alii-

1989 3615 2133 3668 nitas
2165 3617 2532 3683 proximorum
2564 3635 2682 3689 qua:
2710 3624 2780 3678 ad
2806 3615 3084 3693 peccatum
3123 3644 3221 3684 nos
3253 3634 3439 3697 trahit,
3471 3651 3569 3691 no—

1991 3704 2195 3758 biscum
2248 3706 2441 3760 sociari
2492 3711 2852 3779 permittitur;
2912 3716 3006 3770 sed
3042 3716 3197 3786 juxta
3238 3720 3364 3795 illud
3390 3723 3567 3778 Evan-

1987 3793 2111 3864 gelii
2138 3811 2151 3847 :
2177 3794 2239 3849 Si
2275 3796 2510 3862 dextera,
2540 3798 2736 3869 inquit,
2766 3818 2954 3858 manus
2989 3816 3079 3860 tua
3112 3807 3192 3862 vel
3218 3826 3308 3880 pes
3340 3793 3569 3868 scanda-

1991 3883 2113 3937 lizat
2139 3894 2208 3951 te,
2236 3884 2442 3941 abscide
2462 3904 2576 3942 eam
2611 3901 2659 3944 et
2677 3893 2877 3962 projice
2896 3896 2989 3951 abs
3011 3907 3078 3951 te.
3110 3898 3332 3971 Expedit
3365 3904 3480 3971 tibi,
3504 3917 3563 3960 ut

1987 3984 2160 4041 pereat
2188 3992 2349 4030 unum
2371 3977 2720 4035 membrorum
2753 3993 2982 4051 tuorum,
3003 4004 3162 4057 quam
3190 4001 3354 4046 totum
3377 4010 3566 4065 corpus

1987 4075 2135 4120 tuum
2179 4079 2260 4121 eat
2298 4069 2354 4122 in
2398 4071 2686 4141 gehennam
2729 4073 2943 4144 (Matth.
2967 4080 3041 4151 v).
3100 4079 3287 4138 Omnis
3311 4101 3562 4154 persona,

1986 4162 2163 4215 omnis
2213 4161 2468 4233 dignitas,
2498 4165 2676 4221 omnis
2720 4172 3182 4240 consauguinitas,
3216 4185 3334 4244 post
3360 4176 3565 4234 Christi

1987 4264 2227 4304 amorem
2266 4253 2514 4320 ponenda
2559 4262 2664 4319 est,
2693 4270 2793 4310 nec
2832 4258 3033 4327 aliquid
3078 4261 3239 4318 debet
3283 4264 3561 4334 ftederari,

1988 4337 2130 4404 quod
2158 4354 2259 4394 nos
2286 4355 2392 4394 non
2419 4342 2625 4409 patitur
2658 4358 2779 4398 cum
2809 4345 3026 4403 Christo
3062 4351 3224 4406 uniri.
3273 4353 3410 4419 Quia
3439 4374 3566 4413 con-

300 4439 397 4483 test
420 4430 767 4486 abstinebant.
798 4433 1014 4488 Acetum
1036 4451 1101 4489 ea:
1132 4436 1248 4490 vino
1271 4445 1319 4490 et
1339 4451 1404 4489 ea:
1425 4436 1649 4507 qualibet
1673 4436 1779 4490 alia
1799 4452 1891 4506 po-

1996 4430 2235 4492 secratio,
2264 4431 2459 4500 inquit,
2493 4433 2590 4487 Dei
2616 4451 2771 4505 super
2791 4448 2945 4508 caput
2971 4441 3086 4510 ejus
3110 4452 3205 4506 est,
3235 4444 3285 4497 id
3312 4454 3412 4510 est,
3444 4446 3565 4518 Spi-

298 4521 461 4585 tione,
497 4530 544 4575 et
563 4522 815 4593 quidquid
836 4523 900 4576 de
920 4540 1017 4577 uva
1053 4525 1364 4593 exprimitur
1398 4540 1500 4577 non
1529 4524 1717 4578 bibent.
1745 4522 1882 4579 Uvas

302 4622 533 4665 recentes
555 4614 821 4684 siccasque
844 4631 948 4668 non
983 4615 1246 4668 comedent
1276 4616 1474 4669 cunctis
1493 4615 1675 4669 diebus
1695 4615 1883 4687 quibus

301 4717 369 4755 ea:
388 4712 504 4756 voto
528 4702 751 4757 Domino
771 4715 1158 4760 consecrantur.
1201 4705 1467 4777 Quidquid
1497 4722 1562 4760 ex
1594 4707 1742 4760 vinea
1772 4723 1883 4761 esse

299 4801 491 4862 potest,
526 4793 592 4847 ab
618 4810 717 4847 uva
743 4811 899 4863 passa
933 4811 1092 4865 usque
1114 4795 1184 4849 ad
1221 4795 1431 4849 acinum
1465 4812 1568 4849 non
1592 4796 1878 4850 comedent.

301 4879 462 4934 Omni
485 4889 714 4950 tempore
733 4884 1078 4952 separationis
1097 4900 1228 4949 suae,
1244 4883 1495 4938 nouacula
1517 4901 1621 4938 non
1641 4885 1883 4938 transibit

302 4986 393 5038 per
411 4979 569 5039 caput
604 4971 739 5039 ejus,
768 4988 929 5043 usque
947 4973 1017 5027 ad
1036 4973 1345 5045 completum
1373 4975 1510 5029 diem
1532 4992 1634 5047 quo
1657 4974 1880 5029 Domino

301 5068 639 5113 consecratur
652 5076 669 5112 :
682 5071 893 5116 sanctus
914 5064 1010 5116 erit
1032 5073 1287 5118 crescente
1307 5065 1522 5119 caesarie
1539 5066 1725 5136 capitis
1745 5065 1879 5135 ejus.

305 5146 443 5212 Quid
482 5164 612 5218 ergo
651 5148 1030 5207 Nazaraaorum
1078 5153 1293 5208 nomine
1341 5155 1447 5209 nisi
1494 5155 1878 5239 abstinendum

307 5241 808 5313 cotttinentiumque
833 5244 942 5300 vita
980 5245 1261 5316 signatur?
1309 5245 1404 5300 liis
1432 5247 1484 5300 in
1514 5247 1639 5300 vino
1669 5247 1879 5303 luxuria

306 5330 641 5397 prohibetur,
668 5332 722 5387 in
752 5334 923 5389 sicera
954 5336 1130 5390 omnis
1154 5336 1400 5404 voluptas
1428 5345 1663 5392 terrena.
1693 5336 1878 5392 Sicera

306 5423 450 5474 enim
488 5436 556 5475 ex
582 5422 799 5479 diverso
836 5427 1124 5481 conﬁcitur
1173 5443 1407 5497 genere:
1437 5428 1514 5483 sic
1544 5429 1784 5498 voluptas
1811 5445 1877 5484 ex

307 5507 520 5564 diversa
558 5514 813 5567 vitiorum
849 5516 1025 5569 oritur
1065 5517 1333 5585 passione.
1385 5517 1461 5571 llli
1513 5519 1657 5572 enim
1696 5519 1877 5573 vinum

312 5599 520 5667 bibunt,
563 5612 613 5657 et
651 5606 878 5658 siceram
915 5606 1124 5669 bibunt,
1161 5608 1251 5675 qui
1291 5606 1353 5659 ad
1398 5608 1736 5675 decipiendos
1786 5610 1879 5663 ho-

1984 4517 2122 4572 ritus
2159 4520 2330 4573 sancti
2369 4522 2542 4591 gratia
2580 4523 2634 4577 in
2661 4525 2822 4579 corde
2858 4525 2976 4596 ejus
3002 4528 3191 4585 diﬁ‘usa
3220 4541 3323 4587 est.
3352 4517 3564 4592 lndeiet

1983 4610 2182 4666 Paulus
2210 4611 2339 4667 dicit
2365 4628 2378 4666 :
2406 4612 2587 4669 Nolite
2617 4618 2924 4672 contristare
2946 4618 3201 4690 Spiritum
3223 4637 3481 4692 sanctum,
3507 4630 3563 4682 in

1982 4719 2084 4772 quo
2105 4703 2296 4772 signati
2320 4704 2442 4757 estis
2463 4705 2519 4759 in
2538 4705 2622 4759 die
2648 4706 3010 4778 redemptionis
3025 4698 3238 4781 (Ephes.
3260 4714 3355 4787 tv).
3374 4715 3563 4773 Omnis

1984 4793 2101 4848 dies
2147 4794 2504 4862 separationis
2532 4795 2647 4851 sive
2676 4806 2897 4851 sanctus
2923 4798 3028 4852 erit
3055 4800 3299 4858 Domino.
3339 4804 3564 4876 Oportet

1986 4896 2115 4952 ergo
2143 4883 2363 4937 omnino
2408 4893 2466 4937 ut
2507 4885 2609 4940 hoc
2636 4886 2728 4940 ﬁat
2775 4887 2890 4965 ejus
2928 4890 3070 4954 voti,
3117 4892 3218 4948 hoc
3247 4899 3430 4965 studii,
3461 4900 3563 4954 hoc

1986 4978 2204 5045 laboris,
2235 4987 2293 5034 ut
2316 4994 2477 5035 omne
2510 4990 2717 5052 tempus
2745 4998 2850 5051 quo
2877 4984 3104 5042 Domino
3130 4993 3434 5046 consecrari
3467 5009 3564 5062 per

1985 5071 2368 5126 continentiam
2388 5073 2500 5127 sive
2521 5073 2901 5131 abstinentiam
2917 5089 3087 5149 optat,
3107 5083 3223 5139 sine
3236 5089 3558 5140 contamina-

1988 5161 2129 5215 tione
2152 5163 2358 5229 peccati
2389 5170 2553 5233 atque
2592 5165 2792 5233 delicti,
2821 5183 2993 5239 usque
3030 5172 3084 5225 in
3112 5172 3275 5229 ﬁnem
3313 5179 3561 5244 persevc-

1984 5266 2106 5307 rare
2133 5254 2444 5308 contendat.
2475 5254 2762 5325 Sequitur:

2055 5338 2153 5397 Sin
2192 5352 2366 5397 autem
2399 5355 2635 5399 mortuus
2675 5346 2835 5416 fuerit
2874 5350 3046 5405 subito
3081 5352 3337 5420 quispiam
3379 5369 3559 5407 coram

1981 5451 2063 5497 eo,
2104 5433 2366 5504 polluetur
2399 5446 2554 5505 caput
2596 5441 3001 5495 consecrationis
3045 5442 3180 5510 ejus.
3226 5440 3379 5505 Quod
3409 5446 3558 5500 radet

1981 5522 2154 5588 illico,
2197 5533 2242 5576 et
2283 5526 2338 5577 in
2380 5526 2558 5579 eadem
2601 5528 2684 5581 die
2715 5532 3040 5599 purgationis
3084 5548 3224 5596 suae,
3265 5543 3312 5586 et
3347 5551 3557 5590 rursum

1982 5612 2200 5680 septimo
2229 5612 2315 5665 die
2346 5613 2530 5667 iterum
2556 5616 2723 5670 radet.
2760 5617 2826 5671 In
2848 5627 3027 5671 octavo
3055 5629 3228 5674 autem
3261 5624 3346 5679 die
3375 5627 3556 5693 oﬁ'eret
