3932 6188
398 246 501 300 Εἰνό

1072 235 1131 287 Β.
1172 232 1420 286 ΒΛΒᾹΜ
1465 230 1679 284 .\l.\'t.lll
1720 231 2034 287 AllClillﬁl‘.
2080 234 2384 289 MUGCNT.
2430 234 2708 290 Ol‘lCRUM
2749 234 2926 290 PARS
2964 235 3002 290 Ι.

3533 238 3631 292 (Ri

400 358 528 410 duos
560 360 812 410 turtures.
847 345 921 399 vel
962 344 1095 398 duos
1124 342 1295 414 pullos
1335 340 1585 395 columba:
1626 341 1883 394 sacerdoti
1917 343 1970 395 in
2000 346 2044 404 Α
2076 343 2273 399 dicitur
2310 363 2319 397 :
2364 343 2425 398 In
2466 362 2770 417 quocunque
2814 347 2897 398 die
2939 363 3212 400 conversus
3255 346 3412 415 fuerit
3462 348 3638 419 justus

401 445 613 501 introitu
648 439 854 511 [traderis
886 438 1200 499 testimonii;
1234 435 1494 505 facietque
1523 434 1765 488 sacerdos
1809 450 1968 486 unum

396 552 493 604 pro
521 541 729 604 peccato
749 569 763 595 ,
796 538 841 582 et
873 526 1095 581 alterum
1133 526 1187 579 in
1216 525 1610 588 holocaustum;
1648 534 1694 577 et
1732 524 1973 591 depreca-

401 632 539 685 bitur
563 645 658 700 pro
690 642 770 690 eo,
808 624 931 695 quia
963 620 1191 692 peccavit
1226 635 1381 689 super
1410 628 1637 683 mortuo,
1666 617 1968 687 sanctiﬁca-

400 723 572 791 bitque
606 726 759 787 caput
795 715 908 786 ejus
946 715 1001 781 in
1031 713 1116 767 die
1148 701 1268 776 illo,
1315 720 1363 764 et
1399 709 1714 764 consecrabit
1747 709 1971 763 Domino

399 813 508 864 dies
553 807 897 879 separatiouis
941 803 1118 868 illius,
1172 802 1393 871 offerens
1435 817 1626 871 agnum
1668 799 1971 853 anniculam

400 918 491 971 pro
516 909 745 970 peccato,
763 897 836 949 ita
864 904 1034 949 tamen
1058 903 1112 946 ut
1134 892 1244 947 dies
1274 892 1473 961 priores
1502 891 1641 943 irriti
1666 890 1819 959 ﬁant,
1847 906 1973 959 quo—

402 991 540 1043 niam
580 986 779 1057 polluta
820 994 892 1038 est
929 981 1277 1050 sanctiﬁcatio
1320 980 1454 1048 ejus.
1510 980 1647 1045 Quid
1716 978 1767 1031 in
1828 977 1974 1031 sulti-

403 1091 558 1134 lanea
624 1086 796 1132 morte
859 1074 1199 1143 cujuspiam,
1258 1087 1420 1140 quam
1475 1086 1657 1124 coram
1722 1068 1976 1123 Nazarreo

402 1169 675 1239 logislator
716 1173 932 1220 veretur
980 1162 1256 1226 accidere,
1302 1170 1357 1215 et
1387 1176 1549 1229 quam
1592 1160 1829 1214 ostendit
1868 1159 1973 1212 Na-

401 1261 556 1315 zarasi
606 1257 1069 1315 consecrationem
1132 1253 1543 1314 contaminare,
1603 1250 1705 1305 nisi
1770 1250 1975 1320 peccati

402 1356 592 1409 mortis
636 1349 982 1406 commissum
1041 1345 1346 1415 significat?
1407 1343 1487 1398 0b
1529 1340 1646 1411 ejus
1700 1342 1973 1408 intuitum,

400 1450 443 1501 si
506 1448 681 1516 seipse
722 1441 1004 1497 continens
1047 1437 1112 1491 ad
1157 1435 1361 1505 peccati
1405 1434 1814 1488 delectationem
1863 1434 1977 1489 sive

401 1548 722 1589 eottsensum
753 1531 943 1585 cadere
979 1526 1333 1597 perspexerit,
1369 1541 1589 1580 necesse
1625 1533 1709 1579 est
1742 1534 1802 1579 ut
1842 1525 1979 1580 sciat

401 1624 790 1681 conscientiam
832 1636 984 1675 suam
1022 1634 1141 1673 esse
1179 1618 1458 1689 pollutam,
1490 1625 1543 1671 et
1582 1616 1650 1671 ob
1681 1616 1784 1671 hoc
1817 1624 1979 1684 caput

2073 450 2105 485 a
2120 433 2331 502 justitia
2353 452 2446 486 sua
2468 444 2514 487 et
2537 435 2714 502 fecerit
2737 434 3082 505 iniquitatem,
3101 452 3278 489 omnes
3295 437 3508 505 justitia'
3527 441 3637 509 ejus

2073 527 2346 580 tradentur
2366 527 2607 580 obliriont
2636 526 2851 598 (Ezech.
2878 526 2981 600 ut).
3019 526 3130 581 Ista
3158 538 3233 582 est
3262 529 3348 583 lea:
3376 546 3637 584 consecra-

2073 618 2229 671 tionis
2261 634 2278 670 :
2305 634 2421 670 cum
2454 617 2564 670 dies
2597 634 2726 687 quos
2758 634 2822 671 ea:
2854 628 2968 671 voto
3002 618 3293 673 decreverat
3325 619 3640 689 complebun-

2072 717 2184 772 tur,
2220 708 2444 761 adducet
2475 725 2594 761 eum
2619 707 2687 760 ad
2729 711 2919 761 ostium
2957 708 3282 762 tabernaculi
3325 709 3550 778 finieris,
3594 722 3638 764 et

2079 801 2252 869 «ﬂeret
2280 799 2590 853 oblationem
2625 800 2738 870 ejus
2770 800 3011 854 Domino.
3045 800 3333 864 Postquam
3364 810 3540 855 autem
3572 802 3642 853 le-

2074 876 2297 959 gislator
2336 889 2650 943 Nazarmum
2682 890 2953 953 instruxit,
2986 890 3255 959 quomodo
3295 905 3354 944 se
3387 890 3641 943 mundare

2075 981 2294 1035 deberet
2338 981 2381 1035 si
2438 981 2555 1051 ejus
2602 982 2940 1036 consecratio
2986 997 3149 1052 super
3189 990 3400 1036 mortuo
3446 982 3641 1052 polluta

2077 1074 2284 1137 fuisset,
2316 1072 2521 1126 addidit
2548 1072 2712 1126 etiam
2740 1073 3001 1127 rationem
3039 1074 3328 1143 quomodo,
3354 1083 3478 1143 post
3501 1089 3643 1127 com-

2076 1166 2276 1236 plotmn
2319 1170 2520 1225 votum,
2562 1178 2620 1218 se
2646 1179 2769 1217 eum
2804 1162 3075 1218 oblatione
3116 1151 3645 1234 gratias'redditurus

2078 1258 2302 1313 Domino
2339 1259 2532 1312 debeat
2575 1263 2920 1326 prmsentare,
2956 1256 3180 1326 mystice
3222 1256 3450 1309 innuens
3479 1257 3644 1309 conti-

2076 1349 2254 1403 nentis
2279 1348 2443 1401 vitam
2481 1363 2602 1401 cum
2639 1346 2909 1401 oblatione
2938 1348 3202 1401 honorum
3231 1362 3456 1416 operum
3487 1357 3644 1415 atque

2076 1438 2340 1493 munditia
2389 1437 2571 1491 cordis
2620 1437 2673 1490 in
2706 1436 2811 1491 ﬁne
2840 1438 2980 1491 bono
3013 1437 3240 1491 Domino
3279 1452 3400 1492 esse
3427 1435 3646 1505 placitu-

2078 1544 2215 1584 ram.
2268 1528 2488 1595 Oﬂ‘eret,
2526 1529 2721 1599 inquit,
2750 1544 2946 1599 agnum
2988 1529 3300 1583 anniculam
3344 1528 3646 1583 immacula-

2080 1627 2191 1673 tum
2227 1618 2277 1671 in
2308 1618 2703 1684 holocaustum,
2728 1627 2783 1673 et
2805 1633 2959 1673 ovem
2991 1619 3296 1672 anniculam
3334 1618 3645 1672 immacula-

402 1719 541 1772 illico
571 1714 887 1778 radendum,
921 1713 1024 1766 hoc
1050 1719 1134 1765 est
1159 1717 1390 1763 mentem
1430 1709 1758 1778 purgandam
1786 1722 1815 1761 a
1845 1721 1973 1775 pra-
2005 1689 2050 1747 Β
2079 1717 2187 1763 tam
2226 1724 2324 1778 pro
2350 1717 2594 1778 peccato,
2632 1718 2689 1764 et
2726 1710 2948 1766 arietem
2989 1710 3386 1764 immaculatum
3417 1710 3645 1763 hostiam

403 1810 482 1863 vis
511 1805 949 1877 cogitationibus,
973 1812 1028 1857 et
1055 1800 1411 1857 delectatione
1442 1800 1600 1855 noxia
1632 1800 1895 1870 intelligat
1920 1800 1973 1854 in

401 1900 584 1953 eadem
636 1897 841 1951 scilicet
894 1895 979 1949 die
1028 1892 1366 1964 purgationis
1399 1906 1530 1958 suto,
1564 1902 1617 1947 et
1654 1908 1843 1948 rursus
1891 1907 1975 1947 se-

400 1988 597 2053 ptima;
644 1986 696 2039 in
742 1985 856 2053 ipso
897 1982 1082 2052 utique
1110 1990 1349 2051 tempore
1381 1982 1830 2052 compunctionis,
1866 1996 1975 2051 quo

401 2078 674 2148 cognoscit
701 2092 759 2131 se
785 2076 1095 2145 deliquisse,
1138 2090 1167 2127 a
1199 2082 1343 2128 reatu
1381 2074 1601 2129 festinet
1626 2075 1975 2145 semetipsum

402 2167 683 2231 mundare,
715 2174 769 2221 et
797 2180 893 2237 per
928 2179 1089 2222 onme
1115 2173 1324 2233 tempus
1352 2165 1473 2218 vita:
1502 2164 1733 2220 similem
1766 2166 1974 2218 ruinam

401 2259 500 2311 sibi
527 2259 745 2313 evenire
769 2258 1133 2327 pertimescat.
1165 2253 1220 2309 ln
1248 2263 1441 2309 octavo
1470 2263 1647 2308 autem
1674 2254 1763 2308 die
1787 2252 1977 2308 offeret

403 2351 536 2403 duos
575 2359 815 2403 turtures
846 2347 930 2401 vel
957 2347 1093 2401 duos
1119 2345 1291 2416 pullos
1325 2346 1588 2401 columba:
1622 2346 1889 2399 sacerdoti
1921 2346 1975 2400 in

405 2440 623 2494 introitu
674 2439 892 2493 hederis
936 2438 1251 2492 testimonii.
1302 2436 1538 2491 Octavus
1566 2437 1682 2491 dies
1726 2451 1973 2491 resurre-

402 2530 600 2585 ctionis
642 2538 854 2598 tempus
894 2528 1198 2599 signiﬁcat;
1249 2528 1354 2583 duo
1395 2537 1635 2582 turtures
1669 2529 1993 2592 castitatem,

404 2621 531 2691 pulli
560 2620 821 2675 columine
849 2618 1266 2688 simplicitatem.
1305 2618 1561 2687 Quisquis
1585 2634 1715 2689 ergo
1739 2626 1890 2687 optat
1917 2632 1976 2672 se

404 2713 471 2766 ad
512 2712 961 2766 resurrectionem
999 2711 1280 2764 beatorum
1318 2710 1612 2779 pertinere,
1642 2709 1709 2763 ad
1752 2710 1975 2772 immor-

408 2802 667 2856 talitatem
700 2799 934 2855 futuram
963 2807 1273 2854 sanctorum
1302 2800 1628 2869 pertingere,
1662 2798 1853 2854 oderat
1890 2815 1977 2855 sa-

403 2892 608 2947 cerdoti
628 2899 836 2956 nostro,
858 2891 950 2960 qui
978 2892 1323 2961 semetipsum
1344 2892 1540 2946 obtulit
1564 2908 1663 2962 pro
1683 2892 1859 2957 nobis,
1886 2908 1976 2948 ca-

406 2983 643 3037 stitatem
681 2992 786 3036 tam
814 2981 1061 3051 corporis.
1082 2996 1242 3050 quam
1273 2981 1435 3035 etiam
1465 2983 1665 3047 cordis,
1690 2990 1745 3037 et
1772 2982 1977 3052 simpli-

406 3076 621 3128 citatem
645 3074 838 3127 anima:
868 3073 920 3125 in
946 3072 1050 3127 ﬁde
1075 3072 1358 3137 catholica,
1386 3089 1481 3143 per
1503 3089 1663 3143 quem
1689 3088 1747 3129 se
1772 3074 1975 3128 intrare

406 3164 461 3217 in
490 3164 782 3219 Eeclesiam
815 3163 1080 3226 meminit,
1121 3170 1179 3215 ut
1208 3179 1304 3232 per
1333 3165 1466 3216 tanti
1494 3164 1764 3231 pontiﬁcis
1794 3165 1973 3232 opitu-

406 3251 661 3305 lationem
690 3267 720 3304 a
750 3251 955 3319 peccati
1025 3252 1346 3317 contagione
1396 3253 1665 3321 expietur.
1696 3252 1975 3325 Facietque

407 3342 650 3395 sacerdos
686 3358 845 3394 unum
885 3357 978 3410 pro
1014 3352 1255 3410 peccato,
1289 3352 1335 3395 et
1373 3341 1597 3395 alterum
1638 3344 1692 3396 in
1728 3342 1976 3397 Italocau-

405 3442 565 3496 stum,
597 3446 718 3485 cum
759 3446 880 3485 eum
912 3430 1075 3485 faciet
1109 3432 1300 3486 timore
1327 3431 1583 3500 gehennae
1609 3448 1707 3502 pro
1737 3434 1976 3503 peccatis

406 3521 521 3577 suis
549 3535 782 3591 gemere,
817 3536 915 3577 nec
950 3537 1056 3576 non
1101 3530 1155 3577 et
1184 3538 1281 3590 pro
1307 3523 1575 3577 desiderio
1602 3524 1726 3578 vita:
1760 3532 1977 3580 aeternae

405 3615 667 3671 intentius
700 3600 989 3685 suspirare.
1018 3616 1305 3685 Deprecari
1335 3617 1482 3670 enim
1514 3618 1767 3673 sacerdos
1793 3629 1978 3674 noster

406 3722 505 3775 pro
543 3705 702 3761 nobis
738 3706 952 3770 dicitur,
995 3706 1107 3760 sive
1149 3706 1273 3775 quia
1315 3707 1429 3775 ipse
1463 3708 1754 3764 advocatus
1792 3721 1978 3765 noster

404 3805 487 3849 est
522 3796 661 3866 apud
696 3795 910 3850 Patrem
953 3798 1245 3851 secundum
1275 3798 1683 3863 luunanitatem,
1713 3800 1827 3854 sive
1851 3802 1976 3869 quia

405 3899 501 3953 per
539 3885 797 3955 Spiritum
848 3886 929 3938 sui
979 3887 1205 3955 gratiam
1253 3886 1380 3940 facit
1429 3904 1530 3943 nos
1576 3889 1977 3959 nobismetipsis

405 3976 696 4030 salubriter
741 3977 1032 4045 postulare.
1088 3977 1240 4031 Unde
1282 3988 1337 4031 et
1378 3978 1576 4034 Paulus
1622 3980 1753 4035 dicit
1797 3997 1808 4033 '.
1859 3983 1977 4051 Ipse

403 4069 540 4121 enim
566 4067 794 4136 Spiritus
827 4066 1055 4136 postulat
1074 4083 1166 4137 pro
1199 4069 1346 4122 nobis
1381 4070 1654 4139 gemitibus
1696 4073 1974 4127 inenarrav

405 4156 592 4209 bilibus
633 4154 810 4226 (Rom.
836 4156 975 4225 v.11).
1026 4155 1141 4219 Non
1186 4157 1328 4226 quod
1373 4157 1607 4227 Spiritus
1638 4160 1751 4229 ipse
1778 4172 1971 4231 gemat,

405 4248 494 4316 qui
534 4257 727 4301 natura
770 4247 1143 4316 impassibilis,
1188 4249 1283 4303 sed
1312 4250 1454 4319 quod
1491 4266 1591 4305 nos
1628 4266 1724 4320 per
1748 4252 1977 4322 inspira-

410 4341 602 4393 tioncm
633 4354 785 4393 suam
814 4353 1027 4408 gemere
1055 4337 1183 4393 facit
1216 4354 1313 4408 pro
1343 4340 1551 4395 delictis
1581 4342 1800 4405 nostris.
1841 4342 1969 4397 San-

402 4429 769 4498 ctiﬁcabitque
799 4431 899 4485 iste
926 4431 1178 4485 sacerdos
1203 4442 1360 4502 caput
1390 4432 1626 4489 Νεαίηωί
1663 4435 1716 4489 in
1741 4436 1828 4490 die
1858 4437 1969 4502 illo,

405 4528 459 4571 et
497 4520 834 4574 consecrahit
865 4521 1092 4574 Domino
1134 4521 1249 4575 dies
1291 4522 1646 4590 separationis
1684 4524 1821 4592 ejus,
1850 4541 1970 4579 cum

408 4617 640 4663 mentem
693 4610 1018 4664 continentis
1079 4619 1289 4664 erutam
1348 4626 1379 4664 a
1433 4612 1639 4667 carnali
1684 4614 1970 4678 desiderio,

402 4697 791 4752 continentiam
821 4699 1114 4769 spiritalem
1146 4701 1690 4770 irreprcheusihiliter
1717 4704 1973 4759 exhibere

407 4786 710 4852 donaverit,
742 4788 1015 4843 offerendo
1044 4804 1239 4859 agnum
1276 4789 1580 4844 armiculum
1608 4806 1707 4860 pro
1730 4802 1973 4861 peccato,

408 4880 512 4933 hoc
538 4888 622 4933 est
663 4879 998 4937 innocentem
1040 4884 1202 4938 vitam
1240 4899 1339 4953 pro
1374 4885 1686 4950 criminosa,
1717 4889 1974 4959 simplici-

409 4978 573 5024 tatem
598 4968 960 5026 Christianam
990 4989 1089 5043 pro
1113 4975 1346 5029 versutia
1376 4974 1659 5041 diabolica.
1689 4977 1762 5033 ita
1793 4987 1970 5035 tamen

408 5069 465 5113 ut
509 5058 642 5113 nihil
688 5059 794 5114 sibi
838 5072 1129 5128 praesumat
1175 5062 1243 5117 de
1290 5062 1517 5131 pristina
1565 5068 1974 5125 conversatione

406 5152 520 5204 sive
548 5148 614 5203 de
643 5147 852 5203 actibus
890 5148 1113 5217 iustitiae
1156 5151 1445 5220 pneteritis
1491 5154 1831 5223 applauderc,
1876 5161 1971 5214 sed

407 5242 580 5312 magis
610 5250 669 5296 ut
710 5241 765 5295 in
804 5241 914 5297 sola
946 5243 1118 5314 gratia
1147 5243 1385 5299 caelestis
1415 5246 1651 5301 auctoris
1686 5248 1969 5316 innitatur,

407 5332 559 5403 cujus
585 5333 725 5388 dono
751 5331 1026 5402 percipere
1051 5332 1210 5388 debet
1236 5333 1446 5387 veniam
1472 5346 1816 5404 peccatorum
1843 5355 1969 5395 suo-

409 5439 551 5487 rum,
597 5435 653 5479 et
701 5423 917 5493 assequi
959 5422 1186 5494 gratiam
1235 5424 1639 5494 sempiternam.
1694 5428 1841 5485 Unde
1885 5430 1972 5484 hic

409 5514 665 5581 scriptum
696 5523 778 5569 est
805 5532 817 5567 :
849 5513 970 5568 Dies
1001 5512 1200 5582 priores
1224 5514 1359 5567 irriti
1383 5514 1540 5583 ﬁunt,
1578 5517 1826 5586 quoniam
1861 5519 1974 5588 pol-

407 5605 518 5657 tota
551 5617 622 5658 est
644 5606 990 5671 sanctiﬁcatio
1013 5606 1144 5674 ejus.
1191 5604 1325 5671 Quia
1366 5606 1505 5663 sicut
1533 5623 1627 5675 per
1656 5609 1971 5677 prophetam

2074 1798 2373 1869 paciﬁcum.
2408 1799 2616 1870 Agnum
2646 1800 2953 1854 anniculam
2986 1800 3392 1855 immaculatum
3419 1799 3645 1853 Domino

2076 1889 2131 1943 in
2157 1889 2528 1945 holocaustum
2553 1889 2731 1955 oﬂ'ert,
2758 1892 2848 1960 qui
2877 1900 3043 1946 totam
3065 1906 3213 1960 spem
3242 1907 3395 1946 suam
3423 1892 3477 1946 in
3508 1892 3646 1946 illius

2076 1981 2198 2051 agni
2230 1979 2666 2035 immaculatione
2695 1981 2867 2050 ponit,
2897 1995 3056 2051 quem
3089 1979 3325 2036 Joannes
3353 1982 3517 2052 digito
3553 1982 3647 2035 de-

2076 2078 2407 2137 monstrans,
2441 2071 2581 2126 dixit
2620 2088 2635 2125 :
2681 2071 2815 2125 Ecce
2856 2088 3024 2142 agnus
3067 2071 3183 2136 Dei,
3228 2088 3342 2126 ecce
3380 2074 3471 2142 qui
3514 2071 3646 2125 toliit

2075 2172 2285 2231 peccata
2310 2160 2490 2216 mundi
2515 2162 2697 2235 (Joan.
2726 2163 2787 2237 ι).
2837 2164 3012 2235 ipsum
3039 2179 3167 2234 ergo
3197 2163 3249 2218 in
3277 2163 3647 2219 holocaustum

2076 2254 2253 2319 otl'ert,
2284 2271 2406 2309 cum
2432 2271 2531 2326 pro
2566 2256 2683 2327 ejus
2709 2273 2894 2312 amore
2934 2258 3114 2312 carnis
3150 2256 3416 2312 desideria
3460 2257 3647 2310 morti-

2079 2346 2309 2410 ﬁcando,
2341 2353 2505 2400 totam
2534 2347 2701 2401 vitam
2729 2347 2957 2415 spiritali
2982 2348 3173 2402 ardore
3201 2362 3342 2402 verte
3370 2347 3648 2402 charitatis

2078 2444 2476 2490 concrematam
2507 2436 2735 2491 Domino
2781 2447 3085 2492 consecrat.
3130 2437 3248 2507 Ipse
3277 2452 3431 2492 ovem
3464 2438 3649 2491 imma-

2077 2524 2311 2579 culatum
2360 2542 2457 2596 pro
2516 2537 2742 2597 peccato
2771 2527 2949 2593 oli‘ert,
2977 2544 3100 2584 cum
3147 2527 3263 2596 ejus
3292 2538 3519 2585 mortem
3572 2530 3650 2582 in-

2078 2626 2362 2672 nocentem
2405 2633 2504 2688 pro
2547 2617 2884 2673 absolutione
2927 2628 3293 2689 peccatorum,
3342 2626 3398 2673 et
3443 2619 3652 2673 redem—

2077 2707 2257 2776 ptione
2293 2708 2513 2762 humani
2545 2708 2760 2779 generis
2811 2708 3134 2773 confectam,
3186 2709 3413 2764 ﬁdeliter
3459 2709 3649 2764 credit.

2076 2798 2195 2868 ipse
2217 2799 2440 2853 arietem
2467 2798 2872 2854 immaculatum
2899 2799 3127 2854 hostiam
3150 2800 3436 2870 paciﬁcam
3458 2797 3649 2860 defert,

2078 2905 2202 2945 cum
2233 2892 2409 2961 ipsum
2439 2906 2558 2946 esse
2584 2891 2828 2958 conﬁdit,
2855 2892 2946 2961 qui
2972 2908 3070 2962 per
3096 2892 3545 2963 dispensationem
3576 2892 3648 2945 in-

2079 2984 2412 3038 carnationis
2461 3000 2573 3039 suae
2620 2985 2924 3054 paciﬁcavit
2975 2986 3217 3041 caelestia
3249 2994 3305 3039 et
3351 2986 3644 3049 terrestria,

2002 3056 2047 3119 Ο
2078 3088 2351 3129 evacuans
2387 3091 2604 3129 omnem
2637 3076 2999 3147 principatum
3041 3086 3095 3131 et
3125 3086 3470 3147 potestatem,
3502 3095 3645 3147 quem

2076 3165 2324 3220 exultavit
2350 3166 2491 3221 Deus
2522 3167 2699 3232 Pater,
2740 3180 2787 3223 et
2819 3170 3027 3224 donavit
3073 3171 3149 3224 illi
3193 3188 3379 3225 nomen
3404 3173 3542 3242 quod
3573 3182 3643 3224 est

2074 3273 2231 3328 super
2254 3274 2406 3312 omne
2441 3276 2644 3322 nomen,
2683 3271 2740 3313 ut
2768 3262 2823 3315 in
2864 3262 3068 3316 nomine
3093 3262 3307 3315 Domini
3332 3261 3461 3316 .lcsu
3503 3279 3645 3315 omne

2075 3362 2206 3416 genu
2230 3347 2496 3415 ﬂectatur,
2522 3348 2828 3415 ctelestium,
2853 3353 3174 3406 terrestrium
3217 3362 3264 3405 et
3302 3351 3642 3421 infernarum,

2076 3450 2122 3492 et
2145 3440 2313 3492 omnis
2342 3438 2521 3510 lingua
2543 3441 2854 3509 conﬁteatur
2895 3444 3019 3514 quia
3046 3442 3297 3498 Dominus
3325 3443 3478 3497 Iesus
3501 3441 3645 3497 Chr.-

2075 3542 2184 3587 stus
2223 3533 2276 3587 in
2312 3532 2478 3603 gloria
2509 3545 2582 3588 est
2615 3533 2708 3588 Dei
2731 3534 2909 3590 Patris
2935 3535 3195 3608 (Philipp.
3216 3537 3276 3606 I).
3302 3536 3644 3608 Tropologice

2077 3630 2255 3678 autem
2294 3639 2492 3695 agnum
2520 3624 2681 3681 ofl‘ert
2707 3626 3111 3682 immaculatum
3153 3628 3208 3682 in
3251 3628 3640 3691 holocaustum,

2076 3713 2169 3783 qui
2199 3714 2599 3783 simplicitatem
2643 3716 2825 3771 cordis
2870 3732 2993 3771 cum
3037 3718 3321 3773 devotione
3369 3719 3642 3774 charitatis

2077 3803 2186 3858 Deo
2213 3804 2452 3859 exhibet.
2482 3804 2649 3860 Ovem
2677 3804 2837 3861 offert
2870 3806 2965 3876 qui
2990 3806 3355 3864 innocentiam
3404 3809 3458 3865 in
3485 3824 3644 3879 opere

2075 3894 2142 3971 ad
2170 3893 2474 3971 exemplum
2506 3894 2625 3950 aliis
2648 3898 2871 3965 prmbet.
2900 3896 3140 3952 Arictcm
3167 3914 3383 3969 quoque
3416 3899 3639 3955 hostiam

2066 3964 2357 4051 paciﬁcam
2398 3981 2578 4049 olfert,
2613 3964 2735 4039 cum
2776 3987 3130 4056 semetipsum
3168 3964 3312 4043 bene
3347 4004 3553 4059 rmore,
3590 3998 3643 4043 et

2077 4069 2130 4122 in
2152 4070 2237 4122 via
2262 4071 2637 4126 mandatorum
2660 4071 2754 4127 Dei
2781 4074 2981 4129 ducere
3002 4074 3298 4140 contendit,
3324 4091 3638 4147 carnemque

2076 4160 2327 4215 rebellem
2350 4161 2573 4230 spiritus
2599 4163 2823 4232 imperio
2846 4165 3114 4236 subjicere
3159 4176 3320 4237 atque
3342 4169 3639 4224 coadunare

2076 4251 2340 4308 decertat.
2373 4253 2578 4310 Dehinc
2604 4256 2884 4313 subditur:

2149 4340 2447 4397 Canistrum
2470 4362 2671 4416 quoque
2708 4364 2904 4416 panum
2934 4366 3239 4421 azymorum
3267 4356 3356 4424 qui
3385 4355 3636 4424 conspersi

2077 4432 2179 4486 sint
2209 4432 2339 4497 oleo,
2375 4443 2424 4488 et
2467 4434 2660 4505 lagona
2698 4437 2889 4509 absque
2930 4440 3181 4509 fermento
3222 4455 3378 4498 uncta
3415 4444 3545 4510 aleo,
3576 4461 3634 4497 ae

2075 4523 2326 4578 libamina
2360 4525 2686 4596 singulorum
2715 4545 2832 4598 qua:
2869 4531 3019 4600 o/fert
3052 4534 3297 4589 sacerdos
3338 4552 3512 4590 coram
3536 4535 3632 4590 Da-

2077 4616 2236 4681 mino,
2259 4626 2305 4670 et
2333 4617 2488 4686 faciet
2511 4627 2618 4673 tam
2635 4636 2730 4689 pro
2753 4633 2988 4690 peccato,
3008 4642 3168 4696 quam
3188 4628 3242 4682 in
3260 4628 3628 4684 holocaustum.

2077 4703 2385 4762 Canistrum
2416 4709 2505 4763 ubi
2554 4726 2719 4779 panes
2754 4715 2982 4783 appositi
3021 4715 3343 4780 oﬂ'eruntur,
3374 4718 3631 4788 signiﬁcat

2080 4794 2416 4865 Scripturam
2467 4812 2712 4856 sanctam
2742 4802 2829 4857 ubi
2862 4804 3084 4861 reiectio
3115 4817 3201 4862 est
3242 4809 3500 4878 spiritalis
3541 4808 3631 4862 ali-

2077 4885 2288 4951 moniae,
2320 4890 2627 4959 evangelica
2674 4892 2919 4948 doctrina
2955 4910 3247 4966 conspersa
3279 4905 3443 4969 atque
3478 4913 3631 4967 copu-

2079 4975 2184 5032 lata
2232 4977 2352 5035 oleo
2398 4980 2619 5048 laetitiae,
2646 4984 2819 5054 gratia
2861 4986 3108 5044 videlicet
3158 4989 3391 5060 Spiritus
3440 4992 3627 5047 sancti.

2076 5065 2151 5121 lbi
2188 5076 2244 5121 et
2284 5067 2471 5139 lagana
2518 5082 2679 5128 uncta
2717 5075 2860 5142 oleo,
2906 5077 2988 5132 les
3028 5087 3180 5135 vetus
3218 5083 3409 5138 eodem
3436 5081 3633 5152 Spiritu

2076 5157 2283 5249 dicam,
2304 5159 2534 5249 levigata
2564 5180 2629 5218 ac
2661 5173 2957 5236 temperata
2993 5169 3044 5223 in
3084 5170 3370 5228 utilitatem
3414 5175 3629 5229 audien-

2078 5246 2227 5300 tium.
2271 5246 2622 5317 Htec'absque
2651 5254 2916 5313 fermento
2943 5260 3160 5316 malitire
3185 5263 3433 5321 videlth
3468 5276 3521 5321 et
3547 5281 3631 5320 ue-

2074 5336 2257 5404 quitia:
2283 5353 2403 5393 cum
2436 5341 2785 5401 libaminibus
2808 5347 3164 5419 singulorum,
3192 5355 3445 5422 quoniam
3469 5357 3629 5425 gratia

2075 5428 2348 5495 spiritalis,
2381 5442 2437 5487 et
2477 5434 2529 5488 in
2569 5436 2685 5504 lege
2727 5449 2779 5492 et
2805 5440 2857 5494 in
2903 5441 3215 5513 Evangelio,
3246 5446 3494 5504 omnibus
3538 5448 3630 5502 rite

2076 5518 2493 5587 intelligentihus
2526 5535 2692 5594 patet.
2730 5528 2853 5583 Ihcc
2882 5546 3011 5600 ergo
3056 5534 3308 5589 sacerdos
3347 5534 3504 5591 otl‘crt
3544 5552 3624 5591 co—

2078 5626 2190 5664 ram
2222 5611 2466 5680 Domino,
2495 5620 2709 5685 quando
2735 5622 2983 5676 meritum
3028 5624 3448 5696 uniuscujusque
3480 5637 3531 5681 et
3564 5627 3631 5679 la-

3620 5878 3701 5913 4ο
