3932 6188
291 371 387 426 6‘25

999 363 1535 422 ENAIIIIA'I‘IONES
1572 364 1639 418 IN
1682 363 1944 420 LIBRUM
1987 361 2450 420 NUMERORUM.
2495 395 2564 404 —
2603 364 2733 420 LIB.
2771 365 2812 420 1.

3440 367 3542 424 6:26

290 488 467 540 berem
505 495 664 550 quem
697 478 750 532 in
781 477 876 531 Dei
911 477 1132 532 servitio
1171 477 1378 542 habuit,
1417 477 1852 531 meditationcm—
1886 485 1931 538 Λ
1961 476 2072 530 ait:
2099 476 2265 532 Omne
2301 477 2488 532 datum
2537 479 2810 547 optimum,
2852 489 2897 532 et
2945 496 3095 534 omne
3139 482 3333 538 (totum;
3371 489 3543 554 perfe-

285 589 386 646 que
417 581 472 628 et
495 569 930 626 observationem
962 568 1156 622 divina:
1202 568 1334 639 legis
1374 568 1597 622 humani
1643 569 1859 639 generis

287 665 610 734 Redemptor
661 661 720 718 in
767 666 1056 728 conspectu
1106 659 1334 712 divinita
1363 659 1408 712 is
1463 659 1862 712 remunerando

285 759 654 826 reprzesentat,
703 765 826 806 cum
859 764 985 804 eum
1035 763 1132 820 per
1182 749 1486 820 ingressum
1521 749 1662 814 vine,
1703 758 1860 819 pacto

281 847 410 905 boui
459 843 639 914 operis
683 841 1000 901 certamine,
1041 839 1196 894 donis
1233 839 1572 910 spiritalibus
1607 839 1859 906 ditat—um,

281 939 346 994 ad
371 934 882 1005 contemplationem
906 931 1000 986 Dci
1030 931 1207 986 Patris
1239 931 1503 1000 perducit.

350 1028 388 1080 Α
399 1028 578 1082 rietem
603 1042 720 1080 vero
750 1021 1040 1078 inmwlabit
1064 1022 1289 1076 hostiam
1313 1021 1590 1093 paciﬁcum
1613 1023 1860 1088 Domino,

282 1120 504 1189 offerens
537 1115 696 1171 simul
725 1115 1013 1169 canistrum
1041 1128 1344 1182 azymorum
1370 1121 1418 1166 et
1441 1111 1719 1168 libamenta
1745 1132 1864 1185 qum

282 1227 342 1265 es
383 1225 533 1262 aiore
561 1206 831 1260 debentur.
879 1203 1106 1271 Quando
1129 1218 1252 1256 eum
1279 1201 1500 1274 dignata
1548 1219 1861 1258 remunera-

282 1301 429 1354 tione
465 1305 740 1368 pcrpetn‘ae
773 1295 972 1367 quietis
1007 1293 1264 1358 ostendit,
1317 1309 1415 1363 pro
1456 1294 1762 1365 principatu
1809 1304 1865 1350 ct

280 1391 478 1444 ducatu
507 1402 616 1456 quo
640 1385 992 1455 semetipsum
1037 1385 1174 1438 bene
1223 1398 1430 1451 regere,
1480 1395 1534 1438 et
1575 1385 1628 1440 in
1671 1386 1862 1440 semita

281 1489 430 1534 recta
482 1476 858 1531 mandatorum
910 1473 1006 1529 Dei
1068 1472 1266 1528 ducere
1327 1476 1643 1540 consuevit,
1697 1477 1865 1530 vitam

277 1585 434 1625 suam
485 1567 694 1622 scilicet
760 1565 1064 1619 ordinando
1121 1564 1418 1619 secundum
1459 1564 1864 1636 Scripturarum

273 1673 564 1714 sacrarum
609 1656 929 1720 doctrinam,
962 1663 1018 1709 et
1061 1655 1296 1725 gratiam
1339 1654 1702 1725 spiritualium
1741 1657 1868 1711 cha-

278 1751 588 1804 rismatum.

1963 579 2132 634 ctum,
2181 571 2456 625 desursum
2498 581 2596 635 est,
2639 571 2954 626 descendens
2983 589 3014 626 a
3057 570 3218 628 Patre
3262 575 3540 646 luminum,

1962 663 2104 733 apud
2142 679 2295 734 quem
2335 680 2438 718 non
2484 675 2558 717 est
2603 665 2996 730 transmutatio,
3036 682 3128 719 nec
3171 667 3544 723 vicissitudinis

1963 753 2292 808 obumbratio
2319 754 2527 822 (Iacob.
2561 753 2620 826 ι).
2673 753 2964 810 Videamus
3000 772 3130 826 ergo
3177 757 3304 827 quid
3343 758 3410 812 de
3439 759 3544 812 Na-

1963 858 2140 898 zarzeo
2171 851 2292 913 post
2347 843 2676 898 oblationem
2737 843 3031 914 perfectam
3062 844 3342 916 Scriptura
3371 846 3538 901 dicat.

1971 933 2093 988 Post
2133 933 2275 998 haec,
2320 933 2524 1002 inquit,
2573 944 2738 1004 potest
2783 933 2954 988 bibere
3003 932 3299 990 Nasara’us
3347 937 3544 990 vinum.

1963 1025 2092 1080 Post
2137 1025 2252 1079 hare
2291 1039 2440 1095 ergo,
2490 1025 2542 1080 id
2587 1033 2696 1090 est,
2742 1033 2866 1096 post
2915 1037 3118 1080 rectam
3166 1026 3543 1089 intentionem,

1964 1123 2089 1186 post
2123 1115 2499 1170 rationabilem
2550 1117 2991 1185 promissionem,
3038 1125 3161 1186 post
3207 1119 3331 1172 boni
3366 1120 3548 1186 operis

1965 1206 2374 1278 perfectionem,
2417 1216 2472 1262 et
2500 1215 2622 1277 post
2647 1209 2817 1263 totius
2841 1207 3044 1263 laboris
3073 1209 3259 1274 ﬁnem,
3291 1225 3356 1264 ac
3384 1209 3546 1280 justae

1966 1295 2234 1350 mercedis
2287 1295 2739 1362 retributionem,
2807 1304 2989 1367 potest
3035 1297 3220 1352 bibere
3259 1298 3548 1354 Nazarzeus

1963 1402 2177 1451 vinum,
2208 1389 2312 1442 hoc
2337 1395 2420 1442 est
2445 1387 2690 1458 spiritale
2718 1389 2940 1444 haurire
2969 1389 3127 1458 plene
3161 1390 3382 1444 donum.
3411 1391 3544 1458 Quia

1965 1486 2172 1548 quanto
2209 1477 2449 1542 liberius,
2487 1489 2640 1534 tanto
2671 1480 2906 1546 felicius,
2943 1491 3000 1536 et
3031 1491 3236 1552 quanto
3271 1485 3544 1552 capacius,

1966 1578 2121 1626 tanto
2165 1570 2388 1626 uberius
2416 1587 2614 1627 munus
2663 1588 2910 1643 superna:
2941 1575 3128 1646 gratia:
3173 1576 3420 1646 percipit,
3459 1591 3545 1630 se-

1967 1659 2203 1714 cundum
2241 1659 2558 1730 Apostolum
2605 1662 2874 1716 dicentem
2921 1681 2932 1716 :
2982 1663 3138 1718 Nunc
3185 1665 3416 1719 ridemus
3459 1681 3549 1734 per

1969 1747 2235 1819 speculum
2268 1751 2322 1803 in
2345 1749 2639 1820 mrtigmatc,
2680 1761 2802 1804 tunc
2823 1762 2999 1806 autem
3043 1753 3178 1821 facie
3226 1755 3294 1808 ad
3337 1754 3545 1823 faciem.

346 1841 500 1894 Tunc
532 1839 678 1894 radet
709 1836 1004 1892 Nazm'trus
1037 1845 1157 1891 ante
1192 1837 1384 1891 ostium
1416 1837 1741 1892 tabernaculi
1771 1838 1855 1908 [ωε
1891 1827 1940 1886 Β
1970 1837 2125 1894 Nunc
2161 1841 2520 1910 cognoscimus
2555 1859 2620 1896 ex
2647 1854 2816 1913 parte,
2837 1853 2959 1897 tunc
2990 1855 3162 1900 autem
3186 1863 3549 1917 cognoscemus

273 1932 418 1988 deris
459 1929 727 1984 cursariem
757 1927 1164 1982 consecrationis
1199 1943 1344 1992 sum;
1372 1925 1616 1998 tolletque
1642 1926 1863 1998 capillos

271 2023 418 2092 ejus,
441 2028 490 2074 et
527 1999 680 2089 ponet
705 2034 860 2088 super
885 2019 1078 2088 ignem,
1103 2017 1190 2088 qui
1219 2027 1292 2071 est
1319 2017 1676 2087 superpositus
1698 2018 1864 2071 sacri-

273 2113 397 2183 ﬁcio
441 2111 806 2183 paci/iceram.
863 2108 1002 2176 Quid
1049 2118 1135 2163 est
1180 2108 1322 2178 quod
1354 2107 1597 2164 Nazarari
1641 2108 1864 2179 capillos

275 2203 548 2268 nutriunt,
579 2201 684 2254 nisi
721 2195 864 2271 quo'd
901 2215 998 2270 per
1027 2199 1192 2254 vitam
1244 2214 1451 2270 magna:
1495 2200 1860 2266 continentia;

273 2293 761 2366 prmsumptiouum
788 2291 1144 2362 cogitationes
1171 2290 1454 2346 crescunt?
1487 2289 1594 2346 Sed
1623 2291 1751 2361 quid
1780 2298 1865 2346 cst

272 2387 440 2455 quod,
473 2383 759 2440 devotione
788 2381 1074 2454 completa,
1107 2391 1268 2452 caput
1313 2381 1600 2437 Nazarzeus
1650 2383 1858 2440 radere.
1911 2376 1918 2382 ’

273 2476 615 2546 capillosque
659 2473 715 2528 in
761 2473 884 2543 igne
933 2473 1184 2528 sacriﬁcii
1226 2487 1427 2542 ponere
1469 2473 1712 2544 jubetur,
1759 2473 1860 2526 nisi

273 2569 423 2639 quod
473 2575 602 2621 tunc
647 2566 714 2620 ad
764 2563 1117 2636 perfectionis
1167 2579 1431 2618 summam
1481 2565 1860 2634 pertingimus,

273 2676 400 2716 cum
433 2660 515 2714 sic
538 2657 866 2713 exteriorem
898 2655 1064 2710 vitam
1097 2655 1382 2718 vincimus,
1415 2662 1476 2708 ut
1507 2655 1674 2710 etiam
1717 2653 1865 2724 cogi-

273 2753 518 2806 tationes
560 2746 862 2818 superﬂuas
899 2761 931 2800 a
957 2755 1136 2800 mente
1167 2761 1513 2800 resecemus:
1543 2760 1679 2814 quas
1707 2743 1866 2797 nimi-

275 2858 398 2898 rum
428 2840 682 2896 sacriﬁcii
705 2839 827 2910 igne
849 2852 1220 2902 concremare,
1238 2845 1320 2891 est
1340 2834 1554 2890 ﬂamma
1579 2851 1674 2890 eas
1697 2833 1866 2890 divini

274 2935 485 2991 amoris
511 2933 820 2999 incendere,
845 2939 905 2987 ut
927 2939 1096 2986 totum
1124 2946 1221 2986 cor
1246 2931 1301 2984 in
1321 2931 1414 2986 Dei
1439 2945 1624 2985 amore
1654 2929 1864 2995 ardeat,

272 3036 328 3082 et
355 3025 725 3097 cogitationes
753 3021 1054 3094 superﬂuas
1083 3037 1462 3086 concrematis,
1509 3021 1664 3092 quasi
1695 3019 1867 3075 Naza-

275 3115 368 3171 rau'
394 3112 644 3183 capillos,
679 3111 978 3168 devotionis
998 3111 1258 3180 perfectio
1281 3119 1582 3166 consumat.

1967 1931 2097 1985 sicut
2121 1941 2169 1986 et
2187 1931 2381 2002 cogniti
2401 1949 2580 1987 sumus
2609 1933 2660 2004 (I
2681 1932 2803 1988 Cor.
2838 1935 2982 2005 xm).

2573 2043 2803 2101 CAPUT
2843 2045 2932 2100 XI.

1969 2109 2067 2166 Ubi
2095 2112 2352 2168 Dominus
2369 2113 2522 2184 jubet
2545 2115 2805 2186 quomodo
2832 2116 3206 2170 benedicuntur
3225 2117 3324 2186 [iiii
3358 2116 3543 2172 Israel.

2037 2201 2213 2275 (Imm)
2254 2202 2586 2275 Locutusque
2608 2214 2683 2258 est
2704 2204 2963 2260 Dominus
2989 2207 3057 2260 ad
3086 2205 3302 2276 Moysen
3328 2209 3504 2262 dicens
3531 2223 3547 2258 .'

1967 2291 2200 2363 Loquere
2242 2293 2420 2348 Aaron
2472 2304 2522 2348 et
2561 2294 2690 2363 ﬁliis
2734 2296 2850 2366 ejus
2880 2311 2898 2350 :
2925 2295 3016 2351 Sic
3075 2297 3382 2353 benedicctis
3423 2300 3548 2369 filiis

1965 2381 2137 2436 Israel
2166 2393 2214 2437 et
2259 2383 2442 2438 dicetis
2473 2385 2546 2439 eis
2571 2399 2589 2436 :
2615 2384 2899 2442 Beuedicat
2935 2389 3030 2442 tibi
3073 2388 3328 2444 Dominus
3371 2403 3416 2445 et
3459 2410 3550 2446 cu-

1963 2475 2160 2529 stodiat
2185 2485 2252 2530 te.
2281 2474 2534 2531 Ostendat
2566 2476 2825 2532 Dominus
2853 2478 3043 2548 facient
3069 2497 3221 2535 suam
3248 2482 3341 2535 tibi
3370 2493 3418 2536 ct
3453 2486 3551 2538 mi»

1962 2575 2203 2620 sereatur
2233 2567 2346 2631 tui;
2373 2577 2634 2622 convertat
2675 2566 2931 2623 Dominus
2975 2569 3174 2624 vultum
3198 2588 3352 2624 suum
3384 2573 3454 2626 ad
3502 2583 3550 2627 tc

1964 2667 2014 2713 et
2049 2659 2134 2712 det
2179 2658 2272 2712 tibi
2305 2675 2504 2730 pacem.
2539 2659 2680 2726 Quid
2727 2676 2857 2731 ergo
2886 2661 2939 2715 in
2983 2661 3166 2733 Moyse
3208 2664 3309 2718 nisi
3347 2665 3452 2725 lex,
3497 2675 3550 2719 ct
3581 2709 3593 2717 .

1967 2753 2096 2822 quid
2123 2752 2176 2810 in
2215 2752 2394 2807 Aaron
2423 2762 2476 2808 ct
2503 2753 2628 2808 ﬁliis
2655 2753 2794 2824 ejus,
2835 2754 2938 2808 nisi
2984 2754 3346 2810 sacerdotium
3375 2757 3549 2811 eccle-

1966 2843 2246 2897 siasticum
2268 2843 2623 2910 exprimitur?
2646 2843 2868 2898 Instruit
2897 2859 3030 2915 ergo
3058 2844 3318 2900 Dominus
3345 2861 3442 2915 per
3467 2845 3550 2902 le-

1966 2949 2106 3004 gem,
2130 2942 2184 2989 et
2208 2935 2364 2988 docet
2383 2948 2482 3003 per
2505 2935 2747 2989 ordinem
2773 2937 3155 3006 magistrorum
3184 2939 3547 2996 sacerdotum.

1967 3041 2197 3096 quorum
2228 3023 2389 3080 oﬁicii
2423 3033 2504 3080 cst
2530 3033 2590 3080 ut
2616 3025 2870 3096 populum
2921 3027 3016 3082 Dei
3064 3041 3315 3082 sermone
3357 3028 3551 3097 praedi-

1971 3116 2200 3170 cationis
2259 3115 2545 3180 aediﬁcent,
2598 3122 2762 3186 atque
2809 3115 3126 3172 assiduitate
3175 3118 3438 3172 orationis
3487 3133 3552 3173 ac

345 3208 420 3262 Et
458 3222 668 3261 armum
711 3215 912 3258 coctum
954 3203 1150 3267 arietis,
1201 3213 1494 3275 tortamque
1536 3203 1725 3272 absque
1763 3201 1870 3272 fer—
1895 3175 1942 3236 (ἶ
1972 3206 2365 3262 Ῐιεηθ.²ἱοιὶοηίε
2417 3205 2778 3270 conﬁrment,
2832 3206 3066 3276 qualiter
3119 3205 3548 3261 ecclesiasticum

271 3309 454 3354 insuto
487 3313 658 3358 unum.
681 3299 745 3350 de
786 3295 1037 3359 canistro,
1067 3304 1113 3350 et
1153 3293 1400 3366 laganum
1437 3310 1680 3364 asymum
1705 3309 1868 3348 unum

274 3392 454 3446 tradet
506 3391 561 3444 in
607 3389 846 3442 manibus
876 3387 1128 3442 Ναπηταῆ
1169 3399 1444 3459 postquam
1493 3403 1668 3441 rasum
1710 3387 1868 3456 fuerit

272 3491 438 3549 caput
483 3479 630 3549 ejus;
675 3485 1015 3546 susceptaque
1061 3493 1268 3530 rursum
1313 3478 1378 3531 ab
1417 3494 1499 3543 eo,
1547 3476 1765 3530 elevabit
1813 3477 1868 3530 in

275 3579 564 3640 conspectu
608 3567 848 3631 Domini,
897 3577 943 3621 et
988 3567 1315 3636 sanctiﬁcata
1365 3567 1652 3622 sacerdotis
1690 3575 1866 3632 erunt,

275 3664 419 3716 sicut
471 3657 826 3731 pectusculum
873 3658 1013 3728 quod
1055 3659 1291 3728 scpirari
1333 3659 1544 3728 jussum
1587 3669 1660 3712 est
1705 3667 1752 3712 et
1792 3658 1865 3727 fe-

276 3769 425 3816 mur,
453 3761 562 3806 etc.
594 3754 817 3804 Annum
855 3765 983 3820 ergo
1010 3758 1221 3804 coctum
1253 3749 1438 3804 arietis
1467 3749 1644 3804 tradet
1684 3763 1868 3803 sacer-

225 3851 246 3862 “
277 3843 382 3897 dos
411 3842 466 3896 iu
495 3857 656 3894 manu
680 3839 1076 3902 Nazarmi,cum
1106 3839 1475 3894 fortitudinem
1506 3839 1630 3894 boni
1660 3841 1865 3909 operis,

276 3937 409 4006 igne
439 3932 804 3988 tribulationis
847 3940 1126 3986 cxcoctum
1156 3940 1318 3999 atque
1347 3931 1652 3999 probatum,
1685 3933 1870 3986 mundi

277 4025 544 4082 Salvator
618 4033 867 4080 sanctum
925 4039 1082 4078 suum
1131 4021 1241 4077 Deo
1288 4021 1625 4091 placabiliter
1676 4021 1870 4078 oﬁ'errc

277 4117 564 4174 tribuerit.
613 4114 814 4171 Tradet
855 4125 910 4169 et
953 4115 1204 4184 laganum
1249 4130 1518 4186 azymnm,
1567 4129 1690 4168 cum
1738 4113 1872 4185 legis

276 4207 573 4262 scicntiam
607 4222 702 4276 per
735 4207 934 4262 donum
966 4205 1202 4276 Spiritus
1227 4206 1398 4262 sancti
1425 4219 1591 4277 opere
1621 4221 1872 4261 consum-

279 4312 443 4352 mare
491 4296 795 4351 donaverit.
854 4295 1146 4367 Postquam
1202 4296 1382 4361 enim,
1437 4295 1629 4365 inquit,
1690 4311 1872 4350 rasum

281 4389 457 4444 fuerit
478 4397 643 4460 caput
671 4389 808 4458 ejus,
844 4397 1092 4459 suscepta
1131 4404 1322 4443 rursus
1359 4388 1427 4442 ab
1454 4403 1520 4442 eo
1547 4387 1782 4443 elevabit
1817 4387 1872 4442 in

279 4489 586 4551 conspectu
613 4479 845 4534 Domini.
876 4479 1020 4534 Raso
1049 4479 1264 4550 quidem
1283 4478 1460 4548 capite
1483 4477 1724 4532 Nazarzei
1755 4493 1873 4532 sus—

281 4574 422 4644 cipit
475 4571 842 4638 oblationem,
892 4581 946 4626 et
991 4571 1226 4628 clevabit
1274 4569 1420 4624 illam
1475 4571 1527 4622 in
1577 4577 1870 4640 conspectu

282 4663 533 4728 Domini,
579 4663 706 4732 quia
753 4678 876 4716 cum
923 4678 1044 4716 cum
1096 4659 1410 4731 spoliat/erit
1455 4658 1636 4714 carnis
1681 4673 1873 4714 corru-

282 4753 502 4822 ptione,
533 4761 589 4806 et
611 4767 865 4806 curarum
901 4749 1242 4805 sreularium
1281 4747 1574 4820 gravedine
1609 4747 1876 4803 liberave-l

283 4843 386 4908 rit,
415 4841 725 4896 oblationes
761 4843 1018 4896 virtutum
1056 4857 1192 4910 quas
1219 4839 1506 4894 continens
1541 4839 1654 4910 ipse
1678 4854 1874 4908 apera-

285 4943 384 4989 tus
439 4941 544 5000 est,
595 4933 929 5004 Redemptor
975 4943 1162 4988 noster
1217 4933 1529 5003 conspectui
1570 4933 1880 4988 Divinitatis

284 5033 630 5094 prasentarc
669 5024 996 5096 dignabitur,
1025 5039 1230 5093 suoque
1263 5024 1404 5080 dono
1444 5023 1608 5079 faciet
1637 5040 1763 5080 eum
1793 5039 1879 5080 re-

286 5113 575 5168 munerari
610 5123 871 5184 perpetua
899 5113 1146 5168 mercede
1177 5113 1228 5166 in
1253 5127 1423 5182 regno
1449 5113 1677 5169 caelesti.
1725 5110 1877 5168 Unde

287 5215 354 5262 et
391 5205 678 5261 subditur:
719 5206 783 5260 Et
829 5207 1159 5276 sanctiﬁcata
1207 5206 1493 5261 sacerdotis
1541 5217 1695 5261 erunt
1744 5207 1877 5262 sicut

283 5296 656 5368 pectusculum
683 5295 822 5368 quod
847 5296 1081 5368 separari
1103 5296 1314 5366 ju’ssum
1335 5304 1408 5348 est
1431 5306 1478 5348 et
1507 5295 1681 5364 femur
1707 5314 1724 5353 :
1752 5295 1875 5365 quia

287 5388 368 5442 ad
401 5386 605 5443 Christi
647 5387 874 5457 gloriam
928 5385 1243 5457 pertinebit,
1289 5385 1548 5454 quidquid
1597 5385 1876 5440 conservis

288 5479 417 5533 suis
441 5485 539 5531 aut
567 5487 716 5532 certe
747 5477 1010 5547 sapiebat,
1048 5483 1143 5530 aut
1171 5476 1275 5530 rite
1303 5473 1668 5540 desiderabat,
1703 5484 1794 5530 aut
1822 5475 1875 5528 in

290 5568 447 5622 bono
495 5581 660 5636 Opere
697 5573 1186 5632 consummaverat,
1236 5564 1402 5619 Paulo
1439 5573 1750 5632 attestante,
1785 5567 1878 5638 qui

292 5657 419 5712 ait:
447 5657 586 5712 Deus
623 5660 759 5713 enim
796 5659 885 5730 qui
921 5669 1168 5729 operatur
1199 5659 1252 5712 in
1287 5657 1432 5711 nobis
1466 5667 1512 5711 ct
1534 5658 1658 5712 velle
1683 5670 1730 5713 ct
1757 5677 1877 5730 per-

295 5749 460 5820 ﬁcere
480 5767 576 5816 pro
599 5749 733 5804 bona
761 5749 1020 5806 voluntate
1041 5749 1288 5820 (Philipp.
1307 5747 1548 5824 ll).Ulld-‘
1579 5759 1628 5805 et
1651 5749 1880 5807 lacubus

1969 3296 2670 3373 camventum_benedicant,
2723 3304 2780 3352 et
2813 3297 3074 3352 orationis
3125 3297 3342 3352 modum
3391 3313 3554 3368 snper

1969 3402 2062 3442 cos
2085 3387 2320 3441 ﬁrment.
2349 3385 2438 3442 Sic
2465 3387 2794 3449 benedicetis,
2819 3386 3014 3457 inquit,
3037 3387 3164 3456 ﬁliis
3190 3385 3379 3452 Israel,
3401 3397 3448 3441 et
3479 3389 3555 3440 di-

1970 3479 2096 3532 cetis
2123 3480 2194 3532 eis
2217 3493 2235 3530 :
2264 3478 2547 3533 Benedicat
2577 3487 2626 3532 te
2655 3478 2906 3532 Dominus
2941 3487 2990 3530 et
3015 3476 3277 3530 custodiat
3303 3487 3372 3530 te.
3405 3477 3460 3530 In
3488 3491 3553 3529 co

1969 3571 2112 3640 quod
2135 3571 2286 3634 dicit,
2314 3570 2583 3623 benedicat
2618 3580 2666 3623 te
2701 3569 2975 3630 Dominus,
3005 3576 3156 3637 optat
3183 3567 3546 3635 spiritualiqu

1970 3661 2360 3716 charismatum
2401 3659 2539 3713 dona
2587 3657 2802 3712 coalitus
2823 3671 2986 3726 super
3008 3670 3104 3710 eos
3133 3655 3354 3709 eﬂ'undi.
3399 3654 3466 3708 Et
3495 3655 3546 3708 in

1972 3767 2036 3806 co
2065 3749 2208 3820 quod
2233 3747 2528 3820 subjungit,
2551 3749 2618 3802 Et
2646 3749 2908 3802 custodiat
2930 3757 2996 3810 te,
3021 3746 3429 3823 omniuoﬁoect
3457 3760 3552 3814 po-

1973 3840 2278 3898 stulandum
2310 3839 2380 3896 ab
2403 3853 2492 3904 eo,
2531 3837 2676 3908 quod
2701 3846 2760 3892 ut
2793 3836 3258 3893 benedictionibus
3285 3835 3402 3904 ejus
3432 3851 3552 3906 per-

1973 3935 2222 4004 cipimus,
2251 3947 2348 3988 sua
2385 3931 2556 4002 gratia
2607 3931 2659 3985 in
2695 3930 2851 3986 nobis
2878 3939 3246 3995 conservetur,
3271 3929 3395 3998 quia
3439 3929 3552 3997 ipsa

1977 4024 2191 4080 Veritas
2215 4025 2290 4078 ait
2315 4041 2328 4078 ε
2357 4023 2485 4078 Sine
2507 4039 2590 4076 me
2625 4021 2756 4076 nihil
2777 4022 2991 4093 potestis
3027 4020 3200 4088 facere
3227 4018 3410 4089 (Joan.
3436 4018 3546 4086 xv).

1975 4118 2050 4172 De
2075 4132 2183 4186 quo
2207 4125 2262 4170 et
2287 4131 2384 4186 per
2415 4113 2760 4170 Psalmistam
2800 4111 2876 4167 ait
2905 4132 2918 4166 :
2948 4111 3068 4165 Nisi
3098 4111 3352 4164 Dominus
3381 4120 3554 4162 custo-

1975 4209 2129 4263 dierit
2157 4207 2436 4271 civitatem,
2463 4206 2520 4258 in
2545 4220 2737 4258 vanum
2765 4202 2981 4273 vigilant
3000 4201 3090 4270 qui
3112 4198 3414 4253 custodiunt
3436 4213 3550 4250 eam

1969 4297 2148 4370 (Psal.
2195 4294 2402 4365 cuvr).
2452 4295 2518 4348 Et
2553 4291 3010 4354 item:Custodit,
3057 4288 3254 4358 inquit,
3297 4287 3552 4340 Dominus

1977 4401 2152 4440 omnes
2193 4383 2464 4454 diligentes
2508 4398 2596 4446 se,
2654 4390 2704 4434 et
2749 4395 2924 4434 omnes
2951 4387 3246 4449 peccatores
3292 4375 3552 4446 disperdat.

1901 4519 1950 4577 Β
1979 4475 2152 4548 (Psal.
2196 4473 2399 4545 csuv).
2443 4471 2706 4543 Sequitur
2743 4471 2884 4526 alius
2925 4469 3118 4524 modus
3161 4466 3552 4568 benedictionis

1977 4567 2046 4621 ita
2083 4585 2097 4620 :
2129 4564 2382 4620 Ostendat
2415 4562 2666 4617 Dominus
2693 4561 2881 4631 faciem
2907 4575 3060 4614 suam
3094 4559 3206 4622 tibi,
3233 4568 3279 4610 et
3307 4557 3378 4610 mi
3407 4571 3550 4610 crea-

1975 4667 2064 4711 tur
2091 4656 2190 4710 tui.
2225 4655 2282 4709 In
2309 4653 2620 4710 ostensione
2648 4651 2830 4706 vultus
2859 4650 2950 4704 Dei
2984 4649 3298 4720 propitiatio
3323 4649 3466 4718 ejus,
3499 4652 3554 4698 et

1977 4747 2167 4802 salutis
2219 4760 2363 4800 verte
2401 4742 2686 4799 concessio
2725 4740 3080 4809 signiﬁcatur.
3126 4737 3282 4794 Unde
3323 4745 3377 4792 et
3429 4750 3554 4805 pro-

1979 4841 2138 4911 pheta
2173 4837 2459 4893 Dominnm
2492 4843 2748 4906 precatur
2783 4833 2968 4888 dicens
2995 4850 3007 4884 :
3039 4829 3266 4885 Ostende
3293 4829 3439 4883 nobis
3473 4827 3555 4896 fa-

1979 4932 2107 4985 ciem
2141 4939 2306 4994 tuam,
2348 4938 2395 4982 et
2430 4927 2562 4982 salvi
2605 4926 2798 4978 erimus
2838 4922 3010 4994 (Psal.
3041 4921 3245 4992 LXXIX).
3284 4921 3350 4976 Et
3385 4924 3550 4974 item:

1982 5021 2207 5076 Ostende
2251 5020 2418 5083 nobis,
2465 5017 2702 5078 Domine,
2744 5013 3158 5070 ntiscricordiam
3187 5023 3352 5077 tuam,
3389 5021 3437 5066 et
3473 5028 3556 5064 sa-

1979 5113 2150 5168 lutare
2179 5122 2326 5166 tuum
2363 5111 2432 5164 da
2457 5109 2604 5164 nobis
2631 5106 2802 5181 (Psal.
2833 5105 3076 5176 vavtv).
3108 5105 3310 5160 Deinde
3335 5101 3553 5157 tertium

1981 5205 2200 5260 modum
2245 5201 2638 5258 benedictionis
2691 5201 2872 5254 taliter
2916 5197 3142 5268 protulit
3169 5192 3556 5250 dicens:Con-

1981 5305 2144 5350 vertat
2170 5295 2426 5348 Dominus
2455 5292 2650 5348 vultum
2676 5307 2831 5345 suum
2861 5290 2930 5343 ad
2960 5299 3028 5354 te,
3059 5297 3108 5342 et
3131 5286 3214 5340 det
3237 5285 3330 5337 tibi
3351 5295 3551 5348 pacem.

1981 5387 2039 5440 In
2067 5385 2417 5441 conversione
2449 5383 2632 5437 vultus
2681 5382 2798 5445 Dei,
2835 5377 3220 5434 misericordia:
3267 5372 3384 5441 ejus
3431 5384 3555 5439 pro—

1983 5484 2196 5542 ventus,
2220 5477 2360 5531 sicut
2385 5477 2438 5530 in
2465 5473 2746 5530 aversione
2771 5472 2968 5534 vultus,
3001 5465 3292 5536 indignatio
3317 5463 3433 5532 ejus
3463 5476 3554 5514 cx-

1985 5567 2254 5638 primitur.
2303 5565 2455 5622 Unde
2507 5572 2563 5620 et
2607 5563 2878 5632 Propheta
2937 5561 3004 5614 ad
3053 5555 3334 5611 Dominum
3383 5553 3550 5608 dicit:

1993 5658 2204 5729 Respice
2228 5658 2282 5712 in
2313 5674 2392 5713 me
2414 5665 2460 5710 et
2499 5655 2741 5708 miserere
2769 5651 2870 5705 mei
2895 5647 3065 5718 (Psal.
3091 5647 3310 5717 Lxxxv).
3347 5645 3412 5700 Ει
3451 5646 3552 5698 ito-

1991 5765 2107 5806 rum
2135 5765 2148 5804 :
2179 5748 2372 5814 Quare,
2421 5749 2517 5812 ait,
2571 5743 2761 5797 avertis
2800 5741 2989 5808 faciem
3027 5749 3189 5804 tuam,
3241 5737 3561 5792 Oblivisceris
