3932 6188
391 275 491 331 6‘27

1066 271 1126 324 Β.
1169 271 1417 326 RABANI
1458 272 1674 328 MAURI
1715 272 2033 329 ARCHIEP.
2078 272 2384 330 MOGUNT.
2423 272 2705 331 OPERUM
2748 274 2928 330 PARS
2965 272 3004 328 1.

3543 279 3636 336 693

391 388 619 456 inopiam
681 394 912 439 nostram
959 393 1005 436 et
1052 383 1440 436 tribulationem
1498 394 1728 437 nostram
1779 383 1965 452 (Psal.
1999 390 2043 447 Α
2073 401 2213 439 mam
2252 402 2441 451 meam,
2475 386 2567 441 sed
2596 403 2688 457 ego
2720 403 2857 457 pono
2884 403 3024 452 eam,
3046 396 3095 441 et
3125 387 3315 439 iterum
3336 402 3486 440 sumo
3509 403 3635 443 eam.

392 479 554 550 xun)
579 479 601 531 ?
626 477 957 533 Convertere
983 474 1243 530 Dominus
1272 473 1467 529 faciem
1511 491 1662 530 suam
1688 485 1963 538 exoratur,

390 572 517 642 quia
547 585 707 640 quem
746 568 941 623 merito
977 575 1319 646 peccatorum
1361 574 1668 621 nostrorum
1707 565 1965 620 auxilium

391 676 549 716 suum
580 677 609 713 a
641 658 797 713 nobis
844 665 1089 710 avertere
1114 655 1409 723 coegimus,
1455 671 1676 711 necesse
1699 666 1782 711 est
1810 665 1868 709 ut
1897 656 1966 709 ab

390 750 509 819 ejus
558 748 841 805 clementia
885 749 1080 801 iterum
1138 746 1496 816 postulemus.
1527 746 1669 816 quod
1718 761 1816 816 per
1864 744 1966 798 im-

390 856 637 896 mensam
661 840 919 909 pietatem
947 853 1097 890 suam
1133 836 1200 891 ad
1235 852 1333 889 nos
1361 835 1564 889 mltum
1600 834 1966 889 suum-denuo

391 943 711 991 convertere
736 934 1009 1002 dignetur,
1037 940 1305 1000 quatenus
1333 930 1401 989 ab
1446 930 1697 983 omnibus
1728 928 1965 982 inimicis

388 1041 605 1090 eruens,
638 1024 839 1079 tribuat
872 1023 1026 1077 nobis
1063 1030 1375 1092 perpetuam
1406 1035 1614 1089 pacein.
1644 1019 1781 1074 Nota
1822 1021 1965 1090 quod

388 1121 442 1172 in
471 1119 572 1171 hac.
615 1115 991 1171 benedictione
1018 1113 1299 1183 tripliciter
1325 1111 1575 1175 formata,
1616 1126 1812 1165 nomen
1862 1110 1966 1165 Do-

390 1210 521 1263 mini
561 1208 718 1263 tertio
747 1207 974 1261 inditum
1014 1206 1106 1272 sit,
1137 1213 1195 1257 ut
1225 1203 1491 1273 intelligas
1517 1210 1761 1257 sanctam
1790 1200 1969 1255 Trini-

390 1310 554 1355 tatem
589 1314 710 1355 esse
740 1296 1023 1368 :cqualem,
1056 1312 1153 1366 per
1174 1311 1335 1365 quem
1368 1304 1420 1349 et
1448 1295 1499 1348 in
1528 1309 1636 1364 quo
1655 1293 1839 1347 Omnia
1868 1293 1965 1347 bo-

388 1401 562 1456 nesta,
610 1391 750 1453 bona
784 1398 838 1443 et
881 1388 1117 1443 salubria
1161 1388 1483 1458 expetenda,
1534 1385 1877 1457 impetranda
1909 1392 1963 1439 et

386 1483 613 1536 fruenda
642 1482 773 1545 sint,
815 1480 939 1550 quia
981 1494 1045 1533 ex
1076 1480 1210 1548 ipso,
1241 1486 1296 1532 et
1328 1493 1422 1548 per
1457 1477 1654 1548 ipsum,
1682 1484 1740 1531 et
1761 1476 1813 1530 in
1847 1476 1965 1546 ipso

389 1580 514 1627 sunt
544 1572 722 1626 omnia
748 1587 761 1625 :
791 1571 891 1641 ipsi
926 1571 1094 1641 gloria
1139 1571 1189 1623 in
1219 1569 1412 1624 saecula
1439 1566 1779 1623 saeculorum.
1810 1566 1965 1632 Quod

386 1672 566 1717 autem
597 1664 878 1718 subditur:
917 1660 1237 1715 lnvocabunt
1271 1676 1454 1713 nomen
1499 1674 1673 1713 meum
1715 1673 1872 1728 super
1893 1657 1962 1726 ﬁ-

2071 477 2137 531 Et
2164 477 2230 532 ad
2254 476 2486 532 Pilatum
2514 495 2526 531 :
2558 477 2682 532 Non
2726 479 2942 532 haberes
2974 479 3029 532 in
3056 494 3156 542 me,
3188 478 3384 548 inquit,
3418 488 3639 547 potesta-

2069 575 2168 620 tem
2205 566 2478 621 adversum
2505 584 2587 622 me
2627 567 2815 633 ullam,
2858 568 2960 623 nisi
2982 569 3166 622 datum
3199 568 3294 623 tibi
3335 568 3520 639 [uisset
3550 573 3639 625 de-

2070 674 2223 726 super
2251 656 2431 731 (Joan.
2454 659 2593 730 xu).

2140 747 2552 821 Obtulerunlque
2608 751 2867 821 principes
2931 749 3102 805 Israel
3150 762 3199 806 et
3247 753 3421 822 capita
3487 754 3642 823 fami-

2069 836 2302 903 liarum,
2371 856 2490 910 qua’
2561 851 2710 894 erant
2782 858 2874 911 per
2928 842 3163 913 singulas
3223 844 3391 899 tribus
3444 846 3641 916 prafe-

2069 928 2139 979 cti
2182 945 2385 994 eorum,
2436 932 2524 999 qui
2577 933 2839 984 numerati
2872 931 3126 999 fuerant,
3186 951 3409 989 munera
3469 953 3642 992 coram

2070 1017 2316 1100 Domino.
2347 1019 2625 1091 Principes
2654 1037 2784 1093 ergo
2823 1023 2988 1079 Israel
3021 1033 3077 1080 et
3103 1026 3288 1095 capita
3319 1025 3644 1082 familiarum

2068 1120 2195 1165 sunt
2229 1114 2572 1181 patriarchae,
2603 1116 2881 1184 prophetae
2930 1124 2985 1171 et
3015 1117 3266 1186 apostoli,
3313 1120 3406 1189 qui
3450 1121 3644 1190 partim

2066 1200 2372 1267 doctrinis,
2445 1203 2646 1272 partim
2711 1203 3180 1273 exhortamentis,
3230 1208 3427 1277 partim
3492 1210 3648 1264 bonis

2067 1292 2330 1362 exemplis
2350 1301 2512 1362 atque
2534 1294 2795 1349 virtutum
2822 1296 3078 1365 operibus
3110 1296 3220 1354 Deo
3250 1314 3474 1355 munera
3494 1309 3645 1371 grata

2066 1382 2351 1450 dederunt,
2382 1393 2437 1439 et
2461 1385 2528 1441 ad
2557 1386 2970 1442 instructionem
3002 1396 3206 1445 sancte
3240 1390 3497 1446 Ecclesia:
3530 1408 3649 1463 gra.

2069 1473 2261 1528 tulanti
2291 1476 2495 1541 animo,
2522 1477 2782 1548 quidquid
2805 1487 3098 1548 potuerunt
3119 1483 3483 1538 contulerunt.
3520 1484 3648 1541 Sive

2060 1565 2215 1634 juxta
2257 1567 2612 1639 tropologiam
2650 1570 2923 1639 principes
2969 1571 3075 1625 dici
3116 1581 3364 1642 possunt,
3397 1575 3491 1645 qui
3516 1590 3646 1646 apo-

2043 1656 2261 1716 stolica
2313 1658 2558 1712 doctrina
2606 1659 2891 1725 instructi,
2938 1669 3048 1714 tam
3109 1663 3361 1718 sensibus
3399 1665 3649 1734 corporis

387 1755 486 1808 tios
516 1752 715 1817 Israel,
747 1762 795 1807 et
838 1768 929 1822 ego
960 1751 1255 1805 benedicam
1299 1750 1396 1812 eis,
1435 1749 1502 1803 ad
1527 1748 1775 1803 eumdem
1799 1747 1967 1818 perti-
1995 1734 2041 1792 Β
2069 1763 2230 1816 quam
2267 1749 2435 1804 etiam
2462 1749 2658 1807 animat
2701 1750 2984 1806 alfectibus
3014 1752 3115 1833 rite
3154 1754 3449 1824 principari
3484 1764 3648 1826 atque

384 1854 477 1899 net
504 1859 743 1907 sensum,
771 1843 896 1913 quia
922 1840 1265 1897 sacerdotum
1302 1847 1385 1894 est
1409 1854 1605 1901 nomen
1634 1837 1848 1893 Domini
1880 1835 1964 1890 in-

382 1954 622 1994 vocare:
658 1937 868 1992 Domini
912 1944 1092 1990 autem
1132 1935 1307 2005 ipsum
1352 1935 1419 1988 ad
1462 1934 1607 2003 quod
1654 1934 1959 2025 invocatur,

382 2028 664 2097 perﬁcere.
696 2029 761 2083 Et
788 2028 908 2082 ideo
945 2042 1049 2080 non
1077 2024 1234 2080 debet
1258 2025 1360 2079 hoc
1385 2024 1486 2079 sibi
1515 2039 1612 2095 per
1639 2023 1838 2078 fastum
1870 2037 1962 2077 su-

382 2120 582 2190 perbia:
620 2120 855 2174 humana
902 2116 1254 2187 praesumptio
1293 2127 1575 2185 usurpare,
1607 2112 1749 2181 quod
1794 2110 1962 2165 solius

278 2231 300 2239 --
382 2220 466 2265 est
491 2220 691 2265 sanctae
719 2209 1003 2265 Trinitatis
1029 2208 1113 2264 cui
1139 2207 1253 2261 vult
1280 2221 1377 2276 per
1396 2206 1625 2276 gratiam
1656 2219 1806 2260 suam
1831 2218 1962 2258 con-.

384 2299 546 2356 ferre.

987 2369 1212 2425 CAPUT
1249 2367 1362 2429 XII.

385 2459 463 2515 De
497 2459 758 2513 oblatione
785 2460 1076 2529 principum
1114 2457 1285 2529 Israel
1307 2471 1325 2508 :
1356 2458 1454 2529 hoc
1488 2467 1564 2511 est
1590 2473 1682 2529 sea:
1709 2456 1959 2529 plaustris

456 2530 634 2650 tectisl.
677 2525 795 2583 cum
836 2525 1110 2583 duodecim
1157 2526 1322 2581 bubus
1354 2527 1423 2581 ad
1468 2527 1737 2581 seruitium
1787 2525 1960 2579 taber-

458 2616 591 2650 nacu
617 2617 655 2650 Ι.

458 2616 655 2653 uacua.

461 2688 611 2760 (Car.
636 2689 760 2760 vn.)
810 2687 1036 2742 Factum
1081 2697 1156 2742 est
1191 2695 1365 2741 autem
1387 2688 1441 2742 in
1473 2686 1558 2741 die
1592 2702 1697 2757 qua
1737 2682 1963 2754 comples

387 2780 457 2835 uit
481 2777 687 2851 Moyses
721 2778 1114 2834 tabernaculum
1139 2788 1186 2834 et
1213 2779 1377 2833 erexit
1399 2777 1572 2842 illud;
1596 2775 1963 2846 sanctificavit-

380 2888 482 2943 que
511 2882 558 2926 et
581 2871 730 2931 unxit
758 2887 874 2924 cum
907 2870 1147 2924 omnibus
1175 2870 1312 2925 vasis
1347 2870 1480 2934 suis,
1523 2867 1694 2923 altare
1720 2866 1966 2922 similiter

386 2971 435 3017 et
470 2977 596 3015 vasa
634 2961 767 3031 ejus.
797 2959 1007 3031 Moyses
1034 2959 1252 3030 quidem
1296 2960 1351 3014 in
1393 2958 1626 3015 diversis
1654 2957 1787 3014 locis
1814 2956 1963 3013 Scri—

381 3059 557 3120 ptura:
582 3065 752 3105 sacrae
782 3049 988 3103 variam
1012 3058 1068 3104 et
1091 3064 1198 3103 non
1223 3049 1467 3104 eamdem
1508 3046 1957 3118 signiﬁcationem

2067 1838 2332 1894 dominari
2371 1841 2568 1896 sciunt.
2620 1842 2860 1909 Quorum
2898 1846 3129 1902 virtutes
3179 1848 3291 1903 Deo
3319 1850 3648 1920 gratissimae

2064 1941 2182 1984 esse
2210 1931 2520 1997 creduntur,
2546 1932 2671 2003 quia
2701 1948 2767 1988 ex
2796 1935 3019 1992 unitatis
3042 1946 3095 1991 et
3121 1940 3427 1995 concordia:
3454 1942 3643 1997 radice

2062 2023 2273 2092 prolata
2292 2024 2611 2093 probantur,
2639 2026 2754 2094 ipsa
2774 2027 3012 2084 Veritate
3036 2038 3347 2095 attestante,
3380 2047 3502 2100 qua:
3526 2033 3644 2088 ait:

2066 2111 2205 2177 Quia
2245 2116 2290 2167 si
2319 2126 2682 2171 consenserent
2710 2116 2815 2171 duo
2855 2135 2920 2173 ea:
2967 2120 3113 2175 vobis
3135 2138 3292 2191 super
3321 2132 3543 2189 terram,
3586 2123 3649 2179 de

2064 2204 2207 2258 omni
2232 2221 2287 2258 re
2309 2222 2671 2277 quamcunque
2699 2209 2964 2279 petierint,
2991 2210 3080 2279 [iet
3118 2210 3226 2273 illis
3252 2229 3284 2266 a
3316 2209 3481 2267 Patre
3505 2230 3646 2280 meo,

2061 2293 2151 2361 qui
2171 2303 2248 2348 est
2270 2295 2325 2352 in
2352 2296 2491 2350 caelis
2518 2296 2733 2368 (Matth.
2758 2299 2935 2371 xvm).

2134 2382 2239 2439 Sea:
2284 2384 2524 2455 plaustra
2575 2397 2711 2443 tecta
2755 2406 2872 2451 cum
2917 2391 3191 2447 duodecim
3238 2394 3424 2449 bubus.
3470 2392 3649 2451 Unum

2060 2473 2356 2544 plaustrum
2401 2477 2631 2537 obtulere
2664 2479 2770 2535 duo
2798 2481 2980 2546 duces,
3030 2492 3275 2538 ot-unum
3318 2484 3498 2539 bovem
3529 2486 3645 2542 sin-

2062 2564 2206 2633 guli;
2250 2567 2649 2640 obtuleruntque
2687 2572 2743 2625 in
2783 2582 3057 2643 conspectu
3103 2574 3451 2631 tabernaculi.
3512 2577 3645 2643 Sex,

2064 2653 2261 2725 inquit,
2309 2656 2546 2726 plaustra
2591 2670 2725 2716 tecta
2776 2678 2895 2717 cum
2929 2662 3204 2725 duodecim
3250 2665 3437 2723 bubus.
3480 2667 3650 2724 Tecta

2062 2744 2304 2813 plaustra
2348 2757 2530 2807 autem
2560 2749 2916 2809 historialiter
2963 2754 3118 2820 dicit,
3147 2756 3230 2810 vel
3277 2766 3538 2828 coop‘rta
3575 2769 3651 2815 ιιι-ς

2062 2836 2222 2903 bulis,
2249 2847 2307 2893 ut
2334 2839 2480 2897 intus
2510 2844 2815 2913 reciperent
2844 2860 3033 2912 onera,
3062 2847 3146 2900 vel
3177 2849 3341 2903 etiam
3375 2851 3652 2923 aliquibus

2062 2929 2257 2998 pannis
2306 2938 2499 2995 strata,
2550 2940 2609 2986 nt
2661 2932 2875 3005 dignius
2924 2936 3252 2992 tabernaculi
3304 2952 3649 2996 armamenta

2064 3020 2420 3087 susciperent.
2453 3019 2674 3092 Mys:ice
2714 3034 2895 3079 autem
2932 3024 3172 3096 plaustra
3201 3044 3320 3098 qua:
3348 3028 3443 3087 ﬁlii
3478 3031 3650 3086 Israel

571 3095 751 3210 Egi;
1986 3095 2032 3157 Ο
2064 3107 2266 3211 Levitis
2295 3110 2362 3165 ad
2395 3112 2796 3211 subvectionem
2830 3095 3164 3173 tabérnaculi
3191 3095 3535 3187 obtulerunt,
3582 3123 3657 3178 si-

382 3240 446 3285 ut
480 3242 564 3286 est
607 3229 737 3284 illud
762 3230 904 3298 quod
944 3230 997 3283 in
1029 3227 1418 3295 Exodojussus
1456 3235 1539 3281 est
1570 3226 1800 3283 caudam
1838 3239 1956 3279 ser-.

380 3321 559 3391 pentis
591 3329 811 3385 tenere;
852 3318 1122 3388 signiﬁcat
1174 3319 1318 3372 enim
1346 3316 1560 3372 Judzeos
1596 3315 1752 3385 juxta
1798 3314 1958 3369 ﬁnem

384 3409 569 3464 mundi
603 3409 670 3463 ad
702 3408 859 3462 ﬁdem
889 3407 1088 3463 Christi
1117 3416 1395 3462 venturos.
1435 3405 1735 3476 Aliquando
1758 3402 1958 3459 Christi

381 3514 667 3568 personam
720 3498 1014 3568 ﬁguraliter
1065 3497 1323 3568 exprimit
1372 3516 1383 3551 :
1428 3495 1588 3566 quale
1648 3502 1732 3549 est
1786 3493 1955 3558 illud,

382 3589 522 3657 quod
547 3588 801 3658 populum
830 3604 925 3656 per
950 3604 1099 3642 mare
1128 3589 1369 3643 Rubrum
1394 3588 1461 3643 de
1486 3586 1722 3658 Egypto
1750 3585 1955 3649 eduxit,

381 3670 666 3747 designans
694 3676 968 3732 Christum
998 3678 1200 3732 electos
1224 3693 1353 3733 suos
1375 3678 1440 3733 de
1460 3676 1690 3748 spiritali
1719 3674 1957 3746 Egypto

381 3782 479 3837 per
505 3782 698 3836 aquam
744 3768 1088 3837 baptismatis
1111 3769 1362 3833 educere,
1394 3777 1450 3822 et
1489 3769 1554 3823 de
1580 3766 1827 3822 hostibus
1856 3782 1973 3841 δίε-γ

381 3856 621 3911 vissimis
649 3857 917 3920 liberare;
973 3872 1072 3913 nec
1114 3872 1221 3911 non
1252 3866 1308 3912 et
1355 3857 1500 3912 istud
1532 3856 1674 3926 quod
1706 3856 1809 3910 hoc
1839 3853 1957 3911 loco

380 3957 769 4004 commemorat
816 3947 1033 4018 Moysen
1078 3948 1485 4004 tabernaculum
1531 3947 1853 4019 complesse,
1902 3954 1959 4002 et

379 4038 588 4108 erigere
635 4044 795 4107 atque
839 4053 1043 4107 ungere
1073 4050 1194 4092 cum
1237 4038 1490 4095 omnibus
1520 4038 1665 4093 vasis
1711 4038 1847 4101 suis,
1880 4037 1959 4090 al-

386 4138 503 4192 tare
528 4127 779 4184 similiter
805 4136 863 4183 et
895 4143 1020 4184 vasa
1048 4129 1185 4200 ejus.
1234 4128 1665 4187 Tabernaculum
1693 4142 1824 4198 ergo
1859 4127 1958 4182 Do—

379 4218 511 4283 mini
535 4227 619 4274 est
645 4217 884 4274 Ecclesia
914 4232 1169 4289 praesens,
1198 4235 1360 4289 quam
1393 4217 1642 4275 Christus
1669 4218 1958 4289 complevit

380 4320 437 4365 et
477 4310 672 4376 erexit,
711 4327 833 4368 cum
864 4327 984 4367 eam
1026 4312 1286 4384 sanguine
1330 4327 1429 4367 suo
1465 4312 1753 4376 redimens,
1780 4309 1958 4381 perfe-

379 4409 525 4459 ctam
553 4400 657 4497 sibi
680 4401 965 4497 devotione
992 4403 1242 4497 reddidit,
1275 4412 1332 4460 et
1360 4402 1636 4497 in-ﬁdenac
1660 4418 1753 4474 spe
1777 4404 1844 4457 ad
1867 4400 1953 4456 fu-
1985 4437 2034 4497 Β

378 4498 559 4544 turam
603 4488 833 4563 gloriam
880 4493 1235 4561 appetendam
1287 4493 1483 4547 erexit.
1539 4490 1689 4546 lianc
1738 4505 1954 4559 quoque

360 4581 537 4633 ’unxit
569 4579 689 4636 oleo
731 4580 954 4647 laetitiae,
1004 4590 1060 4637 et
1101 4581 1461 4643 sanctiﬁcavit
1498 4582 1671 4652 gratia
1720 4580 1955 4650 Spiritus

381 4670 580 4734 sancti,
628 4687 752 4726 cum
790 4673 1044 4729 omnibus
1090 4673 1236 4729 vasis
1267 4671 1401 4741 ejus,
1448 4672 1634 4728 electis
1684 4671 1949 4734 videlicet,

381 4760 472 4829 qui
506 4761 573 4814 ad
618 4763 826 4818 diversa
870 4764 1167 4820 ministeria
1212 4766 1351 4819 intra
1381 4764 1676 4819 Ecclesiam
1718 4763 1951 4818 ordinati

384 4858 529 4903 sunt.
560 4848 747 4906 Altare
777 4852 1026 4907 similiter
1070 4854 1150 4909 vel
1194 4855 1521 4925 generaliter
1555 4853 1851 4908 Ecclesium
1882 4854 1953 4909 si-

381 4936 625 5006 gniﬁcat,
656 4937 740 4993 vel
780 4939 1052 5009 perfectos
1092 4957 1356 5012 quosque,
1401 4944 1453 4997 in
1483 4941 1679 5011 quibus
1705 4951 1949 4997 aromata

379 5029 643 5083 virtutum
664 5038 826 5099 atque
848 5040 1154 5085 sanctarum
1178 5034 1480 5088 orationum
1505 5033 1832 5098 odorantur;
1866 5034 1950 5089 vel

383 5119 527 5191 quod
549 5121 878 5190 prmcipuum
900 5130 1001 5185 est,
1026 5122 1416 5177 humanitatem
1447 5123 1651 5179 Christi
1680 5123 1947 5194 designat,

383 5212 436 5264 in
465 5225 570 5281 qua
600 5218 753 5281 grata
782 5224 1005 5264 munera
1045 5211 1429 5280 redemptionis
1462 5220 1662 5268 nostra:
1693 5213 1804 5267 Deo
1842 5211 1946 5266 Pa-

381 5301 453 5362 tri
503 5301 765 5364 exhibuit,
810 5298 936 5369 quia
969 5299 1082 5370 ipse
1110 5300 1363 5356 sacerdos
1406 5308 1461 5355 et
1493 5302 1708 5367 hostia;
1756 5309 1813 5356 et
1848 5302 1952 5356 hoc

381 5389 522 5459 quod
552 5389 900 5460 semetipsum
928 5404 1026 5459 pro
1052 5389 1209 5445 nobis
1227 5389 1370 5444 Patri
1406 5390 1619 5453 obtulit,
1652 5391 1766 5461 ipse
1792 5399 1846 5447 et
1869 5390 1949 5444 al-

386 5488 525 5545 tare,
571 5482 697 5551 quia
725 5481 777 5536 in
814 5496 908 5535 sua
937 5489 1202 5550 potestate
1245 5489 1469 5537 mortem
1495 5490 1701 5546 tenens,
1731 5481 1949 5552 propria

387 5570 657 5625 voluntate
690 5560 834 5625 illam
860 5571 1219 5640 suscipiendo,
1251 5570 1512 5641 passionis
1550 5580 1949 5626 sacramentum

387 5655 629 5733 perfecit.
675 5658 824 5713 Unde
858 5670 911 5713 ct
950 5660 1060 5731 ipse
1099 5660 1268 5715 dicit:
1300 5659 1462 5716 Nemo
1494 5661 1625 5713 tollit
1659 5678 1689 5713 a
1720 5677 1798 5714 me
1830 5661 1947 5715 aui-

2058 3197 2317 3268 gnilicant
2349 3202 2663 3271 temporalis
2683 3204 2806 3258 vita:
2855 3207 3070 3273 solatia,
3105 3225 3227 3279 qua:
3272 3210 3450 3266 devoti
3483 3213 3653 3268 disci-

2056 3286 2167 3356 puli
2196 3289 2464 3356 veritatis,
2510 3291 2737 3359 Levitis,
2778 3297 2880 3351 boc
2926 3307 3012 3351 est
3049 3302 3253 3356 sanctis
3277 3303 3653 3371 praedicatori—

2057 3377 2158 3431 bus
2191 3394 2288 3448 pro
2315 3381 2463 3435 verbi
2497 3386 2997 3453 recompensatione
3031 3389 3342 3455 conferunt,
3373 3400 3651 3461 quatenus

2057 3477 2274 3537 sumptu
2320 3470 2587 3543 corporali
2625 3473 2695 3527 ab
2730 3473 2811 3529 eis
2864 3484 3109 3545 accepto,
3153 3477 3368 3534 facilius
3416 3496 3482 3536 ac
3531 3483 3652 3538 sine

2057 3556 2443 3626 impedimento
2467 3568 2809 3618 terrenarum
2828 3580 3034 3632 rerum,
3060 3564 3336 3624 lucrandis
3354 3571 3649 3628 animabus

2058 3656 2223 3720 atque
2245 3650 2421 3707 olIicio
2446 3655 2659 3723 possint
2705 3672 2902 3712 vacare
2946 3658 3150 3715 divino.
3190 3660 3343 3718 Unde
3375 3670 3433 3719 et
3461 3662 3651 3719 Domi-

2058 3759 2159 3798 nus
2190 3744 2463 3801 ordinavit
2514 3747 2599 3802 his
2638 3748 2730 3817 qui
2777 3749 3130 3822 Evangelium
3172 3756 3523 3821 annnntiant,
3580 3757 3647 3810 de

2058 3833 2347 3905 Evangelio
2376 3836 2577 3892 vivere.
2606 3837 2674 3891 Et
2698 3837 2896 3901 Paulus
2923 3840 3223 3905 Corinthiis
3257 3844 3506 3900 scribens
3539 3845 3648 3899 ait:

2058 3921 2117 3978 Si
2139 3927 2507 3981 seminavimus
2545 3927 2687 3988 vobis
2717 3929 2997 3998 spiritalia,
3040 3949 3287 4004 magnum
3318 3945 3418 4000 est,
3446 3936 3492 3989 si
3522 3953 3647 3990 cai-

2057 4014 2201 4067 nalia
2222 4024 2391 4071 vestra
2411 4016 2759 4089 metamus?(l
2775 4016 2896 4077 Cor.
2913 4020 3016 4091 ix.)
3041 4023 3107 4077 Et
3127 4025 3195 4078 ad
3215 4024 3435 4079 Galatas
3452 4043 3466 4079 :
3485 4024 3652 4080 Com-

2057 4104 2301 4169 municet,
2346 4105 2541 4188 inquit,
2567 4109 2613 4163 is
2639 4111 2731 4180 qui
2767 4113 3123 4167 catechizatur
3157 4115 3326 4179 verba,
3356 4117 3405 4169 ei
3443 4117 3541 4188 qui
3586 4133 3647 4171 se

2056 4195 2343 4249 catechizat
2366 4196 2421 4249 in
2451 4182 2691 4254 omnibus
2714 4200 2861 4257 bonis
2885 4200 3086 4274 (Galat.
3110 4206 3207 4263 vi).
3234 4204 3364 4271 Quae
3387 4182 3641 4275 plaustra

2056 4285 2272 4339 senario
2297 4301 2523 4343 numero
2551 4289 2686 4345 bene
2713 4293 3100 4362 comprehensa
3131 4303 3276 4361 sunt,
3308 4305 3368 4349 ut
3393 4294 3646 4364 perfecta

2060 4373 2297 4431 ﬁdelium
2324 4378 2540 4436 devotio
2569 4382 2661 4452 qui
2703 4382 2770 4438 de
2798 4382 3147 4440 facultatibus
3174 4386 3287 4441 suis
3313 4387 3647 4456 praedicato-

2060 4469 2209 4524 ribus
2242 4469 2446 4527 Christi
2485 4472 2821 4541 deserviunt,
2874 4476 3197 4531 insinuetur.
3232 4477 3301 4531 Et
3342 4478 3459 4532 bzec
3500 4477 3651 4534 bene

2058 4567 2203 4615 recta
2235 4575 2355 4615 esse
2382 4560 2648 4633 leguntur,
2679 4564 2834 4633 quasi
2855 4564 2923 4621 de
2949 4565 3109 4636 pleno
3134 4577 3354 4634 ornata,
3379 4576 3437 4621 et
3477 4569 3645 4622 mise-

2055 4650 2306 4706 ricordiae
2341 4653 2537 4710 allecw
2581 4656 3035 4725 splendidissima,
3067 4668 3231 4729 atque
3274 4660 3345 4714 ob
3388 4660 3493 4714 hoc
3530 4659 3647 4716 Deo

2056 4743 2409 4812 acceptabilia
2440 4761 2558 4801 esse
2585 4747 2898 4816 probantur.
2935 4749 3226 4804 Duodecim
3254 4757 3439 4804 autem
3469 4750 3645 4806 boves

2057 4845 2181 4905 apte
2212 4839 2282 4891 ad
2326 4837 2440 4907 ipsa
2477 4839 2718 4908 plaustra
2745 4842 2981 4911 deputati
3021 4851 3163 4904 sunt,
3201 4851 3260 4896 ut
3297 4842 3645 4897 demonstre-

2058 4935 2148 4981 tur
2186 4930 2329 4998 quod
2369 4929 2425 4983 bi
2464 4930 2555 5000 qui
2603 4931 2656 4985 in
2709 4932 2970 5001 obsequio
3007 4943 3320 4989 sanctorum
3357 4934 3447 5003 pie
3485 4933 3645 4989 labe.

2066 5026 2200 5082 rant,
2231 5018 2332 5073 sub
2350 5018 2484 5088 jugo
2504 5021 2815 5091 apostolica:
2842 5023 3103 5077 doctrinm
3128 5022 3428 5087 constituti,
3451 5022 3642 5076 omnia

2059 5108 2285 5163 honeste
2336 5119 2393 5164 ct
2427 5110 2722 5165 secundum
2752 5111 2998 5166 ordinem
3029 5112 3261 5167 debeant
3287 5126 3469 5181 agere.
3504 5110 3641 5165 Sive

2058 5199 2240 5262 boves,
2283 5198 2429 5268 ipsos
2480 5199 2730 5255 doctores
2766 5215 3052 5270 possumus
3110 5201 3374 5269 accipere,
3424 5199 3519 5267 qui
3579 5198 3638 5253 in

2058 5305 2190 5360 agro
2229 5291 2322 5345 Dei
2350 5291 2513 5362 digne
2553 5300 2870 5362 operantur,
2913 5291 2981 5346 de
3005 5291 3203 5360 quibus
3239 5290 3516 5360 Scriptura
3537 5288 3635 5356 ju-

2055 5382 2185 5437 bet:
2218 5382 2342 5437 Non
2383 5382 2624 5454 alligabis
2670 5401 2726 5437 os
2770 5383 2884 5437 bovi
2928 5384 3198 5443 trituranti
3247 5382 3424 5456 (Deut.
3471 5380 3635 5453 xxv).

2056 5472 2226 5539 Quam
2254 5474 2577 5529 sententiam
2600 5473 2752 5542 legis,
2782 5474 3069 5545 Apostolus
3092 5476 3400 5531 doctoribus
3434 5472 3634 5529 Eccle-

2057 5562 2151 5616 sia:
2188 5564 2449 5632 prolatam
2492 5566 2882 5634 interpretatur
2911 5566 3096 5621 dicens
3122 5584 3133 5618 :
3160 5565 3411 5639 Nunquid
3436 5564 3500 5617 de
3539 5563 3638 5616 bo.

2059 5659 2149 5712 bus
2184 5677 2309 5713 cura
2340 5670 2411 5713 est
2459 5658 2605 5712 Deo?
2648 5658 2726 5712 Λη
2759 5662 2921 5728 magis
2960 5670 3169 5729 propter
3206 5676 3297 5714 nos
3333 5661 3427 5725 (to:
3455 5655 3637 5721 dicit?
