3932 6188
271 314 372 373 lii?)

979 303 1512 367 ENARllATlONES
1552 312 1614 366 IN
1659 310 1917 367 LIBRUM
1956 312 2419 372 NUMERORUM.
2462 348 2529 357 η-
2568 316 2696 373 LIB.
2736 320 2777 374 l.

3422 326 3527 380 630

265 431 452 501 ιιιίηηε
490 436 702 499 propter
733 442 824 480 nos
860 427 970 481 Ιηιέ
1001 430 1196 498 scripta
1239 437 1381 492 sunt,
1409 428 1655 498 quoniam
1695 425 1839 478 debet
1870 427 1914 485 Α
1946 426 2158 483 Intuere
2183 443 2312 498 ergo
2343 443 2509 491 nunc,
2538 429 2846 497 huiusmodi
2881 430 3072 485 divisio
3103 433 3333 487 cﬁit-itur
3362 435 3416 489 in
3446 434 3531 489 ol-

260 540 418 577 arare
450 524 505 577 in
545 539 632 593 spe
659 522 748 591 qui
784 530 919 583 arat,
951 531 998 573 et
1025 521 1114 589 qui
1159 522 1392 585 triturat,
1424 522 1478 576 in
1526 510 1614 590 spe
1643 518 1845 589 fructus

258 615 578 687 percipiendi
604 614 655 685 (l
683 610 806 667 Cor.
834 612 932 683 Ix).
973 612 1037 666 lli
1066 627 1197 681 ergo
1231 613 1321 682 qui
1349 610 1698 682 apostolicam
1722 624 1846 663 nor-

257 726 404 764 mam
443 709 495 763 in
531 706 916 779 praedicatione
954 715 1008 759 et
1057 704 1470 759 conversatione
1498 709 1844 765 conservant,

256 802 461 855 merito
489 797 771 853 beneﬁciis
813 797 1153 851 subditorum
1202 805 1520 866 pascuntur.
1570 794 1721 861 Quod
1754 809 1846 846 au-

258 900 371 945 tem
404 891 666 961 scriptum
715 897 819 953 est,
852 903 1017 942 unum
1060 886 1363 957 plaustrum
1407 885 1669 939 obtulisse
1713 884 1848 937 duos

255 986 448 1049 duces,
482 992 536 1037 et
571 997 739 1035 unum
764 981 980 1035 .bovem
1012 979 1275 1049 singulos,
1312 978 1553 1031 ostendit
1589 986 1719 1031 tunc
1763 992 1847 1028 ar-

254 1083 476 1143 reptum
515 1071 750 1127 cilicium
799 1084 920 1125 esse
963 1070 1270 1132 charitatis,
1313 1069 1358 1123 si
1408 1076 1516 1121 tam
1553 1084 1619 1123 ex
1664 1068 1845 1120 anin-o

251 1182 422 1238 quam
458 1166 621 1221 etiam
653 1180 720 1219 ex
765 1177 992 1233 corpore
1022 1161 1365 1225 exhibentur,
1395 1161 1543 1229 quia,
1589 1158 1845 1229 Apostolo

254 1269 420 1322 teste,
470 1254 714 1310 Hilarem
760 1254 1001 1307 datorem
1054 1251 1225 1321 diligit
1273 1249 1527 1322 Deas(ll
1573 1249 1697 1304 Cor.
1744 1248 1841 1317 ιχ).

252 1349 470 1423 Singuli
499 1359 679 1404 autem
704 1349 867 1402 boves
892 1346 1013 1400 ideo
1041 1345 1205 1400 oblati
1233 1353 1360 1399 sunt
1382 1360 1410 1397 a
1439 1343 1667 1413 singulis
1691 1341 1845 1396 duci-

250 1443 377 1507 bus,
436 1450 496 1496 ut
539 1439 830 1495 ostendant
870 1437 1130 1513 unitatem
1178 1434 1301 1489 ﬁdei
1344 1446 1398 1489 et
1445 1432 1842 1503 simplicitatem

249 1532 413 1587 bona:
444 1529 760 1585 intentionis
782 1543 904 1583 cum
928 1526 1018 1598 pio
1046 1526 1231 1581 labore
1255 1525 1310 1579 in
1339 1523 1653 1579 doctoribus
1680 1521 1845 1575 maxi-

249 1640 337 1678 me
369 1621 602 1677 Domino
632 1620 862 1690 placere.
911 1617 1051 1672 Sunt
1093 1626 1273 1671 tamen
1298 1615 1483 1685 aliqui
1524 1614 1577 1668 in
1606 1613 1846 1667 doctori—

144 1696 147 1697 ν
246 1718 373 1777 bus.
426 1714 516 1785 qui
561 1722 838 1782 sumptum
868 1707 1208 1780 corporalem
1243 1709 1311 1762 ab
1359 1706 1701 1762 auditorilus
1731 1705 1844 1759 suis

1954 517 2091 572 ﬁciis
2128 518 2414 574 ministerii
2435 518 2624 583 divini,
2652 528 2706 572 ct
2744 522 3015 589 quomodo
3045 523 3132 577 illa
3166 525 3380 594 quidem
3408 544 3527 598 quae

1949 619 2138 666 saneta
2170 618 2297 666 sunt
2324 626 2432 666 non
2483 611 2834 681 imponuntur
2869 616 3135 682 portanda
3187 617 3253 669 ab
3282 619 3526 673 animali-

1947 700 2051 755 bus
2078 702 2262 766 mutis,
2292 703 2386 755 sed
2416 701 2765 757 rationabiles
2799 718 2919 759 esse
2948 705 3148 760 debent
3174 708 3443 775 homines,
3472 719 3525 765 et

1950 792 2003 845 in
2042 792 2285 846 humeris
2328 793 2441 846 suis
2476 803 2696 862 portare
2744 809 2893 859 vasa,
2944 797 3141 866 quibus
3179 797 3524 853 ministratur

1949 880 2089 935 intra
2119 880 2318 935 Sancta
2349 890 2680 936 sanctorum.
2714 883 2787 937 Ea
2819 888 2946 939 vero
2977 902 3096 955 qum
3127 886 3376 956 graviora
3405 901 3529 943 sunt

1946 983 2000 1026 ct
2023 972 2261 1037 duriora,
2295 987 2399 1026 non
2432 982 2538 1027 tam
2566 973 2976 1031 rationabilibus
3018 993 3179 1047 quam
3206 980 3370 1033 mutis
3399 996 3528 1050 por-

1950 1063 2110 1117 tanda
2163 1064 2487 1119 animalibus
2535 1063 2907 1134 imponuntur.
2942 1065 3050 1123 Sed
3105 1069 3242 1123 etin
3285 1070 3416 1140 ipsis
3452 1082 3532 1124 est

1948 1153 2127 1223 aliqua
2171 1153 2495 1209 differentia.
2531 1153 2664 1209 Nam
2691 1154 2765 1209 illi
2802 1157 2893 1226 qui
2934 1157 3157 1213 duriora
3188 1168 3241 1213 et
3276 1161 3527 1230 graviora

1947 1245 2239 1300 observant
2281 1245 2604 1310 ministeria,
2645 1247 2799 1316 plura
2837 1248 3040 1303 habent
3073 1250 3349 1304 animalia.
3388 1252 3531 1318 Qua-

1948 1348 2073 1391 tuor
2110 1338 2255 1392 enim
2291 1339 2533 1408 plaustra
2578 1342 2777 1396 dantur
2817 1341 2944 1396 ﬁliis
2983 1341 3219 1407 Merari;
3258 1344 3384 1398 ﬁliis
3430 1362 3531 1398 au-

1916 1440 2054 1503 tem
2090 1429 2299 1486 Gcrson
2338 1434 2427 1502 qui
2476 1442 2634 1489 erant
2674 1449 2840 1502 prope
2886 1434 3026 1489 ﬁlios
3055 1433 3248 1497 Caath,
3288 1438 3439 1490 dunt
3478 1454 3532 1490 n»

1948 1530 2060 1575 tum
2082 1523 2326 1591 plaustra
2354 1521 2643 1577 sulliciunt.
2688 1523 2761 1577 Ex
2791 1525 2987 1593 quibus
3016 1524 3347 1591 ostenditur,
3387 1528 3531 1595 quod

1946 1611 2200 1682 operibus
2226 1613 2444 1682 quidem
2474 1614 2806 1681 durioribus,
2835 1624 2890 1670 et
2914 1624 2971 1669 ut
2994 1615 3065 1669 ita
3092 1616 3269 1671 dicam
3300 1618 3532 1671 crassio-

1950 1701 2119 1769 ribus,
2148 1702 2332 1773 plures
2353 1713 2480 1758 sunt
2505 1706 2596 1775 qui
2629 1706 2771 1759 velut
2805 1707 3068 1762 animales
3093 1708 3399 1762 inserviunt
3427 1727 3438 1762 :
3467 1710 3531 1762 ad

246 1825 359 1864 non
392 1790 700 1875 requirunt,
732 1802 824 1857 sci
853 1800 1089 1872 propriis
1129 1799 1378 1853 manibus
1410 1797 1740 1860 laborantes,
1764 1795 1842 1848 vi-
1872 1787 1919 1845 Β
1947 1808 2010 1849 ea
2039 1810 2168 1850 vero
2214 1810 2332 1864 qua:
2364 1796 2777 1852 rationabilibtts
2821 1806 3206 1865 poem-antur,
3250 1800 3403 1869 pauci
3438 1800 3527 1869 qui

244 1909 404 1952 ctum
437 1895 536 1952 sibi
564 1901 892 1965 praeparant,
922 1900 1195 1961 quatenus
1230 1889 1312 1942 sui
1339 1888 1542 1941 laboris
1570 1886 1843 1956 propriam

245 1986 562 2043 mercedem
594 2001 622 2038 a
670 1983 779 2038 Deo
813 1983 1102 2052 accipiant.
1132 1980 1287 2038 Unde
1320 1978 1521 2034 Paulus
1540 1977 1839 2035 Corinthiis

246 2079 358 2134 ait:
402 2076 542 2130 Nam
580 2076 628 2129 si
665 2074 1112 2144 evangelisavero,
1143 2089 1246 2126 non
1271 2080 1346 2126 est
1369 2070 1499 2125 mihi
1522 2070 1693 2142 gloria
1716 2087 1734 2124 :
1762 2086 1848 2123 ne-

248 2170 471 2224 cessitas
495 2166 622 2220 mihi
648 2163 922 2218 incumbit.
961 2162 1055 2218 Va:
1078 2163 1216 2217 enim
1239 2162 1365 2217 mihi
1389 2163 1534 2226 est,si
1564 2178 1665 2227 non
1691 2178 1846 2215 ev'n-

246 2258 566 2333 geliiarero.
597 2257 653 2312 Si
679 2257 817 2311 enim
851 2254 1025 2311 volens
1049 2256 1144 2309 hoc
1182 2270 1301 2325 ago,
1327 2252 1613 2308 mercedem
1640 2252 1801 2305 habeo
1826 2264 1843 2301 :

245 2352 290 2404 si
320 2359 504 2404 autem
528 2348 740 2412 invitus,
768 2344 1090 2416 dispensatio
1117 2343 1245 2397 mihi
1269 2343 1469 2397 credita
1491 2352 1584 2397 est.
1616 2340 1746 2407 Qua)
1770 2350 1843 2393 est

247 2458 370 2513 ergo
398 2456 596 2494 merces
619 2455 733 2492 mea
752 2438 845 2491 ?ut
865 2435 1205 2506 Evangelium
1228 2434 1546 2505 prtcdicans,
1570 2434 1681 2487 sine
1700 2447 1846 2486 sum-

246 2544 337 2604 ptu
380 2548 576 2602 ponam
614 2527 980 2599 Evangeltum,
1011 2537 1064 2580 ut
1091 2543 1195 2581 non
1219 2527 1409 2580 abutar
1448 2533 1702 2597 potestate
1730 2540 1845 2577 mea

247 2627 301 2679 in
327 2622 624 2694 Evangelia
668 2621 721 2693 (Ι
757 2619 880 2675 Cor.
929 2620 1027 2691 ix).
1077 2619 1262 2689 Neque
1299 2619 1566 2674 silendum
1610 2616 1847 2671 arbitror

247 2715 397 2785 quod
419 2713 784 2770 duodenarius
804 2727 1066 2767 numerus
1087 2724 1527 2780 unumquemque
1544 2707 1839 2769 hominem,

246 2816 303 2861 et
331 2804 730 2877 plenitudinem
759 2803 1020 2872 temporis
1059 2801 1314 2870 orbisque
1363 2799 1526 2854 situm
1559 2795 1843 2880 complecti

252 2899 493 2954 videtur.
540 2896 680 2952 Nam
710 2897 874 2951 homo
915 2912 982 2951 ex
1027 2903 1234 2965 septem
1279 2892 1526 2963 partibus
1563 2896 1838 2950 constans,

252 2990 430 3044 tribus
462 2988 519 3042 in
565 2988 771 3052 anima,
800 2995 854 3042 et
881 2995 1114 3056 quatuor
1154 2984 1207 3039 in
1235 2998 1465 3053 corpore
1490 2979 1845 3052 qualitatibus

250 3080 528 3138 consistit.
561 3077 689 3134 Sive
733 3089 914 3134 autem
958 3087 1192 3148 quatuor
1218 3083 1423 3147 partes,
1460 3073 1574 3128 sive
1604 3081 1718 3127 tres
1746 3086 1844 3142 per

1948 1882 2126 1936 minus
2163 1883 2409 1939 instructi
2438 1894 2533 1940 aut
2554 1886 2751 1941 eruditi
2776 1886 3045 1951 videntur,
3078 1889 3360 1942 accedunt.
3392 1888 3525 1943 NJlli
3600 1916 3631 1931 ιο
3660 1934 3679 1951 ν.

1949 1980 2037 2034 illa
2077 1996 2199 2049 qua:
2246 1982 2476 2051 mystica
2522 1988 2726 2035 suntet
2780 1982 2831 2035 in
2880 1983 3106 2036 secretis
3144 1985 3443 2049 recondita,
3477 1993 3532 2039 et

1950 2074 2081 2130 solis
2110 2073 2485 2129 sacerdotibus
2513 2082 2718 2145 patent,
2761 2091 2865 2127 non
2898 2074 3072 2129 solum
3107 2076 3288 2130 nullus
3323 2078 3533 2132 anima-

1948 2166 2014 2221 lis
2034 2167 2196 2221 homo
2225 2165 2459 2229 accedit,
2487 2166 2579 2220 sed
2604 2179 2671 2219 ne
2703 2165 2802 2235 ipsi
2834 2165 3052 2235 quidem
3075 2166 3169 2237 qui
3196 2167 3398 2221 habere
3430 2169 3531 2222 ali-

1909 2257 2077 2328 ,quid
2116 2256 2364 2312 exercitii
2405 2263 2460 2311 et
2510 2255 2833 2312 eruditionis
2863 2256 3133 2322 videntur,
3181 2257 3419 2312 nondum
3455 2267 3536 2312 ta-

1949 2367 2072 2408 men
2116 2358 2297 2405 mente
2340 2356 2395 2404 et
2432 2348 2542 2403 vita
2587 2348 2654 2401 ad
2697 2346 3088 2401 sacerdotalem
3142 2347 3373 2418 gratiam
3406 2363 3536 2402 con-

1949 2440 2295 2497 scenderunt.
2724 2500 2729 2501 ί

2539 2527 2768 2585 CAPUT
2808 2527 2945 2583 Xlll.

1947 2622 2026 2678 De
2056 2623 2318 2679 oblatione
2357 2625 2563 2694 ducum,
2575 2624 2772 2694 populi
2788 2623 3093 2687 lsraelitici,
3122 2636 3171 2680 et
3204 2626 3537 2681 dedicatione

2513 2693 2701 2748 altaris
2742 2693 2975 2748 Domini.

2021 2805 2200 2879 (Ιιιιιι.)
2231 2768 2410 2877 Igitur
2440 2805 2737 2861 obtulerunt
2778 2806 2934 2860 duces
2962 2808 3016 2860 in
3048 2807 3431 2863 dedicationem
3456 2807 3537 2862 al-

1901 2907 1904 2910 ’
1948 2900 2101 2964 turis,
2133 2898 2220 2952 die
2247 2914 2352 2968 qua
2391 2906 2605 2951 unctum
2632 2906 2729 2962 est,
2755 2896 3070 2951 oblationem
3112 2915 3263 2952 suam
3301 2908 3422 2953 ante
3450 2896 3529 2953 al-

1949 2998 2081 3042 tare.
2131 2987 2412 3043 Dedicatio
2463 2985 2674 3051 altaris,
2737 2986 3078 3041 consecratio
3124 2995 3206 3041 est
3254 2988 3530 3043 Ecclesia»

1950 3079 2077 3134 Dies
2120 3086 2300 3133 autem
2341 3077 2431 3133 ille
2474 3092 2582 3147 quo
2610 3085 2832 3131 unctum
2858 3083 2941 3132 est
2981 3076 3173 3139 altare,
3212 3085 3423 3147 tempus
3451 3088 3536 3133 est

250 3181 489 3244 quatuor
530 3171 874 3241 multiplices,
910 3169 1303 3225 duolcnarium
1332 3180 1616 3222 numerum
1659 3163 1838 3218 homi-
1871 3139 1916 3201 (ἶ
1951 3168 2340 3224 incarnationis
2388 3167 2706 3232 Dominicm,
2752 3166 2971 3237 qu;me
3014 3175 3136 3237 post
3180 3169 3536 3222 resurrccﬁo-

249 3279 376 3319 nem
418 3272 597 3318 totum
639 3261 1011 3331 circumplecti
1056 3277 1161 3315 non
1194 3259 1402 3314 latebit.
1450 3257 1680 3312 Mundus
1707 3271 1844 3326 quo-

250 3368 356 3422 que
384 3352 672 3408 duodecim
702 3351 878 3405 ventis
901 3350 1242 3405 terminatur.
1275 3347 1383 3404 Sed
1406 3356 1461 3404 et
1491 3348 1620 3402 anni
1643 3345 1843 3403 duode-

250 3444 334 3498 nis
366 3442 671 3509 mensibus,
704 3441 927 3497 sicuth
967 3441 1083 3495 dies
1128 3439 1279 3495 horis
1318 3439 1838 3495 circumvolvuntur.

250 3533 329 3588 Ex
357 3533 565 3603 quibus
588 3533 840 3587 omnibus
876 3532 1199 3604 colligimus,
1235 3545 1451 3586 omnem
1484 3530 1759 3587 hominem
1786 3530 1841 3585 in

249 3622 400 3675 onmi
449 3620 570 3676 loco
619 3631 675 3676 et
722 3610 966 3689 tempore
1013 3619 1080 3674 ad
1128 3621 1538 3677 tabernaculum
1580 3621 1675 3676 Dei
1717 3635 1843 3676 cum

248 3709 416 3781 digna
439 3708 643 3764 virtute
673 3722 967 3780 properare
987 3709 1204 3765 debere.

321 3800 520 3873 Itaque
558 3818 676 3855 cum
721 3801 1022 3872 suscepisset
1062 3800 1270 3872 Moyses
1308 3800 1546 3869 plaustra
1577 3811 1625 3856 et
1671 3802 1839 3865 boves,

246 3892 479 3946 tradidit
521 3909 607 3946 eos
654 3890 862 3947 Levitis.
908 3890 1028 3946 Duo
1073 3891 1313 3963 plaustra
1348 3901 1396 3946 et
1424 3902 1651 3964 quatuor
1694 3894 1843 3948 boves

247 3985 396 4039 dedit
436 3984 566 4054 filiis
595 3983 814 4051 Gereon,
841 3985 998 4056 juxta
1026 3985 1083 4038 id
1125 3985 1265 4056 quod
1311 3985 1569 4040 habebant
1600 3998 1841 4041 necessa-

252 4078 392 4131 rium
417 4094 436 4141 ;
460 4086 690 4147 quatuor
711 4077 817 4130 alia
841 4076 1103 4147 plaustra,
1135 4086 1185 4131 et
1226 4087 1340 4132 octo
1368 4078 1518 4133 boves
1546 4078 1690 4133 dedit
1710 4079 1843 4148 ﬁliis

252 4166 481 4231 Πρωνί,
521 4167 805 4222 secundum
847 4169 1013 4239 oﬁicia
1056 4179 1105 4223 et
1135 4168 1331 4224 cultum
1359 4187 1513 4226 suum
1541 4170 1637 4227 sub
1680 4188 1843 4227 manu

252 4254 504 4311 Ithamar
540 4256 641 4326 ﬁlii
682 4258 858 4312 Aaron
904 4258 1212 4314 sacerdotis.
1262 4258 1420 4317 Filii:
1459 4274 1633 4317 au'em
1673 4261 1842 4318 (Σααιή

251 4367 358 4406 non
400 4350 544 4404 dedit
585 4349 824 4421 plaustra
865 4368 915 4406 et
945 4352 1115 4418 boves,
1137 4355 1261 4425 quia
1295 4355 1349 4409 in
1391 4360 1696 4411 sanctuario
1735 4374 1845 4411 ser-

1946 3278 2071 3318 nem
2098 3271 2154 3318 et
2179 3262 2555 3317 ascensionem
2580 3260 2818 3325 Domini,
2850 3275 2950 3329 per
2988 3258 3224 3331 Spiritus
3248 3261 3423 3315 sancti
3451 3258 3534 3312 el-

1948 3352 2216 3410 l'usionem
2245 3352 2517 3408 universis
2541 3360 2716 3407 coetus
2757 3353 2809 3406 in
2849 3352 3131 3408 cmnaculo
3161 3351 3292 3407 Sion
3335 3353 3534 3407 sancti-

1947 3445 2143 3502 ﬁcatus
2169 3454 2254 3501 cst
2291 3446 2651 3501 credentium.
2688 3444 2834 3499 Bene
2877 3460 3008 3515 ergo
3034 3445 3239 3500 dictum
3271 3453 3357 3501 est
3389 3446 3534 3515 quod

1947 3539 2114 3592 duces
2149 3536 2481 3591 oblationem
2527 3551 2678 3590 suam
2724 3536 3024 3591 obtulerint
3052 3537 3105 3590 in
3137 3536 3532 3591 dedicationem

1947 3627 2156 3691 altaris,
2201 3626 2328 3696 quia
2380 3626 2756 3695 unusquisque
2793 3625 3034 3680 ﬁdelium
3076 3635 3238 3694 prout
3282 3626 3385 3680 sibi
3426 3628 3534 3681 cle-

1951 3720 2150 3775 mentia
2194 3718 2373 3773 divina
2421 3731 2576 3786 posse
2614 3718 2968 3781 concesserit,
2994 3716 3321 3772 oblationem
3368 3728 3532 3773 rectae

1945 3810 2092 3875 ﬁdei,
2122 3815 2323 3865 sancttc
2351 3807 2611 3862 doctrinm
2638 3815 2694 3861 et
2732 3808 2998 3863 bonorum
3024 3823 3271 3878 operum,
3305 3808 3373 3863 ad
3412 3824 3534 3879 pro-

1947 3901 2144 3958 fectum
2185 3909 2243 3955 et
2270 3901 2531 3956 honorem
2577 3906 2779 3954 sanctae
2824 3897 3079 3954 Ecclesiae
3105 3896 3304 3954 oll‘erre
3346 3898 3523 3955 debet.

1948 3994 2208 4064 Sequitur
2233 4011 2245 4047 :

2013 4083 2161 4138 Dixit
2186 4083 2445 4139 Dominus
2488 4084 2557 4138 ad
2589 4083 2840 4155 Moysen:
2869 4085 3078 4157 Singuli
3109 4087 3266 4141 duces
3305 4104 3396 4156 per
3421 4089 3530 4142 sin-

1944 4176 2093 4246 gulos
2134 4177 2243 4232 dies
2290 4178 2508 4247 offerent
2540 4195 2758 4233 munera
2790 4181 2844 4232 in
2892 4180 3272 4234 dedicationem
3318 4180 3526 4235 altaris.

1946 4268 2087 4335 Quid
2115 4276 2200 4324 est
2227 4285 2358 4340 ergo
2381 4270 2523 4339 quod
2558 4270 2798 4340 singulos
2836 4272 3001 4325 duces
3017 4269 3186 4340 jussit
3211 4286 3309 4340 per
3345 4272 3528 4340 singu-

1946 4361 2028 4416 los
2055 4361 2171 4416 dies
2191 4358 2389 4416 oll‘erre
2428 4375 2674 4425 munera,
2712 4361 2816 4415 nisi
2854 4358 2997 4429 quod
3029 4362 3182 4416 nobis
3208 4362 3524 4431 spiritaliter

249 4442 402 4497 riunt
428 4480 444 4506 ,
511 4450 560 4495 et
607 4457 765 4495 onera
813 4444 1039 4514 propriis
1092 4454 1305 4514 portant
1358 4446 1609 4502 humeris.
1668 4447 1843 4517 Supe-
1871 4492 1922 4551 Β
1949 4451 2144 4515 innuit,
2170 4450 2313 4520 quod
2343 4450 2507 4506 duces
2537 4452 2730 4516 no~tri,
2780 4452 2830 4506 id
2875 4460 2981 4518 est,
3013 4452 3397 4522 praedicatores
3429 4470 3525 4510 no-

250 4534 374 4589 rius
420 4542 601 4589 autem
649 4535 909 4605 scriptum
946 4544 1032 4591 est
1071 4537 1215 4606 quod
1265 4537 1357 4591 ﬁlii
1404 4537 1576 4594 Caath
1618 4551 1840 4610 portare

251 4624 522 4681 deberent
556 4625 793 4696 propriis
841 4628 1082 4682 humeris
1136 4629 1538 4685 tabernaculum
1586 4630 1835 4699 foederis,

250 4716 518 4773 Sanctum
567 4727 901 4782 sanctorum,
956 4735 1172 4785 arcam,
1223 4721 1434 4787 altare,
1489 4737 1735 4779 mensam
1783 4734 1839 4782 et

252 4809 666 4875 candelabrum,
702 4818 758 4865 et
780 4810 963 4865 omnia
992 4827 1120 4867 vasa
1152 4828 1339 4867 eorum
1367 4814 1607 4870 involuta
1635 4817 1833 4887 palliis.

252 4900 674 4955 Gersonitarum
704 4910 885 4957 autem
921 4900 1091 4957 olilcia
1140 4918 1280 4970 esse,
1314 4913 1372 4959 ut
1412 4914 1631 4976 portent
1674 4911 1835 4965 corti-

256 5007 359 5047 nas
397 4992 739 5047 tabernaculi
781 4999 837 5047 et
883 5000 1080 5048 tectum
1138 4993 1389 5058 foederis,
1437 4999 1838 5068 cperimentum

256 5083 426 5146 aliud,
468 5091 522 5137 et
552 5098 713 5152 super
741 5085 923 5139 omnia
964 5084 1205 5140 velamen
1253 5087 1688 5158 hyacinthinum,
1720 5100 1840 5146 ten-

258 5172 568 5242 toriumque
592 5172 735 5242 quod
763 5174 961 5243 pendet
997 5173 1049 5227 in
1081 5173 1301 5229 introitu
1335 5174 1555 5233 ftederis
1586 5180 1841 5235 taberna-

254 5261 401 5327 culi,
416 5263 660 5318 cortinas
688 5262 811 5316 atrii
835 5271 891 5317 et
914 5262 1092 5317 velum
1116 5262 1171 5317 in
1197 5263 1425 5319 introitu
1446 5268 1591 5335 quod
1611 5274 1698 5323 est
1717 5278 1843 5324 ante

256 5354 692 5419 tabernaculum,
740 5355 920 5409 omnia
958 5370 1079 5425 qua:
1109 5353 1177 5409 ad
1204 5354 1376 5410 altare
1424 5372 1632 5412 :eneum
1672 5360 1837 5428 perti-

256 5453 416 5511 nent,
445 5444 713 5500 l’uniculos
748 5452 805 5500 et
828 5461 956 5501 vasa
989 5447 1297 5502 ministerii.
1328 5446 1595 5504 Meraritae
1623 5464 1837 5520 quoque

256 5535 403 5604 quod
448 5542 730 5606 portarent
758 5536 968 5591 tabulas
1008 5536 1340 5592 tabernaculi
1382 5545 1437 5592 et
1483 5545 1664 5615 vectes
1695 5537 1832 5607 ejus,

258 5624 542 5679 columnas
566 5634 621 5681 et
643 5640 773 5681 vasa
800 5640 1010 5691 eorum,
1046 5625 1325 5681 columnas
1346 5641 1561 5696 quoque
1585 5627 1708 5682 atrii
1740 5643 1835 5698 per

257 5718 545 5773 circuitum
588 5734 711 5773 cum
755 5717 975 5774 hasibus
1014 5727 1068 5773 et
1109 5718 1322 5787 paxillis
1348 5728 1401 5775 ct
1440 5718 1660 5776 funibus
1696 5722 1829 5775 suis.

1948 4542 2048 4598 stri
2074 4542 2271 4605 sancti,
2323 4556 2388 4596 ac
2429 4541 2680 4597 ductores
2707 4541 2919 4597 itineris
2946 4542 3104 4608 recti,
3140 4542 3269 4598 licet
3305 4545 3525 4602 easdem

1947 4633 2158 4703 species
2195 4631 2521 4703 spiritalium
2550 4645 2836 4687 munerum
2866 4633 2981 4689 sive
3008 4647 3106 4703 per
3131 4632 3436 4690 doctrinam
3464 4636 3527 4691 ﬁ-

1946 4726 2030 4781 dei
2066 4723 2366 4787 catbolicm,
2407 4723 2522 4778 sive
2572 4738 2669 4792 per
2709 4723 2953 4794 exempla
2998 4724 3264 4780 bonorum
3298 4740 3524 4796 operum

1944 4814 2210 4880 deferant,
2236 4822 2416 4869 tamen
2453 4828 2549 4885 pro
2574 4815 2979 4884 opportunitate
3015 4816 3116 4872 loci
3147 4825 3243 4872 aut
3270 4819 3527 4888 temporis

1944 4908 2293 4974 distribuunt,
2323 4917 2377 4961 et
2408 4923 2513 4961 non
2548 4908 2753 4978 pariter
2780 4924 2875 4964 cas
2901 4908 3204 4980 proferunt,
3249 4920 3409 4980 prout
3436 4911 3527 4966 ille

1937 5000 2268 5056 ordinaverit
2295 4998 2425 5053 utile
2459 5007 2515 5053 et
2533 4999 2753 5054 salubre
2773 5013 2915 5064 esse,
2940 4999 2994 5054 in
3020 4998 3175 5067 cujus
3198 5017 3359 5056 manu
3381 4999 3519 5066 loca,

1942 5102 2207 5161 tempora,
2240 5106 2330 5146 res
2356 5099 2413 5146 et
2439 5089 2665 5149 eliectus
2693 5091 2931 5147 universi
2956 5092 3295 5147 consistunt?
3327 5093 3523 5148 Videa-

1941 5199 2062 5238 mus
2095 5198 2239 5238 nunc
2264 5198 2386 5244 quae
2411 5197 2638 5238 munera
2670 5182 2745 5237 illi
2787 5184 2953 5241 duces
2990 5185 3299 5240 obtulerunt
3326 5199 3522 5241 secun-

1941 5274 2067 5329 dum
2099 5280 2426 5343 praeceptum
2452 5272 2589 5341 legis
2623 5273 2849 5329 datoris.

2014 5361 2195 5417 Primo
2231 5363 2318 5417 dte
2358 5363 2544 5417 obtulit
2571 5362 2886 5419 oblationem
2927 5381 3079 5419 suam
3128 5362 3345 5419 Naason
3374 5363 3521 5431 ﬁlius

1936 5448 2231 5508 ilmtnadab
2258 5452 2321 5506 de
2349 5453 2488 5507 tribu
2515 5453 2683 5507 Juda.
2720 5452 2768 5506 F
2772 5465 3059 5525 iterumque
3081 5455 3133 5506 in
3157 5471 3240 5517 ea,
3267 5452 3515 5508 acetabu-

1939 5542 2047 5597 lum
2098 5553 2397 5614 argenteum
2455 5543 2750 5613 appendens
2797 5554 3000 5597 centum
3061 5543 3275 5611 triginta
3335 5541 3515 5598 siclos.

1941 5633 2130 5687 Phiala
2159 5642 2401 5703 argentea
2427 5632 2619 5687 habens
2648 5633 2974 5703 septuaginta
3017 5631 3171 5685 siclos
3185 5632 3346 5702 juxta
3378 5649 3510 5702 porto

1938 5706 2046 5776 (lus.
2073 5722 2399 5777 sanctuarii:
2430 5733 2705 5792 utrumque
2747 5721 2955 5791 plenum
3006 5721 3181 5777 simila
3226 5741 3506 5798 conspersa
