3932 6188
430 281 524 337 631

1099 276 1154 329 Β.
1201 272 1449 329 [MBAN
1488 271 1701 326 MAURI
1739 267 2056 324 Alitillllil’.
2101 265 2409 322 MOGUNT.
2447 267 2737 324 OPERUM
2772 267 2951 324 PARS
2987 270 3027 323 l.

3561 277 3668 330 (37:!

429 392 543 448 oleo
568 395 622 445 in
649 389 965 458 sacriﬁcium
989 405 1006 442 :
1030 387 1396 441 mortariolum
1437 402 1501 440 ea:
1533 386 1707 440 decem
1737 384 1878 439 siclis
1904 400 1998 437 αα·
2030 383 2076 441 Λ
2104 379 2258 433 nobis
2282 380 2349 434 ad
2377 381 2682 450 exemplum
2722 382 2833 436 dati
2882 392 3027 449 sunt,
3081 384 3396 451 insinuant;
3429 387 3550 456 quia
3578 389 3671 444 alii

432 486 532 539 reis
560 484 767 553 plenum
789 481 1030 542 incenso;
1064 478 1238 533 bovem
1261 488 1309 531 et
1345 478 1561 532 arietem
1589 485 1636 531 et
1680 491 1873 546 agnum
1904 492 2001 528 an-

432 575 661 629 niculam
688 575 742 627 in
769 571 1128 625 holocaustum
1156 570 1461 639 Itircumque
1485 585 1579 639 pro
1601 577 1846 638 peccato;
1874 577 1923 621 et
1946 567 2001 620 in

430 663 747 731 sacriﬁcium
786 658 1147 729 paciﬁcorum,
1173 659 1319 712 boves
1358 659 1511 723 duos,
1538 659 1727 712 arietes
1750 658 1999 727 quinque,

431 753 602 805 hircos
623 750 870 819 quinque,
895 764 1057 817 agnos
1083 744 1356 800 anniculos
1377 747 1624 816 quinque.
1651 743 1780 798 lla’c
1806 743 2000 798 oblatio

431 850 506 893 est
536 838 756 891 Naason
784 837 884 905 ﬁlii
913 836 1227 889 Aminadab.
1266 836 1423 889 Varia
1455 835 1571 889 hinc
1614 850 1742 889 vasa
1777 849 1897 903 qua:
1934 833 2003 887 ad

430 926 703 982 ollerenda
732 926 987 981 libamina
1019 933 1138 979 sunt
1168 924 1329 987 facta,
1358 925 1388 956 δ’
1408 924 1555 977 varie
1582 922 1746 976 divini
1774 937 1871 993 pro
1896 922 2002 976 dis—

430 1019 547 1089 pari
594 1017 895 1088 capacitate
932 1016 1285 1069 audientium.
1330 1014 1446 1068 Non
1475 1014 1619 1068 enim
1645 1029 1751 1067 una
1780 1012 1999 1066 eadem-

432 1130 537 1186 que
563 1110 813 1168 omnibus
842 1116 1019 1177 potest
1057 1108 1345 1163 convenire
1381 1106 1667 1167 doctrina;
1709 1104 1803 1160 sed
1848 1102 2004 1157 aliter

431 1207 723 1277 sapientes,
778 1202 936 1255 aliter
982 1199 1325 1269 insipientes;
1380 1198 1535 1251 aliter
1587 1195 1799 1261 divites,
1846 1194 2004 1248 aliter

430 1310 696 1368 pauperes
723 1311 736 1359 ;
762 1292 916 1346 aliter
961 1291 1102 1353 sani,
1145 1289 1300 1344 aliter
1342 1288 1539 1343 inﬁrmi
1585 1285 1809 1341 docendi
1854 1292 1997 1339 sunt.

431 1386 602 1440 Aliter
641 1395 769 1439 tunc
799 1382 947 1437 rudis
975 1380 1202 1450 populus
1232 1378 1539 1432 Judzeorum
1572 1377 1671 1430 sub
1708 1374 1841 1446 legis
1879 1390 2000 1428 um-

432 1482 525 1532 bra
568 1490 792 1531 manens
830 1471 1156 1528 erudiendos
1202 1470 1318 1531 fuit,
1352 1478 1406 1523 ct
1452 1469 1608 1522 aliter
1654 1481 1795 1520 nunc
1838 1465 1998 1520 Chri-

431 1572 641 1624 stianus
670 1567 896 1638 populus
936 1566 993 1620 in
1030 1565 1259 1619 veritate
1301 1561 1597 1633 Evangelii,
1645 1559 1778 1629 legis
1809 1565 2003 1628 myste-

430 1661 509 1714 ria
546 1657 831 1727 explanata
863 1654 1221 1723 conspiciens,
1261 1653 1312 1705 in
1370 1650 1543 1703 vitum
1584 1647 1878 1718 perfectum
1918 1655 2001 1701 est

2104 470 2342 526 doctoris
2366 472 2540 528 oﬂicio
2588 472 2779 539 functi,
2826 474 2917 529 alii
2964 475 3016 529 in
3063 474 3318 531 ducatum
3355 486 3409 531 et
3438 479 3671 549 regimen

2103 560 2439 615 subditorum
2488 562 2720 616 ordinati
2773 573 2827 617 et
2876 562 3265 619 rationabiliter
3308 565 3531 634 prmlati,
3580 569 3673 624 alii

2102 650 2445 721 simplicitate
2466 662 2522 707 et
2544 652 2951 709 mansuetudine
2973 657 3229 710 modesta:
3251 659 3676 715 conversationis

2101 740 2418 807 gratissimi,
2447 742 2535 796 alii
2568 743 2621 796 in
2652 744 2971 813 poenitentia
2992 761 3153 814 quam
3180 762 3279 816 pro
3302 749 3541 816 peccatis
3567 748 3677 803 for-

2103 830 2228 883 titer
2253 839 2307 884 et
2330 831 2591 901 condigne
2621 842 2867 901 egerunt,
2898 835 3280 903 acceptissimi.
3310 836 3511 892 Horum
3534 841 3676 894 enim

2101 921 2341 975 omnium
2395 922 2461 976 ad
2514 923 2921 978 instructionem
2978 935 3222 979 nostram
3270 927 3323 980 in
3382 926 3679 997 Scripturis

2103 1015 2274 1069 sacris
2298 1016 2449 1084 plura
2472 1016 2715 1087 exempla
2740 1017 2920 1072 divina
2940 1016 3282 1074 Providentia
3309 1021 3462 1076 nobis
3476 1025 3677 1093 posuit.

2102 1115 2368 1176 quatenus
2387 1123 2573 1163 eorum
2597 1108 2894 1163 doctrinam
2916 1109 2968 1164 in
2994 1112 3297 1177 sententiis,
3318 1122 3477 1182 atque
3503 1130 3683 1169 exem-

2101 1195 2187 1265 pla
2225 1195 2276 1249 in
2305 1197 2513 1251 actibus
2541 1212 2660 1267 quae
2689 1197 2943 1253 nobiliter
2967 1199 3107 1253 inter
3136 1215 3261 1255 suos
3297 1213 3682 1257 conversantes

2102 1284 2168 1338 ad
2226 1285 2542 1339 imitandum
2589 1286 2976 1355 proferebant,
3037 1289 3527 1357 consideraremus,
3590 1308 3686 1350 no-

2102 1382 2380 1445 stramque
2409 1375 2573 1429 vitam
2606 1391 2822 1447 semper
2866 1378 2919 1430 in
2962 1378 3185 1433 meliora
3224 1380 3525 1435 reformare
3572 1396 3685 1435 cer-

2103 1473 2360 1519 taremus.
2422 1464 2576 1521 Unde
2618 1469 2913 1522 secundum
2964 1468 3110 1539 leges
3158 1470 3469 1540 tropologia:
3524 1470 3685 1525 oﬁ'crt

2100 1554 2316 1624 quidem
2363 1557 2577 1623 bovem,
2616 1558 2706 1627 qui
2737 1558 3022 1613 utilitatem
3058 1559 3111 1613 in
3158 1559 3397 1614 Ecclesia
3433 1560 3529 1615 Dei
3555 1576 3684 1629 erga

2102 1646 2329 1702 salutem
2376 1648 2743 1718 proximorum
2793 1650 3072 1721 impendit.
3110 1650 3278 1707 Oll‘ert
3326 1652 3556 1707 arietem
3595 1652 3686 1721 qui

429 1724 771 1805 nutriendus.
820 1746 1058 1814 Denique
1109 1743 1389 1797 acetabula
1440 1756 1557 1811 quae
1598 1747 1883 1810 argustum
1938 1752 2000 1792 os
2030 1724 2074 1783 Β
2103 1751 2207 1790 non
2250 1738 2421 1792 solum
2451 1739 2616 1793 vitam
2658 1755 2811 1795 suam
2836 1756 3023 1812 regere
3058 1741 3183 1805 rite,
3227 1741 3319 1796 sed
3351 1749 3408 1796 et
3463 1741 3605 1797 alios
3634 1742 3685 1795 in

428 1842 658 1909 desuper
686 1837 908 1900 habent,
951 1837 1253 1905 angustiam
1287 1834 1480 1887 littera:
1516 1830 1700 1902 legalis
1728 1836 1784 1883 et
1809 1829 2004 1883 obscuo

429 1931 646 1985 ritatem
693 1925 982 1982 locutionis
1022 1923 1368 1994 prophetiae,
1419 1936 1516 1991 per
1555 1916 1872 1989 mysterium
1917 1930 2006 1970 ex-

427 2022 688 2092 primunt.
727 2016 928 2073 Phiala:
968 2030 1095 2068 vero
1121 2029 1239 2083 quze
1268 2028 1333 2067 ex
1375 2012 1517 2065 vitro
1559 2007 1815 2081 primitiis
1846 2006 2004 2061 facta:

427 2122 553 2168 sunt
576 2113 722 2183 (nam
754 2108 926 2165 Graeci
968 2108 1119 2162 ὕαλον
1152 2106 1349 2159 vitrum
1381 2103 1681 2166 nominant,
1712 2108 1768 2155 et
1796 2107 1922 2154 sunt
1947 2098 2002 2152 in

427 2217 643 2257 summo
668 2216 763 2255 ore
791 2198 1029 2267 latiores)
1075 2196 1407 2250 luciditatem
1456 2209 1520 2249 ac
1561 2192 2001 2264 perspicuitatem

426 2292 725 2363 evangelici
766 2304 977 2353 sensus,
1005 2288 1060 2343 in
1094 2302 1201 2357 quo
1248 2284 1507 2357 mysteria
1555 2283 1739 2337 omnia
1778 2281 1911 2351 legis
1948 2287 2004 2334 et

428 2386 810 2453 prophetarum
846 2379 1127 2450 explanata
1160 2386 1303 2440 sunt,
1344 2384 1397 2431 et
1422 2374 1638 2445 planam
1678 2372 2001 2427 locutionem

431 2476 688 2529 doctrinae
740 2471 1066 2541 apostolica,
1095 2471 1148 2526 in
1199 2484 1303 2537 qua
1348 2483 1410 2522 ea
1439 2482 1559 2536 qua:
1600 2465 1751 2536 prius
1788 2464 1840 2518 in
1878 2462 2005 2517 teni-

430 2573 610 2635 gmate
653 2563 924 2626 latebant,
969 2562 1020 2615 in
1050 2560 1222 2615 lucem
1248 2558 1453 2629 prolata
1493 2565 1547 2612 et
1592 2555 1833 2626 exposita
1877 2560 2005 2608 sunt

430 2656 723 2711 insinuant.
758 2654 825 2708 Et
854 2654 991 2708 bene
1015 2650 1295 2707 acetabula
1332 2658 1546 2705 centum
1579 2647 1811 2717 trigenta
1840 2642 2000 2699 siclo-

434 2761 553 2802 rum
594 2745 825 2816 argenti,
854 2752 1075 2814 propter
1105 2741 1418 2813 decalogum
1447 2739 1582 2810 legis
1605 2746 1660 2793 et
1683 2746 1895 2793 aetatem
1927 2735 2003 2790 le-

431 2837 722 2911 gislatoris,
767 2851 886 2908 qua:
921 2850 1133 2891 centum
1157 2833 1343 2903 viginti
1365 2845 1629 2886 annorum
1659 2837 1797 2893 erat,
1836 2828 2003 2882 fuisse

431 2930 829 2987 describuntur.
874 2926 1073 2982 Phialte
1100 2939 1311 2995 quoque
1348 2922 1684 2994 septuaginta
1722 2921 1998 2983 siclorum,

430 3024 520 3079 ubi
547 3023 799 3077 denarius
823 3035 1078 3075 numerus
1107 3016 1492 3086 multiplicatus
1533 3022 1616 3069 est
1646 3012 1863 3082 septies,
1910 3026 1997 3064 os-

433 3115 658 3170 tendens
688 3112 1050 3182 impletionem
1081 3108 1476 3169 mandatorum,
1503 3121 1607 3159 non
1632 3104 1736 3159 nisi
1766 3117 1863 3172 per
1882 3116 2002 3171 gra-

431 3204 562 3257 tiam
594 3202 827 3269 Spiritus
859 3198 1051 3262 sancti,
1075 3197 1165 3266 qui
1191 3197 1243 3249 in
1273 3194 1423 3248 Novo
1454 3193 1801 3247 Testamento
1827 3189 1999 3243 mani—

432 3289 625 3343 festius
676 3290 834 3342 datus
892 3293 1009 3349 est,
1062 3298 1221 3353 posse
1265 3281 1469 3352 perﬁci.
1528 3279 1666 3348 Apte
1716 3279 1831 3333 haec
1875 3292 2004 3331 vasa

432 3377 587 3446 plena
615 3375 792 3430 simila
838 3387 1131 3443 conspersa
1166 3370 1284 3426 oleo
1319 3371 1373 3425 in
1404 3368 1729 3424 sacriﬁcium
1760 3366 1877 3422 ﬁeri
1918 3365 2006 3435 ju-

432 3469 647 3532 bentur,
679 3464 804 3535 quia
844 3461 1100 3534 spiritalis
1146 3460 1373 3516 {scientia
1405 3459 1460 3514 in
1509 3458 1624 3530 lege
1653 3467 1709 3513 et
1748 3458 1803 3512 in
1831 3457 2006 3511 Evan‘

433 3556 573 3627 gelio
595 3557 772 3611 inesse
812 3554 1062 3609 omnibus
1086 3559 1232 3607 recte.
1255 3549 1603 3605 credentibus
1628 3555 1684 3603 et
1723 3547 1827 3602 rite
1851 3545 2007 3602 intel-

432 3644 722 3716 ligentibus
749 3652 933 3716 patet:
962 3658 1083 3714 qua:
1109 3641 1344 3712 Spiritus
1382 3640 1557 3695 sancti
1594 3638 1769 3710 gratia
1796 3637 2009 3707 dispen-

432 3747 608 3804 sante,
636 3738 704 3794 ad
746 3738 1024 3793 hominum
1073 3735 1299 3791 salutem
1333 3733 1639 3801 conscripta
1688 3739 1846 3800 atque
1884 3744 2010 3798 pro-

433 3831 541 3885 lata
584 3837 687 3884 est.
721 3828 873 3883 Unde
904 3825 1231 3881 sacriﬁcium
1282 3824 1383 3879 rite
1411 3822 1502 3877 ﬁt:
1553 3823 1678 3893 quia
1713 3821 1847 3876 nihil
1898 3829 2008 3874 tam

435 3916 766 3986 acccptabile
794 3925 876 3971 est
921 3916 1050 3978 Deo,
1090 3928 1251 3984 quam
1286 3912 1565 3967 meditatio
1608 3910 1800 3965 divinae
1851 3909 2007 3978 legis,

433 4022 555 4061 cum
589 4004 934 4059 exsecutione
961 4005 1221 4057 bonorum
1251 4016 1495 4070 operum.
1531 3998 1896 4054 Mortariolum
1919 4012 2012 4051 au—

436 4107 542 4155 tem
582 4111 825 4161 aureum,
867 4095 1071 4150 habens
1121 4094 1330 4163 pondus
1373 4092 1557 4147 decem
1608 4090 1768 4146 siclos
1793 4090 2010 4160 plenum

435 4193 655 4247 incenso
680 4186 931 4243 similiter
971 4184 1152 4240 ollerri
1191 4182 1431 4253 jubetur.
1470 4182 1537 4236 Et
1559 4181 1686 4251 quid
1719 4181 1774 4235 in
1805 4188 2005 4235 morta-

436 4282 569 4337 riolo
606 4293 772 4335 aureo
825 4278 929 4332 nisi
975 4291 1069 4332 cor
1111 4275 1404 4330 electorum
1448 4272 1663 4343 plenum
1703 4270 1883 4326 divina
1923 4285 2009 4326 sa-

435 4375 655 4442 pientia,
692 4380 746 4425 et
771 4377 1012 4424 aromata
1056 4368 1108 4421 in
1136 4382 1197 4423 se
1233 4366 1513 4422 continens
1546 4365 1803 4419 virtutum
1844 4362 2010 4433 signi-

438 4462 667 4517 ﬁcatur?
717 4460 825 4513 Nec
850 4459 1144 4529 incongrue
1170 4457 1273 4511 dici
1303 4470 1461 4526 posse
1489 4470 1612 4510 reor
1641 4470 1868 4510 numero
1897 4454 2007 4509 sin-
2034 4426 2086 4486 D

435 4552 606 4621 gulari
646 4566 741 4606 cor
769 4550 1087 4614 electorum,
1114 4564 1237 4602 cum
1270 4550 1322 4601 in
1374 4548 1600 4602 Actibus
1644 4547 2005 4616 apostolorum

436 4637 503 4692 de
528 4640 734 4693 unitate
775 4648 1083 4693 sanctorum
1113 4637 1189 4691 ita
1215 4637 1475 4705 scriptum
1504 4635 1621 4691 est:
1651 4636 2007 4690 Multitudinis

437 4739 612 4784 autem
638 4730 958 4784 credentium
1006 4739 1117 4784 erat
1143 4745 1235 4782 cor
1260 4745 1423 4782 unum
1449 4737 1495 4781 et
1526 4728 1703 4781 anima
1732 4743 1838 4781 una
1864 4726 2004 4797 (Act.

438 4821 531 4888 IV).
558 4818 709 4885 Quod
736 4819 873 4873 bene
901 4820 1087 4875 decem
1118 4819 1374 4874 siclorum
1408 4818 1643 4886 pondere
1688 4817 1904 4887 plenum
1927 4818 2008 4872 in-

438 4923 601 4965 ccuso
628 4924 748 4965 esse
778 4911 1119 4976 describitur,
1169 4913 1295 4981 quia
1341 4925 1463 4965 cum
1508 4909 1890 4978 adimpletione
1914 4911 2009 4965 de-

437 5013 554 5053 cem
601 4999 1000 5065 mandatorum,
1042 5000 1240 5055 bonum
1296 4999 1516 5054 odorem
1564 4998 1866 5063 suavitatis,
1910 5000 2009 5054 do-

439 5088 626 5143 ctrina:
652 5096 814 5156 atque
857 5089 1119 5144 orationis
1142 5104 1314 5144 sacrae
1345 5087 1588 5158 proferre
1614 5089 1783 5154 novit,
1823 5098 2011 5160 quate-

438 5194 540 5234 nus
585 5178 863 5234 denarium
900 5188 1119 5234 aeterna:
1168 5179 1537 5244 beatitudinis,
1593 5180 1648 5234 in
1689 5180 1795 5235 ﬁne
1839 5182 2014 5249 perci-

437 5285 564 5341 pere
585 5284 907 5325 mereamur.
921 5268 1051 5326 Post
1072 5287 1197 5325 vasa
1220 5286 1345 5326 vero
1362 5273 1473 5327 lucc
1488 5287 1607 5342 qua;
1627 5274 1872 5341 superius
1893 5288 2009 5329 me-

437 5362 689 5426 moravit,
723 5361 936 5415 diversa
961 5362 1214 5415 animalia
1241 5360 1435 5417 oﬂ‘erre
1463 5361 1635 5430 jubet,
1680 5363 1782 5417 hoc
1807 5372 1890 5417 est
1918 5365 2012 5418 ho-

437 5468 555 5507 vetn
583 5454 648 5509 de
692 5461 956 5518 armento,
1004 5460 1059 5508 et
1102 5453 1323 5507 arietem
1377 5462 1431 5508 et
1470 5470 1663 5524 agnum
1703 5454 2009 5509 anniculum

442 5542 492 5595 in
522 5543 915 5608 holocaustum,
950 5543 1266 5613 hircumque
1296 5560 1392 5614 pro
1444 5553 1704 5614 peccato:
1737 5560 1855 5614 qum
1893 5544 2010 5612 qui-

443 5632 557 5687 dem
590 5633 894 5702 diversitas,
922 5649 1180 5705 pcrsonas
1205 5636 1616 5705 praecedentium
1656 5644 1891 5705 patrum,
1920 5636 2008 5703 qui

2109 1829 2246 1883 viam
2273 1828 2497 1898 justitize
2526 1830 2754 1901 dirigere
2781 1828 3019 1886 festinat.
3053 1830 3220 1886 Olfert
3245 1840 3301 1887 et
3339 1847 3543 1903 agnum
3590 1848 3689 1885 an-

2105 1919 2367 1985 nicalum,
2397 1935 2519 1975 cum
2568 1930 2813 1976 sanctam
2862 1922 3261 1992 simplicitatem
3301 1932 3355 1978 et
3383 1939 3576 1979 veram
3611 1925 3690 1978 in-

2105 2010 2411 2067 nocentiam
2440 2012 2678 2067 exhibet.
2727 2013 2794 2067 Et
2822 2014 2938 2069 hinc
2961 2016 3139 2069 omnia
3178 2015 3232 2069 in
3284 2016 3687 2081 holocaustum,

2104 2100 2229 2170 quia
2258 2116 2356 2171 pro
2383 2100 2549 2156 solius
2587 2102 2681 2156 Dei
2709 2117 2913 2167 amore,
2944 2111 2999 2157 et
3027 2113 3243 2158 aeterna:
3267 2105 3388 2159 vita:
3416 2105 3692 2159 desiderio

2104 2202 2300 2247 cuncta
2340 2190 2519 2247 facere
2562 2194 2778 2264 satagit.
2834 2192 2940 2248 Sed
2989 2194 3133 2249 inter
3173 2195 3288 2250 hzec
3334 2195 3558 2250 hircum
3595 2212 3691 2265 pro

2101 2293 2323 2354 peccato
2352 2284 2547 2338 ollerre
2572 2300 2679 2338 non
2708 2284 3063 2351 obliviscitur,
3111 2285 3235 2356 quia
3282 2286 3350 2341 de
3392 2287 3693 2356 pneteritis

2104 2378 2341 2446 peccatis
2384 2376 2757 2445 paenitentiam
2787 2391 2965 2447 agere,
3009 2385 3064 2431 et
3099 2394 3196 2447 pro
3240 2370 3564 2433 excessib‘us
3596 2379 3692 2432 hu-

2105 2482 2276 2520 mana:
2303 2466 2424 2520 vita:
2451 2481 2609 2521 orare
2635 2481 2742 2519 non
2772 2464 2987 2520 desinit.
3026 2465 3196 2521 Otl'ert
3235 2476 3524 2536 praeterea,
3555 2468 3692 2521 sicut

2104 2558 2352 2629 superius
2386 2557 2694 2612 mandatum
2723 2567 2824 2622 est,
2859 2558 2912 2612 in
2962 2557 3307 2628 paciﬁcorum
3359 2559 3690 2615 sacrificium

2104 2650 2267 2704 boves
2296 2650 2452 2715 duos,
2498 2651 2611 2718 ipse
2642 2651 2735 2720 qui
2784 2651 2889 2705 duo
2917 2659 3183 2720 praecepta
3231 2650 3521 2706 charitatis
3571 2668 3691 2705 cum

2104 2743 2260 2797 bonis
2288 2742 2541 2812 operibus
2565 2741 2786 2812 implet:
2819 2741 2913 2796 Dei
2953 2742 3203 2797 videlicet
3236 2758 3479 2796 amorem
3504 2753 3692 2798 osten-

2104 2835 2280 2890 dendo
2302 2833 2355 2888 in
2379 2833 2622 2888 custodia
2651 2832 3025 2887 mandatorum
3054 2832 3231 2897 illius;
3266 2842 3321 2887 ct
3362 2833 3606 2903 proximi
3637 2835 3687 2887 in

2105 2925 2432 2982 consulendo
2464 2923 2879 2980 necessitatibus
2922 2922 3099 2978 illius:
3153 2926 3205 2978 in
3254 2925 3450 2993 quibus
3478 2924 3694 2979 duobus

2070 3026 2083 3083 ζ
2103 3018 2386 3087 prmceptis
2421 3023 2532 3070 tota
2563 3014 2647 3069 lex
2671 3014 2868 3085 pendet
2886 3021 2940 3069 et
2964 3014 3258 3084 prophetar.
3291 3011 3465 3068 Oti‘ert
3489 3015 3693 3069 arietes

2105 3109 2361 3177 quinque,
2391 3106 2575 3161 hircos
2619 3106 2877 3175 quinque,
2907 3120 3074 3175 agnos
3112 3105 3392 3160 anniculos
3423 3106 3690 3176 quinque,

2104 3214 2225 3253 cum
2255 3198 2493 3267 quinque
2514 3195 2762 3251 sensibus
2792 3197 3035 3267 corporis
3060 3197 3113 3250 in
3138 3196 3226 3250 via
3255 3196 3505 3251 veritatis
3534 3195 3692 3250 forti-

2104 3296 2188 3343 ter
2215 3288 2381 3352 ducit,
2416 3302 2446 3341 a
2475 3287 2714 3357 peccatis
2734 3288 3048 3357 compescit,
3086 3299 3248 3357 atque
3283 3291 3440 3343 bona:
3484 3288 3691 3360 simpli-

2105 3380 2283 3434 citatis
2334 3378 2531 3434 indicia
2581 3379 2635 3434 in
2680 3380 2763 3435 eis
2810 3380 3065 3435 ostendit.
3101 3378 3225 3433 H.ec
3272 3394 3401 3448 ergo
3455 3394 3685 3433 munera

2104 3470 2283 3525 onmis
2316 3469 2504 3526 doctor
2538 3471 2859 3537 catholicus,
2905 3472 3083 3526 omnis
3127 3472 3387 3542 magister
3432 3470 3696 3525 ecclesia-

2106 3562 2293 3627 sticus,
2323 3562 2501 3617 omnis
2542 3562 2703 3617 homo
2729 3561 3091 3628 Christianus,
3133 3563 3400 3617 conditori
3445 3578 3550 3617 suo
3581 3563 3695 3616 sine

2107 3653 2269 3708 dubio
2312 3653 2569 3709 exhibere
2612 3652 2791 3719 debet,
2841 3653 2967 3723 quia
3016 3652 3195 3707 nullus
3231 3652 3397 3707 divini
3451 3652 3697 3706 muneris

2108 3743 2242 3798 adeo
2304 3757 2495 3815 expers
2535 3751 2636 3808 est,
2671 3742 2813 3812 quod
2860 3741 3055 3797 divina:
3089 3741 3514 3796 honoriﬁcentia:
3563 3742 3696 3797 nihil

2109 3832 2300 3888 debeat
2327 3852 2340 3887 :
2369 3833 2522 3903 cujus
2549 3846 2771 3888 munere
2796 3833 2898 3888 hoc
2922 3833 3097 3903 ipsum
3140 3833 3302 3887 habet
3329 3833 3475 3904 quod
3504 3843 3613 3896 est,
3645 3841 3696 3887 et

2110 3925 2465 3994 quodcunque
2488 3925 2687 3978 bonum
2718 3924 2771 3977 in
2796 3940 2853 3979 sc
2880 3934 2980 3979 est.
3011 3924 3166 3992 Quia,
3201 3925 3499 3979 secundum
3540 3924 3693 3980 Pauli

2109 4012 2459 4077 sententiam,
2494 4014 2548 4066 in
2569 4013 2679 4083 ipso
2709 4013 2946 4079 vivimus,
2971 4031 3234 4067 movemur
3252 4023 3301 4068 et
3326 4031 3533 4079 suntne,
3569 4032 3695 4086 quo-

2110 4104 2253 4157 niam
2278 4121 2341 4158 ex
2362 4104 2474 4174 ipso
2498 4113 2545 4157 et
2571 4122 2663 4173 per
2684 4106 2853 4175 ipsum
2880 4115 2926 4159 et
2964 4106 3018 4159 in
3060 4107 3171 4175 ipso
3198 4114 3316 4159 sunt
3347 4106 3525 4159 omnia
3552 4105 3691 4176 (Act.

2114 4196 2265 4267 xvn).
2295 4197 2405 4251 Nec
2433 4208 2592 4251 vacat
2617 4200 2874 4268 mysterio
2907 4198 3047 4268 quod
3083 4206 3203 4268 post
3230 4207 3585 4253 enumeratos
3607 4198 3699 4252 du-

2109 4301 2198 4341 ces
2227 4302 2349 4342 cum
2394 4287 2755 4343 oblationibus
2778 4305 2965 4344 eorum
2990 4304 3125 4358 quas
3167 4296 3264 4359 per
3302 4287 3548 4360 singulos
3581 4288 3698 4343 dies

2104 4376 2256 4445 juxta
2277 4380 2628 4434 constitutum
2656 4381 2757 4435 sibi
2790 4380 3033 4435 ordinem
3066 4379 3175 4435 Deo
3216 4379 3462 4445 otl'erant,
3506 4381 3699 4436 novis-

2112 4471 2247 4525 sime
2276 4470 2436 4525 simul
2484 4479 2759 4541 computat
2786 4482 2918 4542 quot
2959 4487 3087 4525 vasa
3120 4472 3451 4543 singularum
3486 4473 3697 4543 specie-

2111 4578 2252 4628 rum,
2290 4571 2345 4617 et
2372 4573 2575 4632 quanto
2604 4562 2841 4633 pondere
2884 4564 3065 4618 omnia
3106 4563 3266 4618 simul
3310 4562 3532 4626 fuerint,
3592 4565 3696 4618 hoc

2110 4661 2194 4707 est
2216 4662 2469 4723 argentea
2498 4667 2744 4707 seorsum
2770 4668 2784 4718 ;
2830 4661 2884 4706 et
2912 4662 3043 4721 quot
3069 4652 3323 4707 animalia
3350 4652 3696 4722 uniuscujus-

2111 4756 2217 4810 que
2244 4742 2458 4813 generis
2496 4751 2697 4807 essent,
2729 4758 2848 4812 quze
2872 4743 3054 4798 oll'erri
3095 4751 3361 4813 pramepta
3403 4753 3551 4808 sunt,
3584 4755 3691 4797 tam

2114 4833 2165 4886 in
2199 4833 2567 4887 holocaustum
2604 4848 2768 4902 quam
2795 4833 2957 4887 etiam
2987 4833 3040 4887 in
3082 4833 3431 4902 paciﬁcorum
3464 4833 3691 4889 hostias.

2114 4923 2245 4977 Nam
2274 4924 2345 4977 ita
2368 4924 2627 4992 scriptum
2649 4932 2731 4978 est
2755 4938 2770 4977 :

2184 5092 2315 5147 Herc
2341 5094 2397 5148 in
2416 5095 2742 5152 dedicatione
2766 5097 2949 5152 altaris
2973 5098 3146 5153 oblata
3169 5109 3291 5153 sunt
3318 5118 3349 5153 a
3371 5099 3693 5169 principibus

2112 5181 2284 5237 Israel
2299 5183 2353 5237 in
2376 5185 2460 5238 die
2483 5203 2587 5256 qua
2607 5198 2963 5242 consecratum
2988 5199 3081 5243 est.
3104 5188 3390 5243 Acetabula
3421 5199 3688 5258 argentea,

2113 5275 2386 5329 duodecim
2408 5268 2618 5344 phiala',
2642 5289 2897 5348 argentea!
2923 5279 3218 5344 duodecim,
3258 5277 3568 5332 mortariola
3595 5294 3694 5330 au-

2117 5381 2204 5418 rea
2235 5364 2542 5419 duodecim:
2566 5368 2640 5421 ita
2666 5377 2723 5421 ut
2751 5378 2956 5423 centum
2976 5380 3023 5423 et
3046 5370 3259 5440 triginta
3284 5368 3511 5439 argentis
3531 5366 3691 5421 siclos

2116 5455 2324 5509 haberet
2353 5472 2513 5509 unum
2541 5458 2865 5512 acetabulum
2890 5477 2908 5524 ;
2956 5470 3002 5513 et
3046 5460 3375 5529 septuaginta
3400 5458 3549 5513 siclos
3582 5474 3692 5509 una

2114 5545 2313 5614 phiala,
2345 5546 2400 5597 id
2441 5556 2537 5610 est,
2569 5548 2624 5601 in
2666 5565 2935 5603 commune
2976 5566 3216 5603 vasorum
3258 5556 3486 5602 omnium
3511 5562 3575 5600 ex
3603 5561 3693 5598 ar-

2114 5644 2264 5705 gento
2294 5634 2407 5688 δὶα·ίὶ
2430 5635 2533 5689 duo
2562 5637 2723 5691 millia
2744 5639 3108 5712 quadringenti
3126 5640 3352 5713 pondere
3384 5635 3692 5693 sanctuarii.
