3932 6188
266 262 387 321 633

981 262 1513 319 ENARRATIONES
1549 262 1615 317 IN
1656 258 1917 316 LIBRUM
1958 258 2424 317 NUMERORUM.
2466 294 2535 304 —
2573 264 2701 320 LIB.
2742 267 2782 321 I.

3431 275 3540 333 ost
3582 262 3595 271 '

262 373 592 431 Hortariola
616 390 777 430 aurea
801 374 1074 430 duodecim
1095 376 1248 447 plena
1271 378 1500 444 incenso,
1524 378 1683 431 denos
1699 376 1854 431 siclos
1886 381 1933 435 Α
1963 385 2159 444 teneat,
2187 388 2247 434 ut
2287 380 2459 451 magis
2489 380 2586 436 Dei
2639 385 2868 455 gratiam
2911 401 3072 456 quam
3119 389 3377 446 ollcnsam
3424 410 3535 449 tne-

256 467 616 538 appendentia
648 466 877 536 pondere
916 472 1228 534 sanctuarii,
1276 470 1329 523 id
1354 480 1449 536 est,
1498 470 1654 525 simul
1699 471 1846 525 aurci

249 558 386 615 εειιὶ
402 570 605 614 centum
631 560 828 631 viginti.
854 557 1020 614 Bores
1044 560 1108 614 de
1140 571 1374 615 armento
1400 562 1454 616 in
1485 562 1847 616 holocaustum

251 655 563 719 duodecim,
587 655 774 708 arietes
800 654 1094 719 duodecim,
1117 657 1240 725 agni
1271 655 1509 710 anniculi
1547 656 1844 720 duodecim,

248 755 300 798 et
352 745 641 799 libamenta
666 760 847 797 eorum
885 744 1021 798 hirci
1054 745 1328 800 duodecim
1371 762 1465 816 pro
1506 756 1737 816 peccato.
1780 744 1847 799 In

246 835 434 887 hostia
462 833 800 904 paci/icorum
828 834 974 888 boves
1003 844 1232 905 quatuor
1252 844 1298 890 et
1318 836 1519 906 viginti,
1550 837 1737 890 arietes
1762 854 1846 890 se-

244 927 496 996 xaginta,
531 926 656 997 agni
685 925 920 980 anniculi
948 927 1241 995 sexaginta.
1288 926 1426 993 Quid
1455 942 1585 999 ergo
1618 928 1671 982 in
1699 927 1846 983 vasis

246 1017 535 1087 argenteis
560 1032 681 1086 qua:
723 1016 883 1072 simul
910 1018 1095 1071 omnia
1140 1017 1247 1072 duo
1275 1018 1443 1073 millia
1488 1029 1543 1073 et
1592 1018 1849 1088 quadrin-

245 1116 450 1175 gentos
486 1106 647 1162 siclos
671 1108 909 1177 pondere
940 1107 1237 1162 sanctuarii
1267 1106 1564 1173 habebant,
1590 1107 1690 1162 nisi
1725 1124 1848 1178 per-

244 1197 454 1253 fectam
485 1197 789 1253 doctrinam
835 1197 1173 1268 eloquiorum
1218 1198 1336 1263 Dei,
1381 1215 1502 1271 qua:
1544 1200 1596 1254 in
1635 1199 1844 1254 duobus

246 1285 623 1342 Testamentis
648 1288 916 1355 consistit,
946 1288 1191 1359 accipere
1219 1288 1520 1345 debemus?
1544 1289 1640 1345 Cui
1670 1290 1714 1345 si
1743 1290 1849 1345 rite

240 1379 646 1445 ohedierimus,
687 1379 801 1449 jam
834 1378 1094 1452 quadriga
1127 1380 1412 1455 virtutum,
1459 1381 1564 1437 hoc
1600 1389 1686 1436 est
1712 1396 1844 1451 pru-

239 1469 457 1534 dentia,
480 1467 714 1538 justitia,
742 1468 1060 1525 fortitudine
1090 1486 1153 1525 ac
1184 1472 1560 1541 temperantia,
1587 1472 1654 1527 ad
1685 1481 1843 1527 teter-

236 1575 373 1614 nam
424 1559 812 1616 beatitudinem
844 1578 945 1616 nos
980 1562 1271 1639 perducit,
1318 1566 1461 1633 quod
1509 1564 1719 1620 numeri
1753 1565 1842 1620 isti

1948 475 2148 521 reatur.

2017 564 2248 637 Cumque
2277 567 2633 637 ingrederetur
2659 569 2713 624 Μ
2720 587 2865 641 ogses
2891 572 3281 628 tabernaculum
3324 578 3530 645 [sederis

1947 666 2001 708 ut
2029 655 2318 710 consuleret
2346 658 2640 725 oraculum,
2669 662 2918 716 audiebat
2950 681 3120 719 rocem
3161 664 3418 736 loquentis
3460 670 3529 722 ad

1944 759 1999 795 se
2024 743 2087 796 de
2105 746 2485 815 propitiatorio,
2519 749 2658 816 quod
2680 759 2792 802 erat
2818 767 2973 821 super
2999 769 3176 806 arcani
3217 757 3528 819 testamenti,

1944 833 2081 886 inter
2104 834 2236 889 duos
2263 836 2534 902 cherubin,
2576 839 2713 892 unde
2749 850 2795 893 et
2826 840 3132 911 loquebatur
3152 845 3219 897 ci.
3254 844 3531 916 Ingressus

1947 924 2156 996 Moyses
2182 926 2234 981 in
2266 929 2671 984 tabernaculum
2704 931 3014 1010 foederi/snt
3059 934 3372 990 consuleret
3414 952 3532 991 ora-

1945 1015 2122 1069 culum
2155 1016 2389 1083 Domini,
2421 1021 2646 1089 mystice
2670 1022 3055 1091 prtelicatores
3090 1030 3252 1094 atque
3282 1025 3531 1081 doctores

1943 1105 2121 1175 populi
2153 1107 2244 1161 Dei
2276 1108 2513 1175 instruit,
2542 1111 2775 1179 qualiter
2797 1127 2925 1183 erga
2954 1128 3141 1167 curam
3181 1116 3331 1170 verbi
3379 1117 3531 1185 spiri-

1944 1195 2066 1250 talis
2095 1206 2288 1266 agant:
2322 1198 2527 1255 scilicet
2550 1207 2607 1254 ut
2638 1200 2839 1256 intrent
2863 1202 3265 1259 tabernaculum
3285 1204 3525 1271 fmderis,

1942 1288 2046 1344 hoc
2083 1297 2167 1343 est
2193 1288 2525 1361 Scripturam
2581 1307 2792 1347 sacram
2842 1294 3028 1349 sedulo
3067 1296 3416 1360 meditentur,
3445 1297 3527 1350 in-

1940 1383 2116 1455 deque
2152 1387 2374 1439 audiant
2400 1386 2527 1455 quid
2572 1387 2823 1457 loquatur
2853 1389 2931 1443 eis
2966 1389 3225 1444 Dominus
3253 1390 3415 1445 Deus.
3450 1392 3529 1447 Dc

1939 1474 2317 1544 propitiatorio
2361 1492 2510 1546 ergo,
2546 1477 2660 1531 sive
2699 1486 2759 1532 ut
2789 1479 2847 1532 in
2881 1479 3067 1533 Exodo
3115 1479 3326 1549 legitur,
3366 1497 3525 1551 supra

1939 1564 2375 1634 propitiatorimn
2404 1564 2646 1635 loquitur
2689 1565 2951 1621 Dominus
2989 1567 3055 1620 ad
3086 1554 3301 1639 Moysen
3332 1578 3527 1623 cuncta

233 1652 523 1707 veraciter
547 1653 705 1708 nobis
745 1654 995 1708 innuunt.
1027 1654 1162 1709 Nam
1205 1655 1538 1712 millenarius
1580 1673 1840 1713 numerus
1868 1720 1911 1731 _
1941 1671 2061 1725 qua:
2087 1671 2181 1726 per
2208 1656 2355 1710 illum
2405 1656 2665 1713 Dominus
2712 1660 2934 1714 mandat
2984 1659 3110 1713 ﬁliis
3158 1660 3322 1714 Israel
3352 1679 3363 1713 :
3397 1662 3523 1731 quia

233 1742 557 1811 duplicatus
583 1744 820 1798 ostendit
846 1745 1058 1815 gemina
1090 1744 1441 1802 Testamenta
1465 1746 1535 1800 ad
1575 1755 1835 1802 mternam
1868 1720 1913 1778 Β
1941 1720 2038 1814 per
2062 1720 2292 1817 gratiam
2332 1747 2735 1817 propitiationis
2782 1748 2979 1803 divinae
3011 1750 3211 1804 laetum
3255 1760 3341 1805 est
3384 1720 3526 1821 quod

231 1830 638 1888 beatitudinem
695 1833 944 1888 veniendi
1018 1835 1175 1890 nobis
1234 1836 1378 1891 viam
1439 1837 1831 1893 demonstrare.

233 1922 844 1995 Quadringentenarius
893 1941 1020 1979 vero
1063 1925 1165 1981 hoc
1218 1926 1481 1993 insinuat,
1528 1927 1672 1997 quod
1710 1942 1833 1982 cum

231 2013 582 2083 perfectione
608 2015 871 2069 bonorum
901 2030 1148 2086 operum,
1182 2016 1236 2070 in
1266 2016 1528 2086 quadriga
1570 2018 1833 2072 virtutum

232 2105 364 2159 illuc
401 2105 693 2175 pervenire
738 2105 1053 2170 debeamus,
1093 2107 1217 2175 quia
1260 2107 1366 2162 nisi
1395 2107 1552 2163 bonis
1577 2107 1835 2178 operibus

230 2204 521 2261 curratur,
557 2196 783 2251 minime
821 2199 1133 2267 pervenitur
1174 2199 1322 2256 illuc.
1363 2199 1672 2256 Mortariola
1713 2199 1836 2270 qui-

229 2289 356 2343 dem
387 2303 561 2343 aurea
591 2288 897 2355 duodecim,
948 2306 1175 2360 quorum
1221 2292 1429 2363 singula
1456 2292 1626 2348 denos
1673 2292 1835 2349 siclos

228 2378 646 2447 appendebant,
686 2388 742 2434 et
778 2380 937 2434 sinml
984 2381 1166 2436 omnia
1214 2382 1330 2436 auri
1376 2390 1590 2438 centum
1642 2382 1832 2453 viginti

227 2469 401 2525 siclos
433 2469 706 2539 descripta
752 2478 897 2535 sunt,
948 2471 1078 2541 quid
1128 2472 1455 2543 significant,
1505 2472 1611 2529 nisi
1665 2473 1831 2529 corda

225 2561 273 2615 el
309 2569 536 2616 ctorum
573 2562 708 2633 legis
736 2563 1020 2618 scientiam
1052 2564 1127 2619 ita
1155 2565 1208 2619 in
1236 2565 1488 2621 omnibus
1513 2566 1828 2631 observare,

225 2653 512 2722 quomodo
536 2654 827 2725 apostolica
856 2655 1099 2710 doctrina
1123 2670 1244 2711 eam
1274 2656 1593 2712 servandam
1633 2656 1832 2711 docet?

226 2742 541 2798 Duodecies
580 2744 725 2798 enim
769 2745 893 2800 deni
939 2755 1155 2801 centum
1193 2746 1384 2818 viginti
1435 2744 1657 2802 faciunt.
1712 2745 1830 2814 Quo

224 2851 467 2892 numero
492 2843 550 2892 et
576 2837 850 2907 primitiva
884 2838 937 2893 in
976 2838 1312 2895 Hierusalem
1356 2838 1617 2906 Ecclesia,
1651 2838 1828 2909 Spiri-

224 2938 337 2983 tum
392 2927 732 2998 paracletum
779 2930 831 2984 in
873 2931 959 2985 die
1006 2931 1353 2988 Pentecostes
1398 2932 1626 3003 accepit.
1672 2931 1830 2988 Unde

1936 1836 2244 1892 hominibus
2271 1845 2393 1907 post
2421 1838 2637 1908 culpam
2673 1840 3138 1909 prmvaricationis
3162 1856 3444 1911 apparere,
3474 1853 3528 1897 et

1936 1927 2016 1983 eis
2043 1927 2187 1982 viam
2212 1928 2457 1983 veritatis
2496 1938 2622 1999 post
2649 1942 2893 1985 errorem
2930 1931 3307 1986 demonstrare
3347 1932 3530 2003 digna-

1935 2026 2024 2073 tus
2052 2027 2157 2073 est.
2189 2018 2266 2073 De
2297 2019 2474 2073 medio
2497 2020 2760 2075 cherubin
2787 2020 3046 2090 loquitur,
3078 2022 3203 2091 quia
3229 2038 3328 2094 per
3367 2038 3528 2093 ange-

1935 2109 2094 2166 licam
2122 2110 2408 2176 visionem,
2444 2119 2629 2167 etnon
2654 2112 2708 2166 in
2741 2127 2836 2166 sua
2864 2114 3165 2167 substantia
3195 2114 3336 2167 Deus
3367 2129 3525 2183 appa-

1934 2200 2064 2254 ruit.
2093 2200 2161 2254 Et
2187 2200 2398 2255 locutus
2425 2209 2506 2256 est
2527 2201 2722 2271 Moysi,
2745 2209 3037 2256 attestante
3056 2201 3315 2270 Apostolo
3341 2215 3355 2255 :
3386 2201 3525 2267 Quia

1931 2290 2017 2345 lea:
2033 2301 2243 2362 propter
2264 2294 2699 2363 transgressiones
2718 2295 2890 2364 posita
2918 2305 3014 2361 est,
3042 2296 3205 2352 donec
3228 2298 3421 2352 veniret
3442 2315 3524 2352 se-

1931 2398 2051 2436 men
2089 2382 2176 2435 cui
2222 2383 2555 2452 promiserat,
2605 2384 2850 2439 ordinata
2895 2404 2988 2457 per
3029 2386 3240 2458 angelos
3280 2388 3333 2441 in
3364 2405 3526 2441 manu

1931 2474 2240 2529 mediatoris
2271 2474 2471 2546 (Colat.
2496 2475 2600 2539 ιιι).
2638 2476 2772 2531 Item
2818 2479 2883 2532 de
2913 2478 3089 2534 medio
3117 2479 3347 2534 duorum
3393 2482 3524 2534 che-

1932 2563 2092 2619 rubin
2143 2563 2383 2634 loquitur
2420 2565 2702 2631 Dominus,
2750 2568 2879 2637 quia
2911 2584 3010 2639 per
3049 2569 3213 2623 verba
3243 2568 3527 2638 utriusque

1932 2657 2289 2725 Testamenti,
2337 2674 2574 2715 consona
2621 2676 2755 2716 voce
2810 2661 2880 2716 ad
2929 2661 3089 2717 fidem
3137 2661 3386 2717 veritatis
3429 2678 3527 2717 nos

1930 2750 2126 2804 erudit.
2157 2750 2250 2804 Vel
2279 2759 2428 2805 certe
2466 2751 2530 2806 de
2555 2753 2731 2808 medio
2779 2752 3020 2824 loquitur
3063 2754 3351 2819 cherubin,
3396 2755 3527 2825 quia

1929 2853 2027 2907 per
2054 2839 2401 2909 Unigenitum
2433 2856 2610 2905 suum,
2638 2843 2730 2912 qui
2767 2842 2819 2897 in
2872 2844 3049 2898 medio
3075 2845 3303 2898 duorum
3340 2843 3528 2897 Testa-

1929 2939 2235 2985 mentorum
2272 2931 2326 2985 in
2355 2943 2520 2984 carne
2570 2932 2845 3000 apparuit,
2881 2932 3119 2986 humano
3165 2934 3350 3004 generi
3382 2935 3525 2992 Deus

223 3021 365 3075 bene
421 3020 691 3086 subditur,
723 3021 914 3076 siclum
956 3024 1192 3092 pondere
1238 3025 1533 3081 sanctuarii
1581 3040 1702 3082 esse
1736 3026 1826 3082 de-
1851 3071 1893 3094 n
1928 3019 2088 3075 Pater
2113 3020 2445 3076 voluntatem
2474 3037 2627 3077 suam
2654 3020 3006 3077 manifestare
3041 3021 3292 3094 dignatus
3314 3032 3412 3080 est.

224 3113 377 3167 bere.
414 3111 798 3168 Sanctuarium
825 3115 970 3170 enim
996 3110 1232 3182 Domini,
1260 3117 1498 3173 Ecclesia
1525 3130 1610 3173 est
1642 3118 1826 3174 catho—

224 3200 347 3267 lica,
380 3202 546 3272 cujus
571 3201 813 3273 regulam
850 3203 972 3259 fidei
1009 3214 1064 3260 et
1098 3206 1404 3263 intellectus
1429 3208 1474 3263 si
1506 3208 1678 3264 secuti
1707 3207 1825 3267 fue-

223 3295 427 3361 rimus,
453 3294 636 3349 omnia
664 3310 785 3365 quas
818 3296 871 3350 in
901 3296 1019 3367 lege
1044 3308 1098 3352 et
1125 3300 1402 3369 prophetis
1437 3301 1636 3371 scripta
1676 3308 1823 3367 sunt,

223 3383 470 3438 salubria
525 3383 681 3440 nobis
706 3398 830 3440 esse
859 3385 1127 3439 credenda
1161 3394 1306 3442 sunt.
1360 3387 1626 3443 Caeterum
1669 3388 1826 3458 quid-

224 3475 354 3543 quid
384 3485 547 3530 extra
599 3474 852 3530 Ecclesia:
903 3477 1168 3531 unitatem
1224 3479 1477 3544 sentitur,
1508 3479 1825 3550 intelligitur

222 3573 392 3634 atque
423 3571 698 3628 servatur,
728 3580 834 3619 nou
865 3565 1092 3621 salutem
1139 3568 1352 3633 animus,
1380 3568 1475 3624 sed
1523 3569 1826 3624 damnatio-

225 3670 346 3710 nem
382 3654 569 3725 pariet
592 3656 972 3711 certissimam.
1024 3656 1199 3714 Boves
1248 3674 1375 3714 vero
1402 3669 1458 3715 et
1504 3662 1723 3726 arietes,
1771 3669 1826 3715 et

224 3746 350 3817 agni
382 3745 627 3801 anniculi
655 3746 819 3801 oblati
844 3747 896 3802 in
927 3748 1317 3810 holocaustum,
1347 3750 1473 3819 quia
1495 3750 1826 3806 duodenario

226 3849 463 3890 numero
494 3836 876 3906 comprehensi
921 3847 1067 3904 sunt,
1118 3840 1220 3895 hoc
1267 3839 1388 3894 illos
1433 3840 1594 3895 credo
1628 3840 1827 3912 signiﬁ-

224 3938 371 3990 care,
401 3924 550 3993 quod
576 3925 690 3980 sive
738 3926 975 3982 doctoris
1024 3928 1146 3997 quis
1196 3928 1248 3982 in
1302 3928 1544 3984 Ecclesia
1589 3928 1823 3986 ofﬁcium

224 4022 402 4082 gerat,
428 4013 546 4068 sive
568 4012 798 4083 alicujus
819 4016 1161 4087 principatus
1193 4017 1451 4072 honorem
1481 4019 1698 4086 habeat,
1728 4034 1824 4076 seu

227 4106 395 4161 etiam
425 4106 728 4175 simplicem
756 4108 924 4162 vitam
953 4109 1134 4179 eligat,
1166 4109 1347 4164 omnia
1395 4111 1690 4166 secundum
1734 4112 1826 4167 do-

224 4196 461 4250 ctrinam
484 4197 833 4266 apostolicam
854 4206 1017 4268 atque
1032 4200 1398 4270 prOpheticam
1423 4217 1583 4272 agere
1607 4202 1821 4258 debere.

228 4288 503 4343 Similiter
541 4288 679 4344 hirci
702 4289 985 4345 duodecim
1031 4305 1131 4362 pro
1172 4300 1396 4361 peccato
1423 4291 1591 4347 oblati
1621 4292 1822 4363 figura-

223 4377 348 4435 liter
408 4381 694 4435 instruunt
748 4381 1121 4451 pmnitentiam
1169 4392 1409 4453 agentes,
1459 4390 1520 4437 ut
1573 4384 1825 4441 studeant

1849 3071 1896 3135 C

2525 3130 2754 3187 CAPUT
2782 3132 2921 3189 XIV.

2280 3201 2359 3256 De
2389 3200 2702 3269 candelabro
2726 3211 2773 3256 et
2802 3202 3032 3258 lucernis
3054 3206 3194 3276 ejus.

2001 3293 2151 3365 (CAP.
2200 3292 2345 3364 VIII.)
2399 3290 2729 3366 Locutusque
2770 3303 2845 3348 est
2895 3294 3153 3350 Dominus
3188 3296 3258 3350 ad
3307 3294 3523 3369 Moysen

1928 3384 2140 3438 dicens:
2183 3382 2412 3455 Loquere
2433 3383 2612 3437 Aaron
2631 3392 2679 3437 et
2714 3382 2854 3438 dices
2888 3384 2956 3437 ad
3002 3398 3153 3439 eum:
3181 3384 3311 3439 Cum
3338 3403 3524 3456 posue-

1929 3476 2032 3530 rint
2066 3484 2259 3546 septem
2295 3473 2560 3539 lncernas,
2599 3474 2975 3529 candelabrum
3010 3482 3066 3529 in
3120 3477 3344 3531 australi
3370 3489 3521 3548 parte

1926 3565 2181 3635 erigatur.
2211 3561 2326 3617 Hoc
2352 3564 2515 3632 igitur
2532 3565 2756 3634 principe
2782 3574 2838 3617 ut
2865 3564 3091 3620 lucerna:
3106 3576 3287 3619 contra
3313 3567 3521 3621 boream

1926 3670 1956 3707 e
2008 3654 2215 3723 regione
2260 3653 2561 3723 respiciant,
2607 3663 2655 3707 et
2702 3654 2773 3707 ad
2805 3671 3040 3709 mensam
3083 3658 3515 3726 propositionum.

1926 3752 2108 3798 contra
2134 3760 2251 3797 eam
2275 3753 2479 3813 partem
2496 3759 2656 3814 quam
2686 3743 3061 3798 candelabrum
3098 3745 3324 3815 respicit,
3349 3745 3522 3801 lucere

1926 3833 2200 3889 debebunt.
2254 3832 2436 3889 Mensa
2478 3841 2534 3888 et
2582 3832 2966 3889 candelabrum
3009 3835 3341 3891 tabernaculi
3382 3845 3519 3891 tem-

1925 3924 2131 3995 poralia
2170 3923 2266 3979 Dei
2309 3923 2569 3980 beneficia
2602 3925 2907 3996 designant,
2940 3925 3137 3996 quibus
3179 3925 3234 3981 in
3264 3928 3518 3997 praesenti

1927 4012 2203 4069 reﬁcimur
2232 4021 2288 4069 et
2312 4012 2701 4081 illuminamur,
2746 4021 2806 4069 ut
2833 4015 2920 4070 bis
2970 4015 3188 4070 interim
3222 4015 3517 4074 confortati

1925 4117 1981 4164 et
2008 4107 2200 4178 adjuti,
2233 4116 2512 4162 crescente
2541 4107 2713 4178 gratia
2744 4107 3086 4174 meritorum,
3118 4108 3184 4163 ad
3210 4124 3405 4179 panem
3430 4125 3518 4163 au-

1926 4198 2170 4270 gelorum
2213 4197 2268 4252 in
2304 4196 2459 4253 oculis
2508 4195 2965 4261 manducandum,
3010 4205 3065 4251 et
3105 4197 3173 4250 ad
3222 4197 3516 4256 videndqu

1926 4304 2109 4344 veram
2153 4286 2340 4341 mundi
2395 4287 2570 4342 lucem
2620 4288 2827 4342 intrare
2879 4288 3173 4341 valeamus.
3223 4285 3353 4354 Quae
3383 4298 3511 4344 sunt

1923 4378 2081 4434 ambo
2101 4388 2255 4432 extra
2279 4376 2455 4432 velum
2480 4391 2494 4430 :
2528 4377 2780 4447 quoniam
2808 4377 2860 4432 in
2896 4377 2999 4432 hac
3026 4376 3363 4432 solummodo
3384 4377 3512 4444 vita,

224 4488 345 4528 eam
386 4473 694 4529 secundum
746 4443 985 4544 regulam
1014 4472 1138 4528 fidei
1164 4443 1446 4543 perlicere.
1489 4473 1601 4530 Nec
1630 4490 1737 4530 non
1766 4475 1820 4529 in
1847 4443 1899 4503 D
1928 4472 2013 4527 vel
2054 4470 2351 4542 Scripturis
2399 4469 2601 4524 sanctis
2625 4485 2690 4524 ac
2717 4469 3030 4525 doctoribus
3059 4469 3141 4524 vel
3169 4470 3381 4525 caeteris
3433 4486 3518 4527 re-

224 4565 586 4635 pacificorum
643 4563 852 4619 hostias
899 4564 1064 4620 oblati
1113 4564 1282 4620 boves
1330 4563 1520 4635 viginti
1568 4571 1821 4635 quatuor,

223 4656 430 4710 arietes
457 4654 761 4725 setaginta,
785 4653 921 4708 hirci
937 4654 1239 4724 sexaginta,
1262 4653 1385 4724 agni
1412 4652 1646 4708 anniculi
1669 4668 1824 4708 sexa-

224 4745 400 4817 ginta,
427 4744 568 4799 nihil
592 4744 736 4799 aliud
761 4743 1040 4799 iusinuare
1080 4742 1341 4809 arbitror,
1383 4742 1484 4797 nisi
1523 4742 1821 4812 spiritalem

224 4836 519 4891 scientiam
575 4836 631 4890 in
678 4833 1013 4906 perfectione
1058 4834 1326 4891 bonorum
1373 4847 1618 4903 operum.
1665 4833 1824 4890 Vice-

225 4926 421 4980 narius
440 4924 590 4979 enim
617 4932 673 4978 et
696 4924 1077 4994 quaternarius
1102 4938 1381 4989 numerus,
1410 4923 1537 4993 quia
1575 4932 1653 4979 tot
1675 4923 1826 4979 horis

225 5015 332 5070 diei
360 5030 564 5072 cursus
610 5015 908 5086 peragitur,
963 5015 1232 5086 significat
1278 5014 1451 5070 lucem
1506 5014 1745 5071 scientia:
1775 5023 1830 5070 et

228 5105 352 5161 fidei
376 5113 543 5159 recta:
580 5104 726 5161 oumi
765 5104 1077 5159 Christiano
1102 5120 1222 5160 esse
1244 5106 1627 5161 necessariam.
1659 5105 1830 5162 Sexa-

226 5195 490 5267 genarius
510 5211 661 5260 vero,
682 5195 810 5265 quia
836 5195 1014 5250 sexies
1028 5196 1083 5249 in
1104 5210 1169 5250 eo
1189 5188 1444 5251 dena'rius
1465 5206 1678 5252 constat
1699 5197 1836 5252 mul-

230 5288 529 5357 tiplicatus,
591 5285 981 5357 perfectionem
1046 5287 1422 5342 mandatorum
1472 5288 1828 5346 demonstrat.

231 5377 298 5431 Et
320 5379 445 5432 ideo
473 5392 694 5433 necesse
728 5389 812 5433 est
848 5378 1136 5448 utprmlati
1162 5378 1321 5434 simul
1348 5387 1402 5434 ct
1422 5380 1641 5445 subditi,
1688 5379 1823 5447 justi

1926 4560 2251 4630 demptionis
2293 4568 2494 4616 nostrae
2528 4560 2879 4615 sacramentis
2919 4576 3055 4629 opus
3090 4558 3353 4616 habemus
3392 4578 3406 4628 ;
3458 4561 3514 4617 in

1929 4652 2109 4707 futuro
2130 4660 2310 4706 autem
2335 4650 2553 4717 smculo,
2592 4650 2665 4704 ibi
2689 4649 3029 4705 annuntiabit
3057 4651 3211 4705 nobis
3255 4651 3515 4710 Dominus

1889 4783 1892 4786 .
1927 4744 2105 4815 palam
2129 4742 2197 4799 de
2243 4741 2429 4807 Patre,
2460 4741 2511 4796 id
2538 4752 2642 4800 est.
2688 4740 2868 4811 palam
2900 4741 3116 4797 Patrem
3143 4743 3393 4797 ostendet
3421 4760 3514 4798 no-

1932 4835 2036 4890 bis.
2061 4835 2306 4890 Diximus
2332 4841 2514 4888 autem
2542 4833 2692 4899 alibi,
2717 4833 2842 4903 quia
2882 4834 3022 4888 latus
3051 4836 3380 4891 tabernaculi
3407 4823 3515 4893 me?

1930 4926 2197 4980 ridianum
2240 4926 2519 4996 antiquam
2574 4924 2669 4979 Dei
2720 4924 2929 4994 plebem
2985 4925 3335 4997 signiﬁcaret,
3392 4944 3511 5000 qua

1927 5016 2078 5087 prior
2102 5015 2371 5070 fervorem
2404 5016 2600 5070 divina:
2645 5014 2893 5070 lectionis
2939 5017 3186 5085 accepit;
3226 5032 3352 5087 pars
3378 5034 3507 5074 vero

1928 5108 2365 5176 septentrionalis
2392 5108 2632 5178 ejusdem
2661 5108 2995 5163 tabernaculi
3036 5119 3415 5181 congregatum
3443 5110 3509 5165 do

1928 5199 2179 5269 gentibus
2201 5197 2517 5263 Ecclesiam,
2542 5214 2662 5268 qua:
2680 5199 2880 5254 diutius
2904 5200 2957 5252 in
2981 5200 3219 5256 tenebris
3235 5209 3291 5255 et
3317 5200 3506 5253 umbra

1930 5289 2123 5343 mortis
2150 5296 2507 5353 remanserat,
2529 5289 2809 5344 indicaret.
2855 5288 3009 5345 Unde
3036 5298 3182 5345 recta
3209 5287 3508 5343 distinctio.

1930 5393 2020 5445 ne,
2050 5377 2215 5432 etiam
2244 5376 2646 5441 candelabrum,
2678 5379 2818 5447 quod
2860 5379 2913 5432 in
2948 5387 3103 5450 parte
3149 5376 3371 5431 australi
3396 5375 3508 5429 col.

229 5480 401 5540 atque
424 5471 769 5541 pmnitentes,
797 5471 979 5524 omnia
1016 5473 1312 5526 secundum
1344 5472 1713 5540 magisterium
1739 5488 1824 5529 eo-
1922 5467 2151 5531 locatur,
2177 5475 2353 5537 potest
2400 5470 2626 5536 gratiam
2656 5483 2777 5537 qua:
2816 5469 2981 5538 priori
3021 5466 3213 5538 popqu
3249 5466 3373 5518 data
3418 5476 3504 5521 est

230 5562 601 5617 clesiasticum
630 5560 851 5625 faciant,
887 5569 1153 5630 quatenus
1188 5562 1388 5615 oblatio
1412 5576 1597 5616 eorum
1627 5562 1679 5615 iu
1699 5580 1821 5618 con-

234 5661 426 5716 spectu
483 5652 693 5707 Domini
742 5651 1089 5720 paciﬁcorum
1140 5652 1299 5706 ritum
1357 5661 1516 5720 atque
1574 5652 1816 5706 ordinem

1920 5556 2212 5612 insinuare.
2240 5557 2419 5611 Mensa
2444 5573 2573 5611 vero
2600 5572 2718 5625 qua:
2746 5558 2797 5610 in
2828 5564 2983 5625 parte
3014 5554 3277 5623 aquilonis
3302 5555 3499 5619 stabat,

1920 5666 1982 5705 ea
2015 5666 2131 5719 quae
2180 5651 2337 5704 uolds
2367 5651 2559 5705 donata
2615 5658 2737 5703 sunt
2770 5648 2861 5701 Dei
2900 5645 3158 5701 beneficia
3191 5646 3498 5713 designare.
