3924 6176
426 333 534 391 655

1075 318 1134 373 Β.
1175 310 1431 371 RABANI
1469 306 1690 364 MAUBl
1730 300 2046 360 ARCHIEP.
2091 294 2400 354 MOGUNT.
2443 290 2729 352 OPERUM
2765 289 2947 347 PARS
2975 286 3018 349 ι.

3597 281 3696 340 636

428 446 597 500 Recte
637 436 1021 495 candelabrum
1080 438 1269 486 contra
1320 439 1563 480 mensam
1610 422 1847 491 positum
1896 430 2016 472 esse
2045 431 2092 481 Α
2119 412 2363 467 ordinem
2391 408 2840 472 ecclesiasticum,
2864 402 3135 477 quomodo
3172 399 3276 456 rite
3298 398 3364 455 ad
3407 394 3700 455 sacerdotii

430 537 651 595 dicitur,
676 530 803 600 quia
838 526 1095 582 nimirum
1128 521 1408 588 Scriptura
1458 515 1594 585 legis
1636 521 1690 568 et
1730 510 2017 581 propheta-

428 644 573 691 rum,
604 639 701 693 per
729 620 909 675 omnia
940 617 1006 671 ad
1052 613 1279 685 gratiam
1310 606 1585 677 Evangelii
1620 602 1861 675 respicit,
1890 600 2018 656 huic

431 717 685 774 videlicet
729 708 1095 767 testimonium
1144 702 1437 774 perhibens
1469 718 1481 753 :
1517 707 1571 754 et
1620 712 1720 768 per
1767 697 1911 750 hanc
1961 707 2019 748 se

429 823 593 865 sensu
617 802 840 874 spiritali
870 797 1208 854 revelandam
1245 807 1365 847 esse
1395 788 1725 860 signiﬁcans.
1774 783 2021 854 Fecitque

433 902 611 953 Aaron
653 904 700 948 et
734 889 977 962 imposuit
1031 886 1268 939 lucernas
1316 896 1473 950 super
1525 875 1918 938 candelabrum,
1966 885 2019 927 ut

427 992 747 1061 pra'ceperat
779 980 1031 1034 Dominus
1061 974 1251 1045 Moysi.
1281 972 1539 1025 Lucerum
1566 975 1793 1037 septem,
1816 974 2022 1035 septem

435 1054 562 1135 sunt
585 1054 724 1132 dona
751 1071 986 1142 Spiritus
1025 1066 1219 1130 sancti,
1248 1079 1367 1134 qua:
1399 1071 1453 1116 et
1484 1061 1536 1114 in
1569 1058 1795 1112 Domino
1821 1054 2027 1110 redem-

434 1181 590 1242 ptore
618 1176 803 1223 nostro
840 1169 1032 1219 cuncta
1077 1173 1290 1227 semper
1324 1159 1658 1214 manserunt,
1691 1156 1747 1205 et
1779 1149 1832 1202 in
1863 1161 2028 1200 mem-

438 1239 554 1316 bris
580 1258 737 1328 ejus:
769 1257 874 1310 hoc
918 1260 1001 1307 est
1031 1249 1283 1305 omnibus
1319 1244 1529 1309 electis,
1564 1258 1663 1313 pro
1694 1241 1811 1311 ejus
1840 1239 2028 1293 volun-

434 1359 550 1406 tate
575 1349 861 1404 distributa
906 1353 1052 1400 sunt.
1099 1341 1383 1396 Ponuntur
1407 1353 1536 1409 ergo
1566 1336 1800 1389 lucerna:
1823 1340 2026 1401 septem

434 1455 605 1511 super
647 1437 1052 1499 candelabrum,
1104 1432 1231 1501 quia
1278 1444 1444 1498 super
1495 1426 1889 1493 redemptorem
1937 1434 2027 1474 no-

439 1510 614 1584 strum
661 1524 1081 1596 primogenitum
1111 1521 1179 1575 de
1222 1519 1406 1574 radice
1433 1515 1607 1580 Jesse,
1652 1511 1896 1583 requievit
1925 1510 2030 1580 spi-

438 1620 572 1673 ritus
611 1618 881 1687 sapientia?
908 1625 954 1668 et
980 1611 1290 1675 intellectus,
1319 1610 1532 1680 spiritus
1555 1605 1760 1661 consilii
1799 1612 1847 1658 et
1874 1603 2028 1673 [orti-

438 1711 660 1777 tudinis,
704 1709 918 1779 spiritus
947 1706 1178 1761 scientia:
1207 1712 1257 1756 et
1294 1701 1521 1772 pietatis,
1570 1707 1617 1751 et
1647 1694 1855 1766 replevit
1909 1709 2027 1747 eum

434 1804 657 1875 spiritus
683 1778 886 1859 timoris
919 1798 1129 1854 Domini
1156 1794 1289 1867 (Isa.
1314 1793 1412 1865 χι).
1462 1792 1526 1845 Et
1563 1791 1701 1844 sicut
1743 1788 1868 1841 item
1909 1786 2023 1856 ipse
2057 1778 2098 1835 Β

438 1909 540 1962 per
583 1893 832 1948 eumdem
881 1889 1119 1958 loquitur
1142 1886 1494 1957 prophetam:
1546 1881 1773 1951 Spiritus
1816 1876 2026 1931 Domini

438 2000 599 2054 super
648 2000 752 2049 me,
780 2001 839 2038 co
879 1982 1018 2053 quod
1051 1979 1255 2035 unrerit
1288 1995 1368 2032 me
1419 1976 1671 2030 Dominus
1705 1972 1838 2045 (lsa.
1890 1969 2023 2040 uti).

442 2073 600 2140 Quod
640 2083 821 2127 autem
851 2074 1051 2127 dicitur
1075 2080 1132 2125 ut
1174 2070 1390 2124 luceant
1423 2082 1489 2121 ex
1535 2065 1784 2126 adverso,
1816 2063 1919 2116 hoc
1946 2067 2031 2114 est

441 2164 590 2234 quod
617 2163 889 2233 Propheta
923 2163 1314 2230 subsequenter
1339 2157 1533 2228 adjecit
1564 2174 1577 2208 :
1607 2154 1687 2207 Ad
1710 2150 2029 2206 annuntian-

442 2255 567 2308 dum
602 2255 887 2309 mansuetis
914 2254 1052 2307 misit
1101 2268 1205 2317 me,
1236 2259 1291 2303 ut
1328 2248 1561 2301 mcderer
1585 2243 1820 2298 contritis
1852 2240 2027 2306 corde,

444 2354 493 2398 et
521 2344 862 2415 praedicarem
893 2343 1109 2413 captivis
1140 2338 1541 2409 indulgentiam,
1577 2342 1626 2389 et
1654 2331 1847 2386 clausis
1876 2347 2030 2401 aper-

445 2435 662 2497 tionem,
691 2441 747 2485 ut
772 2432 1111 2502 prwdicarem
1144 2446 1339 2485 annum
1382 2426 1691 2500 placabilem
1720 2424 1952 2487 Domini,
1982 2432 2030 2477 et

446 2522 588 2576 diem
612 2521 826 2579 ultionis
861 2521 969 2575 Deo
1001 2531 1177 2575 nostro
1203 2519 1415 2593 (Ibid.).

524 2614 653 2669 "(PC
685 2624 859 2670 autem
896 2625 1008 2669 erat
1045 2615 1254 2683 factura
1284 2613 1612 2669 candelabri.
1651 2611 1737 2667 Ea:
1766 2627 1897 2666 auro
1926 2610 2029 2663 du-

449 2704 561 2758 ctili
600 2713 708 2758 tam
757 2705 961 2758 medius
987 2706 1142 2775 stipes
1184 2721 1344 2775 quam
1375 2714 1561 2757 cuncta
1586 2719 1703 2775 qua:
1725 2719 1790 2758 ex
1817 2711 2034 2770 utroque

450 2793 775 2850 calamorum
805 2794 967 2849 latere
996 2795 1361 2860 nascebantur,
1391 2795 1552 2865 juxta
1579 2792 1869 2864 exemplum
1894 2790 2033 2862 quod

450 2883 673 2943 ostendit
689 2883 944 2939 Dominus
969 2885 1159 2956 Moysi,
1188 2886 1262 2939 ita
1288 2895 1530 2957 operatus
1546 2894 1620 2939 est
1641 2881 2031 2938 candelabrum.

450 2976 697 3034 Diximus
723 2978 897 3049 ipsum
940 2977 1343 3043 candelabrum,
1379 2978 1432 3031 iJ
1474 2985 1580 3040 est,
1632 2976 1872 3045 stipitem
1899 2987 2035 3027 can-

455 3068 660 3127 delabri
690 3069 925 3124 medium
965 3068 1034 3125 de
1059 3083 1166 3138 quo
1207 3067 1400 3123 calami
1438 3068 1823 3139 procedebant,
1854 3065 2034 3120 Domi-

455 3174 585 3214 num
640 3158 964 3215 salvatorem
1011 3158 1313 3229 designare,
1371 3158 1437 3213 de
1485 3158 1638 3227 cujus
1687 3156 1859 3228 gratia
1905 3153 2039 3224 justi

455 3248 718 3325 quidquid
743 3249 868 3303 boni
892 3249 1092 3302 habent
1111 3256 1454 3319 acceperunt.
1483 3247 1637 3303 Unde
1660 3246 1847 3317 ipsein
1870 3246 2042 3300 Evan-

456 3337 598 3407 gelio
621 3352 745 3391 cum
767 3337 991 3393 dixisset
1020 3337 1295 3408 discipulis
1324 3337 1469 3393 suis:
1512 3336 1623 3408 Ego
1645 3353 1764 3391 sum
1792 3335 1931 3400 vitis,
1955 3352 2041 3389 vos

456 3425 717 3497 palmites,
745 3427 1002 3482 continuo
1023 3425 1299 3494 subiunxit
1323 3444 1337 3481 :
1371 3426 1521 3482 Sicut
1541 3425 1740 3496 palmes
1764 3441 1867 3479 non
1896 3424 2041 3494 ponit

459 3517 597 3593 ferre
624 3518 855 3587 fructum
899 3534 931 3570 a
978 3518 1247 3589 semetipso
1284 3518 1383 3571 nisi
1426 3515 1673 3571 manserit
1706 3516 1760 3569 in
1810 3514 1928 3579 uite,
1968 3514 2042 3567 sic

463 3621 556 3658 nec
577 3623 664 3660 vos
695 3606 797 3660 nisi
829 3607 883 3660 in
913 3623 993 3660 me
1019 3606 1317 3661 manseritis
1363 3605 1542 3677 (Joan.
1568 3605 1678 3674 xv).
1704 3602 1877 3660 Oume
1899 3603 2044 3658 enim

461 3710 599 3766 Opus
620 3696 950 3762 candelabri,
980 3697 1084 3752 hoc
1104 3705 1189 3753 est
1214 3703 1268 3751 et
1294 3696 1460 3767 stipes
1506 3694 1735 3760 medius,
1767 3702 1822 3749 et
1852 3693 2045 3749 calami

461 3803 530 3842 cx
562 3787 678 3856 ipso
712 3789 1087 3858 procedentes,
1134 3802 1257 3842 cum
1284 3786 1431 3840 omni
1461 3800 1558 3840 suo
1586 3793 1782 3839 ornatu
1811 3784 1876 3840 de
1912 3798 2046 3838 auro

464 3875 618 3941 ﬁunt,
645 3877 772 3946 quia
816 3886 870 3933 et
921 3877 1180 3933 Dominus
1229 3877 1345 3946 ipse
1391 3874 1703 3945 specialiter
1733 3873 1987 3927 immunis
2016 3888 2047 3927 a

463 3975 704 4035 peccato,
729 3975 892 4036 atque
925 3967 1178 4036 operibus
1211 3966 1455 4037 justitize,
1485 3981 1583 4035 per
1615 3965 1799 4020 omnia
1825 3962 2050 4033 prmcla-

467 4074 561 4116 rus
590 4059 643 4113 in
670 4056 870 4113 mundo
897 4057 1168 4127 apparuit,
1199 4066 1255 4111 et
1288 4056 1536 4111 eamdem
1572 4052 1940 4109 innocentiam
1968 4063 2050 4106 at-

470 4166 575 4229 que
618 4149 910 4228 justitiam,
961 4147 1202 4202 membra
1248 4144 1366 4216 ejus
1416 4145 1471 4199 in
1522 4144 1626 4199 hac
1682 4143 1901 4199 interim
1940 4142 2051 4196 vita

470 4249 733 4323 quantum
763 4238 963 4305 valent,
995 4236 1275 4292 imitantur
1294 4254 1323 4321 ε’
1347 4235 1401 4289 ἱιι
1430 4233 1613 4289 futuro
1642 4240 1820 4288 autem
1848 4231 2054 4287 veraci-

472 4343 555 4389 ter
578 4332 679 4404 ipsi
714 4328 1037 4387 adhazrendo
1062 4326 1370 4407 perﬁciunt.
1400 4325 1469 4381 Et
1504 4333 1630 4396 apte
1671 4323 1816 4379 idem
1858 4337 2054 4377 aurum

470 4424 669 4480 ductile
689 4422 810 4478 fuit.
836 4420 1041 4477 Ductile
1066 4428 1245 4475 autem
1285 4417 1529 4475 feriendo
1558 4415 1901 4489 producitur,
1926 4414 2054 4486 quia

470 4523 527 4570 et
552 4514 879 4586 Redemptor
901 4520 1104 4576 noster,
1152 4511 1244 4582 qui
1293 4526 1360 4567 ex
1388 4510 1742 4580 conceptione
1781 4516 1836 4563 et
1872 4507 2060 4562 nativi-

477 4613 590 4660 tate
617 4605 888 4675 perfectus
913 4603 1055 4658 Deus
1090 4610 1145 4656 et
1173 4602 1334 4656 homo
1357 4599 1586 4663 exstitit,
1611 4600 1924 4668 passionum
1955 4598 2054 4653 do-

477 4697 618 4752 lores
655 4699 896 4768 pertulit,
936 4705 992 4751 at
1030 4696 1111 4750 sic
1143 4695 1199 4750 in
1239 4692 1654 4748 resurrectionis
1679 4691 1903 4760 gloriam
1931 4704 2057 4760 per-

478 4789 644 4841 venit.
673 4788 740 4842 Et
767 4806 941 4844 omnes
961 4787 1051 4859 qui
1080 4785 1254 4840 volunt
1282 4784 1365 4855 pie
1396 4783 1558 4837 vivere
1578 4781 1634 4835 in
1670 4780 1784 4846 illo,
1817 4795 2057 4849 persecu-

481 4879 672 4932 tionem
699 4880 971 4947 patiuntur
1014 4875 1064 4948 (I
1091 4876 1226 4930 Tim.
1256 4874 1360 4947 ιιι).
1391 4872 1491 4940 Qui
1537 4879 1592 4927 et
1618 4871 1721 4941 ipsi
1766 4869 1920 4939 quasi
1947 4885 2056 4925 me-

484 4965 668 5021 tallum
699 4964 941 5021 feriendo
966 4966 1268 5030 dilatatam,
1290 4980 1389 5035 per
1410 4962 1679 5034 passionis
1704 4960 2062 5017 contumelias

483 5063 552 5118 ad
579 5060 995 5116 immortalitatis
1030 5059 1259 5130 gratiam
1285 5057 1593 5127 proﬁciunt.

1082 5149 1310 5207 CAPUT
1340 5148 1455 5204 xv.
1474 5212 1489 5221 η

872 5241 945 5295 De
971 5241 1333 5313 puriﬁcatione
1370 5238 1691 5293 Levitarum.

555 5331 730 5406 (luta.)
771 5331 1001 5386 Locutus
1040 5341 1115 5386 est
1163 5331 1418 5385 Dominus
1462 5328 1531 5382 ad
1584 5328 1800 5400 Moysen
1845 5328 2058 5381 dicens:

489 5424 634 5479 Tolle
662 5422 865 5478 Levitas
902 5421 966 5476 de
998 5421 1165 5475 medio
1193 5420 1426 5490 ﬁliorum
1455 5416 1647 5483 Israel,
1684 5426 1732 5471 et
1757 5415 2057 5488 puriﬁcabis

484 5535 570 5573 eos
599 5516 883 5573 secundum
923 5515 1059 5569 hunc
1090 5514 1264 5569 ritum.
1312 5513 1666 5582 Aspergantur
1700 5527 1835 5580 aqua
1864 5511 2061 5563 lustra-

488 5609 668 5675 tionis,
698 5617 746 5663 et
779 5608 967 5662 rodant
1012 5621 1187 5660 omnes
1229 5601 1359 5673 pilos
1388 5601 1562 5656 carnis
1610 5617 1739 5655 sum.
1768 5598 1936 5670 Igitur
1964 5600 2063 5653 llo-

492 5699 667 5753 tuinus
706 5715 800 5767 per
826 5698 1040 5768 Moysen
1070 5696 1202 5750 dans
1229 5702 1553 5764 prmecptum
1576 5691 1801 5757 Levitis,
1844 5690 2061 5745 instruit

2116 502 2360 558 ordinem
2415 501 2673 555 accedere
2720 498 2910 568 possit.
2961 494 3213 552 Ostendit
3249 492 3396 547 enim
3432 493 3701 563 quomodo

2116 592 2391 663 puriﬁcari
2410 584 2665 656 debeant,
2687 598 2974 659 antequam
2998 588 3065 641 ad
3078 586 3322 641 divinum
3342 583 3701 638 ministerium

2118 686 2396 739 accedant.
2426 681 2668 737 Primum
2700 697 2795 737 eos
2827 679 2982 749 jubet
3017 677 3228 749 aspergi
3255 689 3398 746 aqua
3422 674 3701 729 lustratio-

2118 776 2222 841 nis,
2252 791 2413 846 quam
2442 789 2726 846 possumus
2755 772 3069 842 intelligere,
3101 769 3216 825 sive
3250 767 3509 839 baptismi
3530 782 3711 823 sacra-

2123 874 2391 927 mentum,
2441 879 2535 918 seu
2591 862 2754 917 etiam
2807 861 3166 930 lacrymarum
3224 856 3565 919 etfusionem,
3611 872 3706 927 per

2120 971 2255 1024 quas
2278 953 2500 1008 maculae
2530 961 2879 1022 peccatorum
2918 950 3022 1004 rite
3053 947 3365 1003 abluuntur.
3416 945 3626 1001 Deinde
3650 954 3706 999 ut

2125 1046 2315 1101 radant
2343 1059 2531 1100 omnes
2550 1043 2687 1113 pilos
2715 1042 2897 1098 carnis
2924 1056 3054 1096 sua).
3087 1037 3189 1094 Pili
3213 1038 3397 1093 carnis
3423 1045 3554 1095 sunt
3573 1053 3714 1108 quaa-

2123 1136 2255 1190 libet
2301 1134 2567 1205 superﬂua
2619 1134 2868 1187 humanas
2924 1129 3310 1200 corruptionis.
3366 1127 3469 1181 Pili
3505 1128 3709 1191 carnis,

2124 1235 2250 1283 sunt
2276 1226 2399 1281 vitae
2431 1225 2633 1280 veteris
2665 1223 3042 1296 cogitationes.
3072 1235 3208 1291 quas
3236 1221 3318 1275 sic
3345 1234 3377 1273 a
3416 1228 3602 1274 mente
3636 1220 3715 1273 in-

2126 1317 2376 1380 cidimus,
2406 1323 2467 1369 ut
2511 1314 2579 1369 de
2627 1313 2917 1369 amissione
2951 1327 3140 1367 eorum
3192 1310 3344 1365 nullo
3371 1309 3562 1364 dolore
3601 1308 3717 1363 l‘ati-

2127 1421 2334 1476 gemur.
2361 1406 2549 1460 Levita
2584 1419 2819 1474 namque
2859 1412 3157 1473 assumptus
3195 1408 3443 1456 vocatur.
3487 1398 3716 1470 Oportet

2127 1513 2258 1568 ergo
2277 1512 2466 1552 omnes
2500 1496 2718 1550 Levitas
2745 1494 2883 1565 pilos
2911 1493 3094 1549 carnis
3119 1508 3231 1548 sua:
3274 1492 3488 1557 radere,
3521 1492 3650 1560 quia
3672 1493 3715 1548 is

2128 1589 2303 1659 quiin
2334 1587 2609 1657 obsequiis
2652 1585 2850 1640 divinis
2894 1583 3213 1648 assumitur,
3252 1582 3411 1638 debet
3465 1589 3595 1636 ante
3622 1582 3717 1636 Dei

2127 1677 2366 1732 oculosa
2397 1676 2608 1732 cunctis
2653 1675 2835 1731 carnis
2880 1672 3299 1745 cogitationibus
3346 1673 3586 1726 mundus
3632 1688 3722 1743 ap-

2127 1781 2339 1835 parere.
2372 1765 2499 1828 Non
2534 1765 2749 1820 illicitas
2792 1763 3148 1837 cogitationes
3176 1777 3331 1817 meus
3371 1761 3640 1833 proferat,
3666 1772 3721 1817 ct

2126 1856 2405 1927 pulchram
2431 1857 2624 1911 anima:
2645 1856 2898 1925 speciem,
2930 1854 3081 1924 quasi
3108 1854 3233 1924 pilis
3257 1852 3719 1908 fructiﬁcantibus

2128 1949 2423 2004 deformem
2447 1949 2655 2003 reddat.
2703 1946 2807 2003 Sed
2831 1946 3169 2017 quantalibet
3189 1954 3248 1999 ut
3270 1944 3507 2000 diximus
3538 1960 3721 2013 quent-

2128 2040 2269 2108 piam
2300 2040 2473 2092 virtus
2522 2046 2724 2093 sancta:
2755 2038 3184 2093 conversationis
3220 2036 3483 2101 erexerit,
3543 2036 3720 2090 adhuc

2130 2130 2179 2183 ei
2233 2129 2299 2183 de
2338 2137 2607 2184 vetustate
2654 2129 2894 2183 nascitur
2934 2128 3075 2197 quod
3124 2127 3386 2181 toleratur
3423 2141 3439 2180 :
3498 2128 3646 2182 unde
3671 2135 3721 2182 et

2131 2217 2232 2287 ipsi
2292 2217 2602 2272 Levitarum
2633 2218 2724 2287 pili
2766 2217 2880 2272 radi
2931 2218 3186 2287 praecepti
3225 2225 3369 2282 sunt,
3400 2232 3510 2271 non
3544 2216 3719 2272 evelli.

2131 2306 2290 2361 Rasis
2317 2308 2517 2361 etenim
2568 2307 2691 2376 pilis
2736 2307 2790 2361 in
2834 2321 3000 2361 carne
3047 2306 3259 2361 radices
3312 2314 3627 2370 remanent,
3674 2314 3724 2360 et

2131 2406 2384 2452 crescunt
2408 2398 2603 2453 iterum
2625 2406 2683 2452 ut
2710 2397 3114 2452 rescindantur:
3141 2397 3267 2466 quia
3290 2411 3487 2468 magno
3506 2397 3722 2467 quidem

2133 2488 2308 2543 studio
2356 2487 2637 2558 superﬂuae
2681 2489 3035 2559 cogitationes
3081 2489 3428 2558 amputandae
3454 2496 3610 2553 sunt,
3633 2488 3721 2542 sed

2136 2588 2314 2634 tamen
2344 2594 2687 2650 nequaquam
2724 2579 2968 2635 funditus
2993 2579 3264 2650 amputari
3294 2588 3548 2649 possunt.
3580 2578 3725 2635 Sem-

2135 2687 2233 2743 per
2267 2672 2412 2727 enim
2442 2687 2571 2727 caro
2612 2670 2881 2741 superﬂua
2924 2678 3165 2742 generat,
3211 2685 3334 2739 quae
3376 2684 3598 2740 semper
3616 2670 3726 2741 spi-

2137 2762 2275 2817 ritus
2296 2760 2442 2818 ferro
2468 2760 2846 2817 sollicitudinis
2869 2760 3160 2815 rescindat.
3194 2758 3300 2814 Sed
3338 2760 3459 2814 haec
3497 2760 3554 2813 in
3574 2758 3728 2814 nobis

2139 2862 2268 2909 tunc
2313 2853 2564 2909 subtilius
2608 2851 2994 2924 conspicimus,
3025 2865 3151 2908 cum
3201 2849 3597 2920 speculationis
3623 2850 3725 2906 alta

2134 2954 2503 3018 penetramus.

2208 3036 2443 3107 Cumque
2469 3036 2689 3091 laverint
2718 3036 3021 3090 vestimenta
3050 3050 3147 3089 sua
3171 3042 3219 3087 et
3243 3031 3487 3086 mandati
3511 3031 3728 3102 fuerint,

2067 3122 2112 3185 C
2143 3126 2331 3181 tollant
2353 3127 2529 3181 bovem
2556 3127 2621 3180 de
2669 3127 2921 3181 armentis
2965 3135 3013 3179 et
3042 3124 3386 3178 libamentum
3421 3122 3561 3192 ejus,
3588 3124 3732 3177 simi-

2147 3217 2252 3271 lam
2290 3217 2401 3271 oleo
2449 3233 2799 3288 conspersam.
2852 3217 3185 3273 Vestimenta
3218 3213 3402 3268 lavare
3440 3224 3529 3269 est
3570 3228 3729 3284 opera

2146 3308 2429 3374 mundare,
2454 3316 2616 3377 atque
2636 3314 2805 3362 totam
2852 3306 3323 3363 conversationem
3349 3305 3401 3359 in
3439 3311 3733 3373 conspectu

2147 3399 2452 3454 Divinitatis
2478 3415 2670 3471 puram
2701 3415 2939 3466 servare,
2981 3414 3081 3454 nec
3109 3414 3215 3454 non
3259 3406 3313 3453 ct
3343 3412 3532 3452 coram
3566 3394 3733 3451 oculis

2147 3494 2424 3549 hominum
2455 3494 2983 3566 irreprehensibilem
3020 3492 3298 3546 exhibere.
3346 3490 3550 3544 Bovem
3569 3489 3732 3544 etiam

2149 3586 2216 3641 de
2244 3586 2503 3641 armentis
2530 3585 2727 3641 ollerre
2746 3584 2902 3654 jubet
2939 3582 3257 3655 puriﬁcatis,
3284 3590 3341 3636 et
3379 3580 3732 3635 libamentum

2151 3673 2288 3744 ejus,
2335 3675 2567 3731 similam
2600 3675 2719 3730 oleo
2756 3689 3126 3745 conspersum.
3160 3672 3300 3739 Quid
3347 3672 3402 3726 in
3447 3672 3551 3726 hoc
3576 3671 3731 3732 bove.

2152 3766 2253 3822 nisi
2287 3767 2624 3822 Dominicum
2651 3780 2872 3835 corpus,
2903 3766 2969 3819 de
2995 3763 3257 3818 armentis
3298 3762 3732 3833 patriarcharum

2151 3865 2206 3910 et
2224 3857 2608 3927 prophetarum
2629 3855 2971 3926 progenitum
3001 3855 3262 3909 debemus
3287 3853 3559 3923 accipere,
3582 3853 3735 3923 cujus

2152 3946 2467 4012 libamenta,
2519 3947 2571 4001 id
2619 3955 2725 4012 est,
2774 3947 3042 4017 passionis
3095 3954 3457 4011 sacramenta,
3513 3944 3734 4016 spiritali

2154 4035 2381 4089 scientia
2414 4043 2665 4102 tractata,
2695 4045 2857 4106 atque
2882 4036 3161 4092 intellecta
3190 4035 3463 4100 ﬁdelibus,
3502 4033 3736 4090 saluber-

2156 4127 2291 4181 rima
2318 4137 2374 4182 et
2408 4128 2517 4184 Deo
2559 4130 2867 4197 gratissima
2895 4142 3015 4185 esse
3057 4129 3323 4184 credenda
3356 4120 3526 4183 sunt?
3552 4127 3623 4182 ita
3654 4138 3732 4182 ta-

2156 4233 2278 4273 men
2308 4218 2353 4272 si
2394 4218 2588 4274 talibus
2616 4234 2676 4275 se
2723 4221 2997 4290 mysteriis
3033 4220 3241 4284 Levita,
3292 4219 3554 4290 spiritalis
3582 4218 3736 4272 mini-

2158 4314 2273 4363 ster
2292 4308 2478 4378 utique
2507 4308 2746 4376 Domini,
2779 4311 2926 4366 intus
2955 4308 3193 4380 forisque
3218 4310 3481 4364 mundum
3520 4318 3577 4364 et
3610 4323 3736 4363 con-

2159 4400 2382 4472 dignum
2430 4402 2792 4473 percipiendis
2844 4402 3153 4474 praebuerit.
3205 4401 3506 4473 Sequitur:
3548 4401 3736 4456 Βοοειιι

2085 4475 2136 4535 Ῐ)
2160 4498 2335 4545 autem
2379 4490 2601 4546 alterum
2631 4491 2696 4546 de
2723 4501 2977 4557 armento,
3002 4501 3058 4546 tu
3104 4492 3327 4562 accipies
3362 4508 3460 4563 pro
3505 4500 3734 4562 peccato.

2162 4578 2268 4636 Bos
2295 4588 2475 4637 autem
2495 4570 2639 4636 alter
2669 4582 2759 4651 qui
2803 4597 2901 4651 pro
2938 4583 3176 4653 peccatis
3212 4581 3428 4639 oblatus
3464 4591 3575 4649 est,
3597 4582 3736 4637 idem

2161 4679 2247 4727 est
2266 4672 2533 4727 mediator
2550 4672 2646 4727 Dei
2662 4679 2718 4728 et
2742 4673 3042 4739 hominum,
3073 4672 3226 4741 cujus
3251 4672 3627 4728 immolatione
3643 4686 3737 4726 no-

2160 4771 2273 4816 stra
2304 4769 2527 4832 peccata
2556 4762 2730 4817 deleta
2760 4771 2903 4818 sunt.
2950 4762 3061 4818 Nec
3102 4763 3455 4833 incongruum
3482 4761 3642 4818 alicui
3664 4760 3738 4815 vi-

2160 4852 2273 4908 deri
2304 4852 2482 4916 debet,
2509 4853 2652 4923 quod
2694 4863 2922 4924 utroque
2943 4854 3081 4909 bove
3109 4854 3445 4909 Dominicam
3488 4854 3734 4909 incarna-

2160 4941 2361 4998 tionem
2402 4941 2696 5013 siguiﬁcari
2727 4942 2982 5010 diximus,
3014 4944 3141 5013 quia
3169 4943 3295 4998 licet
3331 4943 3513 5013 passio
3535 4941 3733 5000 Christi

2158 5045 2266 5084 una
2311 5031 2608 5101 eademque
2651 5031 2741 5095 sit,
2787 5032 3054 5101 duplicem
3080 5040 3258 5088 tamen
3287 5033 3344 5087 in
3371 5034 3526 5089 nobis
3548 5046 3731 5103 opera-

2165 5122 2365 5178 tionem
2387 5125 2568 5194 gessit,
2603 5126 2730 5195 quia
2749 5142 2780 5180 a
2803 5127 3039 5195 peccatis
3068 5142 3166 5182 nos
3196 5125 3451 5193 expiavit,
3472 5133 3523 5179 et
3546 5122 3735 5179 sancti-

2162 5215 2465 5271 ﬁcationem
2491 5217 2647 5272 nobis
2666 5217 2875 5273 tribuit.
2903 5217 3057 5273 Unde
3094 5225 3150 5271 et
3188 5216 3383 5270 Petrus
3406 5215 3462 5269 in
3500 5210 3731 5283 Epistula

2162 5322 2259 5363 sua
2281 5307 2445 5362 dicit:
2483 5306 2720 5363 Christus
2737 5307 2894 5363 semel
2916 5324 3011 5380 pro
3034 5308 3257 5378 peccatis
3283 5306 3477 5360 nostris
3505 5312 3733 5358 mortals

2161 5406 2257 5461 est,
2295 5396 2472 5467 justus
2509 5413 2603 5467 pro
2635 5398 2868 5468 injustis,
2904 5407 2961 5451 ut
2990 5412 3086 5451 nos
3108 5396 3317 5465 offerret
3353 5393 3483 5448 Deo.
3520 5389 3735 5457 Hortiﬁc

2163 5499 2305 5544 catos
2334 5490 2540 5561 quidem
2571 5507 2744 5552 carne,
2767 5490 3048 5558 vivi/icatos
3078 5497 3254 5542 autem
3279 5486 3488 5556 spiritu.
3518 5483 3737 5551 Propter

2161 5585 2298 5657 quod
2342 5584 2589 5640 succincti
2629 5582 2829 5637 lumbos
2873 5581 3058 5634 mentis
3083 5587 3284 5640 vcstrre,
3313 5575 3474 5631 sobrii
3523 5572 3740 5644 perfecte

2165 5694 2385 5755 sperate,
2415 5683 2467 5735 in
2510 5695 2622 5733 eam
2659 5693 2775 5749 qua:
2818 5675 3037 5745 offertur
3065 5673 3199 5728 vobis
3220 5671 3474 5742 gratiam,
3520 5670 3569 5722 in
3592 5681 3738 5718 reae-
