3924 6176
208 343 306 400 657

872 394 875 395 ν
914 328 1441 389 ENARRATIONES
1475 327 1541 383 IN
1581 322 1839 381 LIBRUM
1878 317 2344 397 NUMERORUM.
2379 347 2449 357 -
2485 313 2611 371 LIB.
2646 312 2685 369 Ι.

3340 306 3442 363 638

204 461 449 513 lationem
504 451 635 509 Iesu
690 449 903 517 Christi,
934 450 1085 523 quasi
1141 447 1240 518 filii
1294 443 1635 504 obedientiw;
1675 454 1777 492 non
1805 439 1857 497 Α
1881 433 2074 490 studiis
2099 446 2264 503 opera
2293 426 2677 499 impendenda,
2706 438 2813 478 non
2839 422 3123 484 enerviter,
3154 419 3248 476 sed
3272 417 3445 476 emea—

203 545 517 617 conﬁgurati
569 541 829 612 prioribus
882 539 1195 608 ignorantia:
1252 543 1432 589 uestrae
1485 528 1777 591 desideriis,

201 639 294 694 sed
358 634 644 691 secundum
703 648 822 687 eum
874 632 966 702 qui
1023 631 1221 684 vocavit
1268 644 1355 682 vos
1407 633 1643 681 sanctum
1669 661 1685 686 ,
1729 629 1778 673 et

201 728 303 798 ipsi
345 725 515 782 sancti
540 725 593 777 in
636 723 779 778 omni
826 721 1214 776 conversatione
1257 724 1417 771 estote
1457 713 1509 785 (I
1535 710 1679 766 Petr.
1714 706 1777 778 ι).

203 820 346 874 lliuc
390 827 446 873 et
482 814 680 874 Paulus
725 812 997 883 apostolus
1042 811 1110 865 ad
1152 808 1459 866 Corinthios
1503 803 1780 866 scribens,

201 905 536 964 enumeratis
576 902 894 974 capitalibus
930 900 1247 957 criminibus
1294 897 1490 967 quibus
1530 891 1783 963 polluitur

203 1001 439 1054 humana
464 996 596 1061 vita,
629 992 907 1061 subjuuxit
939 990 1165 1045 dicens:
1192 988 1257 1041 Et
1286 988 1396 1042 [nec
1430 982 1638 1054 quidem
1675 978 1783 1049 fui-

200 1089 320 1154 stis,
344 1085 433 1142 sed
456 1084 620 1139 abluti
642 1084 786 1146 estis,
821 1081 913 1136 sed
947 1078 1262 1148 sanctiﬁcati
1299 1076 1441 1139 estis,
1481 1074 1538 1127 in
1575 1070 1783 1125 nomine

202 1176 419 1232 Domini
452 1173 617 1229 nostri
654 1170 785 1227 Iesu
831 1168 1050 1234 Christi,
1081 1177 1129 1222 et
1165 1166 1354 1236 spiritu
1394 1162 1492 1218 Dei
1529 1159 1693 1215 nostri
1727 1155 1780 1228 (1

205 1268 332 1324 Cor.
365 1268 462 1334 vi).
503 1265 737 1321 Possunt
766 1262 981 1334 quidem
1019 1274 1116 1329 per
1151 1259 1252 1313 bos
1279 1257 1413 1311 duos
1442 1255 1627 1314 boves,
1653 1262 1785 1318 quo-

206 1375 329 1414 rum
356 1362 494 1412 unus
519 1370 617 1427 pro
646 1360 868 1425 peccato
893 1349 1198 1405 offerendus
1232 1354 1370 1410 erat,
1395 1343 1532 1398 alter
1556 1341 1609 1394 in
1630 1337 1783 1393 holo-

203 1463 473 1515 caustum,
501 1449 638 1504 sicut
677 1448 730 1501 in
767 1441 1115 1514 sequentibus
1147 1434 1627 1498 demonstrabitur,
1664 1429 1783 1484 duae

203 1545 479 1600 actionum
500 1540 707 1610 species
730 1536 978 1608 exprimi.
1002 1533 1243 1601 Quarum
1270 1544 1397 1593 una,
1422 1541 1486 1580 ea
1508 1538 1628 1594 qua:
1640 1520 1783 1576 male

202 1633 494 1706 gessimus,
532 1645 631 1702 per
659 1626 992 1700 pmnitentire
1025 1624 1317 1678 lamentqu
1353 1617 1571 1673 abluere
1603 1610 1772 1668 stude-

205 1739 356 1787 mus,
387 1721 553 1775 altera
580 1721 841 1775 bonorum
878 1729 1101 1785 operum
1134 1708 1488 1765 fructibuset
1518 1703 1779 1757 virtutum

203 1813 427 1876 studiis,
460 1810 684 1883 gratiam
711 1806 1007 1863 conditoris
1034 1812 1088 1859 et
1113 1801 1349 1859 caelestis
1380 1794 1584 1870 prmmii
1609 1791 1778 1848 beati—

206 1905 452 1961 tudinem
480 1899 774 1974 promereri
809 1897 1125 1968 satagimus.

790 2045 1017 2103 CAPUT
1057 2041 1196 2099 XVI.

209 2167 289 2222 De
318 2165 488 2220 teritis
516 2178 610 2233 pro
637 2156 991 2233 primogenitis
1020 2154 1247 2233 filiorum
1271 2146 1461 2233 Israel,
1482 2146 1537 2199 in
1559 2142 1788 2197 ministe-

643 2220 736 2283 riis
768 2220 980 2281 Domini
1008 2220 1371 2292 suscipiendis.

284 2363 508 2440 (ιω.)
543 2362 611 2417 Et
658 2360 937 2433 applicabit
981 2355 1184 2411 Levitas
1228 2367 1404 2407 coram
1452 2342 1788 2402 tabernaculo

212 2431 427 2531 {aderis
444 2497 461 2524 ,
487 2431 767 2511 convocata
806 2450 947 2506 omni
975 2444 1305 2504 multitudine
1337 2440 1569 2510 ﬁliorum
1597 2431 1786 2491 Israel.

212 2525 572 2620 ‘Applicantur
588 2541 793 2598 Lemn:
815 2553 998 2595 coram
1025 2530 1376 2591 tabernaculo
1400 2525 1642 2592 fmderis,
1665 2536 1791 2579 cum

211 2616 459 2696 ministri
494 2632 704 2690 Domini
742 2629 900 2685 electi
936 2626 1002 2682 ad
1035 2623 1268 2680 ofﬁcium
1303 2619 1521 2683 altaris,
1568 2616 1635 2670 ad
1666 2627 1796 2683 apo-

209 2729 471 2787 stolicam
507 2724 806 2781 doctrinam
844 2735 944 2791 per
979 2732 1140 2789 quam
1171 2715 1227 2768 in
1257 2726 1443 2767 verum
1472 2708 1793 2763 tabernacu-

216 2833 339 2874 tum
366 2813 581 2872 Domini
611 2812 864 2873 intratur,
895 2805 1277 2878 perducuntur.
1317 2798 1409 2853 Sic
1433 2795 1579 2852 enim
1610 2805 1794 2847 coram

218 2903 574 2967 tabernaculo
608 2900 833 2959 fmJeris
865 2899 1025 2968 digne
1060 2893 1402 2964 applicantur
1429 2886 1475 2942 si
1500 2885 1657 2957 juxta
1682 2896 1796 2937 ser-

217 3013 440 3056 monem
474 3004 529 3052 et
564 2991 810 3061 exempla
845 2994 1158 3044 sanctorum
1199 2980 1454 3042 Patrum,
1502 2986 1793 3031 conversa-

219 3091 390 3149 tionis
426 3086 639 3145 initium
680 3082 972 3151 incipiunt,
1012 3085 1068 3132 et
1103 3077 1156 3131 in
1192 3088 1258 3128 eo
1295 3083 1467 3139 usque
1513 3066 1582 3121 ad
1635 3062 1795 3117 ﬁdem

218 3192 582 3256 perseverare
612 3172 963 3241 contendunt.
996 3168 1062 3223 Et
1091 3167 1195 3221 hoc
1220 3163 1382 3218 etiam
1408 3159 1510 3215 sub
1540 3154 1797 3212 testiﬁca-

225 3242 380 3329 lione
406 3266 699 3325 multorum
726 3260 1029 3316 faciendum
1053 3262 1156 3311 est.
1183 3254 1308 3308 ldeo
1336 3246 1640 3317 subiunxit,
1669 3242 1801 3298 Con-

224 3369 414 3418 eocata
444 3356 585 3413 omni
613 3349 946 3407 multitudine
972 3345 1202 3415 filiorum
1230 3339 1399 3396 Israel
1425 3356 1443 3393 :
1470 3337 1594 3408 quia
1620 3333 1802 3388 multis

230 3454 397 3510 debet
434 3451 774 3504 innotescere
806 3438 999 3497 electio
1028 3436 1398 3492 ministrorum
1424 3430 1518 3484 Dci
1542 3469 1557 3495 ,
1588 3435 1642 3483 et
1670 3441 1801 3481 exa-

232 3542 471 3601 minatio
501 3548 556 3595 et
583 3534 831 3609 probatio
862 3532 1021 3602 digna
1050 3528 1103 3583 in
1133 3527 1213 3582 eis
1237 3531 1578 3585 exerceatur,
1611 3527 1803 3589 quate-

229 3654 338 3694 nus
372 3648 536 3691 nemo
574 3630 645 3686 sit
679 3627 773 3698 qui
809 3637 998 3680 eorum
1032 3620 1198 3675 vitam
1228 3616 1372 3687 justo
1410 3610 1807 3684 reprehendere

230 3727 431 3801 possit.
474 3721 629 3780 Unde
667 3727 726 3774 et
763 3714 963 3771 Paulus
1000 3710 1153 3781 jubet
1180 3723 1274 3763 eos
1304 3702 1668 3760 testimonium
1711 3698 1809 3752 ha-

227 3792 364 3878 bere
398 3811 599 3874 bonum
657 3813 725 3867 ab
768 3809 857 3866 his
896 3806 989 3877 qui
1033 3802 1166 3859 foris
1214 3806 1373 3862 sunt,
1403 3804 1465 3851 ut
1493 3809 1598 3849 non
1630 3792 1683 3846 in
1713 3805 1809 3859 op-

230 3912 517 3987 probrium
550 3907 792 3963 incidant
818 3911 873 3959 et
899 3902 1151 3972 laqueum
1181 3893 1401 3953 diaboli.

306 4002 544 4071 Cumque
597 3995 787 4050 Levita:
835 3991 1026 4062 fuerint
1078 4000 1256 4040 coram
1306 3980 1567 4043 Domino,
1614 3988 1807 4044 ponent

233 4093 336 4163 ﬁlii
380 4086 556 4145 Israel
601 4100 786 4140 manus
825 4097 948 4136 suas
990 4092 1146 4148 super
1186 4090 1303 4137 eos,
1334 4079 1382 4126 et
1428 4068 1606 4138 oﬁ'eret
1635 4064 1812 4118 Aaron

242 4455 424 4509 Aaron
464 4426 663 4502 munus
704 4441 757 4496 in
797 4443 1090 4507 conspectu
1129 4429 1376 4494 Domini,
1408 4426 1534 4497 quia
1562 4434 1816 4478 assensus

242 4485 424 4509 mw.-
465 4485 663 4502 ...ιω-..ι
800 4485 926 4494 η---
972 4485 1089 4490 η--
1133 4485 1198 4488 --
1364 4485 1374 4494 ,
1425 4485 1442 4497 ,

242 4542 512 4601 bonorum
540 4532 897 4602 subiectorum
919 4485 1060 4595 ,rper
1089 4522 1339 4577 affectum
1366 4529 1510 4572 verae
1535 4510 1818 4570 charitatis
1841 4485 1895 4546 Ῑ)

244 4632 542 4704 magistros
565 4601 702 4696 quos
726 4621 931 4692 eligunt
945 4657 961 4683 ,
982 4613 1157 4671 cilicio
1179 4606 1466 4682 opportuni
1492 4601 1667 4659 solatii
1694 4613 1820 4669 pro-

246 4703 404 4790 sequi
447 4716 626 4771 debet.
670 4710 883 4765 Ponuut
913 4720 1043 4775 ergo
1070 4714 1263 4757 manus
1291 4709 1446 4761 suas,
1479 4706 1600 4748 cum
1628 4703 1818 4744 assen-

247 4827 368 4867 sum
392 4802 696 4863 devotionis
720 4815 831 4856 suae
857 4798 911 4851 in
938 4793 1255 4851 electionem
1278 4800 1464 4843 eorum
1489 4781 1817 4844 attribuunt,

255 5096 342 5140 tos
368 5080 632 5150 condigne
661 5073 963 5144 impleatur.

331 5139 770 5241 Letittevquoqu—e
815 5167 1002 5234 ponent
1051 5169 1237 5211 manus
1283 5165 1406 5205 suas
1453 5160 1608 5216 super
1653 5139 1826 5212 capita

261 5269 415 5321 boum
434 5304 451 5327 ,
478 5279 505 5317 e
531 5231 717 5332 quibus
741 5231 903 5308 unum
933 5248 1092 5319 facies
1117 5259 1212 5315 pro
1240 5247 1476 5312 peccato,
1509 5243 1556 5289 et
1597 5231 1823 5286 alterum

346 5320 705 5411 holocaustum
736 5341 945 5400 Domini
972 5347 1029 5394 ut
1054 5331 1342 5406 depreceris
1366 5344 1461 5399 pro
1489 5326 1583 5379 eis.
1623 5320 1825 5377 Levita

265 5453 469 5528 ponent
495 5455 688 5499 manus
713 5450 840 5492 suas
868 5444 1029 5502 super
1067 5424 1244 5496 capita
1285 5422 1478 5482 boum,
1510 5428 1631 5470 cum
1671 5409 1834 5466 mini-
1896 5472 1907 5484 O

845 5524 876 5528 --
1005 5520 1017 5528 .
1385 5524 1416 5528 Α,
1469 5519 1682 5528 Δηὼ-Μ
1725 5501 1802 5528 nn

267 5501 371 5597 2m
409 5533 648 5609 propriis
687 5501 963 5582 laboribus
1004 5518 1157 5575 initia
1194 5524 1422 5584 operum
1467 5519 1684 5562 suorum
1725 5501 1831 5555 Do-

272 5595 770 5689 minoconsecrare
809 5614 1096 5674 festinant,
1128 5615 1189 5662 ut
1226 5606 1339 5661 sive
1378 5595 1693 5672 pmnitentia
1736 5605 1836 5661 pro

275 5719 587 5789 excessibus
621 5713 868 5767 humana:
897 5703 1017 5757 vita:
1058 5694 1261 5768 agenda
1301 5691 1373 5744 sit
1394 5730 1407 5755 ,
1438 5686 1552 5740 sive
1579 5681 1835 5739 virtutum

1880 525 2015 581 citer
2044 523 2134 578 illa
2160 520 2421 592 perﬁcere
2450 519 2742 573 decertent.

1952 613 2163 670 Statues
2192 627 2392 684 quoque
2420 608 2620 662 Levitas
2650 606 2703 659 in
2732 611 3005 673 conspectu
3030 600 3208 654 Aaron
3235 608 3280 653 et
3310 599 3450 667 [ilio-

1882 723 1999 761 rum
2022 705 2136 775 ejus
2157 745 2172 768 ,
2201 713 2248 757 et
2277 698 2599 756 consecrabis
2627 694 2827 750 oblatos
2860 692 3112 754 Domino,
3142 706 3204 743 ac
3233 705 3443 757 separa-

1881 798 1957 851 bis
1995 796 2059 849 de
2092 794 2261 848 medio
2294 791 2525 861 ﬁliorum
2560 784 2757 848 Israel,
2788 794 2842 837 ut
2871 784 2973 837 sint
3017 781 3118 835 mei
3144 794 3162 831 :
3198 788 3244 833 et
3275 787 3447 847 postea

1879 886 2237 958 ingredientur
2264 877 2657 936 tabernaculum
2686 876 2895 945 {aderis
2919 914 2933 939 ,
2965 882 3021 925 ut
3048 873 3271 926 serviant
3300 868 3446 922 mihi.

1881 976 2020 1030 Nota
2049 972 2192 1043 quod
2231 970 2433 1026 Levita:
2462 965 2699 1037 separari
2726 964 2990 1034 jubentur
3015 961 3082 1016 de
3110 959 3287 1015 medio
3317 957 3448 1010 lilio-

1882 1079 2002 1119 rum
2041 1060 2209 1117 Israel
2251 1067 2311 1112 ut
2351 1058 2459 1113 sint
2497 1054 2740 1118 Domini,
2773 1063 2827 1106 et
2854 1060 3038 1121 postea
3082 1047 3451 1120 ingrediantur

1881 1156 1936 1211 in
1971 1151 2377 1209 tabernaculum
2410 1147 2629 1203 ftederis
2671 1145 2738 1199 ad
2782 1144 3124 1198 serviendum
3163 1140 3293 1193 Deo.
3334 1137 3451 1192 Non

1881 1245 2024 1300 enim
2068 1244 2225 1298 debet
2267 1239 2513 1293 minister
2554 1235 2763 1290 Domini
2808 1241 3093 1288 contentus
3121 1231 3150 1264 ³⁸⁸
3179 1226 3451 1299 popularis

1881 1332 2211 1402 disciplinae,
2254 1328 2349 1384 sed
2389 1327 2504 1382 sive
2544 1326 2598 1379 in
2639 1324 2911 1385 moribus,
2943 1322 3057 1376 sive
3087 1320 3139 1377 in
3168 1318 3412 1373 doctrina
3436 1357 3451 1379 ,

1880 1431 2190 1495 separatum
2218 1428 2273 1476 et
2306 1416 2654 1489 spectabilem
2695 1419 2907 1484 oportet
2935 1426 3060 1467 eum
3092 1408 3238 1472 ﬁeri,
3268 1407 3453 1475 sicque

1880 1518 2055 1575 oliicio
2078 1512 2290 1570 Domini
2318 1508 2633 1580 mancipari.
3482 1496 3490 1504 '

1954 1605 2142 1677 Sicque
2174 1599 2475 1673 puriﬁcabis
2508 1605 2556 1651 et
2592 1592 2919 1650 consecrabis
2947 1608 3034 1644 eos
3061 1589 3116 1642 in
3146 1585 3455 1641 oblationem

1887 1672 2126 1757 Domini,
2175 1672 2430 1763 quoniam
2485 1687 2623 1741 dono
2675 1683 2857 1737 donati
2907 1689 3027 1734 sunt
3074 1677 3201 1731 mihi
3251 1693 3281 1729 a
3330 1672 3457 1742 ﬁliis

1812 1784 1857 1843 B
1888 1783 2088 1848 Israel,
2113 1799 2207 1853 pro
2233 1777 2585 1852 primogenitis
2610 1789 2726 1845 qua:
2755 1772 2993 1841 aperiunt
3022 1782 3226 1821 omnem
3252 1763 3456 1818 vulvam

1885 1877 1943 1930 in
1983 1871 2150 1929 Israel
2170 1911 2185 1937 ,
2215 1869 2390 1939 accepi
2416 1883 2522 1921 eos.
2573 1864 2692 1917 Mea
2725 1870 2845 1916 sunt
2881 1859 3017 1913 enim
3052 1855 3227 1911 omnia
3264 1855 3459 1924 primo-

1886 1966 2061 2037 genita
2104 1962 2335 2032 ﬁliorum
2376 1955 2582 2021 Israel,
2624 1964 2733 2007 tam
2766 1968 2830 2006 ea:
2872 1948 3167 2004 hominibus
3205 1962 3363 2015 quam
3391 1960 3456 1997 ea:

1878 2054 2156 2127 jumentis.
2190 2050 2273 2105 EI-
2298 2048 2383 2103 die
2405 2063 2507 2119 quo
2534 2043 2764 2115 percussi
2789 2057 2941 2095 omne
2968 2036 3368 2109 primogenitum
3396 2034 3449 2087 in

1891 2156 2030 2200 terra
2065 2139 2315 2211 Egypti,
2352 2133 2676 2203 sanctiﬁcavi
2710 2147 2796 2185 eos
2827 2128 2976 2182 mihi.
3017 2125 3134 2181 Non
3168 2132 3251 2178 est
3297 2123 3450 2175 inco-

1887 2235 2128 2305 gnitum,
2174 2229 2316 2299 quod
2359 2222 2713 2296 primogenita
2752 2216 3126 2288 Egyptiorum
3150 2253 3164 2277 ,
3200 2211 3453 2264 vitiorum

1892 2333 2019 2383 sunt
2049 2319 2347 2393 primordia
2392 2314 2588 2385 quibus
2637 2312 2871 2365 humana
2916 2305 3026 2359 vita
3070 2298 3458 2368 corrumpitur.

1888 2413 2076 2473 Omnis
2119 2410 2263 2466 enim
2312 2406 2491 2462 anima
2539 2417 2661 2457 eum
2700 2398 2767 2453 ad
2806 2395 3236 2466 supplementum
3281 2387 3461 2443 artatis

1894 2502 2211 2565 advenerit,
2242 2506 2296 2554 et
2325 2496 2468 2551 velut
2497 2490 2758 2547 naturalis
2786 2488 2838 2542 in
2866 2501 2930 2541 ea
2958 2482 3204 2553 quaedam
3234 2479 3320 2533 lex
3350 2490 3462 2531 coa—

1890 2594 2035 2668 perit
2059 2606 2156 2646 sua
2189 2587 2310 2658 jura
2346 2581 2669 2643 defendere,
2706 2576 2912 2648 primos
2940 2572 3057 2627 sine
3091 2567 3254 2625 dubio
3289 2572 3469 2619 motus

1892 2683 2191 2742 secundum
2241 2674 2573 2733 desiderium
2626 2667 2808 2725 carnis
2850 2661 3103 2737 producit
3142 2678 3157 2714 :
3208 2672 3348 2730 quos
3399 2670 3465 2711 ex

1893 2768 2346 2843 concupiscentia:
2384 2763 2472 2817 vel
2515 2762 2610 2816 ira:
2650 2756 2838 2812 fomite
2879 2753 2960 2807 vis
3001 2747 3270 2805 incentiva
3316 2758 3465 2799 com—

1894 2832 2146 2920 moverit.
2188 2857 2342 2915 Unde
2377 2851 2533 2924 quasi
2568 2848 2930 2920 praicipuum,
2977 2849 3033 2897 et
3074 2837 3219 2909 quod
3254 2850 3361 2890 non
3399 2832 3471 2887 sit

1894 2965 2181 3011 commune
2206 2961 2331 3003 cum
2364 2923 2578 2998 caeteris
2616 2933 2958 2997 hominibus,
2996 2930 3064 2984 de
3097 2927 3212 2983 solo
3251 2923 3470 2980 Christo

1897 3042 2029 3099 dicit
2056 3038 2321 3111 propheta
2349 3049 2363 3087 :
2394 3030 2652 3099 Butyrum
2694 3033 2743 3078 et
2783 3020 2884 3077 mel
2923 3014 3259 3072 manducabit
3304 3010 3462 3083 (Isa.

1824 3127 1868 3189 C
1900 3151 1975 3190 vn
1999 3132 2018 3205 )
2042 3103 2074 3199 ;’
2095 3103 2247 3202 prius
2283 3140 2445 3196 quam
2483 3121 2648 3175 faciat
2679 3124 2772 3171 aut
2798 3111 3042 3184 proferat
3071 3108 3338 3177 maligna,
3366 3103 3467 3159 eli-

1902 3202 2244 3299 get-bonum.
2279 3216 2544 3286 Quoniam
2575 3212 2728 3284 prius
2758 3223 2921 3280 quam
2948 3206 3084 3261 sciat
3114 3218 3249 3274 puer
3275 3202 3473 3256 bonum

1905 3289 2000 3371 aut
2025 3311 2225 3368 malum
2252 3349 2266 3374 ,
2299 3305 2518 3361 resistet
2547 3299 2766 3355 malitia:
2786 3337 2802 3362 ,
2832 3304 2891 3350 ut
2917 3294 3079 3365 eligat
3108 3290 3250 3361 quod
3278 3289 3478 3342 bonum

1904 3413 2007 3461 est.
2043 3400 2185 3457 Alibi
2220 3407 2401 3453 autem
2447 3392 2714 3462 Propheta
2768 3395 3023 3456 tanquam
3073 3382 3140 3437 de
3188 3378 3480 3446 semetipso

1905 3499 2145 3570 loquitur
2190 3495 2377 3549 dicens
2427 3507 2439 3543 :
2492 3486 2696 3542 Delicta
2737 3479 3025 3552 juventutis
3075 3490 3203 3529 mea:
3250 3472 3482 3542 et~igno-

1907 3565 2111 3646 rantias
2144 3601 2286 3641 meas
2328 3598 2389 3636 ne
2421 3576 2715 3633 memineris
2746 3571 2935 3641 (Psal.
2965 3585 3093 3623 xxxv
3116 3567 3157 3638 ).
3190 3565 3325 3632 Quia
3353 3578 3481 3633 ergo

1907 3678 2068 3750 primi
2106 3674 2192 3730 isti
2230 3671 2424 3725 anima:
2475 3672 2689 3728 motus,
2739 3661 3032 3716 secundum
3080 3670 3296 3712 carnem
3346 3668 3476 3722 pro-

1906 3741 2037 3832 lati,
2086 3764 2143 3819 in
2191 3764 2472 3831 peccatum
2520 3760 2716 3815 ruunt,
2762 3749 2959 3804 merito
3008 3743 3302 3801 immortali
3357 3741 3477 3796 loco

1919 3857 2288 3932 Egyptiorum
2348 3846 2621 3921 primitiva
2678 3848 3010 3913 ponuntur:
3067 3851 3192 3908 qum
3252 3842 3477 3888 eatenus

1911 3951 2347 4021 exstinguuntur,
2384 3940 2430 3995 si
2460 3936 2680 4006 reliquae
2706 3933 2831 3987 vita:
2859 3927 3201 3986 conversatio
3227 3924 3478 3980 emenda-

1914 4018 2115 4100 tiorem
2137 4037 2337 4108 dirigat
2360 4044 2598 4087 cursum.
2644 4022 2941 4081 Exstinctis
2979 4035 3110 4076 vero
3150 4018 3325 4083 vitiis,
3365 4031 3489 4086 quas

1920 4426 2029 4467 non
2078 4407 2382 4463 daemonum
2432 4375 2689 4457 servitor,
2740 4386 3005 4444 veraciter
3053 4384 3328 4451 appareat.
3383 4375 3491 4431 Sed

1921 4466 2099 4557 adhuc
2120 4494 2214 4566 qui
2241 4491 2356 4548 vult
2383 4502 2504 4544 esse
2528 4481 2778 4541 minister
2803 4473 3016 4534 Domini
3040 4512 3055 4537 ,
3082 4466 3495 4541 perfectioribus

1923 4554 2167 4648 moribus
2195 4583 2356 4639 debet
2383 4576 2572 4641 indui,
2604 4585 2766 4642 quam
2794 4564 2973 4637 plebis
2994 4558 3283 4616 multitudo
3322 4554 3493 4626 possit

1923 4645 2122 4737 habere
2147 4695 2161 4731 :
2192 4674 2313 4729 ideo
2340 4683 2439 4740 pro
2465 4657 2838 4736 primogenitis
2858 4648 3239 4722 Egyptiorum
3256 4686 3270 4709 ,
3293 4645 3498 4714 primo-

1922 4773 2102 4847 genita
2128 4739 2486 4824 Israelitarum
2512 4755 2738 4812 Domino
2762 4747 2942 4804 offerri
2965 4745 3242 4815 iubentur.
3273 4740 3339 4794 Et
3369 4739 3495 4792 item

2064 4852 2438 4931 primogenitis
2482 4847 2713 4903 ﬁliorum
2753 4836 2916 4895 Israel
2939 4875 2954 4900 ,
2997 4832 3197 4887 Levita),
3235 4830 3287 4884 in
3327 4827 3498 4883 servi-

1931 4924 2083 5009 lium-
2110 4924 2352 5003 divinum
2402 4934 2604 4993 assumi
2654 4926 3062 5001 praecipiuntur,
3102 4928 3162 4973 ut
3199 4924 3497 4974 commuta-

1935 5006 2078 5098 tione
2118 5030 2391 5106 Spiritali,
2436 5040 2534 5096 pro
2571 5017 2877 5092 peccartrice
2915 5013 3059 5073 vita,
3086 5008 3230 5077 justa
3262 5006 3404 5069 vita,
3446 5010 3502 5055 ct

1932 5145 2033 5202 pro
2063 5102 2241 5195 iusta,
2272 5125 2455 5176 sancta
2488 5129 2554 5168 ac
2583 5108 2825 5182 perfecta
2861 5103 3197 5163 exhibeatur,
3237 5102 3500 5166 quatenus

1933 5189 1987 5278 in
2017 5189 2328 5275 sanctuario
2356 5205 2572 5263 Domini
2599 5203 2759 5276 digne
2782 5194 2986 5252 Christi
3013 5189 3273 5246 altaribus
3298 5193 3354 5240 et
3387 5196 3503 5250 my-

1934 5308 2120 5367 steriis
2148 5301 2350 5360 divinis
2377 5309 2541 5354 verus
2568 5290 2752 5346 Levita
2783 5284 2957 5356 possit
2990 5276 3186 5351 aptari.

2006 5398 2075 5454 Et
2124 5394 2221 5450 tuli
2262 5390 2468 5445 Levitas
2508 5400 2602 5455 pro
2650 5376 2848 5434 cunctis
2882 5366 3238 5444 primogenitis
3269 5359 3497 5431 ﬁliorum

1935 5447 2220 5550 Israel,"ut
2252 5476 2480 5534 serviant
2508 5447 2644 5524 Imilti
2683 5480 2776 5538 pro
2820 5462 2942 5531 ﬁliis
2970 5453 3139 5512 Israel
3171 5454 3227 5505 in
3257 5447 3503 5502 taberna-

1936 5580 2052 5636 culo
2085 5540 2293 5647 [ἀπίει-ξε
2320 5578 2367 5625 et
2399 5574 2541 5622 orent
2573 5579 2665 5634 pro
2693 5560 2765 5615 eis
2787 5598 2801 5623 ,
2830 5572 2893 5609 ne
2923 5554 2987 5607 sit
3016 5551 3071 5602 in
3099 5542 3289 5615 populo
3317 5540 3506 5611 μιαρα-

1939 5673 1982 5728 si
2021 5667 2136 5723 ausi
2172 5664 2364 5738 fuerint
2401 5654 2642 5712 accedere
2677 5649 2744 5704 ad
2780 5638 3165 5700 summarium,
3198 5639 3252 5687 et
3285 5640 3502 5685 cretcra.
