3932 6188
471 321 575 380 659

1149 324 1210 378 Β.
1252 322 1507 379 RABANI
1546 323 1764 380 MAURI
1798 324 2111 380 ABCIIIEP.
2154 325 2460 383 MOGUNT.
2501 325 2788 384 OPERUM
2825 324 3006 386 PARS
3038 327 3081 383 I.

3624 330 3723 385 διο

471 442 704 499 Videant
728 439 998 510 episcopi,
1027 439 1358 504 sacerdotes,
1385 439 1621 494 ministri
1646 438 1856 493 Domini
1883 447 2043 507 atque
2070 441 2122 499 A
2147 432 2264 508 ipso
2293 438 2459 495 fratre
2489 440 2561 495 sit
2589 440 2793 495 dictum
2816 481 2832 506 ,
2863 440 3127 495 custodire
3156 440 3423 494 custodias
3444 480 3458 505 ,
3488 456 3608 496 cum
3644 443 3722 497 di-

469 531 647 587 omnis
676 530 883 595 clerus,
917 545 1077 599 quam
1116 530 1481 585 necessarium
1513 531 1585 585 sit
1616 529 1724 583 illis
1760 538 1817 583 ut
1847 529 1929 584 sui
1965 527 2047 583 of-

470 620 575 677 ﬁcii
597 619 722 690 jura
752 617 1038 689 diligenter
1066 618 1405 682 custodiant,
1440 631 1508 672 ne
1538 618 1766 674 terrenis
1792 618 1958 673 lucris
1983 634 2048 674 ac

462 712 650 768 stcculi
681 711 1047 781 voluptatibus
1084 725 1206 764 cum
1243 711 1400 782 vulgo
1432 711 1805 781 imperitorum
1842 726 1899 765 se
1931 719 2045 765 trao

465 804 640 858 dant:
678 800 804 870 quia
844 800 1122 871 proprium
1158 800 1372 854 illorum
1420 800 1626 856 ordinis
1676 809 1837 871 atque
1883 800 2043 855 oﬂicii

464 902 546 948 est
566 934 581 958 ,
611 901 670 946 ut
698 893 1009 948 deserviant
1050 893 1101 947 in
1154 894 1504 979 taberpaculo
1535 892 1759 948 fmderis
1791 892 2043 960 Domini,

463 993 521 1039 et
549 991 702 1038 orent
732 999 827 1052 pro
856 982 1069 1053 pupulis
1088 1024 1101 1047 ,
1128 998 1197 1038 ne
1227 983 1300 1037 sit
1325 983 1479 1053 plaga
1510 984 1563 1037 in
1594 983 1674 1037 eis
1703 981 2041 1051 disperdens.

464 1070 679 1139 Alioqui
712 1071 756 1124 si
790 1071 887 1139 ipsi
919 1070 1254 1140 negligenter
1281 1071 1449 1124 vitam
1477 1086 1629 1125 suam
1662 1072 1947 1138 duxerint,
1982 1089 2044 1129 ac

462 1176 561 1231 pro
596 1160 689 1214 Dei
725 1160 948 1213 servitio
986 1160 1163 1215 sseculi
1202 1160 1368 1215 lucris
1404 1175 1465 1215 ac
1511 1162 1895 1232 cupiditatibus
1943 1164 2041 1219 de-

463 1248 793 1315 servierint,
824 1250 1142 1319 semetipsos
1179 1250 1229 1303 in
1265 1250 1623 1319 perditionem
1660 1251 1999 1321 praecipitent
2024 1293 2040 1318 ,

456 1349 513 1393 et
538 1339 795 1409 populum
824 1355 929 1394 non
957 1341 1165 1394 salvent
1190 1382 1203 1406 ,
1232 1342 1442 1396 dicetur
1463 1340 1531 1397 de
1555 1342 1632 1395 eis
1658 1342 1786 1397 illud
1812 1344 2043 1413 prophe-

460 1430 624 1484 ticum
658 1448 670 1483 :
715 1430 839 1484 Non
874 1440 949 1485 est
986 1432 1114 1485 mihi
1142 1431 1383 1486 voluntas
1413 1432 1468 1485 in
1499 1431 1671 1497 vobis,
1701 1433 1826 1486 dicit
1856 1433 2042 1487 Domi-

461 1536 559 1572 nus
598 1521 920 1573 exercituum
951 1536 968 1574 :
1003 1531 1051 1574 et
1086 1538 1273 1575 munus
1310 1538 1414 1575 non
1448 1522 1733 1593 suscipiam
1777 1522 1842 1576 de
1880 1540 2040 1576 manu

458 1620 630 1663 rcstra
660 1608 931 1681 (Halach.
959 1611 1030 1684 1).
1061 1611 1128 1665 Et
1158 1611 1289 1667 alibi
1319 1630 1332 1666 :
1364 1609 1504 1666 Cleri
1528 1621 1702 1665 autem
1727 1628 1906 1666 eorum
1936 1629 2041 1667 non

459 1700 747 1769 proderunt
774 1701 869 1755 eis.

1032 1792 1260 1850 CAPUT
1298 1794 1457 1849 XVII.

454 1883 533 1937 De
560 1885 740 1939 ordine
770 1883 1082 1959 Levitarumg
1099 1887 1308 1959 quando
1335 1888 1560 1959 ministri
1590 1887 1693 1942 sint
1712 1928 1725 1950 ,
1751 1896 1798 1941 et
1824 1888 2035 1957 quando

902 1957 1137 2011 custodes
1167 1974 1406 2011 vasorum
1434 1958 1586 2026 ﬁant.

529 2068 740 2141 (Imm)
780 2069 1011 2124 Locutus
1045 2080 1120 2124 est
1157 2070 1412 2125 Dominus
1453 2072 1523 2124 ad
1558 2071 1775 2142 Moysen
1807 2072 1985 2125 dicens
2013 2087 2035 2126 .'

457 2157 589 2211 Ila'c
628 2169 707 2213 est
745 2159 829 2214 lex
864 2160 1185 2216 Levitarum.
1221 2161 1264 2214 Α
1305 2163 1489 2233 viginti
1524 2163 1750 2234 quinque
1785 2163 1939 2217 annis
1984 2171 2033 2217 et

456 2267 616 2321 supra
660 2252 1021 2322 ingrediantur
1061 2262 1115 2306 ut
1156 2254 1449 2308 ministrent
1490 2255 1545 2309 in
1571 2254 1911 2310 tabernaculo
1941 2256 2034 2325 {m-

451 2342 615 2397 dcris.
649 2341 886 2414 Cumque
914 2343 1400 2416 quinquagesimum
1430 2363 1628 2400 annum
1654 2346 1825 2400 (atatis
1852 2345 2034 2416 imple-

450 2433 650 2498 verint,
694 2433 888 2488 servire
916 2434 1223 2500 cessabunt,
1255 2448 1508 2507 eruntque
1539 2437 1766 2491 ministri
1805 2438 2032 2507 fratrum

450 2540 669 2578 suorum
715 2525 771 2578 in
811 2524 1149 2580 tabernaculo
1194 2526 1433 2596 fwderia,
1479 2536 1533 2580 ut
1575 2527 1875 2582 custodiant
1915 2546 2032 2601 quia

454 2614 555 2666 sibi
580 2614 777 2684 fuerint
810 2617 1173 2671 commendata
1197 2631 1216 2668 :
1247 2634 1401 2688 opera
1430 2627 1604 2672 autem
1646 2619 1759 2688 ipsa
1799 2635 1903 2673 non
1942 2619 2029 2689 [a-

450 2705 613 2758 ciant.
646 2703 771 2760 Sive
801 2705 1100 2760 secundum
1130 2705 1483 2778 Septuaginta
1514 2721 1528 2760 :
1560 2707 1600 2761 Α
1644 2708 1825 2779 quinto
1864 2717 1912 2762 et
1953 2708 2029 2761 vi-

449 2795 642 2849 cesimo
672 2813 812 2851 anno
838 2806 886 2851 et
914 2813 1104 2867 supra,
1134 2798 1419 2852 introibunt
1458 2798 1758 2852 ministrare
1786 2798 1839 2852 in
1869 2797 2026 2853 mini-

449 2887 667 2942 sterium
688 2928 704 2954 ,
735 2888 789 2943 in
816 2888 1077 2959 operibus,
1112 2891 1167 2944 in
1195 2889 1536 2945 tabernaculo
1565 2891 1851 2946 testimonii
1873 2907 1893 2957 ;
1919 2900 1966 2945 et
1995 2909 2028 2946 a

444 2978 900 3051 quinquagenaria
929 2982 1171 3037 recedant
1202 2982 1267 3036 ab
1312 2983 1799 3050 administratione,
1832 2995 1879 3039 et
1924 3002 2027 3039 non

445 3072 802 3139 operabuntur
828 3072 1011 3140 ultra;
1039 3084 1087 3128 et
1117 3076 1489 3132 ministrabant
1527 3077 1718 3147 fratres
1756 3095 1936 3132 eorum
1971 3081 2025 3133 in

2149 538 2297 584 ctum
2328 530 2401 584 sit
2427 529 2496 585 dc
2524 529 2615 585 illo
2643 530 2736 600 qui
2777 530 2986 586 recedit
3028 530 3097 585 ab
3146 529 3433 600 operibus,
3464 539 3519 584 et
3542 545 3723 587 rema-

2147 623 2299 677 nebit
2326 622 2379 678 in
2411 622 2762 678 tabernaculo
2789 622 3087 677 testimonii
3114 620 3389 677 custodire
3411 624 3720 679 custodias:

2144 727 2311 782 Opera
2355 722 2536 767 autem
2569 727 2673 767 non
2704 710 3039 782 operabltur,
3068 711 3163 766 sed
3203 710 3520 782 Operabitur
3557 713 3726 769 frater

2145 801 2261 871 ejus
2284 843 2298 867 ,
2334 801 2386 857 id
2413 811 2500 858 cst
2517 844 2531 869 ,
2559 804 2651 872 qui
2680 802 2919 857 nondum
2945 803 3196 872 pervenit
3222 802 3291 857 ad
3319 810 3537 857 aetatem
3566 803 3721 872 quin-

2145 897 2532 968 quagenariam
2561 938 2574 961 ,
2630 913 2660 950 a
2711 897 2904 968 viginti
2956 897 3196 967 quinque
3248 897 3413 952 annis
3462 897 3726 968 incipiens

2143 988 2377 1058 operari.
2425 989 2567 1058 Ergo
2614 988 2691 1043 ita
2738 989 3177 1061 distinguendum
3221 998 3343 1055 est,
3381 998 3443 1044 ut
3487 1005 3518 1043 a
3566 991 3724 1061 quin-

2143 1081 2476 1152 quagenario
2504 1081 2723 1136 recedat
2750 1081 2819 1137 ab
2846 1081 3352 1147 administratione,
3383 1089 3440 1136 et
3466 1097 3576 1137 non
3605 1098 3727 1152 ope-

2143 1170 2353 1225 rabitur
2398 1169 2578 1235 ultra;
2632 1176 2687 1224 et
2730 1169 3068 1225 ministrabit
3113 1170 3285 1225 frater
3334 1170 3474 1240 ejus.
3526 1169 3725 1223 Deinde

2146 1258 2285 1314 redit
2314 1260 2381 1315 ad
2412 1259 2564 1314 illum
2614 1260 3174 1331 quinquagenarium,
3219 1260 3285 1316 de
3323 1275 3433 1329 quo
3472 1259 3728 1328 loqueba-

2142 1355 2252 1415 tur,
2296 1356 2350 1402 et
2392 1348 2459 1404 de
2500 1348 2592 1403 illo
2631 1348 2866 1418 explicat
2895 1358 3092 1405 cetera
3123 1350 3352 1405 dicens:
3386 1349 3452 1404 In
3478 1345 3726 1403 taberna-

2140 1439 2257 1494 culo
2287 1441 2571 1495 testimonii
2598 1442 2862 1496 custodire
2890 1443 3157 1496 custodias
3182 1456 3201 1494 :
3232 1458 3388 1512 opera
3416 1453 3596 1495 autem
3628 1457 3727 1495 non

2140 1528 2459 1598 operabitur.
2518 1529 2671 1596 Quod
2727 1530 2873 1584 enim
2934 1531 3041 1595 ait,
3100 1530 3366 1585 custodire
3418 1531 3723 1592 custodias,

2140 1618 2282 1672 solet
2323 1619 2468 1673 enim
2514 1620 2717 1675 usitate
2760 1621 2924 1675 etiam
2966 1622 3018 1675 in
3066 1621 3278 1677 Latinis
3323 1620 3724 1684 locutionibus,

2140 1708 2415 1764 inﬁnitum
2456 1711 2684 1766 verbum
2729 1713 2856 1782 poni
2905 1728 3006 1783 pro
3057 1713 3231 1768 ﬁnito.
3279 1713 3506 1784 Mystice
3545 1721 3725 1769 autem

2065 1792 2112 1851 B
2140 1800 2269 1869 quid
2314 1815 2413 1870 per
2450 1815 2649 1856 annum
2697 1801 2945 1872 quintum
2980 1811 3071 1856 aut
3103 1803 3442 1865 vicesimum,
3488 1804 3545 1858 in
3586 1818 3725 1873 quos

2136 1888 2236 1945 ﬁes
2266 1888 2567 1958 iuventutis
2595 1892 2866 1958 oboritur,
2912 1893 3015 1947 nisi
3045 1903 3238 1948 contra
3269 1910 3440 1949 unum
3470 1894 3727 1965 quodque

2139 1981 2393 2035 vitiorum
2435 1981 2575 2036 bella
2614 1982 2942 2052 signantur?
2980 1983 3047 2038 Et
3097 1984 3225 2054 quid
3261 1999 3358 2055 per
3386 1985 3722 2056 quinquage-

2136 2071 2385 2137 narium,
2439 2072 2490 2126 in
2539 2087 2648 2142 quo
2693 2070 2903 2128 Jubilmi
2960 2073 3176 2143 requies
3228 2074 3564 2140 continetur,
3626 2076 3723 2130 nisi

2134 2162 2348 2217 interna
2397 2163 2580 2232 quies,
2627 2163 2865 2218 edomito
2908 2162 3047 2217 bello
3093 2164 3312 2225 mentis,
3356 2163 3725 2234 exprimitur?

2135 2252 2273 2320 Quid
2302 2268 2431 2307 vero
2473 2269 2572 2322 per
2610 2269 2738 2307 vasa
2781 2254 3155 2318 tabernaculi,
3189 2254 3294 2309 nisi
3329 2254 3570 2309 ﬁdelium
3600 2255 3719 2308 ani-

2134 2359 2235 2399 mze
2279 2344 2626 2414 ﬁgurantur?
2655 2344 2854 2399 Levitae
2899 2358 3032 2415 ergo
3076 2344 3144 2399 ab
3186 2359 3330 2399 anno
3370 2344 3645 2415 vigesimo
3672 2354 3723 2399 et

2134 2432 2327 2502 quinto
2372 2433 2728 2488 tabernaculo
2770 2434 3052 2500 serviunt,
3091 2443 3146 2489 et
3184 2449 3214 2488 a
3251 2434 3720 2504 quinquagenaria

2134 2525 2389 2580 custodes
2415 2540 2671 2579 vasorum
2701 2524 2866 2589 ﬁunt,
2896 2532 2956 2580 ut
2984 2526 3237 2581 videlicet
3265 2526 3356 2595 qui
3399 2526 3579 2581 adhuc
3626 2526 3719 2582 im-

2133 2617 2492 2688 pugnantium
2531 2617 2789 2672 vitiorum
2830 2617 3131 2673 certamina
3168 2617 3444 2679 tolerant,
3486 2615 3719 2671 aliorum

2133 2725 2321 2765 curam
2353 2708 2634 2777 suscipere
2663 2723 2769 2763 non
2800 2715 3155 2777 praesumant.
3198 2707 3367 2761 Electi
3404 2706 3552 2761 enim
3593 2721 3716 2767 cum

2132 2802 2310 2856 adhuc
2352 2800 2407 2854 in
2448 2799 2749 2854 tentatione
2787 2806 2943 2862 sunt,
2989 2798 3215 2853 subesse
3271 2812 3368 2851 eos
3408 2811 3473 2850 ac
3512 2796 3718 2850 servire

2131 2907 2353 2949 necesse
2388 2900 2473 2948 est
2495 2934 2510 2957 ,
2548 2899 2608 2946 ut
2639 2891 2916 2960 obsequiis
2951 2890 3338 2959 laboribusque
3392 2887 3713 2958 fatigentur.

2131 2983 2266 3039 Cum
2296 2999 2426 3038 vero
2458 2982 2821 3037 tcntationum
2850 2980 2988 3036 bella
3020 2979 3370 3051 subegerint,
3401 2976 3546 3048 quod
3576 2977 3717 3046 apud

2129 3090 2188 3129 se
2210 3073 2323 3142 jam
2355 3074 2421 3128 de
2454 3074 2640 3127 intima
2678 3072 3067 3142 tranquillitate
3107 3070 3287 3127 securi
3317 3078 3465 3133 sunt,
3495 3068 3709 3123 anima-

446 3160 786 3216 tabcrnaculo
815 3163 1095 3218 testimonii
1120 3166 1383 3218 custodire
1408 3141 1671 3221 custodias
1697 3185 1714 3220 :
1744 3184 1900 3237 opera
1929 3185 2025 3222 au-
2052 3141 2097 3203 (ἶ
2134 3141 2254 3218 rum
2311 3164 2616 3219 custodiam
2673 3141 2996 3218 sortiuntur.
3057 3160 3249 3216 Mentis
3300 3160 3503 3230 quippe
3554 3166 3714 3213 aetate

448 3260 550 3303 tem
584 3267 689 3304 non
718 3254 1090 3321 operabuntur.
1133 3253 1286 3310 Ilunc
1320 3270 1537 3310 sensum
1565 3256 1857 3311 obscurum
1894 3257 2025 3313 facit

444 3342 770 3419 ὐπέρϐατονε
803 3344 947 3411 quod
973 3343 1048 3397 ita
1079 3343 1364 3399 confusum
1405 3358 1518 3412 est,
1554 3355 1613 3401 ut
1657 3356 1914 3416 tanquam
1956 3348 2023 3402 de

2129 3254 2420 3324 tranquilla
2440 3295 2455 3320 ,
2487 3255 2615 3309 dum
2645 3253 2795 3309 calor
2839 3252 3133 3309 recesserit
3159 3250 3508 3315 tentationis,
3541 3258 3719 3304 custo-

2126 3347 2223 3402 des
2259 3362 2515 3403 vasorum
2554 3354 2712 3408 sunt,
2745 3346 2870 3416 quia
2903 3346 3159 3401 doctores
3202 3343 3511 3398 animarum
3560 3341 3714 3396 ﬁunt.

3466 3478 3710 3505 ...ιι-...Ι

1604 3597 1903 3674 LIBER
1981 3598 2538 3677 SECUNDUS.

899 3852 1164 3909 CAPUT
1219 3852 1571 3911 PRIMUM.

936 3943 1010 3997 De
1039 3954 1265 4015 tempore
1291 3943 1529 4000 Pascha.

514 4029 683 4105 (CAP.
719 4030 838 4102 Ix.)
871 4031 1099 4087 Locutus
1149 4042 1224 4087 est
1275 4033 1529 4089 Dominus
1577 4037 1647 4089 ad
1703 4036 1920 4116 Moysen
1967 4040 2022 4094 in

442 4120 647 4177 deserto
690 4119 878 4186 Sinni,
924 4122 979 4174 in
1041 4136 1178 4174 anno
1225 4123 1454 4176 secundo
1506 4133 1780 4195 postquam
1831 4128 2023 4195 egressi

439 4223 559 4268 sunt
592 4212 657 4268 de
685 4223 827 4267 terra
856 4210 1077 4283 .vKypti
1095 4253 1108 4277 ,
1142 4230 1315 4268 mense
1351 4214 1519 4285 primo
1545 4214 1722 4271 dicens
1746 4229 1765 4268 :
1794 4214 2022 4272 Faciant

438 4307 540 4376 ﬁlii
569 4304 738 4359 Israel
769 4303 941 4359 Pliase
970 4305 1025 4358 in
1066 4314 1293 4375 tempore
1333 4322 1457 4370 suo,
1498 4307 1896 4377 quartadecima
1935 4308 2021 4362 die

438 4398 634 4451 mensis
686 4396 845 4464 liuius
893 4396 962 4449 ad
1013 4412 1310 4467 vesperam,
1352 4396 1514 4466 juxta
1563 4414 1740 4452 omnes
1769 4415 2019 4453 ceremo-

441 4488 559 4541 nias
589 4498 635 4541 et
660 4461 1068 4558 justiﬁcationes
1096 4461 1236 4558 ejus.
1268 4461 1628 4560 Priecepitque
1658 4489 1866 4560 Moyses
1891 4488 2020 4558 [iliis
2047 4461 2099 4521 υ

442 4579 644 4645 Israel,
678 4589 731 4633 ut
759 4581 988 4649 facerent
1021 4575 1216 4632 Phase.
1253 4576 1358 4643 Qui
1390 4579 1625 4647 fecerunt
1666 4589 1897 4648 tempore
1925 4595 2023 4633 suo

441 4670 837 4739 quartadecima
880 4668 965 4722 die
1005 4668 1197 4722 mensis
1236 4668 1304 4720 ad
1346 4683 1608 4738 vesperam
1650 4668 1705 4719 in
1735 4676 1908 4719 mante
1934 4666 2023 4722 Si-

443 4758 532 4810 nai
558 4774 576 4819 ;
595 4758 754 4826 juxta
784 4758 959 4812 omnia
985 4773 1103 4828 qua
1143 4755 1486 4809 mandaverat
1524 4753 1780 4807 Dominus
1814 4753 1986 4823 Moysi
2005 4794 2020 4819 ,

443 4845 674 4915 fecerunt
713 4845 814 4914 ﬁlii
844 4844 1034 4899 Israel.
1067 4845 1202 4901 Cum
1246 4845 1299 4899 in
1334 4842 1515 4898 Veteri
1548 4840 1897 4898 Testamento
1929 4843 2025 4898 tri-

442 4937 545 4991 bus
606 4944 1049 5005 argumentorum
1117 4936 1331 4991 indiciis
1384 4934 1640 5006 paschale
1690 4941 1901 5004 tempus
1952 4935 2026 4991 sit

440 5027 720 5085 observari
775 5038 1141 5098 pneceptum,
1197 5027 1446 5081 videlicet
1495 5034 1556 5080 ut
1609 5036 1730 5096 post
1785 5026 2025 5096 aequino-

441 5122 609 5177 ctium
635 5161 650 5186 ,
676 5126 736 5173 ut
762 5132 947 5172 mense
972 5119 1147 5188 primo
1174 5125 1268 5171 aut
1291 5117 1449 5171 tertia
1479 5116 1597 5188 ejus
1622 5117 1942 5187 septimana,
1970 5119 2025 5173 id

442 5223 561 5280 est,
595 5230 625 5268 a
658 5225 884 5282 vespera
917 5221 1125 5280 quartm
1154 5209 1377 5265 decima:
1416 5209 1559 5264 luna:
1586 5250 1600 5275 ,
1629 5208 1774 5278 quod
1801 5217 1885 5264 est
1916 5208 2021 5263 ini-

446 5311 580 5365 tium
624 5307 830 5381 quintm
877 5305 1100 5360 decima:
1149 5319 1321 5374 usque
1370 5304 1422 5359 in
1468 5319 1792 5375 vesperam;
1827 5302 1881 5358 id
1908 5311 2021 5368 est,

444 5401 737 5457 terminum
791 5397 1064 5453 vicesimae
1117 5397 1305 5467 primm
1361 5396 1670 5451 celebratur
1722 5405 1912 5466 quarta
1969 5396 2022 5450 in

441 5494 683 5562 ejusdem
736 5490 1151 5555 observatione,
1197 5490 1378 5561 regula
1415 5498 1500 5545 est
1537 5490 1691 5545 nobis
1721 5505 1751 5544 a
1784 5498 2024 5559 tempore

443 5586 735 5640 Dominica:
759 5582 1173 5639 resurrectionis
1213 5581 1459 5650 imposita
1480 5622 1493 5642 .
1522 5589 1583 5634 ut
1609 5596 1752 5644 cum,
1785 5579 2025 5649 mquino-

443 5689 461 5722 ‹
481 5674 553 5725 tio
588 5683 926 5740 transcenso,
958 5674 1138 5730 lunam
1168 5673 1328 5743 primi
1360 5672 1566 5726 mensis
1591 5677 1843 5739 quartam
1873 5670 2024 5724 deci-

450 5778 587 5818 mam
621 5779 843 5836 vespere
871 5774 1047 5821 ortum
1091 5767 1267 5821 faccre
1314 5763 1637 5828 viderimus,
1683 5777 1788 5815 non
1834 5761 2020 5814 statim

2133 3840 2203 3895 ad
2245 3839 2551 3895 faciendum
2592 3838 2798 3893 Pascha
2838 3835 3214 3906 prosiliamus,
3248 3836 3342 3890 sed
3376 3834 3710 3891 Dominicum

2131 3933 2276 3988 diem
2306 3948 2414 4002 quo
2444 3933 2557 4003 ipse
2585 3932 2825 3995 Pascha,
2862 3930 2918 3986 id
2947 3936 3063 3997 est,
3097 3930 3388 3999 transitum
3429 3929 3497 3983 de
3544 3939 3712 3983 morte

2133 4025 2202 4079 ad
2248 4024 2450 4090 vitam,
2482 4026 2549 4078 de
2596 4023 2944 4093 corruptione
2988 4022 3055 4076 ad
3106 4019 3603 4089 incorruptionem,
3647 4021 3710 4073 de

2125 4129 2287 4185 paena
2324 4114 2392 4169 ad
2433 4114 2663 4185 gloriam
2705 4112 3039 4183 resurgendo
3081 4110 3263 4166 facere
3298 4110 3552 4181 dignatus
3595 4118 3709 4174 est,

2124 4194 2304 4260 facere
2343 4211 2753 4273 exspectantes,
2806 4203 2860 4257 in
2907 4202 3024 4272 ipso
3069 4199 3283 4255 tandem
3327 4215 3568 4271 congrua
3610 4199 3709 4254 Pa-

2125 4298 2271 4353 scha:
2313 4295 2573 4351 solemnia
2604 4293 2958 4350 celebremus.
3003 4293 3158 4360 Quod
3189 4293 3233 4348 si
3262 4291 3386 4362 quis
3414 4291 3703 4362 objecerit.

2124 4403 2233 4444 non
2262 4387 2574 4458 aequinoctii
2606 4385 2925 4441 memoriam
2952 4426 2967 4450 ,
2999 4385 3093 4441 sed
3127 4392 3334 4440 tantum
3366 4384 3530 4453 primi
3562 4397 3704 4438 men-

2124 4481 2203 4537 sis
2246 4489 2302 4536 et
2340 4481 2516 4536 tertiae
2561 4481 2876 4549 septimanae
2919 4480 3167 4550 posuisse
3203 4476 3525 4549 legiferum,
3573 4478 3705 4531 sciat

2124 4572 2251 4642 quia
2288 4580 2345 4625 et
2385 4572 2431 4627 si
2477 4569 2860 4640 aequinoctium
2903 4569 3243 4624 nominatum
3285 4583 3392 4622 non
3421 4567 3700 4636 exprimit,

2125 4662 2180 4717 in
2223 4664 2327 4718 hoc
2355 4672 2534 4719 tamen
2565 4662 2713 4731 ipso,
2754 4660 2898 4731 quod
2925 4675 2956 4713 a
2986 4659 3281 4730 plenilunio
3308 4659 3469 4727 primi
3505 4658 3701 4712 mensis

2124 4752 2331 4808 Pascha
2379 4752 2681 4808 faciendum
2728 4752 3013 4822 praecepit,
3062 4750 3376 4821 mquinoctii
3426 4760 3699 4806 transcen-

2124 4861 2243 4902 sum
2289 4845 2532 4914 plenaria
2579 4845 2789 4900 ratione
2835 4845 3145 4914 depromit:
3193 4845 3452 4915 quoniam
3502 4846 3698 4914 absque

2124 4925 2232 4990 ulla
2283 4935 2558 4991 dubietate
2610 4944 2824 4990 constat
2883 4951 3005 4990 eam
3059 4951 3182 4991 cum
3237 4937 3416 5004 primo
3469 4935 3696 5008 transitu

2123 5026 2450 5097 aequinoctio
2474 5026 2692 5097 plenum
2722 5042 2879 5081 suum
2917 5027 3132 5097 globum
3172 5026 3496 5091 oﬁ‘enderit,
3544 5024 3690 5097 primi

2124 5122 2329 5177 mensis
2358 5122 2599 5177 existere
2628 5121 2834 5176 lunam.
2866 5121 3091 5188 Quoties
3120 5136 3248 5193 ergo
3277 5121 3420 5175 diem
3465 5118 3692 5174 Domini-

2123 5228 2248 5268 cum
2279 5228 2406 5267 mox
2437 5213 2766 5268 adventante
2797 5213 2923 5267 luna
2952 5214 3139 5283 quinta
3171 5213 3380 5267 decima
3410 5213 3688 5269 habemus.

2124 5303 2198 5358 nil
2251 5312 2499 5359 nostrum
2560 5312 2771 5375 tempus
2825 5303 3079 5374 paschale
3132 5318 3162 5357 a
3217 5303 3375 5373 legali
3428 5303 3689 5359 dissonat.

2124 5396 2374 5466 quamvis
2417 5395 2540 5451 aliis
2582 5403 3048 5452 sacramentorum
3093 5396 3419 5465 generibus,
3465 5394 3691 5465 ejusdem

2123 5490 2344 5545 Paschre
2368 5490 2630 5545 solemnia
2658 5490 2906 5545 colimus.
2931 5488 3153 5555 Quoties
3181 5504 3310 5544 vero
3334 5488 3596 5553 secundo,
3623 5482 3692 5537 vel

2127 5581 2286 5635 tertio
2306 5622 2320 5646 ,
2353 5579 2435 5634 vel
2465 5589 2693 5649 quarto,
2727 5580 2805 5633 vel
2838 5581 3059 5649 quinto,
3090 5579 3175 5634 vel
3203 5590 3358 5636 sexto
3381 5621 3395 5643 .
3423 5579 3509 5635 vel
3539 5575 3692 5648 septi-

2125 5685 2213 5723 mo
2243 5670 2439 5724 abhinc
2466 5671 2577 5732 dic.
2612 5670 2752 5723 idem
2779 5669 3091 5725 Dominicns
3138 5672 3474 5732 occurrerit,
3502 5684 3596 5723 nec
3622 5667 3689 5719 sic

2126 5761 2340 5828 quidem
2383 5760 2553 5828 legem
2596 5768 2685 5814 aut
2714 5760 3016 5828 prophetas
3057 5760 3333 5815 solvimus.
3384 5757 3522 5814 Nam
3561 5759 3687 5813 sicut
