3932 6188
205 297 302 350 Gil

914 290 1441 347 ENARRATIONES
1481 291 1545 345 lN
1587 291 1841 347 LIBRUM
1884 291 2341 347 NUMERORUM.
2384 324 2449 331 ομ
2483 294 2610 348 LIB.
2650 295 2706 348 ll.

3347 304 3450 360 612

204 415 320 459 tota
340 399 677 472 paschalium
693 399 1600 464 observantiacaeremoniarum,ita
1616 400 1778 453 etiam
1808 402 1851 462 Α
1884 400 2247 469 profectibus,
2294 416 2463 470 usque
2507 404 2576 457 ad
2621 404 2781 458 finem
2827 407 3007 460 ειυς.Ιί
3050 423 3297 466 crescere
3340 430 3449 472 non

202 500 429 566 tempus
476 511 583 563 quo
629 495 714 563 agi
765 501 1091 564 prmceptum
1141 503 1225 549 est
1274 505 1483 560 totum,
1532 497 1785 567 mysteria

201 601 361 641 sacra
400 585 623 641 redolet.
658 585 713 638 In
740 584 929 654 primis
952 600 1185 655 namque
1207 587 1584 655 :equinnctium
1612 596 1786 643 trans-

200 678 361 747 gredi
396 678 451 731 in
482 676 773 730 Dominicte
809 677 1026 746 paschae
1063 677 1425 732 celebratione
1457 677 1614 746 juxta
1652 679 1786 750 legis

199 768 427 821 decreta
456 781 708 819 curamus
725 806 738 829 ,
764 772 824 819 ut
849 765 1096 820 videlicet
1124 766 1438 823 solemnitas
1465 769 1518 822 in
1543 783 1648 839 qua
1675 784 1786 824 me-

199 860 385 912 diator
430 858 521 911 Dei
565 864 621 910 et
656 856 970 920 hominum,
1017 855 1292 911 destructa
1326 867 1593 927 potestate
1634 870 1785 915 tene-

199 952 431 1003 brarum
452 990 466 1011 ,
502 948 701 1002 mundo
727 947 868 1002 lucis
898 947 1004 1001 iter
1043 949 1285 1018 aperuit,
1316 950 1481 1004 etiam
1526 951 1785 1019 temporis

199 1040 399 1092 ordine
432 1037 577 1091 foras
599 1078 613 1101 ,
642 1037 771 1106 quid
800 1037 944 1092 intus
982 1037 1215 1103 habeat,
1252 1039 1521 1093 ostendat.
1562 1041 1627 1094 Et
1665 1056 1784 1109 quae

201 1128 363 1182 nobis
408 1135 628 1181 aeternae
677 1126 1024 1181 beatitudinis
1074 1127 1256 1183 lumen
1305 1129 1606 1200 promittit,
1657 1138 1785 1185 tunc

201 1214 443 1274 maxim‘c
484 1219 807 1281 celebratur,
848 1234 971 1273 cum
1011 1220 1139 1274 solis
1178 1221 1357 1275 lumen
1399 1236 1578 1274 annuo
1622 1222 1782 1291 proli-

200 1309 355 1362 ciens
399 1308 767 1371 incremento,
810 1307 1038 1376 primam
1081 1309 1244 1361 sumit
1284 1309 1350 1363 de
1389 1309 1564 1363 noctis
1592 1311 1781 1365 umbra

201 1399 517 1453 victoriam.
566 1397 772 1452 Deinde
821 1412 1063 1452 mensem
1106 1398 1338 1467 primum
1386 1399 1546 1463 anni,
1595 1401 1683 1469 qui
1728 1411 1784 1454 et

201 1506 473 1545 novorum
502 1501 748 1552 vocatur,
793 1490 845 1542 in
890 1505 997 1558 quo
1040 1489 1247 1544 Pascha
1292 1489 1658 1556 celebremus,
1701 1501 1781 1546 at-

202 1581 503 1637 tendimus.
548 1581 665 1651 lpse
709 1588 888 1634 autem
934 1588 1016 1634 est
1061 1581 1292 1646 mensis,
1322 1582 1376 1635 in
1406 1597 1512 1650 quo
1551 1583 1782 1637 mundus

1884 491 2099 545 desinit.
2143 492 2450 562 Resurgens
2488 494 2631 547 enim
2672 493 2930 550 Dominus
2971 512 3000 549 a
3043 503 3300 565 mortuis,
3339 506 3449 574 pri-

1886 596 1973 634 mo
2015 582 2243 653 singulis
2270 599 2334 637 ac
2362 584 2501 638 binis
2521 625 2535 647 ,
2567 600 2629 639 ac
2656 586 2848 641 deinde
2874 588 3150 657 pluribus,
3180 596 3337 649 modo
3364 612 3450 651 sc-

1885 682 2031 740 ptem
2052 714 2068 739 ,
2099 675 2260 728 modo
2286 676 2534 730 undecim
2553 716 2569 740 ,
2601 677 2761 731 modo
2788 678 3102 746 duodecim,
3135 685 3293 739 modo
3329 687 3449 755 plus

1882 776 2046 830 quam
2076 764 2387 833 quingentis
2413 764 2676 820 fratribus
2704 767 2892 832 simul,
2923 771 2990 825 ad
3022 770 3268 827 ultimum
3298 775 3453 830 disci-

1880 853 2021 924 pulis
2043 855 2296 909 omnibus
2319 856 2596 925 apparuit,
2620 857 2805 927 quibus
2829 860 3121 915 videntibus
3142 880 3452 921 ascensurus

1881 943 1935 995 in
1964 941 2147 996 (telum
2165 983 2181 1006 ,
2209 944 2451 1013 prtecepit
2479 961 2566 998 eos
2594 962 2705 999 sua:
2731 947 3134 1016 dispensationis
3163 969 3274 1007 esse
3299 963 3452 1010 testes

1880 1031 1935 1082 in
1964 1031 2294 1087 Hierusalem
2322 1072 2337 1097 ,
2364 1042 2410 1087 et
2442 1034 2495 1087 in
2521 1036 2660 1088 omni
2684 1034 2876 1091 Judwa
2902 1047 2950 1091 et
2978 1039 3227 1096 Samaria
3249 1084 3264 1108 ,
3292 1060 3453 1115 usque

1880 1119 1951 1171 ad
1994 1120 2235 1174 ultimum
2277 1132 2432 1176 tetras
2475 1121 2493 1193 (
2516 1123 2544 1176 I
2569 1123 2692 1177 Cor.
2719 1125 2851 1195 xv).
2894 1126 2960 1180 Et
2999 1129 3137 1184 bene
3173 1131 3295 1186 luna
3326 1148 3450 1188 cum

1882 1220 2100 1267 nostros
2130 1213 2332 1269 crescit
2368 1215 2437 1268 ad
2464 1216 2682 1281 oculos,
2712 1218 2973 1287 paulatim
3001 1236 3031 1274 a
3062 1222 3175 1277 sole
3204 1226 3406 1280 recedit
3433 1245 3448 1290 ;

1889 1317 2013 1355 cum
2046 1317 2174 1357 vero
2201 1303 2269 1356 ad
2299 1303 2465 1358 caelos
2492 1305 2716 1375 paribus
2752 1308 2785 1342 "
2821 1316 2877 1362 at
2903 1325 3023 1364 cum
3052 1312 3240 1381 spatiis
3269 1316 3449 1370 rediit.

1882 1390 1996 1446 lloc
2019 1401 2104 1446 est
2126 1393 2267 1446 enim
2295 1395 2440 1462 quod
2468 1395 2580 1464 ipse
2608 1396 2742 1450 dixit
2768 1415 2782 1447 :
2812 1397 2970 1453 Exivi
2997 1419 3029 1454 a
3055 1400 3236 1469 Patre,
3264 1413 3311 1459 et
3337 1407 3452 1458 veni

1880 1480 1936 1533 in
1968 1481 2223 1534 mundum
2249 1497 2268 1544 ;
2300 1482 2490 1536 iterum
2528 1484 2764 1554 relinquo
2800 1488 3051 1543 mundum
3076 1530 3091 1553 ,
3130 1500 3179 1544 et
3212 1492 3342 1546 vado
3382 1493 3452 1548 ad

1884 1568 2100 1624 Patrem
2149 1569 2476 1642 (Joan.x);
2528 1582 2583 1628 et
2633 1578 2775 1644 quod
2818 1578 2886 1632 de
2935 1579 3027 1635 illo
3073 1580 3363 1638 Psalmus:
3406 1586 3451 1638 Α

201 1674 308 1726 iste
339 1670 607 1725 formatus
626 1712 641 1735 ,
671 1679 726 1724 et
754 1670 914 1724 homo
942 1677 1024 1724 cst
1063 1670 1271 1740 primus
1303 1671 1357 1724 in
1388 1672 1619 1741 paradisi
1652 1671 1781 1726 sedc

1883 1678 2082 1716 summo
2129 1661 2255 1716 caelo
2296 1667 2522 1734 egressio
2567 1665 2714 1735 ejus,
2754 1677 2802 1721 et
2841 1685 3088 1725 occursus
3133 1672 3247 1742 ejus
3292 1690 3456 1744 usque

202 1762 451 1827 locatus,
484 1760 610 1831 quia
640 1776 736 1830 per
770 1756 929 1828 hujus
966 1760 1219 1830 mysteria
1256 1760 1645 1828 solemnitatis,
1672 1763 1781 1831 pri-

1885 1753 1955 1806 ad
2008 1770 2270 1808 summum
2328 1755 2442 1823 eius
2493 1756 2908 1831 (Psal.xvm).
2965 1761 3100 1827 Quia
3152 1777 3282 1832 ergo
3330 1742 3453 1819 luna

201 1866 352 1906 mam
404 1850 559 1905 nobis
606 1849 800 1903 stolam
857 1859 1198 1920 recepturos,
1252 1851 1485 1921 primum
1539 1867 1783 1921 superna:

202 1941 563 1996 beatitudinis
588 1955 812 2011 regnum
832 1980 846 2003 ,
869 1955 897 1993 a
925 1955 1029 2009 quo
1056 1941 1109 1993 in
1135 1939 1482 2011 longinquam
1508 1942 1781 2012 regionem

201 2032 580 2095 discessimus,
606 2047 706 2087 nos
732 2038 1041 2101 reperturas
1066 2046 1186 2087 esse
1211 2046 1507 2101 speramus.
1533 2034 1610 2088 De
1632 2034 1784 2105 cujus

200 2123 378 2194 gloria
434 2122 587 2192 regni
630 2122 818 2176 beatus
846 2120 1039 2175 Petrus
1067 2119 1339 2189 apostolus
1364 2138 1377 2174 :
1409 2120 1578 2175 Calas
1607 2132 1781 2175 autem

203 2229 366 2266 notos
389 2252 404 2276 ,
435 2212 642 2281 inquit,
676 2220 725 2264 et
755 2219 946 2265 terram
988 2227 1207 2275 novam,
1240 2219 1287 2263 et
1322 2211 1579 2281 promissa
1615 2211 1781 2281 ipsius

200 2310 588 2370 exspectamus,
620 2300 674 2353 in
701 2298 884 2369 quibus
907 2299 1118 2368 justitia
1147 2298 1348 2351 habitat
1375 2296 1462 2369 (11
1490 2298 1635 2353 Petr.
1662 2299 1777 2369 ιιι).

204 2388 314 2443 Sed
343 2397 404 2442 et
428 2387 666 2443 Joannes
698 2388 750 2442 in
782 2386 1105 2458 Apocalypsi
1130 2402 1228 2441 sua
1260 2401 1275 2440 :
1312 2387 1380 2440 Et
1409 2386 1546 2442 dixit
1573 2388 1664 2458 qui
1695 2404 1779 2442 se-

202 2478 357 2532 debat
384 2480 439 2531 in
464 2479 650 2532 throno
674 2493 691 2531 :
721 2477 876 2544 Ecce,
906 2495 1037 2533 nova
1062 2478 1200 2548 facio
1223 2479 1399 2532 omnia
1427 2476 1619 2550 (Apoc.
1643 2479 1777 2551 xu).

206 2568 419 2623 Deinde
457 2568 620 2622 etiam
662 2568 875 2623 tertiam
918 2568 1119 2622 mensis
1145 2568 1382 2638 ejusdem
1425 2569 1779 2637 septimanam

206 2659 255 2711 in
288 2657 503 2712 Pascha
545 2658 925 2723 observamus,
968 2657 1111 2727 quod
1151 2659 1567 2714 resurrectionis
1595 2659 1779 2714 Domi—

206 2749 340 2805 nica:
370 2750 583 2819 gaudiis
612 2750 887 2819 aptissime
914 2750 1191 2821 congruit,
1222 2751 1350 2820 quia
1376 2756 1430 2803 et
1457 2750 1645 2805 eadem
1686 2766 1773 2805 sa-

205 2840 495 2895 crosancta
539 2839 656 2902 ejus
698 2842 1020 2896 resurrectio
1062 2841 1222 2895 tertia
1263 2841 1349 2895 die
1387 2838 1527 2895 facta
1572 2848 1686 2905 est,
1728 2848 1783 2895 et

210 2930 377 2984 tertio
408 2938 649 3001 tempore
682 2930 859 2985 saeculi
879 2970 893 2992 ,
926 2931 979 2985 id
1010 2939 1127 2995 est,
1161 2946 1283 2985 cum
1314 2930 1503 2998 gratiae
1542 2930 1781 2986 caelestis

208 3023 479 3087 adventu,
523 3031 635 3076 tota
676 3020 794 3090 ejus
834 3022 889 3076 in
927 3037 1094 3077 carne
1130 3022 1494 3092 dispensatio,
1523 3038 1642 3092 quae
1681 3037 1780 3092 per

211 3113 630 3169 resurrectionis
657 3120 1027 3167 consummata
1053 3120 1136 3167 est
1168 3113 1392 3182 gloriam
1410 3151 1427 3177 ,
1455 3112 1656 3167 mundo
1684 3128 1779 3183 ap-

208 3206 406 3273 paruit.
440 3192 623 3259 Prima
656 3218 889 3272 namque
919 3202 1096 3257 saeculi
1136 3211 1374 3272 tempora
1404 3201 1520 3273 lege
1546 3203 1778 3257 naturali

207 3311 302 3365 per
341 3304 530 3365 partes
549 3333 564 3358 ,
594 3294 770 3348 media
801 3293 916 3363 lege
957 3291 1191 3346 naturali
1222 3290 1305 3345 vel
1342 3292 1654 3361 prophetis,
1686 3306 1781 3346 ex-

210 3396 386 3440 trema
430 3386 727 3440 chrismate
766 3383 996 3452 spiritali
1025 3398 1122 3453 per
1149 3383 1383 3452 seipsum
1410 3383 1633 3439 veniens
1661 3384 1781 3438 illu-

209 3485 389 3530 strare
429 3476 684 3547 dignatus
716 3487 820 3529 est.
868 3473 974 3528 Sed
1003 3483 1058 3529 et
1088 3474 1200 3543 ipsa
1233 3482 1360 3528 tunc
1388 3473 1527 3531 luna:
1557 3490 1782 3531 conver-

207 3567 291 3620 sio
354 3567 774 3635 pulcherrimum
816 3566 969 3622 nobis
1013 3566 1339 3622 sacramenti
1381 3568 1618 3624 cmlestis
1660 3584 1782 3639 spe-

212 3658 486 3712 ctaculum
514 3652 736 3727 praebet.
779 3657 1021 3727 Namque
1052 3658 1175 3712 luna
1216 3674 1337 3729 qua:
1378 3660 1594 3715 rotundi
1636 3659 1781 3714 facta

208 3748 532 3811 schematis,
561 3762 590 3802 a
611 3748 719 3803 sole
760 3749 959 3812 lumen,
992 3757 1048 3803 ut
1076 3764 1236 3818 supra
1263 3748 1515 3814 diximus,
1546 3750 1780 3819 accipit,

215 3838 447 3906 ideoque
493 3852 704 3907 semper
745 3852 812 3892 ex
856 3836 1083 3892 dimidio
1122 3839 1256 3893 orbe
1296 3852 1460 3907 quem
1502 3839 1570 3893 ad
1613 3838 1781 3893 solem

216 3926 380 3982 habet
415 3926 593 3981 lucida
633 3935 753 3992 est;
792 3942 857 3982 ex
898 3927 1069 3982 altero
1107 3935 1286 3982 autem
1315 3928 1537 3991 dimidio
1566 3943 1783 3998 semper

214 4019 447 4073 obscura
469 4057 485 4083 ,
516 4033 544 4071 a
574 4019 749 4088 primo
777 4032 947 4089 usque
976 4019 1044 4074 ad
1074 4019 1316 4089 quintum
1344 4018 1609 4076 decimum
1647 4019 1783 4075 locis

209 4117 552 4163 crumentum
586 4109 654 4163 ad
697 4117 900 4173 terras,
931 4108 1196 4164 defectum
1227 4123 1355 4164 vero
1384 4108 1546 4164 habet
1573 4110 1640 4164 ad
1668 4125 1780 4165 cm-

211 4200 324 4265 los,
366 4217 398 4255 a
442 4200 844 4270 quintodecimo
871 4207 965 4254 aut
990 4215 1157 4269 usque
1186 4200 1255 4255 ad
1282 4200 1638 4255 novissimum
1663 4214 1784 4255 cre-

212 4300 456 4346 mentum
485 4291 723 4361 ejusdem
754 4305 864 4345 sua:
890 4290 1026 4345 lucis
1053 4305 1083 4344 a
1113 4290 1345 4345 terrenis
1372 4305 1563 4346 aversa
1589 4332 1605 4354 ,
1651 4305 1781 4360 pau-

212 4383 362 4438 latim
416 4383 486 4437 ad
535 4383 777 4438 cmlcstia
831 4382 1137 4437 revertitur.
1187 4381 1316 4449 Quae
1366 4382 1622 4436 nimirum
1666 4381 1782 4449 ejus

210 4474 526 4538 conversio,
566 4482 711 4527 recte
750 4471 1018 4541 paschalis
1056 4471 1235 4541 gaudii
1277 4470 1537 4541 mysteria
1572 4470 1777 4540 signat,

209 4564 410 4632 quibus
456 4578 671 4619 omnem
724 4562 921 4617 mentis
964 4568 1162 4615 nostra:
1201 4560 1464 4631 gloriam,
1510 4575 1539 4612 a
1587 4559 1782 4613 vilibus

209 4662 465 4707 avertere
492 4652 718 4715 deliciis,
747 4652 1069 4720 caducisque
1099 4650 1396 4715 favoribus,
1423 4658 1586 4720 atque
1606 4650 1780 4704 solum

209 4746 458 4803 caelestis
480 4746 665 4817 gratim
691 4745 868 4799 lumen
893 4746 1238 4816 suspendere,
1269 4745 1523 4798 docemur
1545 4751 1777 4798 contem-

210 4837 433 4908 plaudo.
464 4837 562 4894 Vel
599 4837 645 4892 si
689 4847 972 4906 utramque
1009 4838 1128 4906 ejus
1167 4834 1572 4889 conversionem
1602 4833 1656 4887 in
1685 4834 1782 4888 bo-

212 4941 350 4981 num
400 4926 630 4983 delectat
674 4927 1051 4995 interpretari,
1108 4938 1394 4995 possumus
1451 4923 1782 4994 intelligere,

212 5017 367 5086 quod
392 5033 645 5073 crescens
673 5017 740 5071 ad
765 5015 951 5071 oculos
978 5016 1242 5069 humanos
1270 5013 1447 5067 lumen
1476 5012 1616 5066 lunai,
1633 5051 1649 5076 ,
1679 5013 1788 5065 vir-

213 5116 398 5164 tutum
435 5111 669 5180 gratiam
710 5109 906 5177 quiLus
943 5121 1208 5176 apparens
1246 5105 1302 5159 in
1337 5119 1503 5159 carne
1528 5102 1787 5158 Dominus

213 5200 419 5254 mundo
447 5199 656 5264 illuxit,
694 5198 930 5254 insinuet
958 5211 972 5250 :
1003 5196 1069 5250 de
1096 5194 1295 5264 quibus
1322 5194 1526 5248 dicitur
1554 5210 1567 5247 :
1601 5191 1669 5245 Et
1696 5192 1787 5247 Je-

209 5303 314 5341 sus
354 5288 649 5356 proficiebat
698 5286 955 5356 sapientia
1005 5295 1052 5339 et
1102 5292 1256 5338 wtate
1293 5292 1341 5336 et
1384 5283 1593 5352 gratia,
1642 5282 1784 5351 apud

210 5374 388 5427 Deum
414 5386 461 5429 et
490 5376 724 5430 homines
754 5374 913 5445 (Luc.
947 5373 1042 5436 ιι).
1074 5372 1406 5427 Recresccns
1434 5385 1564 5424 vero
1588 5371 1654 5425 ad
1678 5384 1785 5424 coe-

211 5462 337 5523 ιυς,
394 5464 806 5519 resurrectionis
861 5461 1304 5529 ascensionisque
1357 5460 1500 5514 illius
1553 5459 1783 5530 gloriam

211 5550 461 5619 designet
488 5572 501 5607 :
530 5570 651 5624 qua:
681 5554 734 5607 in
765 5567 825 5608 se
850 5552 1065 5622 quidem
1098 5550 1212 5620 ipsa
1243 5565 1365 5604 mox
1394 5547 1634 5618 perfecta
1664 5564 1784 5618 pro-

210 5641 400 5707 venit,
429 5644 522 5698 sed
553 5644 607 5697 in
636 5643 817 5697 animo
858 5641 1094 5696 fidelium
1115 5681 1129 5706 ,
1159 5639 1478 5707 quibusdam
1510 5638 1644 5694 lucis
1672 5653 1782 5694 suae

1884 1860 1950 1899 eo
2005 1860 2116 1899 suae
2164 1846 2301 1902 lucis
2360 1849 2738 1915 incremento,
2789 1853 2930 1922 quod
2984 1853 3172 1909 exiens
3216 1870 3246 1908 a
3299 1855 3454 1919 sole.

1882 1934 1953 1990 ad
1994 1944 2212 1990 nostros
2262 1938 2463 1993 evolvit
2504 1941 2726 1995 obtutus
2754 1982 2768 2005 ,
2818 1943 3027 1998 Domini
3071 1944 3354 2000 salvatoris
3400 1947 3453 2000 in

1882 2039 2049 2079 carne
2079 2039 2249 2095 usque
2275 2028 2341 2080 ad
2377 2036 2616 2097 tempora
2639 2032 2925 2099 passionis,
2958 2033 3257 2089 doctrinam
3284 2035 3455 2089 virtu-

1885 2123 2073 2185 tesque
2101 2116 2394 2187 significat,
2444 2133 2511 2173 eo
2544 2127 2722 2174 autem
2749 2122 2894 2191 quod
2923 2122 2993 2176 ad
3024 2123 3190 2178 solem
3222 2125 3449 2186 rediens,

1882 2204 2141 2274 paulatim
2169 2207 2237 2261 ad
2289 2206 2614 2262 invisibilem
2656 2209 2812 2266 nobis
2863 2211 2986 2267 cadi
3015 2211 3211 2267 faciem
3239 2214 3452 2269 recolli-

1884 2297 1985 2368 git,
2018 2299 2434 2354 resurrectionis
2481 2299 2646 2365 illius,
2676 2316 2740 2356 ac
2771 2304 3090 2372 posterioris
3119 2304 3305 2374 gloriie
3355 2309 3456 2360 mi-

1884 2388 2067 2443 racula
2124 2390 2483 2456 demonstrat,
2511 2391 2707 2446 merito
2735 2407 2765 2445 a
2796 2393 3193 2462 quintadecima
3220 2398 3453 2465 pascha-

1882 2479 1951 2535 lis
2002 2480 2111 2534 voti
2159 2481 2371 2551 gaudiis
2425 2490 2550 2551 apta
2595 2482 2942 2552 praedicatur.
2995 2483 3093 2539 His
3120 2485 3335 2554 quidem
3356 2501 3456 2554 pa-

1880 2571 2082 2626 schalis
2101 2572 2359 2641 temporis
2372 2588 2402 2627 a
2418 2572 2554 2643 legis
2565 2572 2945 2630 observatione
2965 2575 3194 2645 sumptis
3219 2575 3454 2641 indiciis,

1882 2664 2123 2720 Iucrcdes
2151 2664 2285 2719 Novi
2326 2664 2659 2721 Tcstamenti
2689 2665 2855 2721 etiam
2901 2667 3043 2721 diem
3099 2665 3457 2730 Dominicam,

1881 2769 2043 2824 quam
2073 2754 2356 2824 Scriptura
2401 2772 2564 2811 unam
2589 2756 2704 2811 sive
2729 2757 2955 2827 primam
3000 2756 3203 2812 sabbati
3230 2757 3448 2817 (Matth.

1881 2844 2074 2914 xxvm)
2104 2844 2469 2915 cognominat,
2495 2853 2835 2900 annectimus
2862 2861 2963 2901 nec
2992 2845 3299 2901 immerito:
3328 2862 3452 2916 qua:

1881 2941 1936 2987 et
1963 2934 2273 2989 conditione
2320 2935 2608 3004 primitiva:
2659 2936 2796 2991 lucis
2828 2937 3114 3001 excellens,
3167 2946 3222 2992 et
3266 2939 3457 2992 trium-

1881 3026 1990 3095 pho
2048 3025 2346 3081 Dominicaa
2403 3028 2817 3084 resurrectionis
2867 3029 3115 3099 insignis,
3174 3036 3230 3084 et
3263 3038 3451 3084 nostra

1885 3130 2099 3185 quoque
2124 3115 2280 3170 nobis
2310 3117 2710 3172 resurrectione
2762 3127 2945 3173 manet
2992 3132 3205 3187 semper
3233 3128 3457 3188 exopta-

1882 3204 2026 3259 bilis.
2081 3206 2298 3276 S'eptem
2330 3221 2543 3276 quoque
2595 3207 2710 3263 dies
2754 3207 2915 3272 lente,
2964 3208 3018 3261 id
3066 3217 3172 3272 est,
3208 3210 3452 3279 aqninta

1880 3296 2088 3351 decima
2123 3312 2296 3367 usque
2326 3298 2393 3351 ad
2421 3298 2735 3352 vicesimam
2791 3299 3044 3369 primam,
3097 3314 3194 3369 per
3220 3315 3357 3369 quos
3385 3315 3451 3355 ca

1885 3386 2161 3440 Dominica
2212 3387 2447 3441 naturali
2481 3388 2673 3444 ordine
2729 3389 3004 3453 discurrit,
3051 3390 3455 3446 universitatem

1883 3478 2163 3545 Ecclesire,
2206 3495 2326 3548 qua:
2356 3494 2455 3549 per
2492 3487 2661 3534 totum
2690 3481 2949 3535 mundum
3002 3480 3345 3549 paschalibus
3372 3493 3455 3537 est

1883 3568 2158 3637 redempta
2199 3569 2497 3638 mysteriis,
2529 3580 2715 3638 aperte
2765 3569 3066 3623 denuntiat.
3124 3568 3256 3623 Nam
3281 3579 3337 3624 et
3365 3586 3455 3626 se-

1882 3658 2133 3727 ptenario
2208 3672 2350 3726 carpe
2413 3672 2639 3712 numero
2701 3658 3104 3712 universitatem
3168 3660 3459 3730 designare

1884 3744 2164 3815 Scriptura
2205 3745 2504 3801 consuevit.
2567 3745 2722 3800 Unde
2749 3752 2803 3800 ct
2854 3746 2996 3815 quod
3041 3746 3117 3799 ait
3144 3746 3452 3818 Propheta:

1884 3834 2084 3905 Septies
2110 3836 2164 3889 in
2193 3835 2279 3889 die
2302 3835 2512 3889 Iaudem
2534 3835 2646 3889 dixi
2675 3835 2768 3888 tibi
2791 3833 2963 3907 (Psal.
2997 3835 3206 3908 cxvm),
3238 3836 3316 3891 nil
3342 3852 3454 3893 mc-

1882 3923 1990 3979 lius
2016 3925 2331 3995 intelligitur
2356 3938 2518 3994 quam
2549 3925 2692 3994 quod
2738 3923 2862 3979 alibi
2916 3925 3034 3980 ait:
3076 3924 3291 3997 Semper
3335 3927 3459 3981 laus

1883 4015 2000 4086 ejus
2031 4018 2086 4071 in
2116 4032 2204 4070 ore
2233 4032 2347 4070 meo
2374 4014 2548 4087 (Psal.
2586 4014 2802 4087 xxxm).
2836 4016 2904 4071 Et
2945 4018 3255 4087 specialiter
3284 4027 3452 4075 totam

1884 4108 2203 4163 catholicam
2234 4108 2488 4163 Ecclesirc
2512 4106 2904 4178 profectionem
2956 4125 3020 4165 eo
3052 4110 3268 4181 ﬁgurari
3296 4110 3455 4166 Joan-

1886 4211 1982 4250 nes
2011 4204 2258 4260 testatur,
2286 4195 2377 4264 qui
2408 4184 2475 4249 ad
2500 4204 2705 4265 septem
2735 4197 2875 4252 Asiae
2902 4199 3146 4253 scribens
3175 4199 3453 4262 ecclesias.

1884 4285 2207 4339 universalis
2235 4298 2334 4352 per
2359 4286 2544 4339 orbem
2583 4286 2841 4341 Ecclesia:
2891 4287 3147 4357 mysteria
3191 4288 3450 4359 patefecnt

1887 4374 2069 4445 (Apoc.
2100 4374 2161 4443 ι).
2215 4373 2367 4429 Unde
2395 4383 2450 4427 ct
2478 4389 2577 4443 per
2605 4376 2786 4430 omnia
2840 4391 2959 4446 quae
2985 4377 3210 4448 singulis
3246 4388 3453 4447 septem

1886 4465 2076 4520 scribit
2101 4466 2461 4529 hortamenta,
2491 4466 2637 4520 hunc
2663 4466 2985 4521 versiculum
3032 4468 3271 4524 intexere
3295 4484 3454 4524 cura-

1884 4556 2007 4609 vit:
2044 4554 2147 4619 Qui
2167 4553 2320 4608 habet
2352 4571 2505 4609 aures
2560 4555 2832 4621 audiendi,
2879 4556 3061 4610 audiat
3109 4558 3233 4627 quid
3288 4557 3454 4627 Spiri-

1884 4654 1969 4699 tus
1994 4644 2135 4698 dicat
2181 4642 2411 4699 ecclesiis
2436 4643 2618 4715 (Apoc.
2663 4644 2744 4716 ιι).
2780 4645 2932 4713 Quod
2977 4646 3066 4700 nni
3112 4647 3333 4702 cuilibet
3363 4648 3449 4702 di-

1886 4746 2062 4801 xerat,
2095 4738 2199 4793 hoc
2248 4737 2500 4792 omnibus
2548 4750 2609 4792 se
2662 4738 2864 4793 dixisse
2914 4738 3148 4807 probans
3184 4739 3451 4795 ecclesiis.

1889 4826 1998 4881 Nec
2048 4827 2225 4882 minus
2252 4828 2417 4882 etiam
2463 4827 2723 4882 moralem
2774 4828 2929 4883 nobis
2955 4829 3334 4883 commendant
3357 4845 3454 4898 pa-

1883 4916 2089 4972 schalia
2114 4925 2356 4987 tempora
2385 4931 2627 4972 sensum.
2666 4916 2724 4971 In
2752 4918 2971 4973 nomine
3004 4918 3220 4987 quidem
3249 4927 3334 4973 est
3353 4935 3453 4989 pa-

1883 5008 2050 5073 scha},
2081 5017 2141 5062 ut
2192 5009 2260 5063 de
2310 5008 2456 5062 vitiis
2491 5007 2559 5061 ad
2612 5008 2840 5064 virtutes
2893 5010 3175 5064 transitum
3211 5010 3453 5078 quotidie

1884 5096 2143 5151 faciamus
2190 5097 2488 5167 spiritalem
2515 5115 2530 5163 ;
2562 5098 2616 5153 in
2647 5114 2834 5154 mense
2876 5108 3059 5155 autem
3097 5114 3356 5155 novorum
3394 5100 3499 5162 inc,

1882 5202 1989 5256 quo
2018 5187 2187 5241 adulti
2237 5186 2467 5251 fructus,
2502 5190 2734 5244 adventu
2787 5205 2884 5244 suo
2910 5189 3262 5260 pronuntiant
3298 5197 3447 5243 vetc-

1887 5293 2005 5332 rum
2053 5278 2413 5334 cessationem
2455 5296 2469 5333 :
2514 5276 2581 5332 Ut
2629 5288 2874 5334 eruentes
2922 5290 3140 5334 veterem
3183 5278 3448 5331 hominem

1884 5383 2003 5420 cum
2025 5368 2226 5421 actibus
2251 5368 2383 5433 suis,
2422 5383 2723 5421 renovemus
2759 5368 3000 5436 spiritum
3030 5365 3212 5419 utentis
3236 5372 3448 5424 nostras,

1884 5466 1932 5510 et
1954 5457 2236 5511 induamus
2271 5473 2459 5511 novum
2505 5457 2787 5519 hominem,
2838 5457 2927 5526 qui
2969 5452 3249 5508 secundum
3279 5450 3444 5502 Deum

1884 5556 2086 5601 creatus
2118 5556 2216 5611 est,
2252 5549 2307 5601 in
2335 5547 2545 5616 justitia
2572 5555 2619 5599 et
2643 5548 2919 5599 sanctitate
2955 5542 3183 5596 ueritatis
3218 5537 3444 5603 (Coloss.

1887 5638 2004 5709 In);
2042 5646 2101 5692 ut
2136 5647 2191 5692 et
2229 5637 2458 5707 vegetati
2513 5636 2850 5690 diversarum
2907 5631 3132 5686 veritate
3186 5628 3448 5682 virtutum
