  <div class='ocr_page' id='page_1' title='image "/cluster/home/n/w/nwhite01/storage/ocr_20150623/108/hvd.32044054759733/327.png"; bbox 0 0 3924 6176; ppageno 0'>
   <div class='ocr_carea' id='block_1_1' title="bbox 559 292 660 346">
    <p class='ocr_par' dir='ltr' id='par_1_1' title="bbox 559 292 660 346">
     <span class='ocr_line' id='line_1_1' title="bbox 559 292 660 346; baseline 0 0"><span class='ocrx_word' id='word_1_1' title='bbox 559 292 660 346; x_wconf 64' lang='grc'><strong>645</strong></span> 
     </span>
    </p>
   </div>
   <div class='ocr_carea' id='block_1_2' title="bbox 1203 266 2170 335">
    <p class='ocr_par' dir='ltr' id='par_1_2' title="bbox 1203 266 2170 335">
     <span class='ocr_line' id='line_1_2' title="bbox 1203 266 2170 335; baseline -0.017 0"><span class='ocrx_word' id='word_1_2' title='bbox 1203 280 1263 335; x_wconf 83' lang='grc' dir='ltr'><strong>Β.</strong></span> <span class='ocrx_word' id='word_1_3' title='bbox 1308 278 1556 334; x_wconf 74' lang='lat' dir='ltr'><strong>RABANI</strong></span> <span class='ocrx_word' id='word_1_4' title='bbox 1596 274 1812 331; x_wconf 74' lang='lat' dir='ltr'><strong>MAURI</strong></span> <span class='ocrx_word' id='word_1_5' title='bbox 1852 266 2170 327; x_wconf 83' lang='lat' dir='ltr'><strong>ARClllEP.</strong></span> 
     </span>
    </p>
   </div>
   <div class='ocr_carea' id='block_1_3' title="bbox 2214 256 3696 321">
    <p class='ocr_par' dir='ltr' id='par_1_3' title="bbox 2214 256 3696 321">
     <span class='ocr_line' id='line_1_3' title="bbox 2214 256 3696 321; baseline -0.001 -3"><span class='ocrx_word' id='word_1_6' title='bbox 2214 261 2522 321; x_wconf 81' lang='lat' dir='ltr'><strong>MOGUNT.</strong></span> <span class='ocrx_word' id='word_1_7' title='bbox 2565 258 2846 317; x_wconf 76' lang='lat' dir='ltr'><strong>OPERUM</strong></span> <span class='ocrx_word' id='word_1_8' title='bbox 2893 256 3066 311; x_wconf 74' lang='lat' dir='ltr'><strong>PARS</strong></span> <span class='ocrx_word' id='word_1_9' title='bbox 3097 256 3135 311; x_wconf 91' lang='lat' dir='ltr'><strong>l.</strong></span> <span class='ocrx_word' id='word_1_10' title='bbox 3622 263 3696 320; x_wconf 68' lang='lat' dir='ltr'><strong>liii</strong></span> 
     </span>
    </p>
   </div>
   <div class='ocr_carea' id='block_1_4' title="bbox 559 373 3701 473">
    <p class='ocr_par' dir='ltr' id='par_1_4' title="bbox 559 373 3701 473">
     <span class='ocr_line' id='line_1_4' title="bbox 559 373 3701 473; baseline -0.01 -10"><span class='ocrx_word' id='word_1_11' title='bbox 559 417 855 473; x_wconf 88' lang='lat' dir='ltr'><strong>earumque</strong></span> <span class='ocrx_word' id='word_1_12' title='bbox 875 399 1020 456; x_wconf 86' lang='lat' dir='ltr'><strong>foliis</strong></span> <span class='ocrx_word' id='word_1_13' title='bbox 1045 396 1209 452; x_wconf 89' lang='lat' dir='ltr'><strong>veluti</strong></span> <span class='ocrx_word' id='word_1_14' title='bbox 1237 408 1462 450; x_wconf 67' lang='lat' dir='ltr'><strong>amoena:</strong></span> <span class='ocrx_word' id='word_1_15' title='bbox 1485 392 1694 446; x_wconf 86' lang='lat' dir='ltr'><strong>arboris</strong></span> <span class='ocrx_word' id='word_1_16' title='bbox 1723 386 2131 444; x_wconf 87' lang='lat' dir='ltr'><strong>adumbratioue</strong></span> <span class='ocrx_word' id='word_1_17' title='bbox 2161 383 2208 439; x_wconf 84' lang='grc' dir='ltr'><strong>Λ</strong></span> <span class='ocrx_word' id='word_1_18' title='bbox 2235 387 2346 433; x_wconf 85' lang='lat' dir='ltr'><strong>lum</strong></span> <span class='ocrx_word' id='word_1_19' title='bbox 2371 380 2529 449; x_wconf 82' lang='lat' dir='ltr'><strong>phase</strong></span> <span class='ocrx_word' id='word_1_20' title='bbox 2550 375 2911 436; x_wconf 77' lang='lat' dir='ltr'><strong>observabant.</strong></span> <span class='ocrx_word' id='word_1_21' title='bbox 2940 382 2996 427; x_wconf 81' lang='lat' dir='ltr'><strong>et</strong></span> <span class='ocrx_word' id='word_1_22' title='bbox 3033 380 3241 426; x_wconf 59' lang='grc' dir='ltr'><strong>(Σίνιδι-ιι.</strong></span> <span class='ocrx_word' id='word_1_23' title='bbox 3292 373 3411 426; x_wconf 86' lang='lat' dir='ltr'><strong>Cum</strong></span> <span class='ocrx_word' id='word_1_24' title='bbox 3431 374 3570 443; x_wconf 81' lang='lat' dir='ltr'><strong>phase</strong></span> <span class='ocrx_word' id='word_1_25' title='bbox 3602 385 3701 433; x_wconf 88' lang='lat' dir='ltr'><strong>tem-</strong></span> 
     </span>
    </p>
   </div>
   <div class='ocr_carea' id='block_1_5' title="bbox 563 473 2133 561">
    <p class='ocr_par' dir='ltr' id='par_1_5' title="bbox 563 473 2133 561">
     <span class='ocr_line' id='line_1_5' title="bbox 563 473 2133 561; baseline -0.017 -10"><span class='ocrx_word' id='word_1_26' title='bbox 563 497 747 559; x_wconf 82' lang='lat' dir='ltr'><strong>velati,</strong></span> <span class='ocrx_word' id='word_1_27' title='bbox 781 504 1034 561; x_wconf 87' lang='lat' dir='ltr'><strong>tanquam</strong></span> <span class='ocrx_word' id='word_1_28' title='bbox 1066 488 1200 542; x_wconf 79' lang='lat' dir='ltr'><strong>laet-.e</strong></span> <span class='ocrx_word' id='word_1_29' title='bbox 1229 493 1390 555; x_wconf 89' lang='lat' dir='ltr'><strong>atque</strong></span> <span class='ocrx_word' id='word_1_30' title='bbox 1440 480 1734 537; x_wconf 70' lang='lat' dir='ltr'><strong>fructifera:</strong></span> <span class='ocrx_word' id='word_1_31' title='bbox 1775 486 1985 548; x_wconf 90' lang='lat' dir='ltr'><strong>segetes</strong></span> <span class='ocrx_word' id='word_1_32' title='bbox 2017 473 2133 544; x_wconf 88' lang='lat' dir='ltr'><strong>pul-</strong></span> 
     </span>
    </p>
   </div>
   <div class='ocr_carea' id='block_1_6' title="bbox 564 565 2132 650">
    <p class='ocr_par' dir='ltr' id='par_1_6' title="bbox 564 565 2132 650">
     <span class='ocr_line' id='line_1_6' title="bbox 564 565 2132 650; baseline -0.017 -9"><span class='ocrx_word' id='word_1_33' title='bbox 564 588 793 641; x_wconf 84' lang='lat' dir='ltr'><strong>lulemus</strong></span> <span class='ocrx_word' id='word_1_34' title='bbox 845 582 898 635; x_wconf 93' lang='lat' dir='ltr'><strong>iu</strong></span> <span class='ocrx_word' id='word_1_35' title='bbox 948 576 1276 650; x_wconf 86' lang='lat' dir='ltr'><strong>plenilunio;</strong></span> <span class='ocrx_word' id='word_1_36' title='bbox 1335 582 1395 627; x_wconf 89' lang='lat' dir='ltr'><strong>ut</strong></span> <span class='ocrx_word' id='word_1_37' title='bbox 1442 570 1743 642; x_wconf 84' lang='lat' dir='ltr'><strong>perfectum</strong></span> <span class='ocrx_word' id='word_1_38' title='bbox 1797 565 2132 637; x_wconf 88' lang='lat' dir='ltr'><strong>splendorem</strong></span> 
     </span>
    </p>
   </div>
   <div class='ocr_carea' id='block_1_7' title="bbox 567 656 2135 738">
    <p class='ocr_par' dir='ltr' id='par_1_7' title="bbox 567 656 2135 738">
     <span class='ocr_line' id='line_1_7' title="bbox 567 656 2135 738; baseline -0.017 -6"><span class='ocrx_word' id='word_1_39' title='bbox 567 676 692 731; x_wconf 85' lang='lat' dir='ltr'><strong>ﬁdei</strong></span> <span class='ocrx_word' id='word_1_40' title='bbox 721 685 974 728; x_wconf 75' lang='lat' dir='ltr'><strong>assensus</strong></span> <span class='ocrx_word' id='word_1_41' title='bbox 1029 673 1298 738; x_wconf 74' lang='lat' dir='ltr'><strong>gerentes,</strong></span> <span class='ocrx_word' id='word_1_42' title='bbox 1329 679 1356 715; x_wconf 89' lang='lat' dir='ltr'><strong>a</strong></span> <span class='ocrx_word' id='word_1_43' title='bbox 1388 660 1598 731; x_wconf 83' lang='lat' dir='ltr'><strong>peccati</strong></span> <span class='ocrx_word' id='word_1_44' title='bbox 1655 656 1892 712; x_wconf 85' lang='lat' dir='ltr'><strong>tenebris</strong></span> <span class='ocrx_word' id='word_1_45' title='bbox 1949 667 2135 724; x_wconf 87' lang='lat' dir='ltr'><strong>segre-</strong></span> 
     </span>
    </p>
   </div>
   <div class='ocr_carea' id='block_1_8' title="bbox 566 742 2135 838">
    <p class='ocr_par' dir='ltr' id='par_1_8' title="bbox 566 742 2135 838">
     <span class='ocr_line' id='line_1_8' title="bbox 566 742 2135 838; baseline -0.018 -16"><span class='ocrx_word' id='word_1_46' title='bbox 566 781 775 838; x_wconf 89' lang='lat' dir='ltr'><strong>gemur.</strong></span> <span class='ocrx_word' id='word_1_47' title='bbox 807 761 862 816; x_wconf 90' lang='lat' dir='ltr'><strong>ln</strong></span> <span class='ocrx_word' id='word_1_48' title='bbox 890 773 1104 814; x_wconf 86' lang='lat' dir='ltr'><strong>reversa</strong></span> <span class='ocrx_word' id='word_1_49' title='bbox 1128 756 1314 810; x_wconf 86' lang='lat' dir='ltr'><strong>eadem</strong></span> <span class='ocrx_word' id='word_1_50' title='bbox 1344 754 1462 806; x_wconf 92' lang='lat' dir='ltr'><strong>luce</strong></span> <span class='ocrx_word' id='word_1_51' title='bbox 1491 748 1665 804; x_wconf 87' lang='lat' dir='ltr'><strong>lunari</strong></span> <span class='ocrx_word' id='word_1_52' title='bbox 1692 748 1760 801; x_wconf 90' lang='lat' dir='ltr'><strong>ad</strong></span> <span class='ocrx_word' id='word_1_53' title='bbox 1785 745 1971 809; x_wconf 73' lang='lat' dir='ltr'><strong>cmlos,</strong></span> <span class='ocrx_word' id='word_1_54' title='bbox 1994 742 2135 813; x_wconf 79' lang='lat' dir='ltr'><strong>quod</strong></span> 
     </span>
    </p>
   </div>
   <div class='ocr_carea' id='block_1_9' title="bbox 565 832 2137 928">
    <p class='ocr_par' dir='ltr' id='par_1_9' title="bbox 565 832 2137 928">
     <span class='ocr_line' id='line_1_9' title="bbox 565 832 2137 928; baseline -0.018 -15"><span class='ocrx_word' id='word_1_55' title='bbox 565 876 594 913; x_wconf 84' lang='lat' dir='ltr'><strong>a</strong></span> <span class='ocrx_word' id='word_1_56' title='bbox 622 855 1025 928; x_wconf 86' lang='lat' dir='ltr'><strong>quintadecima</strong></span> <span class='ocrx_word' id='word_1_57' title='bbox 1054 850 1175 901; x_wconf 84' lang='lat' dir='ltr'><strong>luna</strong></span> <span class='ocrx_word' id='word_1_58' title='bbox 1219 845 1335 900; x_wconf 84' lang='lat' dir='ltr'><strong>fieri</strong></span> <span class='ocrx_word' id='word_1_59' title='bbox 1383 842 1592 911; x_wconf 81' lang='lat' dir='ltr'><strong>incipit,</strong></span> <span class='ocrx_word' id='word_1_60' title='bbox 1634 847 1696 893; x_wconf 91' lang='lat' dir='ltr'><strong>ut</strong></span> <span class='ocrx_word' id='word_1_61' title='bbox 1722 846 1925 908; x_wconf 86' lang='lat' dir='ltr'><strong>quanto</strong></span> <span class='ocrx_word' id='word_1_62' title='bbox 1959 832 2137 903; x_wconf 83' lang='lat' dir='ltr'><strong>magni</strong></span> 
     </span>
    </p>
   </div>
   <div class='ocr_carea' id='block_1_10' title="bbox 569 923 2141 1003">
    <p class='ocr_par' dir='ltr' id='par_1_10' title="bbox 569 923 2141 1003">
     <span class='ocr_line' id='line_1_10' title="bbox 569 923 2141 1003; baseline -0.017 -1"><span class='ocrx_word' id='word_1_63' title='bbox 569 923 756 1003; x_wconf 72' lang='lat' dir='ltr'><strong>suinus</strong></span> <span class='ocrx_word' id='word_1_64' title='bbox 784 942 1130 998; x_wconf 87' lang='lat' dir='ltr'><strong>humiliemur</strong></span> <span class='ocrx_word' id='word_1_65' title='bbox 1156 937 1210 990; x_wconf 91' lang='lat' dir='ltr'><strong>in</strong></span> <span class='ocrx_word' id='word_1_66' title='bbox 1265 934 1513 988; x_wconf 88' lang='lat' dir='ltr'><strong>omnibus</strong></span> <span class='ocrx_word' id='word_1_67' title='bbox 1557 930 1796 985; x_wconf 87' lang='lat' dir='ltr'><strong>dicentes</strong></span> <span class='ocrx_word' id='word_1_68' title='bbox 1844 942 1967 981; x_wconf 86' lang='lat' dir='ltr'><strong>eum</strong></span> <span class='ocrx_word' id='word_1_69' title='bbox 2000 923 2141 993; x_wconf 80' lang='lat' dir='ltr'><strong>Apo-</strong></span> 
     </span>
    </p>
   </div>
   <div class='ocr_carea' id='block_1_11' title="bbox 567 1016 2137 1103">
    <p class='ocr_par' dir='ltr' id='par_1_11' title="bbox 567 1016 2137 1103">
     <span class='ocr_line' id='line_1_11' title="bbox 567 1016 2137 1103; baseline -0.017 -10"><span class='ocrx_word' id='word_1_70' title='bbox 567 1038 706 1093; x_wconf 89' lang='lat' dir='ltr'><strong>stolo</strong></span> <span class='ocrx_word' id='word_1_71' title='bbox 731 1032 926 1103; x_wconf 79' lang='lat' dir='ltr'><strong>singuli</strong></span> <span class='ocrx_word' id='word_1_72' title='bbox 954 1046 968 1083; x_wconf 88' lang='lat'><strong>:</strong></span> <span class='ocrx_word' id='word_1_73' title='bbox 1001 1027 1186 1082; x_wconf 80' lang='lat' dir='ltr'><strong>Gratia</strong></span> <span class='ocrx_word' id='word_1_74' title='bbox 1220 1034 1396 1078; x_wconf 82' lang='lat' dir='ltr'><strong>autem</strong></span> <span class='ocrx_word' id='word_1_75' title='bbox 1444 1022 1687 1079; x_wconf 73' lang='lat' dir='ltr'><strong>Dei,sum</strong></span> <span class='ocrx_word' id='word_1_76' title='bbox 1723 1019 1778 1073; x_wconf 93' lang='lat' dir='ltr'><strong>id</strong></span> <span class='ocrx_word' id='word_1_77' title='bbox 1828 1016 1965 1090; x_wconf 89' lang='lat' dir='ltr'><strong>quod</strong></span> <span class='ocrx_word' id='word_1_78' title='bbox 2001 1031 2137 1069; x_wconf 88' lang='lat' dir='ltr'><strong>sum.</strong></span> 
     </span>
    </p>
   </div>
   <div class='ocr_carea' id='block_1_12' title="bbox 567 1104 2142 1195">
    <p class='ocr_par' dir='ltr' id='par_1_12' title="bbox 567 1104 2142 1195">
     <span class='ocr_line' id='line_1_12' title="bbox 567 1104 2142 1195; baseline -0.016 -13"><span class='ocrx_word' id='word_1_79' title='bbox 567 1129 697 1195; x_wconf 64' lang='lat' dir='ltr'><strong>Quae</strong></span> <span class='ocrx_word' id='word_1_80' title='bbox 740 1122 984 1195; x_wconf 89' lang='lat' dir='ltr'><strong>profecto</strong></span> <span class='ocrx_word' id='word_1_81' title='bbox 1022 1118 1196 1190; x_wconf 82' lang='lat' dir='ltr'><strong>gratia</strong></span> <span class='ocrx_word' id='word_1_82' title='bbox 1252 1112 1493 1169; x_wconf 87' lang='lat' dir='ltr'><strong>muneris</strong></span> <span class='ocrx_word' id='word_1_83' title='bbox 1552 1109 1792 1181; x_wconf 84' lang='lat' dir='ltr'><strong>superni,</strong></span> <span class='ocrx_word' id='word_1_84' title='bbox 1824 1107 1949 1176; x_wconf 91' lang='lat' dir='ltr'><strong>quia</strong></span> <span class='ocrx_word' id='word_1_85' title='bbox 1982 1104 2142 1159; x_wconf 87' lang='lat' dir='ltr'><strong>tertio</strong></span> 
     </span>
    </p>
   </div>
   <div class='ocr_carea' id='block_1_13' title="bbox 570 1194 2140 1287">
    <p class='ocr_par' dir='ltr' id='par_1_13' title="bbox 570 1194 2140 1287">
     <span class='ocr_line' id='line_1_13' title="bbox 570 1194 2140 1287; baseline -0.016 -15"><span class='ocrx_word' id='word_1_86' title='bbox 570 1194 809 1287; x_wconf 87' lang='lat' dir='ltr'><strong>tempore</strong></span> <span class='ocrx_word' id='word_1_87' title='bbox 837 1210 1018 1268; x_wconf 58' lang='lat' dir='ltr'><strong>saeculi</strong></span> <span class='ocrx_word' id='word_1_88' title='bbox 1075 1205 1417 1262; x_wconf 79' lang='lat' dir='ltr'><strong>manifestius</strong></span> <span class='ocrx_word' id='word_1_89' title='bbox 1441 1201 1609 1258; x_wconf 81' lang='lat' dir='ltr'><strong>eﬂ‘usa</strong></span> <span class='ocrx_word' id='word_1_90' title='bbox 1641 1207 1746 1264; x_wconf 92' lang='lat' dir='ltr'><strong>est,</strong></span> <span class='ocrx_word' id='word_1_91' title='bbox 1772 1194 2140 1269; x_wconf 87' lang='lat' dir='ltr'><strong>pulcherrima</strong></span> 
     </span>
    </p>
   </div>
   <div class='ocr_carea' id='block_1_14' title="bbox 567 1287 2141 1380">
    <p class='ocr_par' dir='ltr' id='par_1_14' title="bbox 567 1287 2141 1380">
     <span class='ocr_line' id='line_1_14' title="bbox 567 1287 2141 1380; baseline -0.017 -16"><span class='ocrx_word' id='word_1_92' title='bbox 567 1309 859 1380; x_wconf 80' lang='lat' dir='ltr'><strong>ﬁgurarum</strong></span> <span class='ocrx_word' id='word_1_93' title='bbox 918 1297 1326 1369; x_wconf 80' lang='lat' dir='ltr'><strong>consequentia,</strong></span> <span class='ocrx_word' id='word_1_94' title='bbox 1362 1296 1501 1348; x_wconf 59' lang='lat' dir='ltr'><strong>lunas</strong></span> <span class='ocrx_word' id='word_1_95' title='bbox 1556 1289 1907 1346; x_wconf 75' lang='lat' dir='ltr'><strong>hebdomadas</strong></span> <span class='ocrx_word' id='word_1_96' title='bbox 1961 1287 2141 1340; x_wconf 87' lang='lat' dir='ltr'><strong>lumen</strong></span> 
     </span>
    </p>
   </div>
   <div class='ocr_carea' id='block_1_15' title="bbox 567 1376 2146 1471">
    <p class='ocr_par' dir='ltr' id='par_1_15' title="bbox 567 1376 2146 1471">
     <span class='ocr_line' id='line_1_15' title="bbox 567 1376 2146 1471; baseline -0.015 -16"><span class='ocrx_word' id='word_1_97' title='bbox 567 1376 760 1471; x_wconf 73' lang='lat' dir='ltr'><strong>ipsius,</strong></span> <span class='ocrx_word' id='word_1_98' title='bbox 791 1394 937 1466; x_wconf 92' lang='lat' dir='ltr'><strong>quod</strong></span> <span class='ocrx_word' id='word_1_99' title='bbox 987 1400 1212 1446; x_wconf 83' lang='lat' dir='ltr'><strong>eatenus</strong></span> <span class='ocrx_word' id='word_1_100' title='bbox 1265 1388 1333 1441; x_wconf 86' lang='lat' dir='ltr'><strong>ad</strong></span> <span class='ocrx_word' id='word_1_101' title='bbox 1370 1396 1547 1440; x_wconf 89' lang='lat' dir='ltr'><strong>terras</strong></span> <span class='ocrx_word' id='word_1_102' title='bbox 1573 1389 1840 1445; x_wconf 85' lang='lat' dir='ltr'><strong>creverat,</strong></span> <span class='ocrx_word' id='word_1_103' title='bbox 1890 1378 1958 1433; x_wconf 92' lang='lat' dir='ltr'><strong>ad</strong></span> <span class='ocrx_word' id='word_1_104' title='bbox 1981 1376 2146 1432; x_wconf 72' lang='lat' dir='ltr'><strong>cmle—</strong></span> 
     </span>
    </p>
   </div>
   <div class='ocr_carea' id='block_1_16' title="bbox 567 1468 2144 1559">
    <p class='ocr_par' dir='ltr' id='par_1_16' title="bbox 567 1468 2144 1559">
     <span class='ocr_line' id='line_1_16' title="bbox 567 1468 2144 1559; baseline -0.016 -13"><span class='ocrx_word' id='word_1_105' title='bbox 567 1468 672 1547; x_wconf 30' lang='lat' dir='ltr'><strong>sitia</strong></span> <span class='ocrx_word' id='word_1_106' title='bbox 703 1486 812 1559; x_wconf 79' lang='lat' dir='ltr'><strong>iam</strong></span> <span class='ocrx_word' id='word_1_107' title='bbox 858 1496 1105 1539; x_wconf 87' lang='lat' dir='ltr'><strong>crescere</strong></span> <span class='ocrx_word' id='word_1_108' title='bbox 1147 1481 1382 1534; x_wconf 87' lang='lat' dir='ltr'><strong>inchoat.</strong></span> <span class='ocrx_word' id='word_1_109' title='bbox 1416 1475 1647 1529; x_wconf 83' lang='lat' dir='ltr'><strong>Pulchre</strong></span> <span class='ocrx_word' id='word_1_110' title='bbox 1674 1472 1817 1527; x_wconf 89' lang='lat' dir='ltr'><strong>hanc</strong></span> <span class='ocrx_word' id='word_1_111' title='bbox 1842 1471 1896 1524; x_wconf 94' lang='lat' dir='ltr'><strong>in</strong></span> <span class='ocrx_word' id='word_1_112' title='bbox 1934 1468 2144 1523; x_wconf 84' lang='lat' dir='ltr'><strong>Pascha</strong></span> 
     </span>
    </p>
   </div>
   <div class='ocr_carea' id='block_1_17' title="bbox 571 1557 2147 1642">
    <p class='ocr_par' dir='ltr' id='par_1_17' title="bbox 571 1557 2147 1642">
     <span class='ocr_line' id='line_1_17' title="bbox 571 1557 2147 1642; baseline -0.015 -9"><span class='ocrx_word' id='word_1_113' title='bbox 571 1557 861 1632; x_wconf 84' lang='lat' dir='ltr'><strong>observare</strong></span> <span class='ocrx_word' id='word_1_114' title='bbox 889 1568 1263 1642; x_wconf 68' lang='lat' dir='ltr'><strong>prteeipiutur,</strong></span> <span class='ocrx_word' id='word_1_115' title='bbox 1312 1575 1372 1619; x_wconf 94' lang='lat' dir='ltr'><strong>ut</strong></span> <span class='ocrx_word' id='word_1_116' title='bbox 1401 1563 1587 1635; x_wconf 65' lang='lat' dir='ltr'><strong>gratiae</strong></span> <span class='ocrx_word' id='word_1_117' title='bbox 1629 1575 1792 1630; x_wconf 90' lang='lat' dir='ltr'><strong>quam</strong></span> <span class='ocrx_word' id='word_1_118' title='bbox 1841 1557 2147 1626; x_wconf 86' lang='lat' dir='ltr'><strong>accepimus</strong></span> 
     </span>
    </p>
   </div>
   <div class='ocr_carea' id='block_1_18' title="bbox 570 1646 2148 1734">
    <p class='ocr_par' dir='ltr' id='par_1_18' title="bbox 570 1646 2148 1734">
     <span class='ocr_line' id='line_1_18' title="bbox 570 1646 2148 1734; baseline -0.013 -14"><span class='ocrx_word' id='word_1_119' title='bbox 570 1677 847 1734; x_wconf 86' lang='lat' dir='ltr'><strong>nunquam</strong></span> <span class='ocrx_word' id='word_1_120' title='bbox 870 1659 1046 1722; x_wconf 88' lang='lat' dir='ltr'><strong>obliti,</strong></span> <span class='ocrx_word' id='word_1_121' title='bbox 1073 1672 1171 1726; x_wconf 90' lang='lat' dir='ltr'><strong>per</strong></span> <span class='ocrx_word' id='word_1_122' title='bbox 1199 1653 1440 1725; x_wconf 86' lang='lat' dir='ltr'><strong>singulos</strong></span> <span class='ocrx_word' id='word_1_123' title='bbox 1467 1651 1664 1723; x_wconf 84' lang='lat' dir='ltr'><strong>gradus</strong></span> <span class='ocrx_word' id='word_1_124' title='bbox 1697 1646 1957 1720; x_wconf 86' lang='lat' dir='ltr'><strong>spiritalis</strong></span> <span class='ocrx_word' id='word_1_125' title='bbox 1976 1654 2148 1699; x_wconf 85' lang='lat' dir='ltr'><strong>trans-</strong></span> 
     </span>
    </p>
   </div>
   <div class='ocr_carea' id='block_1_19' title="bbox 2238 462 3700 540">
    <p class='ocr_par' dir='ltr' id='par_1_19' title="bbox 2238 462 3700 540">
     <span class='ocr_line' id='line_1_19' title="bbox 2238 462 3700 540; baseline -0.001 -17"><span class='ocrx_word' id='word_1_126' title='bbox 2238 484 2370 540; x_wconf 91' lang='lat' dir='ltr'><strong>pore</strong></span> <span class='ocrx_word' id='word_1_127' title='bbox 2399 469 2617 538; x_wconf 86' lang='lat' dir='ltr'><strong>quidam</strong></span> <span class='ocrx_word' id='word_1_128' title='bbox 2648 465 2739 535; x_wconf 87' lang='lat' dir='ltr'><strong>qui</strong></span> <span class='ocrx_word' id='word_1_129' title='bbox 2777 463 3037 518; x_wconf 85' lang='lat' dir='ltr'><strong>immundi</strong></span> <span class='ocrx_word' id='word_1_130' title='bbox 3071 470 3223 517; x_wconf 87' lang='lat' dir='ltr'><strong>erant</strong></span> <span class='ocrx_word' id='word_1_131' title='bbox 3267 462 3382 516; x_wconf 85' lang='lat' dir='ltr'><strong>facti</strong></span> <span class='ocrx_word' id='word_1_132' title='bbox 3409 478 3547 534; x_wconf 82' lang='lat' dir='ltr'><strong>super</strong></span> <span class='ocrx_word' id='word_1_133' title='bbox 3567 468 3700 540; x_wconf 79' lang='lat' dir='ltr'><strong>anima</strong></span> 
     </span>
    </p>
   </div>
   <div class='ocr_carea' id='block_1_20' title="bbox 2238 538 3705 625">
    <p class='ocr_par' dir='ltr' id='par_1_20' title="bbox 2238 538 3705 625">
     <span class='ocr_line' id='line_1_20' title="bbox 2238 538 3705 625; baseline -0.004 -9"><span class='ocrx_word' id='word_1_134' title='bbox 2238 559 2495 623; x_wconf 88' lang='lat' dir='ltr'><strong>hominis,</strong></span> <span class='ocrx_word' id='word_1_135' title='bbox 2534 558 2589 612; x_wconf 89' lang='lat' dir='ltr'><strong>id</strong></span> <span class='ocrx_word' id='word_1_136' title='bbox 2624 565 2725 618; x_wconf 89' lang='lat' dir='ltr'><strong>est,</strong></span> <span class='ocrx_word' id='word_1_137' title='bbox 2756 569 2918 625; x_wconf 86' lang='lat' dir='ltr'><strong>super</strong></span> <span class='ocrx_word' id='word_1_138' title='bbox 2941 562 3175 618; x_wconf 90' lang='lat' dir='ltr'><strong>mortuo,</strong></span> <span class='ocrx_word' id='word_1_139' title='bbox 3200 565 3477 623; x_wconf 66' lang='lat' dir='ltr'><strong>quaererent</strong></span> <span class='ocrx_word' id='word_1_140' title='bbox 3498 538 3705 624; x_wconf 68' lang='lat' dir='ltr'><strong>quomodo</strong></span> 
     </span>
    </p>
   </div>
   <div class='ocr_carea' id='block_1_21' title="bbox 2241 643 3709 723">
    <p class='ocr_par' dir='ltr' id='par_1_21' title="bbox 2241 643 3709 723">
     <span class='ocr_line' id='line_1_21' title="bbox 2241 643 3709 723; baseline -0.003 -18"><span class='ocrx_word' id='word_1_141' title='bbox 2241 651 2443 723; x_wconf 86' lang='lat' dir='ltr'><strong>pascha</strong></span> <span class='ocrx_word' id='word_1_142' title='bbox 2473 648 2739 712; x_wconf 87' lang='lat' dir='ltr'><strong>facerent,</strong></span> <span class='ocrx_word' id='word_1_143' title='bbox 2769 645 3023 715; x_wconf 91' lang='lat' dir='ltr'><strong>quoniam</strong></span> <span class='ocrx_word' id='word_1_144' title='bbox 3055 643 3325 713; x_wconf 88' lang='lat' dir='ltr'><strong>oportebat</strong></span> <span class='ocrx_word' id='word_1_145' title='bbox 3351 659 3436 698; x_wconf 87' lang='lat' dir='ltr'><strong>eos</strong></span> <span class='ocrx_word' id='word_1_146' title='bbox 3459 645 3515 700; x_wconf 89' lang='lat' dir='ltr'><strong>ab</strong></span> <span class='ocrx_word' id='word_1_147' title='bbox 3538 646 3709 700; x_wconf 85' lang='lat' dir='ltr'><strong>immun-</strong></span> 
     </span>
    </p>
   </div>
   <div class='ocr_carea' id='block_1_22' title="bbox 2240 733 3705 808">
    <p class='ocr_par' dir='ltr' id='par_1_22' title="bbox 2240 733 3705 808">
     <span class='ocr_line' id='line_1_22' title="bbox 2240 733 3705 808; baseline -0.005 -11"><span class='ocrx_word' id='word_1_148' title='bbox 2240 742 2390 797; x_wconf 88' lang='lat' dir='ltr'><strong>ditiis</strong></span> <span class='ocrx_word' id='word_1_149' title='bbox 2441 747 2647 808; x_wconf 86' lang='lat' dir='ltr'><strong>septem</strong></span> <span class='ocrx_word' id='word_1_150' title='bbox 2695 736 2884 791; x_wconf 86' lang='lat' dir='ltr'><strong>diebus</strong></span> <span class='ocrx_word' id='word_1_151' title='bbox 2934 733 3205 805; x_wconf 85' lang='lat' dir='ltr'><strong>purificari</strong></span> <span class='ocrx_word' id='word_1_152' title='bbox 3257 735 3518 788; x_wconf 90' lang='lat' dir='ltr'><strong>secundum</strong></span> <span class='ocrx_word' id='word_1_153' title='bbox 3563 735 3705 807; x_wconf 75' lang='lat' dir='ltr'><strong>legem,</strong></span> 
     </span>
    </p>
   </div>
   <div class='ocr_carea' id='block_1_23' title="bbox 2240 823 3712 893">
    <p class='ocr_par' dir='ltr' id='par_1_23' title="bbox 2240 823 3712 893">
     <span class='ocr_line' id='line_1_23' title="bbox 2240 823 3712 893; baseline -0.005 -7"><span class='ocrx_word' id='word_1_154' title='bbox 2240 828 2510 886; x_wconf 88' lang='lat' dir='ltr'><strong>consuluit</strong></span> <span class='ocrx_word' id='word_1_155' title='bbox 2562 825 2846 881; x_wconf 90' lang='lat' dir='ltr'><strong>Dominum</strong></span> <span class='ocrx_word' id='word_1_156' title='bbox 2908 823 3139 893; x_wconf 82' lang='lat' dir='ltr'><strong>Moyses,</strong></span> <span class='ocrx_word' id='word_1_157' title='bbox 3189 831 3243 876; x_wconf 90' lang='lat' dir='ltr'><strong>et</strong></span> <span class='ocrx_word' id='word_1_158' title='bbox 3291 838 3567 891; x_wconf 79' lang='lat' dir='ltr'><strong>responsum</strong></span> <span class='ocrx_word' id='word_1_159' title='bbox 3598 839 3712 879; x_wconf 62' lang='lat' dir='ltr'><strong>arce</strong></span> 
     </span>
    </p>
   </div>
   <div class='ocr_carea' id='block_1_24' title="bbox 2240 910 3712 991">
    <p class='ocr_par' dir='ltr' id='par_1_24' title="bbox 2240 910 3712 991">
     <span class='ocr_line' id='line_1_24' title="bbox 2240 910 3712 991; baseline -0.004 -17"><span class='ocrx_word' id='word_1_160' title='bbox 2240 922 2340 991; x_wconf 86' lang='lat' dir='ltr'><strong>pit,</strong></span> <span class='ocrx_word' id='word_1_161' title='bbox 2398 918 2705 985; x_wconf 89' lang='lat' dir='ltr'><strong>cuicunque</strong></span> <span class='ocrx_word' id='word_1_162' title='bbox 2755 914 2864 969; x_wconf 87' lang='lat' dir='ltr'><strong>tale</strong></span> <span class='ocrx_word' id='word_1_163' title='bbox 2908 910 3111 982; x_wconf 90' lang='lat' dir='ltr'><strong>aliquid</strong></span> <span class='ocrx_word' id='word_1_164' title='bbox 3162 913 3447 978; x_wconf 82' lang='lat' dir='ltr'><strong>accidisset,</strong></span> <span class='ocrx_word' id='word_1_165' title='bbox 3472 913 3542 967; x_wconf 86' lang='lat' dir='ltr'><strong>vel</strong></span> <span class='ocrx_word' id='word_1_166' title='bbox 3563 923 3646 967; x_wconf 81' lang='lat' dir='ltr'><strong>tam</strong></span> <span class='ocrx_word' id='word_1_167' title='bbox 3673 915 3712 968; x_wconf 88' lang='lat' dir='ltr'><strong>in</strong></span> 
     </span>
    </p>
   </div>
   <div class='ocr_carea' id='block_1_25' title="bbox 2243 1004 3714 1082">
    <p class='ocr_par' dir='ltr' id='par_1_25' title="bbox 2243 1004 3714 1082">
     <span class='ocr_line' id='line_1_25' title="bbox 2243 1004 3714 1082; baseline -0.005 -18"><span class='ocrx_word' id='word_1_168' title='bbox 2243 1011 2536 1082; x_wconf 89' lang='lat' dir='ltr'><strong>longinquo</strong></span> <span class='ocrx_word' id='word_1_169' title='bbox 2572 1009 2766 1063; x_wconf 88' lang='lat' dir='ltr'><strong>itinere</strong></span> <span class='ocrx_word' id='word_1_170' title='bbox 2821 1004 3149 1060; x_wconf 89' lang='lat' dir='ltr'><strong>constitutus</strong></span> <span class='ocrx_word' id='word_1_171' title='bbox 3188 1011 3347 1069; x_wconf 86' lang='lat' dir='ltr'><strong>esset,</strong></span> <span class='ocrx_word' id='word_1_172' title='bbox 3389 1011 3557 1057; x_wconf 91' lang='lat' dir='ltr'><strong>utnon</strong></span> <span class='ocrx_word' id='word_1_173' title='bbox 3580 1013 3714 1072; x_wconf 83' lang='lat' dir='ltr'><strong>posset</strong></span> 
     </span>
    </p>
   </div>
   <div class='ocr_carea' id='block_1_26' title="bbox 2242 1091 3712 1163">
    <p class='ocr_par' dir='ltr' id='par_1_26' title="bbox 2242 1091 3712 1163">
     <span class='ocr_line' id='line_1_26' title="bbox 2242 1091 3712 1163; baseline -0.006 -7"><span class='ocrx_word' id='word_1_174' title='bbox 2242 1113 2550 1163; x_wconf 89' lang='lat' dir='ltr'><strong>occurrere,</strong></span> <span class='ocrx_word' id='word_1_175' title='bbox 2582 1096 2691 1151; x_wconf 91' lang='lat' dir='ltr'><strong>alio</strong></span> <span class='ocrx_word' id='word_1_176' title='bbox 2733 1109 2919 1150; x_wconf 87' lang='lat' dir='ltr'><strong>mense</strong></span> <span class='ocrx_word' id='word_1_177' title='bbox 2944 1108 3070 1149; x_wconf 89' lang='lat' dir='ltr'><strong>eum</strong></span> <span class='ocrx_word' id='word_1_178' title='bbox 3120 1091 3295 1147; x_wconf 87' lang='lat' dir='ltr'><strong>facere</strong></span> <span class='ocrx_word' id='word_1_179' title='bbox 3337 1093 3511 1147; x_wconf 86' lang='lat' dir='ltr'><strong>debere</strong></span> <span class='ocrx_word' id='word_1_180' title='bbox 3551 1095 3712 1162; x_wconf 85' lang='lat' dir='ltr'><strong>pascha,</strong></span> 
     </span>
    </p>
   </div>
   <div class='ocr_carea' id='block_1_27' title="bbox 2243 1184 3717 1262">
    <p class='ocr_par' dir='ltr' id='par_1_27' title="bbox 2243 1184 3717 1262">
     <span class='ocr_line' id='line_1_27' title="bbox 2243 1184 3717 1262; baseline -0.004 -17"><span class='ocrx_word' id='word_1_181' title='bbox 2243 1199 2467 1262; x_wconf 88' lang='lat' dir='ltr'><strong>propter</strong></span> <span class='ocrx_word' id='word_1_182' title='bbox 2515 1189 2660 1244; x_wconf 90' lang='lat' dir='ltr'><strong>diem</strong></span> <span class='ocrx_word' id='word_1_183' title='bbox 2709 1186 2914 1242; x_wconf 88' lang='lat' dir='ltr'><strong>mensis</strong></span> <span class='ocrx_word' id='word_1_184' title='bbox 2963 1185 3482 1256; x_wconf 88' lang='lat' dir='ltr'><strong>quartumdecimum,</strong></span> <span class='ocrx_word' id='word_1_185' title='bbox 3508 1184 3582 1239; x_wconf 81' lang='lat' dir='ltr'><strong>ulti</strong></span> <span class='ocrx_word' id='word_1_186' title='bbox 3619 1185 3717 1239; x_wconf 72' lang='lat' dir='ltr'><strong>luna</strong></span> 
     </span>
    </p>
   </div>
   <div class='ocr_carea' id='block_1_28' title="bbox 2245 1274 3717 1349">
    <p class='ocr_par' dir='ltr' id='par_1_28' title="bbox 2245 1274 3717 1349">
     <span class='ocr_line' id='line_1_28' title="bbox 2245 1274 3717 1349; baseline -0.005 -13"><span class='ocrx_word' id='word_1_187' title='bbox 2245 1294 2506 1336; x_wconf 88' lang='lat' dir='ltr'><strong>numerus</strong></span> <span class='ocrx_word' id='word_1_188' title='bbox 2530 1277 2940 1333; x_wconf 86' lang='lat' dir='ltr'><strong>observabatur.</strong></span> <span class='ocrx_word' id='word_1_189' title='bbox 2996 1274 3104 1330; x_wconf 85' lang='lat' dir='ltr'><strong>Sed</strong></span> <span class='ocrx_word' id='word_1_190' title='bbox 3133 1275 3180 1330; x_wconf 87' lang='lat' dir='ltr'><strong>si</strong></span> <span class='ocrx_word' id='word_1_191' title='bbox 3214 1283 3470 1345; x_wconf 73' lang='lat' dir='ltr'><strong>quaeratur</strong></span> <span class='ocrx_word' id='word_1_192' title='bbox 3494 1275 3597 1349; x_wconf 82' lang='lat' dir='ltr'><strong>quid</strong></span> <span class='ocrx_word' id='word_1_193' title='bbox 3618 1274 3717 1329; x_wconf 66' lang='lat' dir='ltr'><strong>face</strong></span> 
     </span>
    </p>
   </div>
   <div class='ocr_carea' id='block_1_29' title="bbox 2247 1362 3719 1426">
    <p class='ocr_par' dir='ltr' id='par_1_29' title="bbox 2247 1362 3719 1426">
     <span class='ocr_line' id='line_1_29' title="bbox 2247 1362 3719 1426; baseline -0.007 0"><span class='ocrx_word' id='word_1_194' title='bbox 2247 1380 2370 1426; x_wconf 92' lang='lat' dir='ltr'><strong>rent</strong></span> <span class='ocrx_word' id='word_1_195' title='bbox 2397 1370 2444 1424; x_wconf 91' lang='lat' dir='ltr'><strong>si</strong></span> <span class='ocrx_word' id='word_1_196' title='bbox 2479 1367 2621 1423; x_wconf 89' lang='lat' dir='ltr'><strong>forte</strong></span> <span class='ocrx_word' id='word_1_197' title='bbox 2665 1365 2790 1421; x_wconf 89' lang='lat' dir='ltr'><strong>talis</strong></span> <span class='ocrx_word' id='word_1_198' title='bbox 2838 1364 3182 1420; x_wconf 89' lang='lat' dir='ltr'><strong>immunditia</strong></span> <span class='ocrx_word' id='word_1_199' title='bbox 3231 1363 3385 1419; x_wconf 88' lang='lat' dir='ltr'><strong>etiam</strong></span> <span class='ocrx_word' id='word_1_200' title='bbox 3412 1363 3470 1417; x_wconf 88' lang='lat' dir='ltr'><strong>ad</strong></span> <span class='ocrx_word' id='word_1_201' title='bbox 3496 1362 3719 1417; x_wconf 79' lang='lat' dir='ltr'><strong>secundum</strong></span> 
     </span>
    </p>
   </div>
   <div class='ocr_carea' id='block_1_30' title="bbox 2247 1452 3719 1521">
    <p class='ocr_par' dir='ltr' id='par_1_30' title="bbox 2247 1452 3719 1521">
     <span class='ocr_line' id='line_1_30' title="bbox 2247 1452 3719 1521; baseline -0.008 -5"><span class='ocrx_word' id='word_1_202' title='bbox 2247 1474 2490 1517; x_wconf 87' lang='lat' dir='ltr'><strong>mensem</strong></span> <span class='ocrx_word' id='word_1_203' title='bbox 2542 1463 2879 1519; x_wconf 89' lang='lat' dir='ltr'><strong>occurreret,</strong></span> <span class='ocrx_word' id='word_1_204' title='bbox 2931 1455 3168 1510; x_wconf 85' lang='lat' dir='ltr'><strong>arbitror</strong></span> <span class='ocrx_word' id='word_1_205' title='bbox 3218 1454 3268 1507; x_wconf 88' lang='lat' dir='ltr'><strong>id</strong></span> <span class='ocrx_word' id='word_1_206' title='bbox 3296 1453 3430 1521; x_wconf 91' lang='lat' dir='ltr'><strong>quod</strong></span> <span class='ocrx_word' id='word_1_207' title='bbox 3451 1452 3621 1506; x_wconf 89' lang='lat' dir='ltr'><strong>dictum</strong></span> <span class='ocrx_word' id='word_1_208' title='bbox 3646 1460 3719 1515; x_wconf 86' lang='lat' dir='ltr'><strong>est,</strong></span> 
     </span>
    </p>
   </div>
   <div class='ocr_carea' id='block_1_31' title="bbox 2248 1542 3723 1615">
    <p class='ocr_par' dir='ltr' id='par_1_31' title="bbox 2248 1542 3723 1615">
     <span class='ocr_line' id='line_1_31' title="bbox 2248 1542 3723 1615; baseline -0.009 -7"><span class='ocrx_word' id='word_1_209' title='bbox 2248 1553 2315 1608; x_wconf 92' lang='lat' dir='ltr'><strong>de</strong></span> <span class='ocrx_word' id='word_1_210' title='bbox 2339 1549 2579 1606; x_wconf 86' lang='lat' dir='ltr'><strong>secundo</strong></span> <span class='ocrx_word' id='word_1_211' title='bbox 2608 1560 2815 1612; x_wconf 89' lang='lat' dir='ltr'><strong>mense,</strong></span> <span class='ocrx_word' id='word_1_212' title='bbox 2844 1554 3103 1615; x_wconf 87' lang='lat' dir='ltr'><strong>tanquam</strong></span> <span class='ocrx_word' id='word_1_213' title='bbox 3128 1543 3433 1615; x_wconf 75' lang='lat' dir='ltr'><strong>regulariter</strong></span> <span class='ocrx_word' id='word_1_214' title='bbox 3461 1542 3723 1597; x_wconf 86' lang='lat' dir='ltr'><strong>retinendum</strong></span> 
     </span>
    </p>
   </div>
   <div class='ocr_carea' id='block_1_32' title="bbox 2251 1636 3725 1705">
    <p class='ocr_par' dir='ltr' id='par_1_32' title="bbox 2251 1636 3725 1705">
     <span class='ocr_line' id='line_1_32' title="bbox 2251 1636 3725 1705; baseline -0.008 -9"><span class='ocrx_word' id='word_1_215' title='bbox 2251 1641 2443 1705; x_wconf 86' lang='lat' dir='ltr'><strong>fuisse,</strong></span> <span class='ocrx_word' id='word_1_216' title='bbox 2471 1647 2531 1694; x_wconf 93' lang='lat' dir='ltr'><strong>ut</strong></span> <span class='ocrx_word' id='word_1_217' title='bbox 2560 1638 2723 1693; x_wconf 91' lang='lat' dir='ltr'><strong>tertio</strong></span> <span class='ocrx_word' id='word_1_218' title='bbox 2759 1650 2949 1691; x_wconf 86' lang='lat' dir='ltr'><strong>mense</strong></span> <span class='ocrx_word' id='word_1_219' title='bbox 2999 1636 3367 1698; x_wconf 83' lang='lat' dir='ltr'><strong>observarent,</strong></span> <span class='ocrx_word' id='word_1_220' title='bbox 3397 1642 3479 1687; x_wconf 85' lang='lat' dir='ltr'><strong>aut</strong></span> <span class='ocrx_word' id='word_1_221' title='bbox 3503 1641 3622 1687; x_wconf 84' lang='lat' dir='ltr'><strong>certe</strong></span> <span class='ocrx_word' id='word_1_222' title='bbox 3657 1645 3725 1700; x_wconf 80' lang='lat' dir='ltr'><strong>pa-</strong></span> 
     </span>
    </p>
   </div>
   <div class='ocr_carea' id='block_1_33' title="bbox 575 1723 3723 1825">
    <p class='ocr_par' dir='ltr' id='par_1_33' title="bbox 575 1723 3723 1825">
     <span class='ocr_line' id='line_1_33' title="bbox 575 1723 3723 1825; baseline -0.012 -13"><span class='ocrx_word' id='word_1_223' title='bbox 575 1723 978 1825; x_wconf 40' lang='lat' dir='ltr'><strong>itnsllargitori</strong></span> <span class='ocrx_word' id='word_1_224' title='bbox 1032 1723 1175 1804; x_wconf 84' lang='lat' dir='ltr'><strong>illius</strong></span> <span class='ocrx_word' id='word_1_225' title='bbox 1204 1723 1526 1809; x_wconf 81' lang='lat' dir='ltr'><strong>obedicndo,</strong></span> <span class='ocrx_word' id='word_1_226' title='bbox 1584 1744 1758 1798; x_wconf 90' lang='lat' dir='ltr'><strong>vicem</strong></span> <span class='ocrx_word' id='word_1_227' title='bbox 1810 1738 2143 1810; x_wconf 89' lang='lat' dir='ltr'><strong>perpendere</strong></span> <span class='ocrx_word' id='word_1_228' title='bbox 2172 1723 2219 1782; x_wconf 82' lang='grc' dir='ltr'><strong>Β</strong></span> <span class='ocrx_word' id='word_1_229' title='bbox 2247 1734 2377 1790; x_wconf 90' lang='lat' dir='ltr'><strong>scha</strong></span> <span class='ocrx_word' id='word_1_230' title='bbox 2406 1747 2513 1787; x_wconf 91' lang='lat' dir='ltr'><strong>non</strong></span> <span class='ocrx_word' id='word_1_231' title='bbox 2565 1730 2743 1800; x_wconf 79' lang='lat' dir='ltr'><strong>egisse</strong></span> <span class='ocrx_word' id='word_1_232' title='bbox 2793 1727 2887 1782; x_wconf 88' lang='lat' dir='ltr'><strong>tali</strong></span> <span class='ocrx_word' id='word_1_233' title='bbox 2940 1726 3285 1790; x_wconf 85' lang='lat' dir='ltr'><strong>necessitate,</strong></span> <span class='ocrx_word' id='word_1_234' title='bbox 3329 1725 3394 1779; x_wconf 90' lang='lat' dir='ltr'><strong>ad</strong></span> <span class='ocrx_word' id='word_1_235' title='bbox 3437 1723 3615 1794; x_wconf 84' lang='lat' dir='ltr'><strong>culpam</strong></span> <span class='ocrx_word' id='word_1_236' title='bbox 3649 1736 3723 1776; x_wconf 85' lang='lat' dir='ltr'><strong>non</strong></span> 
     </span>
    </p>
   </div>
   <div class='ocr_carea' id='block_1_34' title="bbox 572 1831 2143 1902">
    <p class='ocr_par' dir='ltr' id='par_1_34' title="bbox 572 1831 2143 1902">
     <span class='ocr_line' id='line_1_34' title="bbox 572 1831 2143 1902; baseline -0.011 -1"><span class='ocrx_word' id='word_1_237' title='bbox 572 1845 1001 1902; x_wconf 88' lang='lat' dir='ltr'><strong>meminerimus.</strong></span> <span class='ocrx_word' id='word_1_238' title='bbox 1035 1840 1130 1895; x_wconf 72' lang='lat' dir='ltr'><strong>Vel</strong></span> <span class='ocrx_word' id='word_1_239' title='bbox 1167 1846 1318 1893; x_wconf 88' lang='lat' dir='ltr'><strong>certe</strong></span> <span class='ocrx_word' id='word_1_240' title='bbox 1370 1837 1425 1890; x_wconf 93' lang='lat' dir='ltr'><strong>in</strong></span> <span class='ocrx_word' id='word_1_241' title='bbox 1471 1841 1750 1890; x_wconf 87' lang='lat' dir='ltr'><strong>crescente</strong></span> <span class='ocrx_word' id='word_1_242' title='bbox 1802 1833 1870 1887; x_wconf 90' lang='lat' dir='ltr'><strong>ad</strong></span> <span class='ocrx_word' id='word_1_243' title='bbox 1899 1831 2143 1886; x_wconf 90' lang='lat' dir='ltr'><strong>homines</strong></span> 
     </span>
    </p>
   </div>
   <div class='ocr_carea' id='block_1_35' title="bbox 576 1922 2143 2004">
    <p class='ocr_par' dir='ltr' id='par_1_35' title="bbox 576 1922 2143 2004">
     <span class='ocr_line' id='line_1_35' title="bbox 576 1922 2143 2004; baseline -0.011 -11"><span class='ocrx_word' id='word_1_244' title='bbox 576 1939 725 2004; x_wconf 90' lang='lat' dir='ltr'><strong>luna,</strong></span> <span class='ocrx_word' id='word_1_245' title='bbox 761 1937 884 1991; x_wconf 61' lang='lat' dir='ltr'><strong>vitae</strong></span> <span class='ocrx_word' id='word_1_246' title='bbox 923 1935 1078 1989; x_wconf 80' lang='lat' dir='ltr'><strong>nobis</strong></span> <span class='ocrx_word' id='word_1_247' title='bbox 1104 1932 1310 1996; x_wconf 74' lang='lat' dir='ltr'><strong>activze,</strong></span> <span class='ocrx_word' id='word_1_248' title='bbox 1341 1930 1395 1984; x_wconf 91' lang='lat' dir='ltr'><strong>in</strong></span> <span class='ocrx_word' id='word_1_249' title='bbox 1440 1941 1658 1982; x_wconf 88' lang='lat' dir='ltr'><strong>reversa</strong></span> <span class='ocrx_word' id='word_1_250' title='bbox 1693 1940 1824 1980; x_wconf 89' lang='lat' dir='ltr'><strong>vero</strong></span> <span class='ocrx_word' id='word_1_251' title='bbox 1858 1926 1924 1979; x_wconf 89' lang='lat' dir='ltr'><strong>ad</strong></span> <span class='ocrx_word' id='word_1_252' title='bbox 1953 1922 2143 1987; x_wconf 77' lang='lat' dir='ltr'><strong>caelos,</strong></span> 
     </span>
    </p>
   </div>
   <div class='ocr_carea' id='block_1_36' title="bbox 574 2012 2146 2096">
    <p class='ocr_par' dir='ltr' id='par_1_36' title="bbox 574 2012 2146 2096">
     <span class='ocr_line' id='line_1_36' title="bbox 574 2012 2146 2096; baseline -0.008 -16"><span class='ocrx_word' id='word_1_253' title='bbox 574 2024 920 2096; x_wconf 74' lang='lat' dir='ltr'><strong>speculativae</strong></span> <span class='ocrx_word' id='word_1_254' title='bbox 993 2031 1152 2092; x_wconf 83' lang='lat' dir='ltr'><strong>typus</strong></span> <span class='ocrx_word' id='word_1_255' title='bbox 1210 2017 1536 2073; x_wconf 85' lang='lat' dir='ltr'><strong>ostenditur.</strong></span> <span class='ocrx_word' id='word_1_256' title='bbox 1591 2014 1685 2069; x_wconf 82' lang='lat' dir='ltr'><strong>Vel</strong></span> <span class='ocrx_word' id='word_1_257' title='bbox 1742 2014 1797 2068; x_wconf 89' lang='lat' dir='ltr'><strong>in</strong></span> <span class='ocrx_word' id='word_1_258' title='bbox 1842 2012 1943 2068; x_wconf 89' lang='lat' dir='ltr'><strong>hac</strong></span> <span class='ocrx_word' id='word_1_259' title='bbox 1989 2012 2146 2067; x_wconf 83' lang='lat' dir='ltr'><strong>nobis</strong></span> 
     </span>
    </p>
   </div>
   <div class='ocr_carea' id='block_1_37' title="bbox 570 2103 2144 2181">
    <p class='ocr_par' dir='ltr' id='par_1_37' title="bbox 570 2103 2144 2181">
     <span class='ocr_line' id='line_1_37' title="bbox 570 2103 2144 2181; baseline -0.011 -8"><span class='ocrx_word' id='word_1_260' title='bbox 570 2116 947 2179; x_wconf 87' lang='lat' dir='ltr'><strong>conversione,</strong></span> <span class='ocrx_word' id='word_1_261' title='bbox 979 2113 1196 2167; x_wconf 88' lang='lat' dir='ltr'><strong>dilectio</strong></span> <span class='ocrx_word' id='word_1_262' title='bbox 1229 2109 1486 2181; x_wconf 83' lang='lat' dir='ltr'><strong>proximi,</strong></span> <span class='ocrx_word' id='word_1_263' title='bbox 1518 2108 1572 2162; x_wconf 91' lang='lat' dir='ltr'><strong>in</strong></span> <span class='ocrx_word' id='word_1_264' title='bbox 1596 2106 1710 2172; x_wconf 88' lang='lat' dir='ltr'><strong>illa,</strong></span> <span class='ocrx_word' id='word_1_265' title='bbox 1739 2104 1911 2160; x_wconf 91' lang='lat' dir='ltr'><strong>nostri</strong></span> <span class='ocrx_word' id='word_1_266' title='bbox 1962 2103 2144 2174; x_wconf 84' lang='lat' dir='ltr'><strong>signa-</strong></span> 
     </span>
    </p>
   </div>
   <div class='ocr_carea' id='block_1_38' title="bbox 582 2191 2145 2263">
    <p class='ocr_par' dir='ltr' id='par_1_38' title="bbox 582 2191 2145 2263">
     <span class='ocr_line' id='line_1_38' title="bbox 582 2191 2145 2263; baseline -0.012 -1"><span class='ocrx_word' id='word_1_267' title='bbox 582 2217 671 2262; x_wconf 92' lang='lat' dir='ltr'><strong>tur</strong></span> <span class='ocrx_word' id='word_1_268' title='bbox 692 2206 936 2261; x_wconf 89' lang='lat' dir='ltr'><strong>victoris.</strong></span> <span class='ocrx_word' id='word_1_269' title='bbox 968 2203 1156 2258; x_wconf 86' lang='lat' dir='ltr'><strong>Adhuc</strong></span> <span class='ocrx_word' id='word_1_270' title='bbox 1199 2213 1493 2255; x_wconf 89' lang='lat' dir='ltr'><strong>conversus</strong></span> <span class='ocrx_word' id='word_1_271' title='bbox 1520 2197 1655 2251; x_wconf 90' lang='lat' dir='ltr'><strong>lucis</strong></span> <span class='ocrx_word' id='word_1_272' title='bbox 1687 2193 1804 2261; x_wconf 86' lang='lat' dir='ltr'><strong>ejus</strong></span> <span class='ocrx_word' id='word_1_273' title='bbox 1846 2191 2145 2263; x_wconf 88' lang='lat' dir='ltr'><strong>profectus,</strong></span> 
     </span>
    </p>
   </div>
   <div class='ocr_carea' id='block_1_39' title="bbox 576 2282 2143 2362">
    <p class='ocr_par' dir='ltr' id='par_1_39' title="bbox 576 2282 2143 2362">
     <span class='ocr_line' id='line_1_39' title="bbox 576 2282 2143 2362; baseline -0.01 -11"><span class='ocrx_word' id='word_1_274' title='bbox 576 2308 635 2352; x_wconf 87' lang='lat' dir='ltr'><strong>ut</strong></span> <span class='ocrx_word' id='word_1_275' title='bbox 664 2298 802 2351; x_wconf 88' lang='lat' dir='ltr'><strong>bona</strong></span> <span class='ocrx_word' id='word_1_276' title='bbox 856 2294 1001 2349; x_wconf 88' lang='lat' dir='ltr'><strong>foras</strong></span> <span class='ocrx_word' id='word_1_277' title='bbox 1029 2306 1319 2362; x_wconf 89' lang='lat' dir='ltr'><strong>operemur</strong></span> <span class='ocrx_word' id='word_1_278' title='bbox 1368 2289 1624 2342; x_wconf 86' lang='lat' dir='ltr'><strong>admonet</strong></span> <span class='ocrx_word' id='word_1_279' title='bbox 1652 2303 1668 2353; x_wconf 89' lang='lat'><strong>;</strong></span> <span class='ocrx_word' id='word_1_280' title='bbox 1708 2300 1872 2356; x_wconf 89' lang='lat' dir='ltr'><strong>porro</strong></span> <span class='ocrx_word' id='word_1_281' title='bbox 1902 2282 2049 2347; x_wconf 88' lang='lat' dir='ltr'><strong>illuc,</strong></span> <span class='ocrx_word' id='word_1_282' title='bbox 2083 2290 2143 2336; x_wconf 94' lang='lat' dir='ltr'><strong>ut</strong></span> 
     </span>
    </p>
   </div>
   <div class='ocr_carea' id='block_1_40' title="bbox 576 2370 2147 2451">
    <p class='ocr_par' dir='ltr' id='par_1_40' title="bbox 576 2370 2147 2451">
     <span class='ocr_line' id='line_1_40' title="bbox 576 2370 2147 2451; baseline -0.011 -10"><span class='ocrx_word' id='word_1_283' title='bbox 576 2387 764 2441; x_wconf 87' lang='lat' dir='ltr'><strong>eadem</strong></span> <span class='ocrx_word' id='word_1_284' title='bbox 801 2385 940 2437; x_wconf 90' lang='lat' dir='ltr'><strong>bona</strong></span> <span class='ocrx_word' id='word_1_285' title='bbox 964 2396 1128 2451; x_wconf 89' lang='lat' dir='ltr'><strong>opera</strong></span> <span class='ocrx_word' id='word_1_286' title='bbox 1161 2379 1275 2434; x_wconf 93' lang='lat' dir='ltr'><strong>solo</strong></span> <span class='ocrx_word' id='word_1_287' title='bbox 1325 2390 1578 2447; x_wconf 82' lang='lat' dir='ltr'><strong>supernae</strong></span> <span class='ocrx_word' id='word_1_288' title='bbox 1626 2372 1896 2429; x_wconf 88' lang='lat' dir='ltr'><strong>mercedis</strong></span> <span class='ocrx_word' id='word_1_289' title='bbox 1951 2370 2147 2425; x_wconf 90' lang='lat' dir='ltr'><strong>intuitu</strong></span> 
     </span>
    </p>
   </div>
   <div class='ocr_carea' id='block_1_41' title="bbox 577 2463 2152 2545">
    <p class='ocr_par' dir='ltr' id='par_1_41' title="bbox 577 2463 2152 2545">
     <span class='ocr_line' id='line_1_41' title="bbox 577 2463 2152 2545; baseline -0.009 -16"><span class='ocrx_word' id='word_1_290' title='bbox 577 2489 867 2545; x_wconf 88' lang='lat' dir='ltr'><strong>geramus;</strong></span> <span class='ocrx_word' id='word_1_291' title='bbox 900 2474 1026 2533; x_wconf 89' lang='lat' dir='ltr'><strong>huc,</strong></span> <span class='ocrx_word' id='word_1_292' title='bbox 1076 2480 1134 2524; x_wconf 87' lang='lat' dir='ltr'><strong>ut</strong></span> <span class='ocrx_word' id='word_1_293' title='bbox 1163 2470 1333 2523; x_wconf 84' lang='lat' dir='ltr'><strong>luceat</strong></span> <span class='ocrx_word' id='word_1_294' title='bbox 1370 2467 1463 2522; x_wconf 74' lang='lat' dir='ltr'><strong>lux</strong></span> <span class='ocrx_word' id='word_1_295' title='bbox 1488 2476 1665 2521; x_wconf 89' lang='lat' dir='ltr'><strong>nostra</strong></span> <span class='ocrx_word' id='word_1_296' title='bbox 1714 2481 1891 2519; x_wconf 88' lang='lat' dir='ltr'><strong>coram</strong></span> <span class='ocrx_word' id='word_1_297' title='bbox 1924 2463 2152 2545; x_wconf 80' lang='lat' dir='ltr'><strong>homini-</strong></span> 
     </span>
    </p>
   </div>
   <div class='ocr_carea' id='block_1_42' title="bbox 581 2539 2152 2630">
    <p class='ocr_par' dir='ltr' id='par_1_42' title="bbox 581 2539 2152 2630">
     <span class='ocr_line' id='line_1_42' title="bbox 581 2539 2152 2630; baseline -0.007 -10"><span class='ocrx_word' id='word_1_298' title='bbox 581 2539 698 2629; x_wconf 69' lang='lat' dir='ltr'><strong>lrus,</strong></span> <span class='ocrx_word' id='word_1_299' title='bbox 723 2574 779 2618; x_wconf 86' lang='lat' dir='ltr'><strong>ut</strong></span> <span class='ocrx_word' id='word_1_300' title='bbox 802 2563 1011 2619; x_wconf 79' lang='lat' dir='ltr'><strong>videant</strong></span> <span class='ocrx_word' id='word_1_301' title='bbox 1036 2563 1169 2617; x_wconf 83' lang='lat' dir='ltr'><strong>bona</strong></span> <span class='ocrx_word' id='word_1_302' title='bbox 1194 2570 1371 2615; x_wconf 89' lang='lat' dir='ltr'><strong>nostra</strong></span> <span class='ocrx_word' id='word_1_303' title='bbox 1399 2577 1591 2630; x_wconf 84' lang='lat' dir='ltr'><strong>opera;</strong></span> <span class='ocrx_word' id='word_1_304' title='bbox 1614 2559 1760 2623; x_wconf 79' lang='lat' dir='ltr'><strong>illuc,</strong></span> <span class='ocrx_word' id='word_1_305' title='bbox 1782 2568 1838 2612; x_wconf 89' lang='lat' dir='ltr'><strong>ut</strong></span> <span class='ocrx_word' id='word_1_306' title='bbox 1863 2539 2152 2628; x_wconf 81' lang='lat' dir='ltr'><strong>gloriﬁcent</strong></span> 
     </span>
    </p>
   </div>
   <div class='ocr_carea' id='block_1_43' title="bbox 584 2647 2152 2723">
    <p class='ocr_par' dir='ltr' id='par_1_43' title="bbox 584 2647 2152 2723">
     <span class='ocr_line' id='line_1_43' title="bbox 584 2647 2152 2723; baseline -0.005 -14"><span class='ocrx_word' id='word_1_307' title='bbox 584 2655 802 2709; x_wconf 82' lang='lat' dir='ltr'><strong>Patrem</strong></span> <span class='ocrx_word' id='word_1_308' title='bbox 843 2662 1077 2708; x_wconf 87' lang='lat' dir='ltr'><strong>nostrum</strong></span> <span class='ocrx_word' id='word_1_309' title='bbox 1104 2653 1194 2722; x_wconf 92' lang='lat' dir='ltr'><strong>qui</strong></span> <span class='ocrx_word' id='word_1_310' title='bbox 1241 2651 1297 2706; x_wconf 90' lang='lat' dir='ltr'><strong>in</strong></span> <span class='ocrx_word' id='word_1_311' title='bbox 1340 2651 1478 2706; x_wconf 72' lang='lat' dir='ltr'><strong>caelis</strong></span> <span class='ocrx_word' id='word_1_312' title='bbox 1512 2660 1587 2705; x_wconf 89' lang='lat' dir='ltr'><strong>est</strong></span> <span class='ocrx_word' id='word_1_313' title='bbox 1615 2649 1831 2723; x_wconf 78' lang='lat' dir='ltr'><strong>(Matth.</strong></span> <span class='ocrx_word' id='word_1_314' title='bbox 1857 2647 1933 2720; x_wconf 93' lang='lat' dir='ltr'><strong>v).</strong></span> <span class='ocrx_word' id='word_1_315' title='bbox 1962 2648 2021 2702; x_wconf 84' lang='lat' dir='ltr'><strong>In</strong></span> <span class='ocrx_word' id='word_1_316' title='bbox 2046 2662 2152 2702; x_wconf 87' lang='lat' dir='ltr'><strong>una</strong></span> 
     </span>
    </p>
   </div>
   <div class='ocr_carea' id='block_1_44' title="bbox 581 2738 2155 2814">
    <p class='ocr_par' dir='ltr' id='par_1_44' title="bbox 581 2738 2155 2814">
     <span class='ocr_line' id='line_1_44' title="bbox 581 2738 2155 2814; baseline -0.006 -13"><span class='ocrx_word' id='word_1_317' title='bbox 581 2745 793 2801; x_wconf 87' lang='lat' dir='ltr'><strong>sabbati</strong></span> <span class='ocrx_word' id='word_1_318' title='bbox 841 2759 961 2814; x_wconf 67' lang='lat' dir='ltr'><strong>qua:</strong></span> <span class='ocrx_word' id='word_1_319' title='bbox 999 2742 1132 2797; x_wconf 87' lang='lat' dir='ltr'><strong>Novi</strong></span> <span class='ocrx_word' id='word_1_320' title='bbox 1182 2741 1514 2797; x_wconf 85' lang='lat' dir='ltr'><strong>Testamenti</strong></span> <span class='ocrx_word' id='word_1_321' title='bbox 1563 2741 1780 2812; x_wconf 86' lang='lat' dir='ltr'><strong>propria</strong></span> <span class='ocrx_word' id='word_1_322' title='bbox 1838 2738 2155 2795; x_wconf 89' lang='lat' dir='ltr'><strong>solemnitas</strong></span> 
     </span>
    </p>
   </div>
   <div class='ocr_carea' id='block_1_45' title="bbox 578 2828 2155 2901">
    <p class='ocr_par' dir='ltr' id='par_1_45' title="bbox 578 2828 2155 2901">
     <span class='ocr_line' id='line_1_45' title="bbox 578 2828 2155 2901; baseline -0.005 -11"><span class='ocrx_word' id='word_1_323' title='bbox 578 2844 663 2891; x_wconf 87' lang='lat' dir='ltr'><strong>est</strong></span> <span class='ocrx_word' id='word_1_324' title='bbox 716 2834 1056 2896; x_wconf 90' lang='lat' dir='ltr'><strong>instruimur,</strong></span> <span class='ocrx_word' id='word_1_325' title='bbox 1121 2841 1182 2886; x_wconf 91' lang='lat' dir='ltr'><strong>ut</strong></span> <span class='ocrx_word' id='word_1_326' title='bbox 1231 2847 1325 2901; x_wconf 87' lang='lat' dir='ltr'><strong>spe</strong></span> <span class='ocrx_word' id='word_1_327' title='bbox 1360 2831 1555 2893; x_wconf 73' lang='lat' dir='ltr'><strong>futurae</strong></span> <span class='ocrx_word' id='word_1_328' title='bbox 1604 2839 1804 2885; x_wconf 64' lang='lat' dir='ltr'><strong>nostras</strong></span> <span class='ocrx_word' id='word_1_329' title='bbox 1844 2830 1899 2884; x_wconf 91' lang='lat' dir='ltr'><strong>in</strong></span> <span class='ocrx_word' id='word_1_330' title='bbox 1937 2828 2155 2886; x_wconf 87' lang='lat' dir='ltr'><strong>Christo</strong></span> 
     </span>
    </p>
   </div>
   <div class='ocr_carea' id='block_1_46' title="bbox 585 2919 2156 2991">
    <p class='ocr_par' dir='ltr' id='par_1_46' title="bbox 585 2919 2156 2991">
     <span class='ocr_line' id='line_1_46' title="bbox 585 2919 2156 2991; baseline -0.002 -14"><span class='ocrx_word' id='word_1_331' title='bbox 585 2922 1022 2986; x_wconf 86' lang='lat' dir='ltr'><strong>resurrectionis,</strong></span> <span class='ocrx_word' id='word_1_332' title='bbox 1048 2922 1322 2991; x_wconf 88' lang='lat' dir='ltr'><strong>patienter</strong></span> <span class='ocrx_word' id='word_1_333' title='bbox 1350 2922 1403 2975; x_wconf 92' lang='lat' dir='ltr'><strong>in</strong></span> <span class='ocrx_word' id='word_1_334' title='bbox 1430 2921 1682 2990; x_wconf 66' lang='lat' dir='ltr'><strong>prmseuti</strong></span> <span class='ocrx_word' id='word_1_335' title='bbox 1721 2921 1900 2975; x_wconf 87' lang='lat' dir='ltr'><strong>omnia</strong></span> <span class='ocrx_word' id='word_1_336' title='bbox 1931 2919 2156 2974; x_wconf 86' lang='lat' dir='ltr'><strong>adversa</strong></span> 
     </span>
    </p>
   </div>
   <div class='ocr_carea' id='block_1_47' title="bbox 579 3008 2153 3085">
    <p class='ocr_par' dir='ltr' id='par_1_47' title="bbox 579 3008 2153 3085">
     <span class='ocr_line' id='line_1_47' title="bbox 579 3008 2153 3085; baseline -0.003 -18"><span class='ocrx_word' id='word_1_337' title='bbox 579 3028 679 3085; x_wconf 89' lang='lat' dir='ltr'><strong>pro</strong></span> <span class='ocrx_word' id='word_1_338' title='bbox 712 3012 933 3067; x_wconf 85' lang='lat' dir='ltr'><strong>Christo</strong></span> <span class='ocrx_word' id='word_1_339' title='bbox 977 3020 1035 3066; x_wconf 90' lang='lat' dir='ltr'><strong>et</strong></span> <span class='ocrx_word' id='word_1_340' title='bbox 1070 3012 1240 3081; x_wconf 88' lang='lat' dir='ltr'><strong>ipsam</strong></span> <span class='ocrx_word' id='word_1_341' title='bbox 1288 3011 1478 3066; x_wconf 89' lang='lat' dir='ltr'><strong>mortis</strong></span> <span class='ocrx_word' id='word_1_342' title='bbox 1530 3010 1822 3065; x_wconf 91' lang='lat' dir='ltr'><strong>toleremus</strong></span> <span class='ocrx_word' id='word_1_343' title='bbox 1879 3008 2153 3080; x_wconf 85' lang='lat' dir='ltr'><strong>iujuriam,</strong></span> 
     </span>
    </p>
   </div>
   <div class='ocr_carea' id='block_1_48' title="bbox 580 3098 2153 3171">
    <p class='ocr_par' dir='ltr' id='par_1_48' title="bbox 580 3098 2153 3171">
     <span class='ocr_line' id='line_1_48' title="bbox 580 3098 2153 3171; baseline -0.004 -14"><span class='ocrx_word' id='word_1_344' title='bbox 580 3103 861 3158; x_wconf 88' lang='lat' dir='ltr'><strong>audientes</strong></span> <span class='ocrx_word' id='word_1_345' title='bbox 898 3102 967 3155; x_wconf 87' lang='lat' dir='ltr'><strong>ab</strong></span> <span class='ocrx_word' id='word_1_346' title='bbox 999 3099 1269 3171; x_wconf 79' lang='lat' dir='ltr'><strong>-Apostolo</strong></span> <span class='ocrx_word' id='word_1_347' title='bbox 1308 3118 1322 3154; x_wconf 86' lang='lat'><strong>:</strong></span> <span class='ocrx_word' id='word_1_348' title='bbox 1358 3099 1497 3165; x_wconf 91' lang='lat' dir='ltr'><strong>Quia</strong></span> <span class='ocrx_word' id='word_1_349' title='bbox 1545 3100 1591 3154; x_wconf 91' lang='lat' dir='ltr'><strong>si</strong></span> <span class='ocrx_word' id='word_1_350' title='bbox 1629 3098 1859 3169; x_wconf 87' lang='lat' dir='ltr'><strong>Spiritus</strong></span> <span class='ocrx_word' id='word_1_351' title='bbox 1912 3098 2027 3169; x_wconf 87' lang='lat' dir='ltr'><strong>ejus</strong></span> <span class='ocrx_word' id='word_1_352' title='bbox 2065 3098 2153 3169; x_wconf 85' lang='lat' dir='ltr'><strong>qui</strong></span> 
     </span>
    </p>
   </div>
   <div class='ocr_carea' id='block_1_49' title="bbox 488 3188 2157 3259">
    <p class='ocr_par' dir='ltr' id='par_1_49' title="bbox 488 3188 2157 3259">
     <span class='ocr_line' id='line_1_49' title="bbox 488 3188 2157 3259; baseline -0.003 -11"><span class='ocrx_word' id='word_1_353' title='bbox 488 3208 498 3219; x_wconf 90' lang='grc'><strong>·</strong></span> <span class='ocrx_word' id='word_1_354' title='bbox 583 3191 852 3248; x_wconf 74' lang='lat' dir='ltr'><strong>suscitauit</strong></span> <span class='ocrx_word' id='word_1_355' title='bbox 895 3191 1077 3245; x_wconf 84' lang='lat' dir='ltr'><strong>Jesum</strong></span> <span class='ocrx_word' id='word_1_356' title='bbox 1108 3207 1139 3243; x_wconf 82' lang='grc' dir='ltr'><strong><em>η</em></strong></span> <span class='ocrx_word' id='word_1_357' title='bbox 1176 3191 1396 3244; x_wconf 79' lang='lat' dir='ltr'><strong>mortuis</strong></span> <span class='ocrx_word' id='word_1_358' title='bbox 1441 3190 1602 3259; x_wconf 81' lang='lat' dir='ltr'><strong>fuerit</strong></span> <span class='ocrx_word' id='word_1_359' title='bbox 1636 3189 1692 3243; x_wconf 87' lang='lat' dir='ltr'><strong>in</strong></span> <span class='ocrx_word' id='word_1_360' title='bbox 1729 3188 1895 3252; x_wconf 80' lang='lat' dir='ltr'><strong>nobis,</strong></span> <span class='ocrx_word' id='word_1_361' title='bbox 1925 3188 2157 3257; x_wconf 80' lang='lat' dir='ltr'><strong>uiuiﬁca-</strong></span> 
     </span>
    </p>
   </div>
   <div class='ocr_carea' id='block_1_50' title="bbox 586 3278 2155 3350">
    <p class='ocr_par' dir='ltr' id='par_1_50' title="bbox 586 3278 2155 3350">
     <span class='ocr_line' id='line_1_50' title="bbox 586 3278 2155 3350; baseline -0.004 -12"><span class='ocrx_word' id='word_1_362' title='bbox 586 3285 658 3339; x_wconf 72' lang='lat' dir='ltr'><strong>lrit</strong></span> <span class='ocrx_word' id='word_1_363' title='bbox 704 3292 754 3337; x_wconf 86' lang='lat' dir='ltr'><strong>et</strong></span> <span class='ocrx_word' id='word_1_364' title='bbox 811 3280 1056 3336; x_wconf 86' lang='lat' dir='ltr'><strong>mortalia</strong></span> <span class='ocrx_word' id='word_1_365' title='bbox 1105 3297 1325 3350; x_wconf 84' lang='lat' dir='ltr'><strong>corpora</strong></span> <span class='ocrx_word' id='word_1_366' title='bbox 1381 3290 1580 3343; x_wconf 86' lang='lat' dir='ltr'><strong>nostra,</strong></span> <span class='ocrx_word' id='word_1_367' title='bbox 1633 3296 1726 3348; x_wconf 84' lang='lat' dir='ltr'><strong>per</strong></span> <span class='ocrx_word' id='word_1_368' title='bbox 1778 3278 2155 3333; x_wconf 76' lang='lat' dir='ltr'><strong>inltabituntem</strong></span> 
     </span>
    </p>
   </div>
   <div class='ocr_carea' id='block_1_51' title="bbox 582 3367 2155 3445">
    <p class='ocr_par' dir='ltr' id='par_1_51' title="bbox 582 3367 2155 3445">
     <span class='ocr_line' id='line_1_51' title="bbox 582 3367 2155 3445; baseline -0.004 -17"><span class='ocrx_word' id='word_1_369' title='bbox 582 3373 838 3445; x_wconf 74' lang='lat' dir='ltr'><strong>Spiritum</strong></span> <span class='ocrx_word' id='word_1_370' title='bbox 867 3370 980 3441; x_wconf 86' lang='lat' dir='ltr'><strong>ejus</strong></span> <span class='ocrx_word' id='word_1_371' title='bbox 1029 3372 1083 3424; x_wconf 87' lang='lat' dir='ltr'><strong>in</strong></span> <span class='ocrx_word' id='word_1_372' title='bbox 1117 3371 1264 3423; x_wconf 87' lang='lat' dir='ltr'><strong>nobis</strong></span> <span class='ocrx_word' id='word_1_373' title='bbox 1318 3368 1487 3440; x_wconf 81' lang='lat' dir='ltr'><strong>(Rom.</strong></span> <span class='ocrx_word' id='word_1_374' title='bbox 1521 3367 1664 3440; x_wconf 77' lang='lat' dir='ltr'><strong>vin).</strong></span> <span class='ocrx_word' id='word_1_375' title='bbox 1697 3367 1863 3440; x_wconf 89' lang='lat' dir='ltr'><strong>Cujus</strong></span> <span class='ocrx_word' id='word_1_376' title='bbox 1897 3367 2155 3438; x_wconf 86' lang='lat' dir='ltr'><strong>Spiritus,</strong></span> 
     </span>
    </p>
   </div>
   <div class='ocr_carea' id='block_1_52' title="bbox 580 3460 2157 3535">
    <p class='ocr_par' dir='ltr' id='par_1_52' title="bbox 580 3460 2157 3535">
     <span class='ocr_line' id='line_1_52' title="bbox 580 3460 2157 3535; baseline -0.003 -16"><span class='ocrx_word' id='word_1_377' title='bbox 580 3465 672 3535; x_wconf 90' lang='lat' dir='ltr'><strong>qui</strong></span> <span class='ocrx_word' id='word_1_378' title='bbox 720 3472 806 3519; x_wconf 90' lang='lat' dir='ltr'><strong>est</strong></span> <span class='ocrx_word' id='word_1_379' title='bbox 859 3460 1191 3534; x_wconf 88' lang='lat' dir='ltr'><strong>septiformis</strong></span> <span class='ocrx_word' id='word_1_380' title='bbox 1239 3461 1436 3532; x_wconf 84' lang='lat' dir='ltr'><strong>gratia,</strong></span> <span class='ocrx_word' id='word_1_381' title='bbox 1487 3469 1664 3531; x_wconf 90' lang='lat' dir='ltr'><strong>potest</strong></span> <span class='ocrx_word' id='word_1_382' title='bbox 1714 3461 1905 3515; x_wconf 90' lang='lat' dir='ltr'><strong>eodem</strong></span> <span class='ocrx_word' id='word_1_383' title='bbox 1951 3469 2157 3531; x_wconf 87' lang='lat' dir='ltr'><strong>septem</strong></span> 
     </span>
    </p>
   </div>
   <div class='ocr_carea' id='block_1_53' title="bbox 585 3550 2156 3622">
    <p class='ocr_par' dir='ltr' id='par_1_53' title="bbox 585 3550 2156 3622">
     <span class='ocr_line' id='line_1_53' title="bbox 585 3550 2156 3622; baseline -0.004 -10"><span class='ocrx_word' id='word_1_384' title='bbox 585 3559 796 3613; x_wconf 86' lang='lat' dir='ltr'><strong>dierum</strong></span> <span class='ocrx_word' id='word_1_385' title='bbox 831 3554 1103 3609; x_wconf 90' lang='lat' dir='ltr'><strong>lunarium</strong></span> <span class='ocrx_word' id='word_1_386' title='bbox 1135 3567 1380 3617; x_wconf 89' lang='lat' dir='ltr'><strong>numero,</strong></span> <span class='ocrx_word' id='word_1_387' title='bbox 1420 3552 1514 3622; x_wconf 90' lang='lat' dir='ltr'><strong>qui</strong></span> <span class='ocrx_word' id='word_1_388' title='bbox 1543 3550 1766 3621; x_wconf 73' lang='lat' dir='ltr'><strong>praefata</strong></span> <span class='ocrx_word' id='word_1_389' title='bbox 1797 3567 1901 3606; x_wconf 90' lang='lat' dir='ltr'><strong>una</strong></span> <span class='ocrx_word' id='word_1_390' title='bbox 1924 3552 2156 3618; x_wconf 87' lang='lat' dir='ltr'><strong>sabbati,</strong></span> 
     </span>
    </p>
   </div>
   <div class='ocr_carea' id='block_1_54' title="bbox 585 3642 2159 3712">
    <p class='ocr_par' dir='ltr' id='par_1_54' title="bbox 585 3642 2159 3712">
     <span class='ocr_line' id='line_1_54' title="bbox 585 3642 2159 3712; baseline -0.003 -9"><span class='ocrx_word' id='word_1_391' title='bbox 585 3649 637 3703; x_wconf 91' lang='lat' dir='ltr'><strong>id</strong></span> <span class='ocrx_word' id='word_1_392' title='bbox 675 3656 780 3712; x_wconf 87' lang='lat' dir='ltr'><strong>est,</strong></span> <span class='ocrx_word' id='word_1_393' title='bbox 819 3647 907 3701; x_wconf 92' lang='lat' dir='ltr'><strong>die</strong></span> <span class='ocrx_word' id='word_1_394' title='bbox 956 3645 1237 3702; x_wconf 89' lang='lat' dir='ltr'><strong>Dominica</strong></span> <span class='ocrx_word' id='word_1_395' title='bbox 1290 3642 1698 3708; x_wconf 81' lang='lat' dir='ltr'><strong>circumfertur,</strong></span> <span class='ocrx_word' id='word_1_396' title='bbox 1755 3644 2002 3698; x_wconf 88' lang='lat' dir='ltr'><strong>intimata</strong></span> <span class='ocrx_word' id='word_1_397' title='bbox 2050 3659 2159 3699; x_wconf 91' lang='lat' dir='ltr'><strong>non</strong></span> 
     </span>
    </p>
   </div>
   <div class='ocr_carea' id='block_1_55' title="bbox 586 3732 2161 3805">
    <p class='ocr_par' dir='ltr' id='par_1_55' title="bbox 586 3732 2161 3805">
     <span class='ocr_line' id='line_1_55' title="bbox 586 3732 2161 3805; baseline -0.002 -13"><span class='ocrx_word' id='word_1_398' title='bbox 586 3736 1032 3793; x_wconf 88' lang='lat' dir='ltr'><strong>inconvenieuter</strong></span> <span class='ocrx_word' id='word_1_399' title='bbox 1088 3735 1335 3804; x_wconf 80' lang='lat' dir='ltr'><strong>intelligi.</strong></span> <span class='ocrx_word' id='word_1_400' title='bbox 1369 3732 1571 3790; x_wconf 81' lang='lat' dir='ltr'><strong>Verum</strong></span> <span class='ocrx_word' id='word_1_401' title='bbox 1604 3734 1670 3789; x_wconf 90' lang='lat' dir='ltr'><strong>de</strong></span> <span class='ocrx_word' id='word_1_402' title='bbox 1714 3735 1976 3805; x_wconf 86' lang='lat' dir='ltr'><strong>mysterio</strong></span> <span class='ocrx_word' id='word_1_403' title='bbox 2024 3743 2161 3790; x_wconf 90' lang='lat' dir='ltr'><strong>tem—</strong></span> 
     </span>
    </p>
   </div>
   <div class='ocr_carea' id='block_1_56' title="bbox 586 3822 2158 3897">
    <p class='ocr_par' dir='ltr' id='par_1_56' title="bbox 586 3822 2158 3897">
     <span class='ocr_line' id='line_1_56' title="bbox 586 3822 2158 3897; baseline -0.003 -17"><span class='ocrx_word' id='word_1_404' title='bbox 586 3827 733 3897; x_wconf 89' lang='lat' dir='ltr'><strong>poris</strong></span> <span class='ocrx_word' id='word_1_405' title='bbox 760 3824 1000 3889; x_wconf 69' lang='lat' dir='ltr'><strong>Pasch-.13,</strong></span> <span class='ocrx_word' id='word_1_406' title='bbox 1034 3824 1081 3879; x_wconf 91' lang='lat' dir='ltr'><strong>si</strong></span> <span class='ocrx_word' id='word_1_407' title='bbox 1108 3824 1232 3892; x_wconf 90' lang='lat' dir='ltr'><strong>quis</strong></span> <span class='ocrx_word' id='word_1_408' title='bbox 1263 3822 1473 3892; x_wconf 89' lang='lat' dir='ltr'><strong>plenius</strong></span> <span class='ocrx_word' id='word_1_409' title='bbox 1502 3822 1642 3877; x_wconf 87' lang='lat' dir='ltr'><strong>scire</strong></span> <span class='ocrx_word' id='word_1_410' title='bbox 1668 3822 1805 3887; x_wconf 86' lang='lat' dir='ltr'><strong>vult,</strong></span> <span class='ocrx_word' id='word_1_411' title='bbox 1846 3822 1987 3893; x_wconf 87' lang='lat' dir='ltr'><strong>legat</strong></span> <span class='ocrx_word' id='word_1_412' title='bbox 2015 3823 2158 3877; x_wconf 89' lang='lat' dir='ltr'><strong>beati</strong></span> 
     </span>
    </p>
   </div>
   <div class='ocr_carea' id='block_1_57' title="bbox 585 3912 2158 3985">
    <p class='ocr_par' dir='ltr' id='par_1_57' title="bbox 585 3912 2158 3985">
     <span class='ocr_line' id='line_1_57' title="bbox 585 3912 2158 3985; baseline -0.003 -11"><span class='ocrx_word' id='word_1_413' title='bbox 585 3916 795 3974; x_wconf 69' lang='lat' dir='ltr'><strong>Aurelii</strong></span> <span class='ocrx_word' id='word_1_414' title='bbox 851 3915 1137 3985; x_wconf 81' lang='lat' dir='ltr'><strong>Augustini</strong></span> <span class='ocrx_word' id='word_1_415' title='bbox 1171 3916 1240 3968; x_wconf 89' lang='lat' dir='ltr'><strong>ad</strong></span> <span class='ocrx_word' id='word_1_416' title='bbox 1289 3912 1612 3967; x_wconf 72' lang='lat' dir='ltr'><strong>Ianuarium</strong></span> <span class='ocrx_word' id='word_1_417' title='bbox 1645 3914 1927 3982; x_wconf 87' lang='lat' dir='ltr'><strong>epistolam</strong></span> <span class='ocrx_word' id='word_1_418' title='bbox 1973 3914 2041 3969; x_wconf 87' lang='lat' dir='ltr'><strong>de</strong></span> <span class='ocrx_word' id='word_1_419' title='bbox 2069 3930 2158 3969; x_wconf 88' lang='lat' dir='ltr'><strong>ra—</strong></span> 
     </span>
    </p>
   </div>
   <div class='ocr_carea' id='block_1_58' title="bbox 587 4003 1026 4075">
    <p class='ocr_par' dir='ltr' id='par_1_58' title="bbox 587 4003 1026 4075">
     <span class='ocr_line' id='line_1_58' title="bbox 587 4003 1026 4075; baseline -0.005 -14"><span class='ocrx_word' id='word_1_420' title='bbox 587 4006 733 4061; x_wconf 85' lang='lat' dir='ltr'><strong>tione</strong></span> <span class='ocrx_word' id='word_1_421' title='bbox 760 4003 1026 4075; x_wconf 85' lang='lat' dir='ltr'><strong>paschali.</strong></span> 
     </span>
    </p>
   </div>
   <div class='ocr_carea' id='block_1_59' title="bbox 1213 4140 1543 4198">
    <p class='ocr_par' dir='ltr' id='par_1_59' title="bbox 1213 4140 1543 4198">
     <span class='ocr_line' id='line_1_59' title="bbox 1213 4140 1543 4198; baseline 0.003 -3"><span class='ocrx_word' id='word_1_422' title='bbox 1213 4140 1439 4198; x_wconf 84' lang='lat' dir='ltr'><strong>CAPUT</strong></span> <span class='ocrx_word' id='word_1_423' title='bbox 1480 4142 1543 4197; x_wconf 89' lang='lat' dir='ltr'><strong>ll.</strong></span> 
     </span>
    </p>
   </div>
   <div class='ocr_carea' id='block_1_60' title="bbox 587 4253 2160 4331">
    <p class='ocr_par' dir='ltr' id='par_1_60' title="bbox 587 4253 2160 4331">
     <span class='ocr_line' id='line_1_60' title="bbox 587 4253 2160 4331; baseline -0.001 -17"><span class='ocrx_word' id='word_1_424' title='bbox 587 4259 666 4314; x_wconf 86' lang='lat' dir='ltr'><strong>De</strong></span> <span class='ocrx_word' id='word_1_425' title='bbox 685 4258 766 4314; x_wconf 84' lang='lat' dir='ltr'><strong>his</strong></span> <span class='ocrx_word' id='word_1_426' title='bbox 801 4257 898 4331; x_wconf 87' lang='lat' dir='ltr'><strong>qui</strong></span> <span class='ocrx_word' id='word_1_427' title='bbox 919 4273 1027 4331; x_wconf 77' lang='lat' dir='ltr'><strong>non</strong></span> <span class='ocrx_word' id='word_1_428' title='bbox 1052 4264 1292 4326; x_wconf 85' lang='lat' dir='ltr'><strong>poterunt</strong></span> <span class='ocrx_word' id='word_1_429' title='bbox 1339 4253 1549 4331; x_wconf 79' lang='lat' dir='ltr'><strong>Pascha</strong></span> <span class='ocrx_word' id='word_1_430' title='bbox 1575 4257 1888 4331; x_wconf 77' lang='lat' dir='ltr'><strong>intempore</strong></span> <span class='ocrx_word' id='word_1_431' title='bbox 1922 4274 2019 4312; x_wconf 86' lang='lat' dir='ltr'><strong>suo</strong></span> <span class='ocrx_word' id='word_1_432' title='bbox 2057 4272 2160 4329; x_wconf 88' lang='lat' dir='ltr'><strong>quo</strong></span> 
     </span>
    </p>
   </div>
   <div class='ocr_carea' id='block_1_61' title="bbox 958 4326 1797 4395">
    <p class='ocr_par' dir='ltr' id='par_1_61' title="bbox 958 4326 1797 4395">
     <span class='ocr_line' id='line_1_61' title="bbox 958 4326 1797 4395; baseline 0.001 -14"><span class='ocrx_word' id='word_1_433' title='bbox 958 4328 1034 4382; x_wconf 87' lang='lat' dir='ltr'><strong>eis</strong></span> <span class='ocrx_word' id='word_1_434' title='bbox 1070 4334 1384 4395; x_wconf 69' lang='lat' dir='ltr'><strong>praceptum</strong></span> <span class='ocrx_word' id='word_1_435' title='bbox 1418 4329 1485 4381; x_wconf 85' lang='lat' dir='ltr'><strong>sit</strong></span> <span class='ocrx_word' id='word_1_436' title='bbox 1519 4326 1797 4382; x_wconf 80' lang='lat' dir='ltr'><strong>celebrare.</strong></span> 
     </span>
    </p>
   </div>
   <div class='ocr_carea' id='block_1_62' title="bbox 661 4460 2159 4534">
    <p class='ocr_par' dir='ltr' id='par_1_62' title="bbox 661 4460 2159 4534">
     <span class='ocr_line' id='line_1_62' title="bbox 661 4460 2159 4534; baseline 0.001 -20"><span class='ocrx_word' id='word_1_437' title='bbox 661 4460 839 4534; x_wconf 67' lang='lat' dir='ltr'><strong>(Imm)</strong></span> <span class='ocrx_word' id='word_1_438' title='bbox 855 4460 989 4515; x_wconf 83' lang='lat' dir='ltr'><strong>Ecce</strong></span> <span class='ocrx_word' id='word_1_439' title='bbox 1002 4468 1177 4514; x_wconf 85' lang='lat' dir='ltr'><strong>autem</strong></span> <span class='ocrx_word' id='word_1_440' title='bbox 1188 4462 1403 4531; x_wconf 87' lang='lat' dir='ltr'><strong>quidam</strong></span> <span class='ocrx_word' id='word_1_441' title='bbox 1424 4461 1680 4517; x_wconf 83' lang='lat' dir='ltr'><strong>immundi</strong></span> <span class='ocrx_word' id='word_1_442' title='bbox 1698 4478 1856 4534; x_wconf 90' lang='lat' dir='ltr'><strong>super</strong></span> <span class='ocrx_word' id='word_1_443' title='bbox 1875 4463 2051 4517; x_wconf 87' lang='lat' dir='ltr'><strong>anima</strong></span> <span class='ocrx_word' id='word_1_444' title='bbox 2064 4470 2159 4516; x_wconf 85' lang='lat' dir='ltr'><strong>ho-</strong></span> 
     </span>
    </p>
   </div>
   <div class='ocr_carea' id='block_1_63' title="bbox 564 4548 2156 4621">
    <p class='ocr_par' dir='ltr' id='par_1_63' title="bbox 564 4548 2156 4621">
     <span class='ocr_line' id='line_1_63' title="bbox 564 4548 2156 4621; baseline 0.002 -17"><span class='ocrx_word' id='word_1_445' title='bbox 564 4552 767 4613; x_wconf 86' lang='lat' dir='ltr'><strong>-minis,</strong></span> <span class='ocrx_word' id='word_1_446' title='bbox 789 4551 878 4620; x_wconf 83' lang='lat' dir='ltr'><strong>qui</strong></span> <span class='ocrx_word' id='word_1_447' title='bbox 907 4565 1013 4603; x_wconf 82' lang='lat' dir='ltr'><strong>non</strong></span> <span class='ocrx_word' id='word_1_448' title='bbox 1034 4556 1273 4618; x_wconf 81' lang='lat' dir='ltr'><strong>poterant</strong></span> <span class='ocrx_word' id='word_1_449' title='bbox 1298 4548 1469 4618; x_wconf 80' lang='lat' dir='ltr'><strong>facere</strong></span> <span class='ocrx_word' id='word_1_450' title='bbox 1485 4553 1659 4621; x_wconf 84' lang='lat' dir='ltr'><strong>phase,</strong></span> <span class='ocrx_word' id='word_1_451' title='bbox 1695 4551 1751 4605; x_wconf 88' lang='lat' dir='ltr'><strong>in</strong></span> <span class='ocrx_word' id='word_1_452' title='bbox 1776 4551 1861 4605; x_wconf 88' lang='lat' dir='ltr'><strong>die</strong></span> <span class='ocrx_word' id='word_1_453' title='bbox 1881 4551 2156 4616; x_wconf 88' lang='lat' dir='ltr'><strong>illo,acce-</strong></span> 
     </span>
    </p>
   </div>
   <div class='ocr_carea' id='block_1_64' title="bbox 566 4637 2159 4707">
    <p class='ocr_par' dir='ltr' id='par_1_64' title="bbox 566 4637 2159 4707">
     <span class='ocr_line' id='line_1_64' title="bbox 566 4637 2159 4707; baseline 0.003 -16"><span class='ocrx_word' id='word_1_454' title='bbox 566 4670 569 4671; x_wconf 53' lang='grc' dir='ltr'><em>ν</em></span> <span class='ocrx_word' id='word_1_455' title='bbox 596 4641 771 4693; x_wconf 83' lang='lat' dir='ltr'><strong>dentes</strong></span> <span class='ocrx_word' id='word_1_456' title='bbox 801 4639 868 4692; x_wconf 89' lang='lat' dir='ltr'><strong>ad</strong></span> <span class='ocrx_word' id='word_1_457' title='bbox 911 4637 1128 4707; x_wconf 78' lang='lat' dir='ltr'><strong>Moysen</strong></span> <span class='ocrx_word' id='word_1_458' title='bbox 1155 4646 1203 4691; x_wconf 89' lang='lat' dir='ltr'><strong>et</strong></span> <span class='ocrx_word' id='word_1_459' title='bbox 1250 4638 1428 4692; x_wconf 81' lang='lat' dir='ltr'><strong>Aaron</strong></span> <span class='ocrx_word' id='word_1_460' title='bbox 1469 4639 1712 4694; x_wconf 75' lang='lat' dir='ltr'><strong>dixerunt</strong></span> <span class='ocrx_word' id='word_1_461' title='bbox 1740 4641 1815 4693; x_wconf 83' lang='lat' dir='ltr'><strong>eis</strong></span> <span class='ocrx_word' id='word_1_462' title='bbox 1839 4653 1858 4691; x_wconf 90' lang='lat'><strong><em>:</em></strong></span> <span class='ocrx_word' id='word_1_463' title='bbox 1888 4639 2159 4695; x_wconf 84' lang='lat' dir='ltr'><strong>lmmundi</strong></span> 
     </span>
    </p>
   </div>
   <div class='ocr_carea' id='block_1_65' title="bbox 592 4726 2157 4796">
    <p class='ocr_par' dir='ltr' id='par_1_65' title="bbox 592 4726 2157 4796">
     <span class='ocr_line' id='line_1_65' title="bbox 592 4726 2157 4796; baseline 0.002 -15"><span class='ocrx_word' id='word_1_464' title='bbox 592 4744 773 4781; x_wconf 85' lang='lat' dir='ltr'><strong>sumus</strong></span> <span class='ocrx_word' id='word_1_465' title='bbox 819 4743 974 4796; x_wconf 84' lang='lat' dir='ltr'><strong>super</strong></span> <span class='ocrx_word' id='word_1_466' title='bbox 1009 4726 1188 4780; x_wconf 83' lang='lat' dir='ltr'><strong>anima</strong></span> <span class='ocrx_word' id='word_1_467' title='bbox 1232 4726 1476 4781; x_wconf 81' lang='lat' dir='ltr'><strong>hominis.</strong></span> <span class='ocrx_word' id='word_1_468' title='bbox 1529 4727 1705 4792; x_wconf 82' lang='lat' dir='ltr'><strong>Quare</strong></span> <span class='ocrx_word' id='word_1_469' title='bbox 1752 4728 2067 4796; x_wconf 76' lang='lat' dir='ltr'><strong>fraudamur</strong></span> <span class='ocrx_word' id='word_1_470' title='bbox 2102 4741 2157 4784; x_wconf 86' lang='lat' dir='ltr'><strong>ut</strong></span> 
     </span>
    </p>
   </div>
   <div class='ocr_carea' id='block_1_66' title="bbox 594 4815 2158 4890">
    <p class='ocr_par' dir='ltr' id='par_1_66' title="bbox 594 4815 2158 4890">
     <span class='ocr_line' id='line_1_66' title="bbox 594 4815 2158 4890; baseline 0.003 -21"><span class='ocrx_word' id='word_1_471' title='bbox 594 4832 699 4869; x_wconf 87' lang='lat' dir='ltr'><strong>non</strong></span> <span class='ocrx_word' id='word_1_472' title='bbox 721 4815 983 4870; x_wconf 79' lang='lat' dir='ltr'><strong>valeamus</strong></span> <span class='ocrx_word' id='word_1_473' title='bbox 1029 4815 1218 4884; x_wconf 72' lang='lat' dir='ltr'><strong>oﬁ&#39;erre</strong></span> <span class='ocrx_word' id='word_1_474' title='bbox 1246 4815 1558 4870; x_wconf 82' lang='lat' dir='ltr'><strong>oblationem</strong></span> <span class='ocrx_word' id='word_1_475' title='bbox 1587 4816 1812 4870; x_wconf 88' lang='lat' dir='ltr'><strong>Domino</strong></span> <span class='ocrx_word' id='word_1_476' title='bbox 1849 4819 1905 4872; x_wconf 89' lang='lat' dir='ltr'><strong>in</strong></span> <span class='ocrx_word' id='word_1_477' title='bbox 1933 4827 2158 4890; x_wconf 86' lang='lat' dir='ltr'><strong>tempore</strong></span> 
     </span>
    </p>
   </div>
   <div class='ocr_carea' id='block_1_67' title="bbox 593 4903 2155 4980">
    <p class='ocr_par' dir='ltr' id='par_1_67' title="bbox 593 4903 2155 4980">
     <span class='ocr_line' id='line_1_67' title="bbox 593 4903 2155 4980; baseline 0.004 -22"><span class='ocrx_word' id='word_1_478' title='bbox 593 4921 710 4968; x_wconf 89' lang='lat' dir='ltr'><strong>suo,</strong></span> <span class='ocrx_word' id='word_1_479' title='bbox 739 4904 877 4957; x_wconf 87' lang='lat' dir='ltr'><strong>inter</strong></span> <span class='ocrx_word' id='word_1_480' title='bbox 899 4904 1037 4972; x_wconf 80' lang='lat' dir='ltr'><strong>ﬁlios</strong></span> <span class='ocrx_word' id='word_1_481' title='bbox 1070 4903 1285 4959; x_wconf 81' lang='lat' dir='ltr'><strong>Israel?</strong></span> <span class='ocrx_word' id='word_1_482' title='bbox 1338 4904 1539 4971; x_wconf 82' lang='lat' dir='ltr'><strong>Quibus</strong></span> <span class='ocrx_word' id='word_1_483' title='bbox 1589 4907 1853 4976; x_wconf 60' lang='lat' dir='ltr'><strong>respondit</strong></span> <span class='ocrx_word' id='word_1_484' title='bbox 1900 4906 2107 4980; x_wconf 79' lang='lat' dir='ltr'><strong>Moyses</strong></span> <span class='ocrx_word' id='word_1_485' title='bbox 2137 4925 2155 4964; x_wconf 92' lang='lat'><strong><em>:</em></strong></span> 
     </span>
    </p>
   </div>
   <div class='ocr_carea' id='block_1_68' title="bbox 597 4992 2158 5065">
    <p class='ocr_par' dir='ltr' id='par_1_68' title="bbox 597 4992 2158 5065">
     <span class='ocr_line' id='line_1_68' title="bbox 597 4992 2158 5065; baseline 0.004 -17"><span class='ocrx_word' id='word_1_486' title='bbox 597 4992 741 5048; x_wconf 84' lang='lat' dir='ltr'><strong>State</strong></span> <span class='ocrx_word' id='word_1_487' title='bbox 766 5003 820 5046; x_wconf 90' lang='lat' dir='ltr'><strong>ut</strong></span> <span class='ocrx_word' id='word_1_488' title='bbox 872 4993 1141 5048; x_wconf 86' lang='lat' dir='ltr'><strong>consulam</strong></span> <span class='ocrx_word' id='word_1_489' title='bbox 1190 4994 1315 5064; x_wconf 86' lang='lat' dir='ltr'><strong>quid</strong></span> <span class='ocrx_word' id='word_1_490' title='bbox 1362 4996 1632 5065; x_wconf 70' lang='lat' dir='ltr'><strong>praecipiat</strong></span> <span class='ocrx_word' id='word_1_491' title='bbox 1681 4994 1937 5053; x_wconf 86' lang='lat' dir='ltr'><strong>Dominus</strong></span> <span class='ocrx_word' id='word_1_492' title='bbox 1967 5000 2032 5054; x_wconf 93' lang='lat' dir='ltr'><strong>de</strong></span> <span class='ocrx_word' id='word_1_493' title='bbox 2070 5017 2158 5055; x_wconf 79' lang='lat' dir='ltr'><strong>ro-</strong></span> 
     </span>
    </p>
   </div>
   <div class='ocr_carea' id='block_1_69' title="bbox 596 5084 2161 5156">
    <p class='ocr_par' dir='ltr' id='par_1_69' title="bbox 596 5084 2161 5156">
     <span class='ocr_line' id='line_1_69' title="bbox 596 5084 2161 5156; baseline 0.004 -17"><span class='ocrx_word' id='word_1_494' title='bbox 596 5084 693 5139; x_wconf 89' lang='lat' dir='ltr'><strong>bis.</strong></span> <span class='ocrx_word' id='word_1_495' title='bbox 731 5084 959 5138; x_wconf 87' lang='lat' dir='ltr'><strong>Locutus</strong></span> <span class='ocrx_word' id='word_1_496' title='bbox 1002 5094 1078 5138; x_wconf 90' lang='lat' dir='ltr'><strong>est</strong></span> <span class='ocrx_word' id='word_1_497' title='bbox 1116 5084 1369 5138; x_wconf 85' lang='lat' dir='ltr'><strong>Dominus</strong></span> <span class='ocrx_word' id='word_1_498' title='bbox 1403 5084 1473 5137; x_wconf 91' lang='lat' dir='ltr'><strong>ad</strong></span> <span class='ocrx_word' id='word_1_499' title='bbox 1522 5085 1735 5156; x_wconf 75' lang='lat' dir='ltr'><strong>Moysen</strong></span> <span class='ocrx_word' id='word_1_500' title='bbox 1785 5089 2007 5143; x_wconf 86' lang='lat' dir='ltr'><strong>dicens:</strong></span> <span class='ocrx_word' id='word_1_501' title='bbox 2059 5090 2161 5146; x_wconf 87' lang='lat' dir='ltr'><strong>Lo-</strong></span> 
     </span>
    </p>
   </div>
   <div class='ocr_carea' id='block_1_70' title="bbox 568 5171 2159 5246">
    <p class='ocr_par' dir='ltr' id='par_1_70' title="bbox 568 5171 2159 5246">
     <span class='ocr_line' id='line_1_70' title="bbox 568 5171 2159 5246; baseline 0.006 -20"><span class='ocrx_word' id='word_1_502' title='bbox 568 5190 751 5246; x_wconf 73' lang='lat' dir='ltr'><strong>quere</strong></span> <span class='ocrx_word' id='word_1_503' title='bbox 786 5172 912 5243; x_wconf 77' lang='lat' dir='ltr'><strong>[iliis</strong></span> <span class='ocrx_word' id='word_1_504' title='bbox 957 5173 1166 5228; x_wconf 88' lang='lat' dir='ltr'><strong>Israel:</strong></span> <span class='ocrx_word' id='word_1_505' title='bbox 1197 5171 1367 5226; x_wconf 78' lang='lat' dir='ltr'><strong>Homo</strong></span> <span class='ocrx_word' id='word_1_506' title='bbox 1394 5174 1484 5244; x_wconf 85' lang='lat' dir='ltr'><strong>qui</strong></span> <span class='ocrx_word' id='word_1_507' title='bbox 1532 5175 1691 5243; x_wconf 81' lang='lat' dir='ltr'><strong>fuerit</strong></span> <span class='ocrx_word' id='word_1_508' title='bbox 1720 5177 2022 5233; x_wconf 83' lang='lat' dir='ltr'><strong>immundus</strong></span> <span class='ocrx_word' id='word_1_509' title='bbox 2065 5197 2159 5235; x_wconf 84' lang='lat' dir='ltr'><strong>su-</strong></span> 
     </span>
    </p>
   </div>
   <div class='ocr_carea' id='block_1_71' title="bbox 597 5262 2160 5340">
    <p class='ocr_par' dir='ltr' id='par_1_71' title="bbox 597 5262 2160 5340">
     <span class='ocr_line' id='line_1_71' title="bbox 597 5262 2160 5340; baseline 0.001 -18"><span class='ocrx_word' id='word_1_510' title='bbox 597 5284 690 5340; x_wconf 85' lang='lat' dir='ltr'><strong>per</strong></span> <span class='ocrx_word' id='word_1_511' title='bbox 716 5267 915 5330; x_wconf 88' lang='lat' dir='ltr'><strong>anima,</strong></span> <span class='ocrx_word' id='word_1_512' title='bbox 946 5266 1051 5318; x_wconf 83' lang='lat' dir='ltr'><strong>sive</strong></span> <span class='ocrx_word' id='word_1_513' title='bbox 1098 5266 1154 5318; x_wconf 88' lang='lat' dir='ltr'><strong>in</strong></span> <span class='ocrx_word' id='word_1_514' title='bbox 1184 5264 1266 5318; x_wconf 84' lang='lat' dir='ltr'><strong>uia</strong></span> <span class='ocrx_word' id='word_1_515' title='bbox 1297 5262 1480 5334; x_wconf 83' lang='lat' dir='ltr'><strong>procul</strong></span> <span class='ocrx_word' id='word_1_516' title='bbox 1513 5264 1565 5319; x_wconf 85' lang='lat' dir='ltr'><strong>in</strong></span> <span class='ocrx_word' id='word_1_517' title='bbox 1593 5278 1740 5336; x_wconf 75' lang='lat' dir='ltr'><strong>gente</strong></span> <span class='ocrx_word' id='word_1_518' title='bbox 1784 5278 1972 5334; x_wconf 78' lang='lat' dir='ltr'><strong>vestra,</strong></span> <span class='ocrx_word' id='word_1_519' title='bbox 1999 5270 2160 5340; x_wconf 80' lang='lat' dir='ltr'><strong>faciat</strong></span> 
     </span>
    </p>
   </div>
   <div class='ocr_carea' id='block_1_72' title="bbox 600 5355 2162 5427">
    <p class='ocr_par' dir='ltr' id='par_1_72' title="bbox 600 5355 2162 5427">
     <span class='ocr_line' id='line_1_72' title="bbox 600 5355 2162 5427; baseline 0.002 -15"><span class='ocrx_word' id='word_1_520' title='bbox 600 5358 756 5412; x_wconf 85' lang='lat' dir='ltr'><strong>ohase</strong></span> <span class='ocrx_word' id='word_1_521' title='bbox 807 5355 1030 5409; x_wconf 87' lang='lat' dir='ltr'><strong>Domino</strong></span> <span class='ocrx_word' id='word_1_522' title='bbox 1094 5370 1266 5408; x_wconf 87' lang='lat' dir='ltr'><strong>mense</strong></span> <span class='ocrx_word' id='word_1_523' title='bbox 1322 5356 1571 5417; x_wconf 86' lang='lat' dir='ltr'><strong>secundo,</strong></span> <span class='ocrx_word' id='word_1_524' title='bbox 1630 5358 2021 5427; x_wconf 86' lang='lat' dir='ltr'><strong>quartadecima</strong></span> <span class='ocrx_word' id='word_1_525' title='bbox 2075 5361 2162 5416; x_wconf 88' lang='lat' dir='ltr'><strong>die</strong></span> 
     </span>
    </p>
   </div>
   <div class='ocr_carea' id='block_1_73' title="bbox 597 5446 2159 5519">
    <p class='ocr_par' dir='ltr' id='par_1_73' title="bbox 597 5446 2159 5519">
     <span class='ocr_line' id='line_1_73' title="bbox 597 5446 2159 5519; baseline 0.003 -18"><span class='ocrx_word' id='word_1_526' title='bbox 597 5450 787 5502; x_wconf 80' lang='lat' dir='ltr'><strong>mensis</strong></span> <span class='ocrx_word' id='word_1_527' title='bbox 817 5446 886 5500; x_wconf 85' lang='lat' dir='ltr'><strong>ad</strong></span> <span class='ocrx_word' id='word_1_528' title='bbox 915 5460 1200 5514; x_wconf 79' lang='lat' dir='ltr'><strong>uesperum,</strong></span> <span class='ocrx_word' id='word_1_529' title='bbox 1231 5460 1349 5497; x_wconf 89' lang='lat' dir='ltr'><strong>cum</strong></span> <span class='ocrx_word' id='word_1_530' title='bbox 1378 5446 1579 5514; x_wconf 80' lang='lat' dir='ltr'><strong>azymis</strong></span> <span class='ocrx_word' id='word_1_531' title='bbox 1618 5457 1665 5500; x_wconf 87' lang='lat' dir='ltr'><strong>et</strong></span> <span class='ocrx_word' id='word_1_532' title='bbox 1691 5446 1907 5502; x_wconf 89' lang='lat' dir='ltr'><strong>lactucis</strong></span> <span class='ocrx_word' id='word_1_533' title='bbox 1935 5454 2159 5519; x_wconf 83' lang='lat' dir='ltr'><strong>agresti-</strong></span> 
     </span>
    </p>
   </div>
   <div class='ocr_carea' id='block_1_74' title="bbox 600 5533 2160 5609">
    <p class='ocr_par' dir='ltr' id='par_1_74' title="bbox 600 5533 2160 5609">
     <span class='ocr_line' id='line_1_74' title="bbox 600 5533 2160 5609; baseline 0.003 -20"><span class='ocrx_word' id='word_1_534' title='bbox 600 5538 693 5590; x_wconf 86' lang='lat' dir='ltr'><strong>bus</strong></span> <span class='ocrx_word' id='word_1_535' title='bbox 726 5536 988 5591; x_wconf 85' lang='lat' dir='ltr'><strong>comedent</strong></span> <span class='ocrx_word' id='word_1_536' title='bbox 1021 5534 1171 5588; x_wconf 83' lang='lat' dir='ltr'><strong>illud.</strong></span> <span class='ocrx_word' id='word_1_537' title='bbox 1211 5533 1328 5588; x_wconf 80' lang='lat' dir='ltr'><strong>Non</strong></span> <span class='ocrx_word' id='word_1_538' title='bbox 1368 5534 1654 5604; x_wconf 84' lang='lat' dir='ltr'><strong>relinquent</strong></span> <span class='ocrx_word' id='word_1_539' title='bbox 1681 5554 1745 5591; x_wconf 70' lang='lat' dir='ltr'><strong>ex</strong></span> <span class='ocrx_word' id='word_1_540' title='bbox 1787 5555 1847 5592; x_wconf 89' lang='lat' dir='ltr'><strong>eo</strong></span> <span class='ocrx_word' id='word_1_541' title='bbox 1892 5540 2160 5609; x_wconf 83' lang='lat' dir='ltr'><strong>quidpiam</strong></span> 
     </span>
    </p>
   </div>
   <div class='ocr_carea' id='block_1_75' title="bbox 602 5628 2161 5699">
    <p class='ocr_par' dir='ltr' id='par_1_75' title="bbox 602 5628 2161 5699">
     <span class='ocr_line' id='line_1_75' title="bbox 602 5628 2161 5699; baseline 0.006 -22"><span class='ocrx_word' id='word_1_542' title='bbox 602 5643 759 5696; x_wconf 80' lang='lat' dir='ltr'><strong>usque</strong></span> <span class='ocrx_word' id='word_1_543' title='bbox 786 5645 957 5691; x_wconf 73' lang='lat' dir='ltr'><strong>mane,</strong></span> <span class='ocrx_word' id='word_1_544' title='bbox 1012 5638 1058 5679; x_wconf 80' lang='lat' dir='ltr'><strong>et</strong></span> <span class='ocrx_word' id='word_1_545' title='bbox 1088 5643 1144 5679; x_wconf 82' lang='lat' dir='ltr'><strong>os</strong></span> <span class='ocrx_word' id='word_1_546' title='bbox 1164 5628 1279 5696; x_wconf 79' lang='lat' dir='ltr'><strong>ejus</strong></span> <span class='ocrx_word' id='word_1_547' title='bbox 1314 5644 1415 5680; x_wconf 87' lang='lat' dir='ltr'><strong>non</strong></span> <span class='ocrx_word' id='word_1_548' title='bbox 1464 5629 1807 5699; x_wconf 72' lang='lat' dir='ltr'><strong>confringant,</strong></span> <span class='ocrx_word' id='word_1_549' title='bbox 1866 5649 2065 5685; x_wconf 70' lang='lat' dir='ltr'><strong>omnem</strong></span> <span class='ocrx_word' id='word_1_550' title='bbox 2092 5637 2161 5686; x_wconf 83' lang='lat' dir='ltr'><strong>ri-</strong></span> 
     </span>
    </p>
   </div>
   <div class='ocr_carea' id='block_1_76' title="bbox 2245 1812 3722 1897">
    <p class='ocr_par' dir='ltr' id='par_1_76' title="bbox 2245 1812 3722 1897">
     <span class='ocr_line' id='line_1_76' title="bbox 2245 1812 3722 1897; baseline -0.01 -17"><span class='ocrx_word' id='word_1_551' title='bbox 2245 1824 2537 1897; x_wconf 88' lang='lat' dir='ltr'><strong>pertinere.</strong></span> <span class='ocrx_word' id='word_1_552' title='bbox 2572 1819 2681 1876; x_wconf 87' lang='lat' dir='ltr'><strong>Sed</strong></span> <span class='ocrx_word' id='word_1_553' title='bbox 2706 1818 2834 1890; x_wconf 90' lang='lat' dir='ltr'><strong>quid</strong></span> <span class='ocrx_word' id='word_1_554' title='bbox 2871 1817 2973 1872; x_wconf 86' lang='lat' dir='ltr'><strong>sibi</strong></span> <span class='ocrx_word' id='word_1_555' title='bbox 3003 1817 3134 1872; x_wconf 84' lang='lat' dir='ltr'><strong>velit</strong></span> <span class='ocrx_word' id='word_1_556' title='bbox 3160 1815 3438 1871; x_wconf 88' lang='lat' dir='ltr'><strong>secundum</strong></span> <span class='ocrx_word' id='word_1_557' title='bbox 3463 1812 3722 1884; x_wconf 78' lang='lat' dir='ltr'><strong>mysterium,</strong></span> 
     </span>
    </p>
   </div>
   <div class='ocr_carea' id='block_1_77' title="bbox 2246 1904 3726 1987">
    <p class='ocr_par' dir='ltr' id='par_1_77' title="bbox 2246 1904 3726 1987">
     <span class='ocr_line' id='line_1_77' title="bbox 2246 1904 3726 1987; baseline -0.01 -16"><span class='ocrx_word' id='word_1_558' title='bbox 2246 1915 2389 1987; x_wconf 89' lang='lat' dir='ltr'><strong>quod</strong></span> <span class='ocrx_word' id='word_1_559' title='bbox 2413 1914 2470 1968; x_wconf 88' lang='lat' dir='ltr'><strong>hi</strong></span> <span class='ocrx_word' id='word_1_560' title='bbox 2499 1913 2592 1983; x_wconf 92' lang='lat' dir='ltr'><strong>qui</strong></span> <span class='ocrx_word' id='word_1_561' title='bbox 2622 1911 2833 1981; x_wconf 87' lang='lat' dir='ltr'><strong>longius</strong></span> <span class='ocrx_word' id='word_1_562' title='bbox 2862 1909 3132 1973; x_wconf 89' lang='lat' dir='ltr'><strong>habitant,</strong></span> <span class='ocrx_word' id='word_1_563' title='bbox 3171 1906 3251 1962; x_wconf 81' lang='lat' dir='ltr'><strong>vel</strong></span> <span class='ocrx_word' id='word_1_564' title='bbox 3276 1906 3513 1961; x_wconf 83' lang='lat' dir='ltr'><strong>immundi</strong></span> <span class='ocrx_word' id='word_1_565' title='bbox 3537 1904 3726 1981; x_wconf 78' lang='lat' dir='ltr'><strong>inanima</strong></span> 
     </span>
    </p>
   </div>
   <div class='ocr_carea' id='block_1_78' title="bbox 2246 1994 3729 2071">
    <p class='ocr_par' dir='ltr' id='par_1_78' title="bbox 2246 1994 3729 2071">
     <span class='ocr_line' id='line_1_78' title="bbox 2246 1994 3729 2071; baseline -0.009 -11"><span class='ocrx_word' id='word_1_566' title='bbox 2246 2006 2473 2071; x_wconf 78' lang='lat' dir='ltr'><strong>fuerint,</strong></span> <span class='ocrx_word' id='word_1_567' title='bbox 2495 2003 2550 2057; x_wconf 91' lang='lat' dir='ltr'><strong>in</strong></span> <span class='ocrx_word' id='word_1_568' title='bbox 2576 2001 2814 2057; x_wconf 78' lang='lat' dir='ltr'><strong>secundo</strong></span> <span class='ocrx_word' id='word_1_569' title='bbox 2840 2014 3027 2055; x_wconf 89' lang='lat' dir='ltr'><strong>mense</strong></span> <span class='ocrx_word' id='word_1_570' title='bbox 3060 1999 3264 2068; x_wconf 88' lang='lat' dir='ltr'><strong>pascha</strong></span> <span class='ocrx_word' id='word_1_571' title='bbox 3304 1996 3429 2066; x_wconf 76' lang='lat' dir='ltr'><strong>iussi</strong></span> <span class='ocrx_word' id='word_1_572' title='bbox 3448 2005 3555 2052; x_wconf 89' lang='lat' dir='ltr'><strong>sunt</strong></span> <span class='ocrx_word' id='word_1_573' title='bbox 3575 1994 3729 2049; x_wconf 71' lang='lat' dir='ltr'><strong>facere?</strong></span> 
     </span>
    </p>
   </div>
   <div class='ocr_carea' id='block_1_79' title="bbox 2248 2088 3725 2164">
    <p class='ocr_par' dir='ltr' id='par_1_79' title="bbox 2248 2088 3725 2164">
     <span class='ocr_line' id='line_1_79' title="bbox 2248 2088 3725 2164; baseline -0.007 -13"><span class='ocrx_word' id='word_1_574' title='bbox 2248 2092 2403 2164; x_wconf 83' lang='lat' dir='ltr'><strong>Quod</strong></span> <span class='ocrx_word' id='word_1_575' title='bbox 2427 2093 2682 2148; x_wconf 85' lang='lat' dir='ltr'><strong>nimirum</strong></span> <span class='ocrx_word' id='word_1_576' title='bbox 2713 2093 2765 2146; x_wconf 90' lang='lat' dir='ltr'><strong>in</strong></span> <span class='ocrx_word' id='word_1_577' title='bbox 2792 2100 2980 2162; x_wconf 80' lang='lat' dir='ltr'><strong>typum</strong></span> <span class='ocrx_word' id='word_1_578' title='bbox 3010 2089 3323 2160; x_wconf 86' lang='lat' dir='ltr'><strong>intelligitur</strong></span> <span class='ocrx_word' id='word_1_579' title='bbox 3342 2088 3507 2160; x_wconf 89' lang='lat' dir='ltr'><strong>populi</strong></span> <span class='ocrx_word' id='word_1_580' title='bbox 3531 2088 3725 2159; x_wconf 83' lang='lat' dir='ltr'><strong>gentium,</strong></span> 
     </span>
    </p>
   </div>
   <div class='ocr_carea' id='block_1_80' title="bbox 2249 2177 3729 2259">
    <p class='ocr_par' dir='ltr' id='par_1_80' title="bbox 2249 2177 3729 2259">
     <span class='ocr_line' id='line_1_80' title="bbox 2249 2177 3729 2259; baseline -0.007 -17"><span class='ocrx_word' id='word_1_581' title='bbox 2249 2188 2341 2259; x_wconf 90' lang='lat' dir='ltr'><strong>qui</strong></span> <span class='ocrx_word' id='word_1_582' title='bbox 2390 2202 2511 2240; x_wconf 89' lang='lat' dir='ltr'><strong>cum</strong></span> <span class='ocrx_word' id='word_1_583' title='bbox 2547 2183 2798 2240; x_wconf 90' lang='lat' dir='ltr'><strong>omnibus</strong></span> <span class='ocrx_word' id='word_1_584' title='bbox 2847 2183 3184 2239; x_wconf 70' lang='lat' dir='ltr'><strong>dtemonibus</strong></span> <span class='ocrx_word' id='word_1_585' title='bbox 3239 2182 3494 2247; x_wconf 81' lang='lat' dir='ltr'><strong>fornicati,</strong></span> <span class='ocrx_word' id='word_1_586' title='bbox 3534 2177 3729 2235; x_wconf 89' lang='lat' dir='ltr'><strong>immundi</strong></span> 
     </span>
    </p>
   </div>
   <div class='ocr_carea' id='block_1_81' title="bbox 2248 2270 3730 2339">
    <p class='ocr_par' dir='ltr' id='par_1_81' title="bbox 2248 2270 3730 2339">
     <span class='ocr_line' id='line_1_81' title="bbox 2248 2270 3730 2339; baseline -0.005 -8"><span class='ocrx_word' id='word_1_587' title='bbox 2248 2278 2578 2334; x_wconf 85' lang='lat' dir='ltr'><strong>videbantur</strong></span> <span class='ocrx_word' id='word_1_588' title='bbox 2637 2275 2693 2330; x_wconf 93' lang='lat' dir='ltr'><strong>in</strong></span> <span class='ocrx_word' id='word_1_589' title='bbox 2756 2274 2958 2339; x_wconf 90' lang='lat' dir='ltr'><strong>anima,</strong></span> <span class='ocrx_word' id='word_1_590' title='bbox 3014 2274 3221 2330; x_wconf 89' lang='lat' dir='ltr'><strong>salubri</strong></span> <span class='ocrx_word' id='word_1_591' title='bbox 3289 2290 3409 2330; x_wconf 83' lang='lat' dir='ltr'><strong>vero</strong></span> <span class='ocrx_word' id='word_1_592' title='bbox 3470 2270 3730 2329; x_wconf 88' lang='lat' dir='ltr'><strong>confessione</strong></span> 
     </span>
    </p>
   </div>
   <div class='ocr_carea' id='block_1_82' title="bbox 2252 2356 3825 2436">
    <p class='ocr_par' dir='ltr' id='par_1_82' title="bbox 2252 2356 3825 2436">
     <span class='ocr_line' id='line_1_82' title="bbox 2252 2356 3825 2436; baseline -0.005 -12"><span class='ocrx_word' id='word_1_593' title='bbox 2252 2369 2521 2432; x_wconf 86' lang='lat' dir='ltr'><strong>mundati,</strong></span> <span class='ocrx_word' id='word_1_594' title='bbox 2579 2368 2646 2423; x_wconf 88' lang='lat' dir='ltr'><strong>ad</strong></span> <span class='ocrx_word' id='word_1_595' title='bbox 2701 2366 2991 2422; x_wconf 89' lang='lat' dir='ltr'><strong>secundam</strong></span> <span class='ocrx_word' id='word_1_596' title='bbox 3044 2366 3398 2431; x_wconf 87' lang='lat' dir='ltr'><strong>nativitatem,</strong></span> <span class='ocrx_word' id='word_1_597' title='bbox 3443 2366 3575 2436; x_wconf 87' lang='lat' dir='ltr'><strong>quasi</strong></span> <span class='ocrx_word' id='word_1_598' title='bbox 3613 2363 3731 2418; x_wconf 79' lang='lat' dir='ltr'><strong>inse-</strong></span> <span class='ocrx_word' id='word_1_599' title='bbox 3824 2356 3825 2399; x_wconf 64' lang='grc' dir='ltr'>ἶ</span> 
     </span>
    </p>
   </div>
   <div class='ocr_carea' id='block_1_83' title="bbox 2205 2455 3731 2530">
    <p class='ocr_par' dir='ltr' id='par_1_83' title="bbox 2205 2455 3731 2530">
     <span class='ocr_line' id='line_1_83' title="bbox 2205 2455 3731 2530; baseline -0.007 -12"><span class='ocrx_word' id='word_1_600' title='bbox 2205 2520 2214 2528; x_wconf 71' lang='grc'><em>,</em></span> <span class='ocrx_word' id='word_1_601' title='bbox 2254 2462 2431 2521; x_wconf 90' lang='lat' dir='ltr'><strong>eundo</strong></span> <span class='ocrx_word' id='word_1_602' title='bbox 2459 2475 2645 2515; x_wconf 89' lang='lat' dir='ltr'><strong>mense</strong></span> <span class='ocrx_word' id='word_1_603' title='bbox 2697 2459 2930 2514; x_wconf 88' lang='lat' dir='ltr'><strong>transire</strong></span> <span class='ocrx_word' id='word_1_604' title='bbox 2960 2459 3362 2530; x_wconf 68' lang='lat' dir='ltr'><strong>prmcipiuntur.</strong></span> <span class='ocrx_word' id='word_1_605' title='bbox 3391 2459 3494 2512; x_wconf 88' lang='lat' dir='ltr'><strong>Duo</strong></span> <span class='ocrx_word' id='word_1_606' title='bbox 3517 2457 3556 2512; x_wconf 90' lang='lat' dir='ltr'><strong>si</strong></span> <span class='ocrx_word' id='word_1_607' title='bbox 3577 2455 3731 2526; x_wconf 84' lang='lat' dir='ltr'><strong>quidem</strong></span> 
     </span>
    </p>
   </div>
   <div class='ocr_carea' id='block_1_84' title="bbox 2254 2546 3734 2622">
    <p class='ocr_par' dir='ltr' id='par_1_84' title="bbox 2254 2546 3734 2622">
     <span class='ocr_line' id='line_1_84' title="bbox 2254 2546 3734 2622; baseline -0.007 -13"><span class='ocrx_word' id='word_1_608' title='bbox 2254 2553 2573 2622; x_wconf 87' lang='lat' dir='ltr'><strong>interposita</strong></span> <span class='ocrx_word' id='word_1_609' title='bbox 2601 2560 2728 2607; x_wconf 89' lang='lat' dir='ltr'><strong>sunt</strong></span> <span class='ocrx_word' id='word_1_610' title='bbox 2753 2566 2853 2621; x_wconf 89' lang='lat' dir='ltr'><strong>pro</strong></span> <span class='ocrx_word' id='word_1_611' title='bbox 2906 2551 3110 2620; x_wconf 87' lang='lat' dir='ltr'><strong>quibus</strong></span> <span class='ocrx_word' id='word_1_612' title='bbox 3139 2552 3335 2622; x_wconf 88' lang='lat' dir='ltr'><strong>pascha</strong></span> <span class='ocrx_word' id='word_1_613' title='bbox 3363 2550 3569 2621; x_wconf 78' lang='lat' dir='ltr'><strong>primum</strong></span> <span class='ocrx_word' id='word_1_614' title='bbox 3612 2546 3734 2601; x_wconf 83' lang='lat' dir='ltr'><strong>facere</strong></span> 
     </span>
    </p>
   </div>
   <div class='ocr_carea' id='block_1_85' title="bbox 2255 2640 3737 2716">
    <p class='ocr_par' dir='ltr' id='par_1_85' title="bbox 2255 2640 3737 2716">
     <span class='ocr_line' id='line_1_85' title="bbox 2255 2640 3737 2716; baseline -0.007 -15"><span class='ocrx_word' id='word_1_615' title='bbox 2255 2646 2483 2716; x_wconf 83' lang='lat' dir='ltr'><strong>quilibet</strong></span> <span class='ocrx_word' id='word_1_616' title='bbox 2527 2658 2636 2699; x_wconf 90' lang='lat' dir='ltr'><strong>non</strong></span> <span class='ocrx_word' id='word_1_617' title='bbox 2691 2650 2931 2712; x_wconf 88' lang='lat' dir='ltr'><strong>poterat,</strong></span> <span class='ocrx_word' id='word_1_618' title='bbox 2988 2641 3094 2697; x_wconf 88' lang='lat' dir='ltr'><strong>hoc</strong></span> <span class='ocrx_word' id='word_1_619' title='bbox 3148 2650 3233 2697; x_wconf 90' lang='lat' dir='ltr'><strong>est</strong></span> <span class='ocrx_word' id='word_1_620' title='bbox 3258 2642 3302 2697; x_wconf 92' lang='lat' dir='ltr'><strong>si</strong></span> <span class='ocrx_word' id='word_1_621' title='bbox 3327 2640 3600 2695; x_wconf 85' lang='lat' dir='ltr'><strong>immundus</strong></span> <span class='ocrx_word' id='word_1_622' title='bbox 3624 2650 3737 2705; x_wconf 81' lang='lat' dir='ltr'><strong>super</strong></span> 
     </span>
    </p>
   </div>
   <div class='ocr_carea' id='block_1_86' title="bbox 2258 2729 3825 2806">
    <p class='ocr_par' dir='ltr' id='par_1_86' title="bbox 2258 2729 3825 2806">
     <span class='ocr_line' id='line_1_86' title="bbox 2258 2729 3825 2806; baseline -0.01 -13"><span class='ocrx_word' id='word_1_623' title='bbox 2258 2739 2460 2804; x_wconf 88' lang='lat' dir='ltr'><strong>anima,</strong></span> <span class='ocrx_word' id='word_1_624' title='bbox 2489 2739 2605 2793; x_wconf 89' lang='lat' dir='ltr'><strong>sive</strong></span> <span class='ocrx_word' id='word_1_625' title='bbox 2630 2737 2684 2791; x_wconf 92' lang='lat' dir='ltr'><strong>in</strong></span> <span class='ocrx_word' id='word_1_626' title='bbox 2715 2736 2802 2789; x_wconf 88' lang='lat' dir='ltr'><strong>via</strong></span> <span class='ocrx_word' id='word_1_627' title='bbox 2855 2734 3044 2806; x_wconf 88' lang='lat' dir='ltr'><strong>procul</strong></span> <span class='ocrx_word' id='word_1_628' title='bbox 3077 2732 3266 2791; x_wconf 82' lang='lat' dir='ltr'><strong>fuerit.</strong></span> <span class='ocrx_word' id='word_1_629' title='bbox 3320 2733 3597 2789; x_wconf 89' lang='lat' dir='ltr'><strong>lmmundus</strong></span> <span class='ocrx_word' id='word_1_630' title='bbox 3623 2729 3737 2786; x_wconf 85' lang='lat' dir='ltr'><strong>estin</strong></span> <span class='ocrx_word' id='word_1_631' title='bbox 3824 2776 3825 2779; x_wconf 42' lang='grc' dir='ltr'><strong>η</strong></span> 
     </span>
    </p>
   </div>
   <div class='ocr_carea' id='block_1_87' title="bbox 2257 2819 3737 2899">
    <p class='ocr_par' dir='ltr' id='par_1_87' title="bbox 2257 2819 3737 2899">
     <span class='ocr_line' id='line_1_87' title="bbox 2257 2819 3737 2899; baseline -0.009 -14"><span class='ocrx_word' id='word_1_632' title='bbox 2257 2831 2438 2885; x_wconf 87' lang='lat' dir='ltr'><strong>anima</strong></span> <span class='ocrx_word' id='word_1_633' title='bbox 2489 2828 2582 2899; x_wconf 92' lang='lat' dir='ltr'><strong>qui</strong></span> <span class='ocrx_word' id='word_1_634' title='bbox 2611 2826 2874 2883; x_wconf 85' lang='lat' dir='ltr'><strong>diabolica</strong></span> <span class='ocrx_word' id='word_1_635' title='bbox 2910 2825 3190 2893; x_wconf 89' lang='lat' dir='ltr'><strong>illusione,</strong></span> <span class='ocrx_word' id='word_1_636' title='bbox 3217 2842 3314 2897; x_wconf 90' lang='lat' dir='ltr'><strong>per</strong></span> <span class='ocrx_word' id='word_1_637' title='bbox 3344 2826 3578 2881; x_wconf 89' lang='lat' dir='ltr'><strong>idolorum</strong></span> <span class='ocrx_word' id='word_1_638' title='bbox 3611 2819 3737 2877; x_wconf 59' lang='lat' dir='ltr'><strong>cultu.</strong></span> 
     </span>
    </p>
   </div>
   <div class='ocr_carea' id='block_1_88' title="bbox 2260 2911 3736 2990">
    <p class='ocr_par' dir='ltr' id='par_1_88' title="bbox 2260 2911 3736 2990">
     <span class='ocr_line' id='line_1_88' title="bbox 2260 2911 3736 2990; baseline -0.005 -15"><span class='ocrx_word' id='word_1_639' title='bbox 2260 2935 2395 2986; x_wconf 85' lang='lat' dir='ltr'><strong>ram,</strong></span> <span class='ocrx_word' id='word_1_640' title='bbox 2435 2927 2491 2974; x_wconf 91' lang='lat' dir='ltr'><strong>et</strong></span> <span class='ocrx_word' id='word_1_641' title='bbox 2510 2929 2860 2990; x_wconf 83' lang='lat' dir='ltr'><strong>peccatorum</strong></span> <span class='ocrx_word' id='word_1_642' title='bbox 2907 2919 3317 2986; x_wconf 82' lang='lat' dir='ltr'><strong>enormitatem,</strong></span> <span class='ocrx_word' id='word_1_643' title='bbox 3345 2918 3590 2988; x_wconf 87' lang='lat' dir='ltr'><strong>polluitur.</strong></span> <span class='ocrx_word' id='word_1_644' title='bbox 3616 2912 3658 2967; x_wconf 91' lang='lat' dir='ltr'><strong>ln</strong></span> <span class='ocrx_word' id='word_1_645' title='bbox 3678 2911 3736 2963; x_wconf 73' lang='lat' dir='ltr'><strong>via</strong></span> 
     </span>
    </p>
   </div>
   <div class='ocr_carea' id='block_1_89' title="bbox 2261 3007 3740 3079">
    <p class='ocr_par' dir='ltr' id='par_1_89' title="bbox 2261 3007 3740 3079">
     <span class='ocr_line' id='line_1_89' title="bbox 2261 3007 3740 3079; baseline -0.006 -15"><span class='ocrx_word' id='word_1_646' title='bbox 2261 3018 2344 3064; x_wconf 89' lang='lat' dir='ltr'><strong>est</strong></span> <span class='ocrx_word' id='word_1_647' title='bbox 2372 3008 2581 3079; x_wconf 87' lang='lat' dir='ltr'><strong>procul,</strong></span> <span class='ocrx_word' id='word_1_648' title='bbox 2629 3009 2723 3078; x_wconf 92' lang='lat' dir='ltr'><strong>qui</strong></span> <span class='ocrx_word' id='word_1_649' title='bbox 2773 3010 3000 3064; x_wconf 87' lang='lat' dir='ltr'><strong>verbum</strong></span> <span class='ocrx_word' id='word_1_650' title='bbox 3035 3009 3234 3066; x_wconf 85' lang='lat' dir='ltr'><strong>salutis</strong></span> <span class='ocrx_word' id='word_1_651' title='bbox 3286 3009 3512 3072; x_wconf 88' lang='lat' dir='ltr'><strong>audiens,</strong></span> <span class='ocrx_word' id='word_1_652' title='bbox 3560 3007 3740 3059; x_wconf 65' lang='lat' dir='ltr'><strong>deserere</strong></span> 
     </span>
    </p>
   </div>
   <div class='ocr_carea' id='block_1_90' title="bbox 2184 3068 3741 3170">
    <p class='ocr_par' dir='ltr' id='par_1_90' title="bbox 2184 3068 3741 3170">
     <span class='ocr_line' id='line_1_90' title="bbox 2184 3068 3741 3170; baseline -0.004 -17"><span class='ocrx_word' id='word_1_653' title='bbox 2184 3068 2228 3129; x_wconf 65' lang='grc' dir='ltr'><strong>Ο</strong></span> <span class='ocrx_word' id='word_1_654' title='bbox 2260 3068 2424 3165; x_wconf 73' lang='lat' dir='ltr'><strong>idola,</strong></span> <span class='ocrx_word' id='word_1_655' title='bbox 2468 3105 2524 3153; x_wconf 91' lang='lat' dir='ltr'><strong>et</strong></span> <span class='ocrx_word' id='word_1_656' title='bbox 2567 3068 2665 3153; x_wconf 76' lang='lat' dir='ltr'><strong>lJei</strong></span> <span class='ocrx_word' id='word_1_657' title='bbox 2712 3098 2873 3154; x_wconf 82' lang='lat' dir='ltr'><strong>ﬁdem</strong></span> <span class='ocrx_word' id='word_1_658' title='bbox 2925 3099 3215 3170; x_wconf 88' lang='lat' dir='ltr'><strong>percipere</strong></span> <span class='ocrx_word' id='word_1_659' title='bbox 3272 3099 3448 3169; x_wconf 84' lang='lat' dir='ltr'><strong>eligit;</strong></span> <span class='ocrx_word' id='word_1_660' title='bbox 3615 3104 3741 3149; x_wconf 82' lang='lat' dir='ltr'><strong>tamen</strong></span> 
     </span>
    </p>
   </div>
   <div class='ocr_carea' id='block_1_91' title="bbox 2258 3186 3742 3259">
    <p class='ocr_par' dir='ltr' id='par_1_91' title="bbox 2258 3186 3742 3259">
     <span class='ocr_line' id='line_1_91' title="bbox 2258 3186 3742 3259; baseline -0.008 -14"><span class='ocrx_word' id='word_1_661' title='bbox 2258 3189 2495 3245; x_wconf 89' lang='lat' dir='ltr'><strong>nondum</strong></span> <span class='ocrx_word' id='word_1_662' title='bbox 2525 3188 2594 3245; x_wconf 91' lang='lat' dir='ltr'><strong>ad</strong></span> <span class='ocrx_word' id='word_1_663' title='bbox 2619 3188 2872 3259; x_wconf 88' lang='lat' dir='ltr'><strong>baptismi</strong></span> <span class='ocrx_word' id='word_1_664' title='bbox 2902 3199 3330 3255; x_wconf 87' lang='lat' dir='ltr'><strong>sacramentum,</strong></span> <span class='ocrx_word' id='word_1_665' title='bbox 3362 3192 3413 3244; x_wconf 87' lang='lat' dir='ltr'><strong>in</strong></span> <span class='ocrx_word' id='word_1_666' title='bbox 3456 3202 3547 3257; x_wconf 81' lang='lat' dir='ltr'><strong>qua</strong></span> <span class='ocrx_word' id='word_1_667' title='bbox 3572 3186 3742 3239; x_wconf 80' lang='lat' dir='ltr'><strong>intratur</strong></span> 
     </span>
    </p>
   </div>
   <div class='ocr_carea' id='block_1_92' title="bbox 2261 3272 3825 3345">
    <p class='ocr_par' dir='ltr' id='par_1_92' title="bbox 2261 3272 3825 3345">
     <span class='ocr_line' id='line_1_92' title="bbox 2261 3272 3825 3345; baseline -0.007 -11"><span class='ocrx_word' id='word_1_668' title='bbox 2261 3279 2317 3334; x_wconf 91' lang='lat' dir='ltr'><strong>in</strong></span> <span class='ocrx_word' id='word_1_669' title='bbox 2376 3279 2700 3345; x_wconf 83' lang='lat' dir='ltr'><strong>Ecclesium,</strong></span> <span class='ocrx_word' id='word_1_670' title='bbox 2751 3278 3052 3335; x_wconf 82' lang='lat' dir='ltr'><strong>Jerusalem</strong></span> <span class='ocrx_word' id='word_1_671' title='bbox 3107 3281 3364 3337; x_wconf 81' lang='lat' dir='ltr'><strong>videlicet</strong></span> <span class='ocrx_word' id='word_1_672' title='bbox 3404 3279 3570 3335; x_wconf 87' lang='lat' dir='ltr'><strong>urbem</strong></span> <span class='ocrx_word' id='word_1_673' title='bbox 3619 3272 3741 3343; x_wconf 80' lang='lat' dir='ltr'><strong>pacis.</strong></span> <span class='ocrx_word' id='word_1_674' title='bbox 3824 3308 3825 3317; x_wconf 56' lang='grc' dir='ltr'><strong>η</strong></span> 
     </span>
    </p>
   </div>
   <div class='ocr_carea' id='block_1_93' title="bbox 2257 3371 3742 3442">
    <p class='ocr_par' dir='ltr' id='par_1_93' title="bbox 2257 3371 3742 3442">
     <span class='ocr_line' id='line_1_93' title="bbox 2257 3371 3742 3442; baseline -0.004 -16"><span class='ocrx_word' id='word_1_675' title='bbox 2257 3371 2350 3427; x_wconf 91' lang='lat' dir='ltr'><strong>ubi</strong></span> <span class='ocrx_word' id='word_1_676' title='bbox 2377 3371 2635 3442; x_wconf 87' lang='lat' dir='ltr'><strong>templum</strong></span> <span class='ocrx_word' id='word_1_677' title='bbox 2663 3371 2758 3426; x_wconf 89' lang='lat' dir='ltr'><strong>Dei</strong></span> <span class='ocrx_word' id='word_1_678' title='bbox 2788 3379 2844 3426; x_wconf 80' lang='lat' dir='ltr'><strong>et</strong></span> <span class='ocrx_word' id='word_1_679' title='bbox 2872 3380 3057 3427; x_wconf 81' lang='lat' dir='ltr'><strong>sancta</strong></span> <span class='ocrx_word' id='word_1_680' title='bbox 3109 3381 3422 3428; x_wconf 81' lang='lat' dir='ltr'><strong>sanctorum</strong></span> <span class='ocrx_word' id='word_1_681' title='bbox 3465 3375 3587 3431; x_wconf 88' lang='lat' dir='ltr'><strong>sunt,</strong></span> <span class='ocrx_word' id='word_1_682' title='bbox 3611 3375 3742 3436; x_wconf 67' lang='lat' dir='ltr'><strong>perve-</strong></span> 
     </span>
    </p>
   </div>
   <div class='ocr_carea' id='block_1_94' title="bbox 2261 3456 3825 3533">
    <p class='ocr_par' dir='ltr' id='par_1_94' title="bbox 2261 3456 3825 3533">
     <span class='ocr_line' id='line_1_94' title="bbox 2261 3456 3825 3533; baseline -0.007 -13"><span class='ocrx_word' id='word_1_683' title='bbox 2261 3465 2362 3520; x_wconf 88' lang='lat' dir='ltr'><strong>nit.</strong></span> <span class='ocrx_word' id='word_1_684' title='bbox 2392 3464 2450 3519; x_wconf 87' lang='lat' dir='ltr'><strong>In</strong></span> <span class='ocrx_word' id='word_1_685' title='bbox 2480 3465 2639 3519; x_wconf 92' lang='lat' dir='ltr'><strong>domo</strong></span> <span class='ocrx_word' id='word_1_686' title='bbox 2686 3462 2831 3519; x_wconf 89' lang='lat' dir='ltr'><strong>enim</strong></span> <span class='ocrx_word' id='word_1_687' title='bbox 2876 3479 2983 3518; x_wconf 90' lang='lat' dir='ltr'><strong>una</strong></span> <span class='ocrx_word' id='word_1_688' title='bbox 3010 3465 3231 3520; x_wconf 88' lang='lat' dir='ltr'><strong>comedi</strong></span> <span class='ocrx_word' id='word_1_689' title='bbox 3264 3478 3448 3521; x_wconf 87' lang='lat' dir='ltr'><strong>carnes</strong></span> <span class='ocrx_word' id='word_1_690' title='bbox 3473 3460 3576 3533; x_wconf 85' lang='lat' dir='ltr'><strong>agni</strong></span> <span class='ocrx_word' id='word_1_691' title='bbox 3601 3456 3742 3526; x_wconf 83' lang='lat' dir='ltr'><strong>juben-</strong></span> <span class='ocrx_word' id='word_1_692' title='bbox 3824 3460 3825 3473; x_wconf 87' lang='lat'>‘</span> 
     </span>
    </p>
   </div>
   <div class='ocr_carea' id='block_1_95' title="bbox 2260 3552 3825 3626">
    <p class='ocr_par' dir='ltr' id='par_1_95' title="bbox 2260 3552 3825 3626">
     <span class='ocr_line' id='line_1_95' title="bbox 2260 3552 3825 3626; baseline -0.005 -15"><span class='ocrx_word' id='word_1_693' title='bbox 2260 3566 2374 3623; x_wconf 91' lang='lat' dir='ltr'><strong>tur,</strong></span> <span class='ocrx_word' id='word_1_694' title='bbox 2400 3557 2526 3626; x_wconf 88' lang='lat' dir='ltr'><strong>quia</strong></span> <span class='ocrx_word' id='word_1_695' title='bbox 2559 3564 2715 3611; x_wconf 79' lang='lat' dir='ltr'><strong>extra</strong></span> <span class='ocrx_word' id='word_1_696' title='bbox 2748 3564 2994 3612; x_wconf 89' lang='lat' dir='ltr'><strong>sanctam</strong></span> <span class='ocrx_word' id='word_1_697' title='bbox 3030 3557 3336 3614; x_wconf 76' lang='lat' dir='ltr'><strong>Ecclesium</strong></span> <span class='ocrx_word' id='word_1_698' title='bbox 3384 3556 3487 3611; x_wconf 86' lang='lat' dir='ltr'><strong>veri</strong></span> <span class='ocrx_word' id='word_1_699' title='bbox 3524 3552 3625 3624; x_wconf 86' lang='lat' dir='ltr'><strong>agni</strong></span> <span class='ocrx_word' id='word_1_700' title='bbox 3661 3562 3742 3603; x_wconf 81' lang='lat' dir='ltr'><strong>car—</strong></span> <span class='ocrx_word' id='word_1_701' title='bbox 3824 3604 3825 3623; x_wconf 16' lang='grc' dir='ltr'>ξ</span> 
     </span>
    </p>
   </div>
   <div class='ocr_carea' id='block_1_96' title="bbox 2254 3630 3825 3718">
    <p class='ocr_par' dir='ltr' id='par_1_96' title="bbox 2254 3630 3825 3718">
     <span class='ocr_line' id='line_1_96' title="bbox 2254 3630 3825 3718; baseline -0.006 -16"><span class='ocrx_word' id='word_1_702' title='bbox 2254 3661 2376 3713; x_wconf 90' lang='lat' dir='ltr'><strong>nes,</strong></span> <span class='ocrx_word' id='word_1_703' title='bbox 2409 3661 2606 3718; x_wconf 90' lang='lat' dir='ltr'><strong>corpus</strong></span> <span class='ocrx_word' id='word_1_704' title='bbox 2633 3646 2885 3703; x_wconf 90' lang='lat' dir='ltr'><strong>videlicet</strong></span> <span class='ocrx_word' id='word_1_705' title='bbox 2923 3647 3295 3713; x_wconf 91' lang='lat' dir='ltr'><strong>Dominicum,</strong></span> <span class='ocrx_word' id='word_1_706' title='bbox 3334 3647 3487 3703; x_wconf 86' lang='lat' dir='ltr'><strong>edere</strong></span> <span class='ocrx_word' id='word_1_707' title='bbox 3530 3657 3618 3699; x_wconf 90' lang='lat' dir='ltr'><strong>non</strong></span> <span class='ocrx_word' id='word_1_708' title='bbox 3639 3639 3741 3695; x_wconf 80' lang='lat' dir='ltr'><strong>licet.</strong></span> 
     </span>
    </p>
   </div>
   <div class='ocr_carea' id='block_1_97' title="bbox 2259 3736 3825 3813">
    <p class='ocr_par' dir='ltr' id='par_1_97' title="bbox 2259 3736 3825 3813">
     <span class='ocr_line' id='line_1_97' title="bbox 2259 3736 3825 3813; baseline -0.004 -18"><span class='ocrx_word' id='word_1_709' title='bbox 2259 3739 2489 3795; x_wconf 88' lang='lat' dir='ltr'><strong>Gentilis</strong></span> <span class='ocrx_word' id='word_1_710' title='bbox 2520 3753 2650 3811; x_wconf 85' lang='lat' dir='ltr'><strong>ergo</strong></span> <span class='ocrx_word' id='word_1_711' title='bbox 2678 3736 2928 3811; x_wconf 77' lang='lat' dir='ltr'><strong>populus,</strong></span> <span class='ocrx_word' id='word_1_712' title='bbox 2958 3740 3088 3810; x_wconf 89' lang='lat' dir='ltr'><strong>quia</strong></span> <span class='ocrx_word' id='word_1_713' title='bbox 3128 3743 3369 3813; x_wconf 84' lang='lat' dir='ltr'><strong>primum</strong></span> <span class='ocrx_word' id='word_1_714' title='bbox 3412 3739 3585 3810; x_wconf 88' lang='lat' dir='ltr'><strong>pascha</strong></span> <span class='ocrx_word' id='word_1_715' title='bbox 3608 3744 3744 3789; x_wconf 75' lang='lat' dir='ltr'><strong>secun-</strong></span> <span class='ocrx_word' id='word_1_716' title='bbox 3824 3750 3825 3759; x_wconf 44' lang='grc' dir='ltr'><strong>η</strong></span> 
     </span>
    </p>
   </div>
   <div class='ocr_carea' id='block_1_98' title="bbox 2258 3816 3746 3903">
    <p class='ocr_par' dir='ltr' id='par_1_98' title="bbox 2258 3816 3746 3903">
     <span class='ocr_line' id='line_1_98' title="bbox 2258 3816 3746 3903; baseline -0.007 -17"><span class='ocrx_word' id='word_1_717' title='bbox 2258 3831 2387 3886; x_wconf 91' lang='lat' dir='ltr'><strong>dum</strong></span> <span class='ocrx_word' id='word_1_718' title='bbox 2417 3830 2593 3903; x_wconf 86' lang='lat' dir='ltr'><strong>legem</strong></span> <span class='ocrx_word' id='word_1_719' title='bbox 2616 3843 2780 3899; x_wconf 89' lang='lat' dir='ltr'><strong>agere</strong></span> <span class='ocrx_word' id='word_1_720' title='bbox 2808 3844 2916 3885; x_wconf 91' lang='lat' dir='ltr'><strong>non</strong></span> <span class='ocrx_word' id='word_1_721' title='bbox 2945 3830 3144 3899; x_wconf 86' lang='lat' dir='ltr'><strong>potuit,</strong></span> <span class='ocrx_word' id='word_1_722' title='bbox 3191 3832 3247 3886; x_wconf 91' lang='lat' dir='ltr'><strong>in</strong></span> <span class='ocrx_word' id='word_1_723' title='bbox 3278 3830 3504 3888; x_wconf 90' lang='lat' dir='ltr'><strong>secundo</strong></span> <span class='ocrx_word' id='word_1_724' title='bbox 3530 3835 3691 3885; x_wconf 85' lang='lat' dir='ltr'><strong>mense,</strong></span> <span class='ocrx_word' id='word_1_725' title='bbox 3710 3816 3746 3872; x_wconf 87' lang='lat' dir='ltr'><strong>id</strong></span> 
     </span>
    </p>
   </div>
   <div class='ocr_carea' id='block_1_99' title="bbox 2258 3917 3746 3992">
    <p class='ocr_par' dir='ltr' id='par_1_99' title="bbox 2258 3917 3746 3992">
     <span class='ocr_line' id='line_1_99' title="bbox 2258 3917 3746 3992; baseline -0.005 -17"><span class='ocrx_word' id='word_1_726' title='bbox 2258 3931 2369 3985; x_wconf 88' lang='lat' dir='ltr'><strong>est,</strong></span> <span class='ocrx_word' id='word_1_727' title='bbox 2409 3928 2653 3991; x_wconf 86' lang='lat' dir='ltr'><strong>tempore</strong></span> <span class='ocrx_word' id='word_1_728' title='bbox 2673 3920 2881 3991; x_wconf 86' lang='lat' dir='ltr'><strong>gratiae,</strong></span> <span class='ocrx_word' id='word_1_729' title='bbox 2898 3917 3011 3989; x_wconf 89' lang='lat' dir='ltr'><strong>jam</strong></span> <span class='ocrx_word' id='word_1_730' title='bbox 3036 3929 3304 3992; x_wconf 85' lang='lat' dir='ltr'><strong>purgatus</strong></span> <span class='ocrx_word' id='word_1_731' title='bbox 3331 3921 3398 3975; x_wconf 89' lang='lat' dir='ltr'><strong>ab</strong></span> <span class='ocrx_word' id='word_1_732' title='bbox 3427 3918 3557 3976; x_wconf 89' lang='lat' dir='ltr'><strong>omni</strong></span> <span class='ocrx_word' id='word_1_733' title='bbox 3578 3917 3746 3970; x_wconf 58' lang='lat' dir='ltr'><strong>immun&#39;</strong></span> 
     </span>
    </p>
   </div>
   <div class='ocr_carea' id='block_1_100' title="bbox 2261 4003 3745 4083">
    <p class='ocr_par' dir='ltr' id='par_1_100' title="bbox 2261 4003 3745 4083">
     <span class='ocr_line' id='line_1_100' title="bbox 2261 4003 3745 4083; baseline -0.001 -17"><span class='ocrx_word' id='word_1_734' title='bbox 2261 4011 2391 4066; x_wconf 93' lang='lat' dir='ltr'><strong>ditia</strong></span> <span class='ocrx_word' id='word_1_735' title='bbox 2426 4018 2792 4081; x_wconf 88' lang='lat' dir='ltr'><strong>peccatorum,</strong></span> <span class='ocrx_word' id='word_1_736' title='bbox 2846 4011 3098 4083; x_wconf 89' lang='lat' dir='ltr'><strong>domique</strong></span> <span class='ocrx_word' id='word_1_737' title='bbox 3162 4015 3461 4077; x_wconf 83' lang='lat' dir='ltr'><strong>restitutus,</strong></span> <span class='ocrx_word' id='word_1_738' title='bbox 3511 4007 3589 4065; x_wconf 86' lang='lat' dir='ltr'><strong>ubi</strong></span> <span class='ocrx_word' id='word_1_739' title='bbox 3627 4003 3745 4075; x_wconf 61' lang='lat' dir='ltr'><strong>phase</strong></span> 
     </span>
    </p>
   </div>
   <div class='ocr_carea' id='block_1_101' title="bbox 2262 4087 3745 4173">
    <p class='ocr_par' dir='ltr' id='par_1_101' title="bbox 2262 4087 3745 4173">
     <span class='ocr_line' id='line_1_101' title="bbox 2262 4087 3745 4173; baseline -0.003 -19"><span class='ocrx_word' id='word_1_740' title='bbox 2262 4102 2489 4156; x_wconf 88' lang='lat' dir='ltr'><strong>Domino</strong></span> <span class='ocrx_word' id='word_1_741' title='bbox 2545 4102 2647 4155; x_wconf 92' lang='lat' dir='ltr'><strong>rite</strong></span> <span class='ocrx_word' id='word_1_742' title='bbox 2695 4099 2875 4157; x_wconf 87' lang='lat' dir='ltr'><strong>facere</strong></span> <span class='ocrx_word' id='word_1_743' title='bbox 2927 4102 3070 4167; x_wconf 88' lang='lat' dir='ltr'><strong>licet,</strong></span> <span class='ocrx_word' id='word_1_744' title='bbox 3127 4102 3291 4172; x_wconf 82' lang='lat' dir='ltr'><strong>juxta</strong></span> <span class='ocrx_word' id='word_1_745' title='bbox 3343 4113 3595 4173; x_wconf 81' lang='lat' dir='ltr'><strong>vesperam</strong></span> <span class='ocrx_word' id='word_1_746' title='bbox 3616 4087 3745 4149; x_wconf 78' lang='lat' dir='ltr'><strong>mundi</strong></span> 
     </span>
    </p>
   </div>
   <div class='ocr_carea' id='block_1_102' title="bbox 2260 4185 3747 4266">
    <p class='ocr_par' dir='ltr' id='par_1_102' title="bbox 2260 4185 3747 4266">
     <span class='ocr_line' id='line_1_102' title="bbox 2260 4185 3747 4266; baseline -0.005 -19"><span class='ocrx_word' id='word_1_747' title='bbox 2260 4208 2383 4247; x_wconf 89' lang='lat' dir='ltr'><strong>cum</strong></span> <span class='ocrx_word' id='word_1_748' title='bbox 2415 4191 2622 4262; x_wconf 80' lang='lat' dir='ltr'><strong>azymis</strong></span> <span class='ocrx_word' id='word_1_749' title='bbox 2639 4200 2695 4246; x_wconf 92' lang='lat' dir='ltr'><strong>et</strong></span> <span class='ocrx_word' id='word_1_750' title='bbox 2723 4192 2949 4248; x_wconf 90' lang='lat' dir='ltr'><strong>lactucis</strong></span> <span class='ocrx_word' id='word_1_751' title='bbox 2971 4195 3281 4264; x_wconf 85' lang='lat' dir='ltr'><strong>agrestibus</strong></span> <span class='ocrx_word' id='word_1_752' title='bbox 3302 4208 3489 4266; x_wconf 87' lang='lat' dir='ltr'><strong>agnum</strong></span> <span class='ocrx_word' id='word_1_753' title='bbox 3506 4185 3747 4246; x_wconf 76' lang='lat' dir='ltr'><strong>comedam;</strong></span> 
     </span>
    </p>
   </div>
   <div class='ocr_carea' id='block_1_103' title="bbox 2260 4282 3752 4353">
    <p class='ocr_par' dir='ltr' id='par_1_103' title="bbox 2260 4282 3752 4353">
     <span class='ocr_line' id='line_1_103' title="bbox 2260 4282 3752 4353; baseline -0.007 -16"><span class='ocrx_word' id='word_1_754' title='bbox 2260 4282 2456 4352; x_wconf 90' lang='lat' dir='ltr'><strong>quibus</strong></span> <span class='ocrx_word' id='word_1_755' title='bbox 2511 4291 2840 4352; x_wconf 65' lang='lat' dir='ltr'><strong>praeceptum</strong></span> <span class='ocrx_word' id='word_1_756' title='bbox 2896 4291 2981 4338; x_wconf 86' lang='lat' dir='ltr'><strong>est</strong></span> <span class='ocrx_word' id='word_1_757' title='bbox 3029 4293 3091 4339; x_wconf 91' lang='lat' dir='ltr'><strong>ut</strong></span> <span class='ocrx_word' id='word_1_758' title='bbox 3141 4300 3253 4340; x_wconf 89' lang='lat' dir='ltr'><strong>non</strong></span> <span class='ocrx_word' id='word_1_759' title='bbox 3314 4285 3592 4353; x_wconf 83' lang='lat' dir='ltr'><strong>relinquant</strong></span> <span class='ocrx_word' id='word_1_760' title='bbox 3631 4290 3681 4330; x_wconf 81' lang='lat' dir='ltr'><strong>ex</strong></span> <span class='ocrx_word' id='word_1_761' title='bbox 3704 4283 3752 4324; x_wconf 85' lang='lat' dir='ltr'><strong>eo</strong></span> 
     </span>
    </p>
   </div>
   <div class='ocr_carea' id='block_1_104' title="bbox 2184 4367 3745 4469">
    <p class='ocr_par' dir='ltr' id='par_1_104' title="bbox 2184 4367 3745 4469">
     <span class='ocr_line' id='line_1_104' title="bbox 2184 4367 3745 4469; baseline -0.006 -42"><span class='ocrx_word' id='word_1_762' title='bbox 2184 4409 2237 4469; x_wconf 78' lang='lat' dir='ltr'><strong>D</strong></span> <span class='ocrx_word' id='word_1_763' title='bbox 2262 4371 2541 4469; x_wconf 81' lang='lat' dir='ltr'><strong>quidpiam</strong></span> <span class='ocrx_word' id='word_1_764' title='bbox 2579 4385 2752 4469; x_wconf 85' lang='lat' dir='ltr'><strong>usque</strong></span> <span class='ocrx_word' id='word_1_765' title='bbox 2776 4387 2957 4469; x_wconf 79' lang='lat' dir='ltr'><strong>mane,</strong></span> <span class='ocrx_word' id='word_1_766' title='bbox 2993 4380 3049 4427; x_wconf 90' lang='lat' dir='ltr'><strong>et</strong></span> <span class='ocrx_word' id='word_1_767' title='bbox 3075 4388 3142 4469; x_wconf 75' lang='lat' dir='ltr'><strong>os</strong></span> <span class='ocrx_word' id='word_1_768' title='bbox 3171 4373 3293 4444; x_wconf 87' lang='lat' dir='ltr'><strong>ejus</strong></span> <span class='ocrx_word' id='word_1_769' title='bbox 3321 4389 3426 4429; x_wconf 90' lang='lat' dir='ltr'><strong>non</strong></span> <span class='ocrx_word' id='word_1_770' title='bbox 3464 4367 3745 4469; x_wconf 42' lang='lat' dir='ltr'><strong>confringant.</strong></span> 
     </span>
    </p>
   </div>
   <div class='ocr_carea' id='block_1_105' title="bbox 2265 4451 3747 4536">
    <p class='ocr_par' dir='ltr' id='par_1_105' title="bbox 2265 4451 3747 4536">
     <span class='ocr_line' id='line_1_105' title="bbox 2265 4451 3747 4536; baseline -0.001 -19"><span class='ocrx_word' id='word_1_771' title='bbox 2265 4461 2360 4517; x_wconf 88' lang='lat' dir='ltr'><strong>sed</strong></span> <span class='ocrx_word' id='word_1_772' title='bbox 2389 4476 2607 4516; x_wconf 87' lang='lat' dir='ltr'><strong>onmem</strong></span> <span class='ocrx_word' id='word_1_773' title='bbox 2638 4461 2802 4515; x_wconf 89' lang='lat' dir='ltr'><strong>ritum</strong></span> <span class='ocrx_word' id='word_1_774' title='bbox 2836 4461 3004 4531; x_wconf 83' lang='lat' dir='ltr'><strong>phase</strong></span> <span class='ocrx_word' id='word_1_775' title='bbox 3056 4461 3351 4536; x_wconf 87' lang='lat' dir='ltr'><strong>diligenter</strong></span> <span class='ocrx_word' id='word_1_776' title='bbox 3393 4465 3659 4519; x_wconf 67' lang='lat' dir='ltr'><strong>observent.</strong></span> <span class='ocrx_word' id='word_1_777' title='bbox 3683 4451 3747 4505; x_wconf 63' lang='lat' dir='ltr'><strong>P3-</strong></span> 
     </span>
    </p>
   </div>
   <div class='ocr_carea' id='block_1_106' title="bbox 2266 4544 3749 4625">
    <p class='ocr_par' dir='ltr' id='par_1_106' title="bbox 2266 4544 3749 4625">
     <span class='ocr_line' id='line_1_106' title="bbox 2266 4544 3749 4625; baseline -0.002 -18"><span class='ocrx_word' id='word_1_778' title='bbox 2266 4567 2362 4607; x_wconf 89' lang='lat' dir='ltr'><strong>nes</strong></span> <span class='ocrx_word' id='word_1_779' title='bbox 2386 4566 2518 4622; x_wconf 82' lang='lat' dir='ltr'><strong>ergo</strong></span> <span class='ocrx_word' id='word_1_780' title='bbox 2569 4552 2686 4606; x_wconf 89' lang='lat' dir='ltr'><strong>sine</strong></span> <span class='ocrx_word' id='word_1_781' title='bbox 2746 4550 3013 4607; x_wconf 86' lang='lat' dir='ltr'><strong>fermento</strong></span> <span class='ocrx_word' id='word_1_782' title='bbox 3068 4556 3325 4621; x_wconf 88' lang='lat' dir='ltr'><strong>comedit,</strong></span> <span class='ocrx_word' id='word_1_783' title='bbox 3379 4555 3465 4625; x_wconf 89' lang='lat' dir='ltr'><strong>qui</strong></span> <span class='ocrx_word' id='word_1_784' title='bbox 3517 4557 3641 4607; x_wconf 77' lang='lat' dir='ltr'><strong>recta</strong></span> <span class='ocrx_word' id='word_1_785' title='bbox 3670 4544 3749 4599; x_wconf 73' lang='lat' dir='ltr'><strong>sine</strong></span> 
     </span>
    </p>
   </div>
   <div class='ocr_carea' id='block_1_107' title="bbox 2262 4634 3749 4716">
    <p class='ocr_par' dir='ltr' id='par_1_107' title="bbox 2262 4634 3749 4716">
     <span class='ocr_line' id='line_1_107' title="bbox 2262 4634 3749 4716; baseline -0.004 -17"><span class='ocrx_word' id='word_1_786' title='bbox 2262 4643 2606 4712; x_wconf 89' lang='lat' dir='ltr'><strong>corruptione</strong></span> <span class='ocrx_word' id='word_1_787' title='bbox 2632 4656 2784 4696; x_wconf 69' lang='lat' dir='ltr'><strong>vanae</strong></span> <span class='ocrx_word' id='word_1_788' title='bbox 2810 4641 2995 4712; x_wconf 62' lang='lat' dir='ltr'><strong>gloria!</strong></span> <span class='ocrx_word' id='word_1_789' title='bbox 3025 4655 3268 4711; x_wconf 80' lang='lat' dir='ltr'><strong>exercet,</strong></span> <span class='ocrx_word' id='word_1_790' title='bbox 3299 4646 3388 4716; x_wconf 89' lang='lat' dir='ltr'><strong>qui</strong></span> <span class='ocrx_word' id='word_1_791' title='bbox 3440 4642 3655 4699; x_wconf 79' lang='lat' dir='ltr'><strong>mandata</strong></span> <span class='ocrx_word' id='word_1_792' title='bbox 3680 4634 3749 4688; x_wconf 83' lang='lat' dir='ltr'><strong>mi-</strong></span> 
     </span>
    </p>
   </div>
   <div class='ocr_carea' id='block_1_108' title="bbox 2262 4732 3749 4806">
    <p class='ocr_par' dir='ltr' id='par_1_108' title="bbox 2262 4732 3749 4806">
     <span class='ocr_line' id='line_1_108' title="bbox 2262 4732 3749 4806; baseline -0.002 -19"><span class='ocrx_word' id='word_1_793' title='bbox 2262 4733 2569 4788; x_wconf 69' lang='lat' dir='ltr'><strong>sericordiae</strong></span> <span class='ocrx_word' id='word_1_794' title='bbox 2597 4732 2714 4787; x_wconf 87' lang='lat' dir='ltr'><strong>sine</strong></span> <span class='ocrx_word' id='word_1_795' title='bbox 2741 4733 3065 4790; x_wconf 84' lang='lat' dir='ltr'><strong>admistione</strong></span> <span class='ocrx_word' id='word_1_796' title='bbox 3092 4739 3303 4806; x_wconf 86' lang='lat' dir='ltr'><strong>peccati</strong></span> <span class='ocrx_word' id='word_1_797' title='bbox 3328 4737 3551 4799; x_wconf 73' lang='lat' dir='ltr'><strong>exhibet,</strong></span> <span class='ocrx_word' id='word_1_798' title='bbox 3581 4746 3636 4786; x_wconf 89' lang='lat' dir='ltr'><strong>ne</strong></span> <span class='ocrx_word' id='word_1_799' title='bbox 3664 4740 3749 4798; x_wconf 78' lang='lat' dir='ltr'><strong>per-</strong></span> 
     </span>
    </p>
   </div>
   <div class='ocr_carea' id='block_1_109' title="bbox 2260 4822 3752 4897">
    <p class='ocr_par' dir='ltr' id='par_1_109' title="bbox 2260 4822 3752 4897">
     <span class='ocr_line' id='line_1_109' title="bbox 2260 4822 3752 4897; baseline -0.001 -22"><span class='ocrx_word' id='word_1_800' title='bbox 2260 4839 2416 4879; x_wconf 83' lang='lat' dir='ltr'><strong>verse</strong></span> <span class='ocrx_word' id='word_1_801' title='bbox 2446 4823 2694 4892; x_wconf 86' lang='lat' dir='ltr'><strong>desipiat.</strong></span> <span class='ocrx_word' id='word_1_802' title='bbox 2727 4822 2976 4878; x_wconf 66' lang='lat' dir='ltr'><strong>Lactucae</strong></span> <span class='ocrx_word' id='word_1_803' title='bbox 3001 4839 3128 4880; x_wconf 89' lang='lat' dir='ltr'><strong>vero</strong></span> <span class='ocrx_word' id='word_1_804' title='bbox 3156 4837 3400 4897; x_wconf 87' lang='lat' dir='ltr'><strong>agrestes</strong></span> <span class='ocrx_word' id='word_1_805' title='bbox 3453 4826 3589 4881; x_wconf 79' lang='lat' dir='ltr'><strong>val-.le</strong></span> <span class='ocrx_word' id='word_1_806' title='bbox 3609 4826 3752 4875; x_wconf 62' lang='lat' dir='ltr'><strong>amant</strong></span> 
     </span>
    </p>
   </div>
   <div class='ocr_carea' id='block_1_110' title="bbox 2263 4908 3751 4986">
    <p class='ocr_par' dir='ltr' id='par_1_110' title="bbox 2263 4908 3751 4986">
     <span class='ocr_line' id='line_1_110' title="bbox 2263 4908 3751 4986; baseline -0.002 -18"><span class='ocrx_word' id='word_1_807' title='bbox 2263 4923 2409 4968; x_wconf 90' lang='lat' dir='ltr'><strong>sunt.</strong></span> <span class='ocrx_word' id='word_1_808' title='bbox 2469 4912 2677 4969; x_wconf 87' lang='lat' dir='ltr'><strong>Carnes</strong></span> <span class='ocrx_word' id='word_1_809' title='bbox 2730 4929 2860 4970; x_wconf 90' lang='lat' dir='ltr'><strong>vero</strong></span> <span class='ocrx_word' id='word_1_810' title='bbox 2908 4916 3032 4986; x_wconf 91' lang='lat' dir='ltr'><strong>agni</strong></span> <span class='ocrx_word' id='word_1_811' title='bbox 3081 4932 3205 4972; x_wconf 91' lang='lat' dir='ltr'><strong>cum</strong></span> <span class='ocrx_word' id='word_1_812' title='bbox 3262 4918 3483 4975; x_wconf 84' lang='lat' dir='ltr'><strong>lactucis</strong></span> <span class='ocrx_word' id='word_1_813' title='bbox 3521 4908 3751 4985; x_wconf 60' lang='lat' dir='ltr'><strong>agrestibus</strong></span> 
     </span>
    </p>
   </div>
   <div class='ocr_carea' id='block_1_111' title="bbox 2261 5002 3748 5079">
    <p class='ocr_par' dir='ltr' id='par_1_111' title="bbox 2261 5002 3748 5079">
     <span class='ocr_line' id='line_1_111' title="bbox 2261 5002 3748 5079; baseline 0.001 -22"><span class='ocrx_word' id='word_1_814' title='bbox 2261 5011 2387 5057; x_wconf 89' lang='lat' dir='ltr'><strong>sunt</strong></span> <span class='ocrx_word' id='word_1_815' title='bbox 2413 5003 2649 5067; x_wconf 65' lang='lat' dir='ltr'><strong>edendae,</strong></span> <span class='ocrx_word' id='word_1_816' title='bbox 2675 5012 2736 5058; x_wconf 89' lang='lat' dir='ltr'><strong>ut</strong></span> <span class='ocrx_word' id='word_1_817' title='bbox 2756 5020 2878 5058; x_wconf 90' lang='lat' dir='ltr'><strong>cum</strong></span> <span class='ocrx_word' id='word_1_818' title='bbox 2898 5020 3097 5075; x_wconf 89' lang='lat' dir='ltr'><strong>corpus</strong></span> <span class='ocrx_word' id='word_1_819' title='bbox 3119 5006 3490 5079; x_wconf 79' lang='lat' dir='ltr'><strong>Redemptoris</strong></span> <span class='ocrx_word' id='word_1_820' title='bbox 3510 5002 3748 5072; x_wconf 56' lang='lat' dir='ltr'><strong>accipin)“:</strong></span> 
     </span>
    </p>
   </div>
   <div class='ocr_carea' id='block_1_112' title="bbox 2261 5097 3750 5170">
    <p class='ocr_par' dir='ltr' id='par_1_112' title="bbox 2261 5097 3750 5170">
     <span class='ocr_line' id='line_1_112' title="bbox 2261 5097 3750 5170; baseline 0.001 -22"><span class='ocrx_word' id='word_1_821' title='bbox 2261 5110 2362 5150; x_wconf 88' lang='lat' dir='ltr'><strong>nos</strong></span> <span class='ocrx_word' id='word_1_822' title='bbox 2389 5110 2486 5164; x_wconf 91' lang='lat' dir='ltr'><strong>pro</strong></span> <span class='ocrx_word' id='word_1_823' title='bbox 2507 5097 2744 5165; x_wconf 90' lang='lat' dir='ltr'><strong>peccatis</strong></span> <span class='ocrx_word' id='word_1_824' title='bbox 2769 5099 2972 5152; x_wconf 89' lang='lat' dir='ltr'><strong>nostris</strong></span> <span class='ocrx_word' id='word_1_825' title='bbox 3004 5100 3057 5152; x_wconf 92' lang='lat' dir='ltr'><strong>in</strong></span> <span class='ocrx_word' id='word_1_826' title='bbox 3089 5099 3308 5155; x_wconf 81' lang='lat' dir='ltr'><strong>ﬂetibus</strong></span> <span class='ocrx_word' id='word_1_827' title='bbox 3352 5101 3639 5170; x_wconf 82' lang='lat' dir='ltr'><strong>atlligamus,</strong></span> <span class='ocrx_word' id='word_1_828' title='bbox 3660 5102 3750 5159; x_wconf 66' lang='lat' dir='ltr'><strong>qna—</strong></span> 
     </span>
    </p>
   </div>
   <div class='ocr_carea' id='block_1_113' title="bbox 2196 5178 3751 5262">
    <p class='ocr_par' dir='ltr' id='par_1_113' title="bbox 2196 5178 3751 5262">
     <span class='ocr_line' id='line_1_113' title="bbox 2196 5178 3751 5262; baseline 0.001 -22"><span class='ocrx_word' id='word_1_829' title='bbox 2196 5236 2199 5237; x_wconf 34' lang='grc' dir='ltr'><em>ν</em></span> <span class='ocrx_word' id='word_1_830' title='bbox 2260 5196 2417 5242; x_wconf 87' lang='lat' dir='ltr'><strong>tenus</strong></span> <span class='ocrx_word' id='word_1_831' title='bbox 2441 5188 2556 5256; x_wconf 88' lang='lat' dir='ltr'><strong>ipsa</strong></span> <span class='ocrx_word' id='word_1_832' title='bbox 2584 5188 2894 5244; x_wconf 87' lang='lat' dir='ltr'><strong>amaritudo</strong></span> <span class='ocrx_word' id='word_1_833' title='bbox 2928 5192 3260 5260; x_wconf 70' lang='lat' dir='ltr'><strong>poenitentia:</strong></span> <span class='ocrx_word' id='word_1_834' title='bbox 3285 5194 3546 5262; x_wconf 81' lang='lat' dir='ltr'><strong>abstergat</strong></span> <span class='ocrx_word' id='word_1_835' title='bbox 3564 5204 3590 5243; x_wconf 87' lang='lat' dir='ltr'><strong>a</strong></span> <span class='ocrx_word' id='word_1_836' title='bbox 3611 5178 3751 5242; x_wconf 64' lang='lat' dir='ltr'><strong>mentis</strong></span> 
     </span>
    </p>
   </div>
   <div class='ocr_carea' id='block_1_114' title="bbox 2265 5276 3751 5352">
    <p class='ocr_par' dir='ltr' id='par_1_114' title="bbox 2265 5276 3751 5352">
     <span class='ocr_line' id='line_1_114' title="bbox 2265 5276 3751 5352; baseline -0.001 -20"><span class='ocrx_word' id='word_1_837' title='bbox 2265 5280 2545 5333; x_wconf 86' lang='lat' dir='ltr'><strong>stomacho</strong></span> <span class='ocrx_word' id='word_1_838' title='bbox 2570 5294 2841 5352; x_wconf 63' lang='lat' dir='ltr'><strong>perversae</strong></span> <span class='ocrx_word' id='word_1_839' title='bbox 2868 5296 3105 5337; x_wconf 87' lang='lat' dir='ltr'><strong>amorem</strong></span> <span class='ocrx_word' id='word_1_840' title='bbox 3131 5284 3259 5338; x_wconf 79' lang='lat' dir='ltr'><strong>vita:</strong></span> <span class='ocrx_word' id='word_1_841' title='bbox 3311 5284 3432 5338; x_wconf 78' lang='lat' dir='ltr'><strong>Non</strong></span> <span class='ocrx_word' id='word_1_842' title='bbox 3462 5276 3695 5336; x_wconf 74' lang='lat' dir='ltr'><strong>remanebit</strong></span> <span class='ocrx_word' id='word_1_843' title='bbox 3709 5282 3751 5322; x_wconf 68' lang='grc' dir='ltr'><strong>ιι</strong></span> 
     </span>
    </p>
   </div>
   <div class='ocr_carea' id='block_1_115' title="bbox 2263 5369 3753 5443">
    <p class='ocr_par' dir='ltr' id='par_1_115' title="bbox 2263 5369 3753 5443">
     <span class='ocr_line' id='line_1_115' title="bbox 2263 5369 3753 5443; baseline 0.007 -21"><span class='ocrx_word' id='word_1_844' title='bbox 2263 5385 2323 5422; x_wconf 86' lang='lat' dir='ltr'><strong>eo</strong></span> <span class='ocrx_word' id='word_1_845' title='bbox 2376 5369 2660 5440; x_wconf 82' lang='lat' dir='ltr'><strong>quidquam</strong></span> <span class='ocrx_word' id='word_1_846' title='bbox 2705 5386 2865 5442; x_wconf 84' lang='lat' dir='ltr'><strong>usque</strong></span> <span class='ocrx_word' id='word_1_847' title='bbox 2914 5389 3084 5438; x_wconf 86' lang='lat' dir='ltr'><strong>mane,</strong></span> <span class='ocrx_word' id='word_1_848' title='bbox 3116 5374 3244 5442; x_wconf 85' lang='lat' dir='ltr'><strong>quia</strong></span> <span class='ocrx_word' id='word_1_849' title='bbox 3294 5374 3409 5443; x_wconf 86' lang='lat' dir='ltr'><strong>ejus</strong></span> <span class='ocrx_word' id='word_1_850' title='bbox 3458 5374 3585 5429; x_wconf 83' lang='lat' dir='ltr'><strong>dicta</strong></span> <span class='ocrx_word' id='word_1_851' title='bbox 3615 5372 3753 5432; x_wconf 55' lang='lat' dir='ltr'><strong>magna</strong></span> 
     </span>
    </p>
   </div>
   <div class='ocr_carea' id='block_1_116' title="bbox 2265 5459 3753 5533">
    <p class='ocr_par' dir='ltr' id='par_1_116' title="bbox 2265 5459 3753 5533">
     <span class='ocr_line' id='line_1_116' title="bbox 2265 5459 3753 5533; baseline -0.001 -22"><span class='ocrx_word' id='word_1_852' title='bbox 2265 5469 2388 5512; x_wconf 90' lang='lat' dir='ltr'><strong>sunt</strong></span> <span class='ocrx_word' id='word_1_853' title='bbox 2415 5459 2777 5515; x_wconf 85' lang='lat' dir='ltr'><strong>sollicitudine</strong></span> <span class='ocrx_word' id='word_1_854' title='bbox 2804 5462 3162 5526; x_wconf 71' lang='lat' dir='ltr'><strong>discutienda,</strong></span> <span class='ocrx_word' id='word_1_855' title='bbox 3192 5474 3462 5533; x_wconf 77' lang='lat' dir='ltr'><strong>quatenus</strong></span> <span class='ocrx_word' id='word_1_856' title='bbox 3508 5461 3753 5532; x_wconf 70' lang='lat' dir='ltr'><strong>priusquam</strong></span> 
     </span>
    </p>
   </div>
   <div class='ocr_carea' id='block_1_117' title="bbox 2266 5542 3758 5625">
    <p class='ocr_par' dir='ltr' id='par_1_117' title="bbox 2266 5542 3758 5625">
     <span class='ocr_line' id='line_1_117' title="bbox 2266 5542 3758 5625; baseline -0.001 -23"><span class='ocrx_word' id='word_1_857' title='bbox 2266 5549 2382 5603; x_wconf 71' lang='lat' dir='ltr'><strong>dies</strong></span> <span class='ocrx_word' id='word_1_858' title='bbox 2413 5552 2822 5605; x_wconf 79' lang='lat' dir='ltr'><strong>resurrectionis</strong></span> <span class='ocrx_word' id='word_1_859' title='bbox 2870 5564 3144 5622; x_wconf 78' lang='lat' dir='ltr'><strong>appareat,</strong></span> <span class='ocrx_word' id='word_1_860' title='bbox 3184 5554 3237 5607; x_wconf 91' lang='lat' dir='ltr'><strong>in</strong></span> <span class='ocrx_word' id='word_1_861' title='bbox 3268 5556 3368 5609; x_wconf 89' lang='lat' dir='ltr'><strong>hac</strong></span> <span class='ocrx_word' id='word_1_862' title='bbox 3395 5549 3644 5625; x_wconf 61' lang='lat' dir='ltr'><strong>persentis</strong></span> <span class='ocrx_word' id='word_1_863' title='bbox 3673 5542 3758 5595; x_wconf 61' lang='lat' dir='ltr'><strong>vim</strong></span> 
     </span>
    </p>
   </div>
   <div class='ocr_carea' id='block_1_118' title="bbox 2269 5640 3756 5717">
    <p class='ocr_par' dir='ltr' id='par_1_118' title="bbox 2269 5640 3756 5717">
     <span class='ocr_line' id='line_1_118' title="bbox 2269 5640 3756 5717; baseline 0.007 -28"><span class='ocrx_word' id='word_1_864' title='bbox 2269 5640 2544 5693; x_wconf 60' lang='lat' dir='ltr'><strong>vocatione</strong></span> <span class='ocrx_word' id='word_1_865' title='bbox 2569 5643 2747 5695; x_wconf 84' lang='lat' dir='ltr'><strong>omnia</strong></span> <span class='ocrx_word' id='word_1_866' title='bbox 2791 5645 3041 5698; x_wconf 76' lang='lat' dir='ltr'><strong>mundata</strong></span> <span class='ocrx_word' id='word_1_867' title='bbox 3072 5648 3218 5701; x_wconf 86' lang='lat' dir='ltr'><strong>illius</strong></span> <span class='ocrx_word' id='word_1_868' title='bbox 3265 5645 3585 5717; x_wconf 68' lang='lat' dir='ltr'><strong>intelligendo</strong></span> <span class='ocrx_word' id='word_1_869' title='bbox 3606 5650 3646 5693; x_wconf 83' lang='lat' dir='ltr'><strong>el</strong></span> <span class='ocrx_word' id='word_1_870' title='bbox 3673 5647 3756 5700; x_wconf 52' lang='grc' dir='ltr'><strong>(ψει</strong></span> 
     </span>
    </p>
   </div>
  </div>
