3932 6188
277 277 368 336 6ιῦ

983 268 1261 325 ENARRA
1270 268 1518 325 TIONES
1555 268 1621 324 IN
1662 267 1835 324 LIBRI

1964 269 2424 329 NCMERORUM.
2466 304 2535 315 —
2573 273 2699 329 LIB.
2739 274 2804 329 ll.

3409 289 3517 346 (illi

275 391 430 448 rando
456 392 832 457 penetrentur.
873 381 980 439 Sed
1034 385 1158 454 quia
1197 383 1352 437 valde
1398 379 1619 438 diflicile
1666 393 1753 437 est
1781 391 1839 437 ut
1868 386 1911 444 Λ
1942 382 2083 436 illius
2102 383 2328 454 ﬁgebant
2359 385 2717 439 tabernacula.
2747 384 2959 440 Cunctis
2990 389 3171 446 diebus
3195 394 3379 462 quibus
3397 406 3513 453 sta...

271 482 383 553 agni
408 490 564 531 omne
593 475 867 544 eloquium
921 474 1091 545 possit
1125 474 1372 544 intelligi,
1424 483 1485 527 ut
1528 488 1689 529 omne
1715 473 1832 543 ejus

271 569 569 642 mysterium
626 566 922 635 penetrari,
972 573 1120 620 recte
1168 564 1513 635 subjungitur
1544 583 1557 618 :
1594 563 1655 619 Si
1703 563 1831 634 quid

268 668 431 712 autem
466 655 798 719 remanserit,
847 655 963 725 igne
1011 653 1343 708 comburelis.
1387 654 1541 719 Quod
1590 658 1659 707 et
1690 668 1831 725 agno

266 757 498 804 remanet
546 746 657 817 igni
707 745 1101 823 comburimus,
1161 744 1380 815 quando
1430 746 1535 799 hoc
1592 744 1738 813 quod
1763 743 1831 797 de

264 841 512 913 mysterio
566 836 957 892 incarnationis
1007 836 1125 907 ejus
1180 835 1478 907 intelligere
1508 851 1614 890 non
1644 849 1833 905 possu-

256 946 395 995 mus,
442 928 697 1000 potestati
753 926 990 995 Spiritus
1027 926 1201 980 sancti
1258 926 1536 980 humiliter
1586 939 1831 979 reserva-

264 1035 395 1084 mus,
426 1028 486 1072 ut
513 1033 621 1072 non
665 1015 895 1086 superbe
924 1016 1046 1084 quis
1094 1016 1293 1070 audeat
1325 1015 1411 1069 vel
1460 1023 1828 1079 contemnere,

262 1109 338 1164 vel
360 1109 683 1164 denuntiare
711 1107 853 1177 quod
882 1123 986 1160 non
1011 1106 1279 1177 intelligit,
1310 1107 1405 1161 sed
1432 1108 1536 1161 hoc
1579 1106 1689 1177 igni
1723 1114 1827 1161 tra-

263 1201 365 1264 dat,
391 1215 513 1256 cum
542 1197 769 1270 Spiritui
801 1206 992 1253 sancto
1022 1205 1290 1252 reservat.
1343 1196 1708 1252 Prohibentur
1737 1196 1829 1266 qui

261 1293 452 1365 pascha
502 1290 708 1345 faciunt
761 1305 884 1344 ossa
936 1288 1205 1362 frangere.
1257 1289 1374 1344 Non
1429 1290 1752 1361 franguntur
1777 1290 1830 1343 in

259 1399 413 1439 cruce
442 1399 569 1438 ossa
600 1382 834 1446 Domini,
880 1390 1174 1437 attestaute
1199 1381 1559 1451 evangelista,
1591 1381 1681 1450 qui
1708 1380 1786 1435 ait
1814 1398 1826 1434 :

265 1474 331 1528 0s
378 1491 482 1527 non
540 1471 900 1526 comminuetis
944 1472 992 1525 ei
1023 1470 1202 1542 (Joan.
1247 1470 1386 1542 XIX).
1417 1470 1643 1526 Omnem
1666 1470 1830 1524 ritum

259 1562 471 1618 Paschaa
483 1561 849 1617 observabant
866 1561 1183 1624 Christiani,
1212 1560 1336 1630 quia
1354 1561 1611 1629 quidquid
1642 1560 1692 1614 in
1714 1560 1831 1630 lege

262 1655 612 1711 historialiter
637 1661 964 1724 praeceptum
1021 1661 1108 1708 est
1155 1652 1334 1707 facere
1371 1652 1424 1706 in
1468 1652 1831 1707 celebratione

1935 474 2020 527 bat
2056 475 2214 528 nubes
2260 493 2416 545 super
2442 475 2861 541 tabernaculum,
2919 481 3195 537 manebant
3244 485 3299 538 in
3333 488 3517 544 eodem

1934 564 2067 617 loco.
2127 564 2192 618 Et
2214 566 2261 619 si
2288 565 2536 619 evenisset
2573 575 2628 619 ut
2651 565 2813 619 multo
2840 576 3068 637 tempore
3088 585 3320 626 maneret
3359 592 3518 647 super

1934 654 2085 718 illid,
2115 666 2262 709 erant
2302 655 2402 724 ﬁlii
2435 653 2605 709 Israel
2656 655 2711 708 in
2752 658 2982 711 excubiis
3035 657 3268 723 Domini,
3313 673 3360 716 et
3410 680 3513 718 non

1931 747 2397 815 proﬁciscebantur
2424 756 2672 818 quotquot
2716 747 2897 801 diebus
2948 748 3129 818 fuisset
3175 752 3333 807 nubes
3361 769 3517 824 super

1933 835 2348 892 tabernaculum.
2408 837 2490 890 Ad
2516 837 2792 911 imperiam
2818 838 3031 894 Domini
3058 841 3323 911 erigebant
3350 853 3518 898 tento-

1934 928 2037 990 ria,
2069 936 2115 980 et
2131 927 2201 980 ad
2223 927 2496 997 imperium
2518 910 2662 981 illius
2678 927 3023 998 deponebant.
3064 929 3125 985 Si
3140 910 3331 999 ifuisset
3358 934 3516 987 nubes

1932 1037 1964 1073 a
1994 1036 2195 1090 vespere
2234 1036 2397 1090 usque
2422 1036 2599 1085 mane,
2641 1031 2689 1075 et
2737 1022 2915 1075 statim
2952 1022 3184 1077 diluculo
3229 1024 3519 1096 reliquisset

1933 1110 2348 1174 tabernaculum,
2372 1112 2854 1181 proﬁciscebantur.
2893 1114 2956 1168 Et
2983 1115 3029 1169 si
3055 1097 3168 1187 post
3194 1116 3332 1170 diem
3355 1128 3402 1172 et
3425 1135 3520 1173 no-

1933 1211 2065 1256 clem
2081 1202 2392 1267 recessisset,
2416 1204 2740 1273 dissipabunt
2768 1205 3127 1260 tabernacula.
3152 1205 3210 1261 Si
3232 1224 3354 1262 vero
3379 1209 3518 1264 duo-

1933 1292 2030 1346 bus
2058 1303 2151 1347 aut
2169 1311 2274 1348 uno
2310 1310 2485 1349 mense
2509 1293 2586 1348 vel
2626 1294 2851 1365 longiori
2894 1306 3121 1367 tempore
3147 1298 3327 1368 fuisset
3363 1315 3523 1370 super

1933 1382 2352 1449 tabernaculum,
2381 1385 2659 1439 manebant
2682 1386 2782 1454 ﬁlii
2805 1385 2977 1440 Israel
3024 1387 3078 1442 in
3100 1388 3279 1443 eodem
3310 1390 3448 1457 loco,
3469 1400 3521 1445 et

1934 1488 2036 1525 non
2055 1472 2539 1542 proﬁciscebantur.
2588 1473 2781 1529 Statim
2800 1486 2974 1530 autent
2999 1486 3053 1530 ut
3079 1479 3390 1544 recessisset,
3416 1497 3524 1535 mo-

1934 1563 2115 1617 vebant
2140 1575 2334 1620 castra.
2392 1564 2498 1619 Per
2523 1566 2732 1620 verbum
2764 1566 2974 1621 Domini
3008 1568 3235 1638 ﬁgebant
3270 1572 3522 1636 tentoria,

1934 1661 1983 1705 et
2002 1669 2093 1723 per
2133 1653 2341 1707 verbum
2370 1654 2514 1708 illius
2537 1656 3004 1726 proﬁciscebantur
3023 1676 3042 1715 :
3070 1670 3322 1731 erantque
3352 1663 3408 1715 in
3433 1678 3520 1716 ea:-

259 1747 487 1818 paschze,
522 1753 689 1799 totum
727 1744 782 1797 in
808 1742 1051 1798 Ecclesia
1075 1742 1278 1799 Christi
1303 1742 1622 1812 spiritaliter
1647 1742 1832 1797 obser—
1867 1730 1907 1789 Β
1936 1742 2102 1795 cabiis
2131 1741 2340 1796 Domini
2362 1744 2519 1813 juxta
2543 1745 2819 1812 imperium
2842 1746 2957 1817 ejus
2972 1765 3064 1817 per
3084 1765 3301 1803 manum
3327 1750 3521 1822 Moysi.

256 1849 428 1896 vatur.

323 1930 383 1985 Si
403 1930 520 2001 quis
546 1936 720 1981 autem
742 1934 790 1981 et
815 1926 1041 1980 mundus
1078 1935 1152 1980 est
1182 1935 1229 1979 et
1255 1926 1312 1979 in
1350 1925 1534 1979 itinere
1569 1925 1671 1977 non
1710 1924 1830 1993 fuit,

258 2034 300 2075 et
338 2032 515 2075 tamen
549 2036 651 2073 non
673 2019 798 2088 facit
825 2021 1006 2088 phase,
1058 2019 1493 2072 exterminabitur
1542 2019 1716 2070 anima
1741 2015 1833 2069 illa

257 2108 323 2167 de
347 2113 557 2183 populis
580 2112 711 2176 suis,
749 2112 869 2181 quia
898 2110 1214 2178 sacriﬁcium
1247 2110 1474 2163 Domino
1521 2125 1623 2162 non
1650 2106 1835 2161 obtulit

257 2214 482 2272 tempore
507 2217 638 2266 suo;
681 2209 950 2272 peccatum
995 2215 1146 2253 suum
1194 2200 1301 2269 ipse
1326 2198 1571 2269 portabit.
1623 2197 1721 2252 Hic
1743 2212 1836 2252 eos

256 2294 340 2362 qui
369 2293 474 2346 sub
524 2292 640 2362 lege
670 2292 838 2346 veteri
888 2289 1108 2345 fuerant
1132 2288 1513 2344 comminando
1553 2287 1832 2352 instruxit,

258 2393 309 2436 ut
342 2383 561 2452 paschae.
601 2390 810 2452 tempus
845 2380 1143 2451 legitimum
1188 2394 1406 2433 servare
1455 2393 1561 2431 non
1593 2377 1834 2449 neglige-

258 2482 386 2536 rent,
416 2480 689 2542 quatenus
737 2471 1017 2525 interitum
1063 2469 1187 2523 vita:
1232 2483 1339 2521 non
1374 2467 1735 2530 incurrerent,
1787 2466 1832 2520 si

260 2573 584 2635 prteceptum
609 2562 820 2618 Domini
844 2563 1136 2616 observare
1172 2575 1278 2614 non
1309 2568 1700 2630 procurarent;
1727 2558 1836 2612 imo

257 2665 308 2710 et
332 2669 425 2710 eos
456 2655 552 2723 qui
601 2653 700 2708 sub
739 2652 912 2723 gratia
939 2650 1138 2705 Christi
1190 2657 1316 2705 sunt
1352 2650 1514 2719 positi
1562 2650 1832 2711 admonet,

258 2756 528 2814 quatenus
550 2744 718 2813 phase
748 2740 993 2811 spiritale
1040 2748 1282 2809 tempore
1312 2753 1410 2794 suo
1432 2753 1592 2809 agere
1615 2753 1719 2792 nou
1744 2753 1838 2792 ne-

259 2834 476 2904 gligant.
511 2834 589 2887 De
618 2848 725 2902 quo
750 2831 1002 2885 videlicet
1028 2838 1269 2898 tempore
1302 2844 1315 2881 :
1341 2827 1539 2882 Paulus
1562 2827 1838 2898 apostolus

261 2925 403 2979 dicit.
461 2923 600 2978 Ecce
642 2938 778 2977 nunc
806 2933 1006 2992 tempus
1034 2918 1369 2992 acceptabile,
1421 2936 1537 2973 ecce
1564 2936 1699 2973 nunc
1727 2920 1838 2972 dies

261 3016 437 3071 salutis
480 3013 567 3086 (II
605 3013 728 3068 Cor.
754 3012 850 3085 γι).
932 3012 1066 3079 Quia
1120 3011 1367 3080 quisquis
1414 3008 1836 3079 redemptionem

1935 1831 1990 1885 ln
2009 1830 2360 1904 Septuaginta
2375 1851 2591 1905 quoque
2609 1837 2998 1906 interpretibus
3015 1840 3118 1895 hoc
3129 1841 3424 1911 capitulum
3450 1845 3524 1899 ita

1936 1924 2278 1978 continetur:
2312 1925 2380 1978 Et
2409 1926 2493 1980 die
2506 1944 2609 1997 qua
2633 1930 2973 1982 constitutum
2996 1940 3071 1983 est
3102 1931 3523 1997 tabernaculum,

1936 2016 2062 2068 texit
2097 2015 2257 2069 nubes
2278 2016 2673 2083 tabernaculum
2697 2018 2907 2072 domum
2930 2021 3294 2086 testimonii,et
3323 2040 3527 2094 vespere

1934 2116 2044 2159 erat
2065 2122 2220 2175 super
2249 2106 2666 2172 tabernaculum,
2700 2107 2836 2162 velut
2870 2110 3065 2179 species
3094 2111 3227 2182 ignis
3254 2123 3423 2167 nocte.
3454 2113 3527 2168 Et

1937 2213 2054 2250 cum
2085 2196 2398 2273 ascendisset
2437 2197 2595 2251 nubes
2626 2215 2658 2250 a
2698 2198 3055 2262 tabernaculo,
3103 2209 3152 2253 et
3183 2211 3363 2269 postea
3402 2219 3527 2272 pro-

1936 2285 2207 2340 movebant
2239 2285 2338 2355 ﬁlii
2367 2286 2558 2341 Israel.
2606 2286 2675 2341 In
2709 2286 2823 2341 loco
2850 2289 3143 2359 ubicunque
3195 2300 3406 2347 steterat
3435 2309 3528 2347 nu-

1938 2376 2044 2441 bes',
2073 2375 2144 2429 ibi
2169 2386 2343 2431 castra
2376 2376 2701 2431 collocabant
2726 2377 2828 2447 ﬁlii
2853 2376 3042 2434 Israel.
3078 2379 3181 2435 Per
3206 2392 3525 2454 praeceptum

1937 2465 2151 2525 Domini
2203 2465 2528 2521 collocabant
2556 2476 2731 2521 castra
2759 2467 2861 2536 ﬁlii
2890 2467 3079 2535 Israel,
3128 2480 3176 2524 et
3218 2487 3313 2541 per
3331 2488 3527 2542 prarce-

1933 2568 2082 2628 ptum
2125 2557 2342 2612 Domini
2382 2557 2770 2629 promovebant.
2847 2558 3040 2614 Omnes
3080 2560 3192 2615 dies
3240 2563 3297 2616 in
3337 2563 3526 2633 quibus

1937 2652 2280 2707 obambrabat
2331 2652 2490 2708 nubes
2546 2669 2705 2723 super
2749 2652 3190 2718 tabernaculum,
3234 2654 3291 2708 in
3337 2656 3526 2709 castris

1937 2752 2088 2797 erant
2130 2743 2232 2813 ﬁlii
2273 2743 2480 2809 Israel;
2511 2753 2560 2798 et
2578 2744 2789 2815 quando
2818 2753 3154 2815 protraxerat
3185 2743 3345 2799 nubes
3371 2761 3526 2814 super

1938 2833 2337 2888 tabernaculum
2361 2834 2470 2888 dies
2490 2832 2688 2904 plures,
2722 2844 2771 2889 et
2796 2834 3087 2888 custodient
3114 2835 3213 2902 ﬁlii
3238 2833 3411 2889 Israel
3436 2853 3529 2889 cu-

1939 2923 2137 2977 stodias
2155 2922 2385 2987 Domini,
2410 2932 2459 2977 et
2489 2939 2592 2977 non
2622 2922 3010 2992 promovebant.
3048 2922 3116 2976 Et
3130 2923 3225 2976 erit
3248 2940 3366 2977 cum
3387 2933 3529 2979 τεωορ

1885 3074 1911 3096 Ἰ
1944 3017 2009 3072 rit
2032 3015 2191 3068 nubes
2220 3015 2330 3068 dies
2354 3030 2571 3068 numero
2601 3030 2758 3085 super
2792 3013 3207 3078 tabernaculum,
3237 3032 3334 3086 per
3354 3033 3526 3070 vocem

264 3108 483 3163 humani
511 3107 745 3178 generis,
783 3120 901 3175 qum
927 3105 980 3158 in
1008 3104 1121 3157 veri
1148 3103 1271 3173 agni
1306 3102 1672 3157 immolatione
1717 3117 1839 3172 per-
1867 3079 1912 3136 Ε
1944 3105 2157 3158 Domini
2192 3105 2246 3157 in
2294 3104 2482 3157 castris
2522 3113 2699 3168 erant,
2753 3111 2802 3157 et
2847 3119 2939 3172 per
2966 3079 3283 3173 prceceptuin
3313 3101 3527 3158 Domini

261 3207 466 3267 patrata
496 3207 602 3264 est,
626 3197 729 3251 fide
753 3197 907 3266 digna
936 3194 1214 3249 celebrare
1243 3209 1348 3248 non
1370 3199 1546 3258 curat,
1571 3206 1835 3262 suamque

258 3288 417 3343 vitam
472 3289 529 3342 in
558 3287 777 3341 meliora
818 3300 923 3339 non
954 3283 1223 3338 studuerit
1256 3289 1571 3338 convertere
1601 3291 1841 3352 tempore

260 3377 609 3435 mortalitatis
637 3376 816 3440 istius,
842 3382 1004 3443 atque
1029 3388 1059 3426 a
1084 3372 1229 3426 vitiis
1252 3371 1319 3425 ad
1347 3371 1577 3425 virtutes
1606 3370 1842 3425 transire

258 3484 358 3524 non
386 3468 641 3531 festinat,
672 3467 738 3522 ad
782 3464 1201 3519 resurrectionis
1224 3463 1406 3532 utique
1434 3462 1684 3532 gloriam,
1721 3477 1841 3531 quae

260 3561 311 3612 in
357 3560 467 3615 line
497 3558 779 3613 veracibus
805 3555 1006 3611 Christi
1060 3553 1358 3607 cultoribus
1397 3552 1685 3614 tribuetur,
1734 3566 1840 3604 non

260 3651 687 3726 pertinebit,sed
721 3667 750 3706 a
776 3651 1050 3706 consortio
1066 3649 1304 3703 omnium
1335 3656 1642 3702 sanctorum
1663 3644 1841 3697 anima

260 3743 738 3806 exterminabitur,
780 3756 879 3796 nec
903 3741 951 3794 ei
975 3740 1026 3794 in
1054 3747 1197 3793 ctetu
1240 3736 1512 3792 laetissimo
1534 3742 1840 3789 sanctorum

260 3837 417 3890 ullam
437 3835 878 3890 communionem
907 3831 1110 3886 habere
1129 3828 1333 3882 licebit.
1375 3824 1528 3892 Quod
1554 3831 1735 3877 autem
1760 3836 1843 3877 se-

259 3928 446 3998 quitur
469 3943 487 3980 :
517 3923 831 3994 Peregrinus
863 3936 1065 3992 quoque
1096 3927 1143 3973 et
1174 3916 1371 3971 advena
1412 3916 1456 3969 si
1502 3912 1659 3984 fuerit
1702 3912 1842 3983 apud

257 4035 359 4076 vos,
389 4018 559 4087 phase
584 4014 746 4083 faciat
772 4011 995 4066 Domino
1016 4010 1173 4079 juxta
1209 4006 1545 4061 cceremonias
1576 4013 1624 4058 et
1642 4002 1845 4072 justiﬁ-

255 4109 494 4162 cationes
521 4106 634 4176 ejus
657 4117 674 4156 :
701 4111 1013 4174 prwceptum
1039 4098 1175 4153 idem
1200 4098 1296 4152 erit
1316 4095 1461 4167 apud
1489 4112 1598 4161 vos,
1622 4103 1730 4147 tam
1752 4092 1845 4146 ad-

256 4214 395 4252 vena:
413 4212 579 4269 quam
602 4194 879 4264 indigenae,
907 4189 1145 4245 ostendit
1170 4187 1370 4242 nullam
1397 4187 1709 4242 distantiam
1725 4198 1843 4240 esse

256 4298 625 4356 personarum
654 4279 791 4351 apud
820 4279 1138 4341 Dominum;
1168 4276 1261 4330 sed
1297 4276 1563 4345 quisquis,
1597 4275 1710 4329 sive
1744 4273 1841 4328 Ju-

258 4379 422 4441 dzeus,
464 4376 582 4430 sive
602 4372 834 4445 gentilis,
861 4371 976 4426 sive
1012 4367 1302 4431 masculus,
1331 4368 1444 4422 sive
1476 4366 1699 4431 femina,
1724 4366 1840 4421 sive

256 4468 611 4534 servus,sivc
635 4466 791 4529 liber,
821 4464 886 4519 ad
918 4463 1079 4517 fidem
1095 4460 1418 4516 catholicam
1448 4474 1760 4522 conversus,
1783 4466 1837 4514 et

255 4559 590 4629 baptismate
612 4554 812 4610 Christi
845 4552 1060 4632 ablutus
1079 4549 1335 4604 Ecclesia:
1361 4548 1623 4601 unitatem
1648 4561 1835 4623 perce-

255 4652 417 4720 perit,
456 4646 874 4703 resurrectionis
898 4642 1099 4699 Christi
1126 4639 1421 4711 mysteriis,
1453 4639 1556 4694 rite
1591 4638 1669 4694 illi
1691 4653 1839 4693 com-

255 4742 543 4796 municare
565 4737 763 4792 licebit.

879 4844 1106 4901 CAPUT
1141 4843 1227 4898 Ill.

478 4936 750 5006 Quomodo
778 4935 1039 5004 proﬁcisci
1060 4934 1279 4987 debeant
1304 4931 1402 5001 ﬁlii
1435 4928 1626 4985 Israel.

330 5028 517 5101 (Ιιιιο.)
559 5025 733 5098 Igitur
773 5027 857 5080 die
898 5042 1003 5096 qua
1045 5033 1269 5078 erectam
1307 5031 1380 5076 est
1423 5018 1837 5083 tabernaculum,

255 5122 465 5191 operuit
492 5118 627 5172 illud
657 5118 833 5171 nubes.
883 5116 928 5169 Α
952 5131 1159 5184 vespera
1182 5123 1356 5167 autem
1381 5128 1536 5181 super
1560 5111 1838 5165 tentorium

253 5218 371 5263 erat
407 5208 563 5280 quasi
591 5206 781 5277 species
808 5205 943 5276 ignis
973 5219 1136 5274 usque
1158 5218 1328 5265 mane,
1360 5202 1436 5256 sic
1447 5199 1601 5269 ﬁebat
1618 5200 1837 5270 jagiter.

254 5298 366 5353 Per
388 5299 532 5352 diem
564 5297 825 5368 operiebat
871 5293 1002 5347 illud
1024 5292 1204 5356 nubes,
1258 5300 1305 5345 et
1335 5307 1426 5361 per
1454 5299 1654 5343 noctem
1691 5287 1839 5360 quasi

250 5391 459 5461 species
476 5389 628 5461 ignis.
678 5388 909 5456 Cumque
933 5383 1108 5438 ablata
1149 5381 1331 5452 fuisset
1361 5380 1519 5433 nubes
1540 5378 1842 5447 qua’taber-

250 5479 514 5534 naculum
538 5477 858 5550 protegebat,
887 5484 1010 5528 tunc
1034 5471 1496 5544 proﬁciscebantur
1510 5467 1610 5535 ﬁlii
1633 5464 1838 5527 Israel;

251 5579 298 5621 et
344 5569 405 5620 in
459 5566 569 5621 loco
594 5566 684 5620 ubi
710 5567 932 5620 stetisset
963 5563 1143 5625 nubes,
1184 5560 1255 5614 ibi
1285 5568 1455 5612 castra
1486 5558 1833 5609 metabantur.

247 5658 333 5711 Ad
363 5658 639 5726 imperium
665 5656 873 5711 Dom’ni
898 5654 1379 5720 proﬁciscebantur,
1395 5657 1442 5701 et
1463 5647 1531 5700 ad
1560 5647 1829 5715 imperium

1939 3194 2330 3267 promovebant.
2382 3191 2450 3246 Et
2513 3193 2611 3246 erit
2673 3208 2793 3246 cum
2839 3191 2997 3261 fuerit
3045 3190 3206 3246 nubes
3236 3208 3269 3245 a
3319 3208 3529 3261 vespera

1945 3302 2106 3357 usque
2152 3302 2324 3349 mane,
2355 3295 2401 3338 et
2425 3284 2715 3339 ascenderit
2775 3283 2934 3338 nubes
2972 3299 3147 3348 mane,
3178 3292 3228 3337 et
3253 3300 3531 3353 promove-

1944 3378 2069 3432 bant
2098 3378 2184 3432 die
2218 3377 2295 3433 vel
2338 3389 2507 3432 nocte.
2544 3377 2610 3431 Et
2641 3378 2687 3431 si
2718 3377 3009 3432 ascenderit
3054 3377 3213 3432 nubes
3259 3393 3529 3447 promove-

1944 3467 2069 3521 bant
2093 3485 2112 3533 ;
2147 3468 2228 3522 vel
2265 3468 2351 3522 die
2372 3484 2548 3522 mense
2566 3468 2673 3522 diei
2700 3468 3001 3522 abundante
3030 3469 3163 3523 nube
3190 3468 3531 3523 obumbrante

1944 3576 2100 3629 super
2129 3559 2280 3622 illud,
2310 3560 2365 3613 in
2419 3560 2607 3614 castris
2636 3569 2788 3613 erant
2820 3560 2919 3627 ﬁlii
2964 3557 3156 3624 Israel,
3204 3568 3253 3613 et
3277 3576 3381 3613 non
3409 3576 3531 3630 pro-

1949 3650 2244 3713 movebant,
2274 3651 2521 3717 quoniam
2561 3666 2654 3719 per
2677 3659 2989 3719 prwceptum
3016 3649 3225 3702 Domini
3247 3666 3522 3718 promove-

1945 3740 2093 3794 bant.
2135 3738 2440 3793 Custodiam
2471 3738 2682 3792 Domini
2709 3738 3066 3792 custodierunt
3092 3754 3184 3807 per
3209 3747 3528 3808 pra'ceptum

1946 3831 2159 3885 Domini
2197 3832 2251 3884 in
2287 3847 2447 3884 manu
2475 3829 2666 3900 Moysi.
2726 3829 2898 3884 Totus
2948 3829 3035 3883 hic
3063 3828 3214 3884 locus
3243 3829 3530 3900 diligenter

1946 3921 2299 3991 exponendas
2323 3929 2426 3986 est,
2454 3920 2710 3989 quoniam
2757 3919 3029 3974 inusitatis
3063 3919 3349 3991 generibus
3378 3919 3527 3975 locu—

1948 4013 2154 4067 tionum
2182 4012 2504 4066 obscuratus
2529 4019 2629 4066 est.
2669 4010 2737 4064 Et
2766 4010 2871 4077 die,
2921 4011 3116 4080 inquit,
3144 4028 3249 4082 qua
3272 4021 3528 4065 statutum

1951 4114 2025 4159 est
2058 4101 2473 4164 tabernaculum,
2516 4102 2645 4156 texit
2694 4101 2854 4156 nubes
2884 4101 3281 4156 tabernaculum
3310 4100 3527 4155 domum

1946 4195 2250 4249 testimonii.
2294 4193 2441 4249 Idem
2504 4193 2914 4248 tabernaculum
2971 4192 3258 4263 appellavit
3308 4192 3527 4247 domum

1948 4284 2263 4340 testimonii.
2295 4282 2362 4336 Et
2394 4298 2598 4352 vespere
2623 4293 2735 4335 erat
2776 4298 2933 4351 super
2954 4278 3350 4334 tabernaculum
3389 4279 3526 4334 velut

1918 4436 1923 4443 ε
1949 4376 2144 4446 species
2192 4375 2329 4445 ignis
2378 4389 2539 4443 usque
2568 4388 2721 4426 mane
2743 4385 2762 4423 :
2788 4372 2863 4424 ita
2888 4371 3046 4440 ﬁebat
3075 4385 3296 4440 semper.
3326 4369 3527 4426 Deinde

1944 4463 2227 4534 diligenter
2252 4460 2510 4531 exprimit
2557 4460 2686 4530 quid
2734 4459 2900 4513 ﬁebat
2931 4472 3164 4528 semper.
3212 4456 3415 4524 Nubes,
3444 4458 3526 4512 in-

1943 4554 2082 4623 quit,
2137 4550 2350 4621 tegebat
2389 4548 2517 4603 illud
2571 4548 2676 4613 die,
2728 4555 2783 4601 et
2811 4547 3019 4617 species
3057 4546 3198 4617 ignis
3232 4555 3410 4601 nocte.
3455 4545 3525 4601 Et

1944 4660 2061 4697 cum
2090 4643 2403 4696 ascendisset
2448 4640 2660 4693 nubesa
2689 4636 3050 4703 tabernaculo,
3094 4645 3141 4691 et
3183 4647 3363 4708 postea
3403 4654 3525 4708 pro-

1943 4734 2215 4790 movebant
2238 4731 2337 4801 ﬁlii
2364 4729 2557 4785 Israel.
2608 4729 2711 4784 Ista
2742 4728 3008 4783 sententia
3029 4727 3260 4782 obscura
3289 4742 3396 4782 non
3416 4736 3522 4792 est,

1943 4826 2048 4883 nisi
2077 4833 2293 4896 propter
2321 4822 2463 4877 illam
2494 4821 2820 4876 locutionem
2861 4818 2951 4874 ubi
2993 4818 3230 4884 additur,
3255 4829 3324 4872 et.
3374 4816 3521 4874 Ordo

1943 4919 2087 4972 enim
2112 4917 2399 4971 verborum
2431 4914 2638 4984 integer
2671 4910 2936 4980 sequitur,
2974 4910 3139 4964 etiam
3166 4909 3212 4965 si
3237 4908 3377 4964 desit
3406 4909 3521 4980 ipsa

1944 5006 2271 5076 coniunctio,
2300 5013 2354 5060 et
2386 5003 2465 5059 sic
2493 5004 2705 5058 dicatur
2744 5020 2757 5055 :
2783 5000 2850 5054 Et
2877 5016 2995 5055 cum
3027 5001 3340 5055 ascendisset
3363 5000 3520 5054 nubes

1943 5117 1975 5153 a
1996 5096 2354 5161 tabernaculo,
2375 5102 2553 5164 postea
2577 5090 2947 5164 promovebant
2971 5090 3070 5161 ﬁlii
3092 5090 3281 5145 Israel.
3322 5090 3520 5158 Quam-

1942 5190 2026 5244 vis
2055 5196 2110 5242 et
2162 5189 2334 5258 ipsum
2382 5184 2523 5254 quod
2562 5186 2767 5237 dictum
2789 5188 2900 5236 'est
2946 5189 3145 5251 postea,
3200 5180 3244 5235 si
3283 5180 3517 5238 deesset,

1947 5279 2103 5351 plena
2127 5287 2308 5350 posset
2331 5293 2450 5332 esse
2475 5275 2760 5331 sententia.
2794 5273 2997 5328 Deinde
3026 5274 3268 5343 sequitur
3296 5271 3511 5325 dicens:

1949 5371 2013 5424 Et
2034 5371 2088 5423 in
2113 5369 2226 5423 loco
2254 5368 2338 5422 ubi
2359 5376 2570 5421 steterat
2588 5365 2771 5429 nubes,
2792 5364 2864 5418 ibi
2888 5374 3063 5418 castra
3080 5360 3403 5416 collocabant
3415 5357 3516 5426 ﬁlii

1945 5457 2133 5512 Israel.
2191 5457 2304 5511 lloc
2339 5464 2520 5509 autem
2550 5461 2721 5509 totum
2761 5453 2903 5520 quod
2934 5451 3204 5505 faciebant
3230 5448 3294 5501 ad
3316 5460 3517 5516 praece-

1939 5558 2088 5618 ptum
2112 5546 2323 5602 Domini
2349 5546 2611 5610 referens,
2646 5545 2720 5598 ita
2761 5541 3152 5612 complectitur.
3196 5536 3300 5590 Per
3318 5553 3514 5606 pra’cc-

1938 5653 2081 5712 ptum
2113 5639 2342 5706 Domini,
2368 5638 2559 5705 inquit,
2588 5645 2758 5690 castra
2782 5632 3106 5687 collocabant
3138 5629 3235 5696 ﬁlii
3254 5626 3444 5695 Israel,
3467 5638 3515 5682 et
