  <div class='ocr_page' id='page_1' title='image "/cluster/home/n/w/nwhite01/storage/ocr_20150623/108/hvd.32044054759733/329.png"; bbox 0 0 3932 6188; ppageno 0'>
   <div class='ocr_carea' id='block_1_1' title="bbox 473 295 2058 377">
    <p class='ocr_par' dir='ltr' id='par_1_1' title="bbox 473 297 2058 377">
     <span class='ocr_line' id='line_1_1' title="bbox 473 297 2058 377; baseline -0.014 -1"><span class='ocrx_word' id='word_1_1' title='bbox 473 320 577 377; x_wconf 73' lang='grc' dir='ltr'><strong>6ιῖ</strong></span> <span class='ocrx_word' id='word_1_2' title='bbox 1125 306 1185 361; x_wconf 82' lang='grc' dir='ltr'><strong>Β.</strong></span> <span class='ocrx_word' id='word_1_3' title='bbox 1224 302 1477 360; x_wconf 66' lang='grc' dir='ltr'>ιιΑΒΑΝι</span> <span class='ocrx_word' id='word_1_4' title='bbox 1518 300 1738 359; x_wconf 68' lang='lat' dir='ltr'><strong>MAURI</strong></span> <span class='ocrx_word' id='word_1_5' title='bbox 1777 297 2058 356; x_wconf 73' lang='lat' dir='ltr'><strong>ARCiliEi</strong></span> 
     </span>
    </p>
   </div>
   <div class='ocr_carea' id='block_1_2' title="bbox 2160 295 3675 377">
    <p class='ocr_par' dir='ltr' id='par_1_2' title="bbox 2160 295 3675 362">
     <span class='ocr_line' id='line_1_2' title="bbox 2160 295 3675 362; baseline 0 -10"><span class='ocrx_word' id='word_1_6' title='bbox 2160 298 2448 355; x_wconf 69' lang='lat' dir='ltr'><strong>rlOCUNT.</strong></span> <span class='ocrx_word' id='word_1_7' title='bbox 2486 295 2771 353; x_wconf 51' lang='lat' dir='ltr'><strong>OPERI’RI</strong></span> <span class='ocrx_word' id='word_1_8' title='bbox 2810 295 2990 353; x_wconf 64' lang='lat' dir='ltr'><strong>PARS</strong></span> <span class='ocrx_word' id='word_1_9' title='bbox 3021 299 3061 352; x_wconf 85' lang='lat' dir='ltr'><strong>i.</strong></span> <span class='ocrx_word' id='word_1_10' title='bbox 3586 304 3675 362; x_wconf 57' lang='lat'><strong>643</strong></span> 
     </span>
    </p>
   </div>
   <div class='ocr_carea' id='block_1_3' title="bbox 470 411 3678 502">
    <p class='ocr_par' dir='ltr' id='par_1_3' title="bbox 470 411 3678 502">
     <span class='ocr_line' id='line_1_3' title="bbox 470 411 3678 502; baseline -0.004 -19"><span class='ocrx_word' id='word_1_11' title='bbox 470 448 561 498; x_wconf 85' lang='lat' dir='ltr'><strong>per</strong></span> <span class='ocrx_word' id='word_1_12' title='bbox 586 436 898 502; x_wconf 67' lang='lat' dir='ltr'><strong>pra’ceptum</strong></span> <span class='ocrx_word' id='word_1_13' title='bbox 923 423 1132 479; x_wconf 85' lang='lat' dir='ltr'><strong>Domini</strong></span> <span class='ocrx_word' id='word_1_14' title='bbox 1161 421 1549 495; x_wconf 84' lang='lat' dir='ltr'><strong>promovebant.</strong></span> <span class='ocrx_word' id='word_1_15' title='bbox 1583 420 1915 488; x_wconf 72' lang='lat' dir='ltr'><strong>Pncccptum</strong></span> <span class='ocrx_word' id='word_1_16' title='bbox 1944 418 2048 470; x_wconf 82' lang='lat' dir='ltr'><strong>Do-</strong></span> <span class='ocrx_word' id='word_1_17' title='bbox 2081 430 2124 482; x_wconf 71' lang='grc' dir='ltr'><strong>Α</strong></span> <span class='ocrx_word' id='word_1_18' title='bbox 2147 415 2327 484; x_wconf 78' lang='lat' dir='ltr'><strong>juuxit</strong></span> <span class='ocrx_word' id='word_1_19' title='bbox 2355 424 2411 468; x_wconf 89' lang='lat' dir='ltr'><strong>et</strong></span> <span class='ocrx_word' id='word_1_20' title='bbox 2432 415 2507 467; x_wconf 77' lang='lat' dir='ltr'><strong>ait</strong></span> <span class='ocrx_word' id='word_1_21' title='bbox 2540 433 2550 466; x_wconf 93' lang='lat'>:</span> <span class='ocrx_word' id='word_1_22' title='bbox 2590 411 2682 465; x_wconf 79' lang='lat' dir='ltr'><strong>Vel</strong></span> <span class='ocrx_word' id='word_1_23' title='bbox 2712 422 2877 475; x_wconf 78' lang='lat' dir='ltr'><strong>nocte,</strong></span> <span class='ocrx_word' id='word_1_24' title='bbox 2917 420 2963 463; x_wconf 89' lang='lat' dir='ltr'><strong>et</strong></span> <span class='ocrx_word' id='word_1_25' title='bbox 2996 411 3040 463; x_wconf 87' lang='lat' dir='ltr'><strong>si</strong></span> <span class='ocrx_word' id='word_1_26' title='bbox 3069 411 3353 466; x_wconf 75' lang='lat' dir='ltr'><strong>ascenderit</strong></span> <span class='ocrx_word' id='word_1_27' title='bbox 3395 413 3678 484; x_wconf 83' lang='lat' dir='ltr'><strong>nubes,pro-</strong></span> 
     </span>
    </p>
   </div>
   <div class='ocr_carea' id='block_1_4' title="bbox 474 508 2043 586">
    <p class='ocr_par' dir='ltr' id='par_1_4' title="bbox 474 508 2043 586">
     <span class='ocr_line' id='line_1_4' title="bbox 474 508 2043 586; baseline -0.01 -14"><span class='ocrx_word' id='word_1_28' title='bbox 474 519 603 572; x_wconf 88' lang='lat' dir='ltr'><strong>mini</strong></span> <span class='ocrx_word' id='word_1_29' title='bbox 633 514 865 586; x_wconf 87' lang='lat' dir='ltr'><strong>appellat</strong></span> <span class='ocrx_word' id='word_1_30' title='bbox 886 514 1096 583; x_wconf 82' lang='lat' dir='ltr'><strong>signum</strong></span> <span class='ocrx_word' id='word_1_31' title='bbox 1152 513 1351 581; x_wconf 88' lang='lat' dir='ltr'><strong>ipsum,</strong></span> <span class='ocrx_word' id='word_1_32' title='bbox 1394 510 1538 579; x_wconf 83' lang='lat' dir='ltr'><strong>quod</strong></span> <span class='ocrx_word' id='word_1_33' title='bbox 1587 510 1749 562; x_wconf 88' lang='lat' dir='ltr'><strong>tiebat</strong></span> <span class='ocrx_word' id='word_1_34' title='bbox 1799 509 1851 561; x_wconf 91' lang='lat' dir='ltr'><strong>in</strong></span> <span class='ocrx_word' id='word_1_35' title='bbox 1884 508 2043 567; x_wconf 80' lang='lat' dir='ltr'><strong>nube,</strong></span> 
     </span>
    </p>
   </div>
   <div class='ocr_carea' id='block_1_5' title="bbox 475 598 2046 663">
    <p class='ocr_par' dir='ltr' id='par_1_5' title="bbox 475 598 2046 663">
     <span class='ocr_line' id='line_1_5' title="bbox 475 598 2046 663; baseline -0.008 -1"><span class='ocrx_word' id='word_1_36' title='bbox 475 609 589 663; x_wconf 87' lang='lat' dir='ltr'><strong>sive</strong></span> <span class='ocrx_word' id='word_1_37' title='bbox 616 621 739 661; x_wconf 88' lang='lat' dir='ltr'><strong>cum</strong></span> <span class='ocrx_word' id='word_1_38' title='bbox 767 611 936 659; x_wconf 87' lang='lat' dir='ltr'><strong>staret</strong></span> <span class='ocrx_word' id='word_1_39' title='bbox 976 602 1309 657; x_wconf 79' lang='lat' dir='ltr'><strong>obumbrans</strong></span> <span class='ocrx_word' id='word_1_40' title='bbox 1341 598 1752 654; x_wconf 89' lang='lat' dir='ltr'><strong>tabernaculum</strong></span> <span class='ocrx_word' id='word_1_41' title='bbox 1785 606 1844 650; x_wconf 92' lang='lat' dir='ltr'><strong>ut</strong></span> <span class='ocrx_word' id='word_1_42' title='bbox 1869 606 2046 650; x_wconf 88' lang='lat' dir='ltr'><strong>castra</strong></span> 
     </span>
    </p>
   </div>
   <div class='ocr_carea' id='block_1_6' title="bbox 475 686 2051 758">
    <p class='ocr_par' dir='ltr' id='par_1_6' title="bbox 475 686 2051 758">
     <span class='ocr_line' id='line_1_6' title="bbox 475 686 2051 758; baseline -0.008 -6"><span class='ocrx_word' id='word_1_43' title='bbox 475 696 860 758; x_wconf 77' lang='lat' dir='ltr'><strong>consisterent,</strong></span> <span class='ocrx_word' id='word_1_44' title='bbox 896 693 1011 748; x_wconf 88' lang='lat' dir='ltr'><strong>sive</strong></span> <span class='ocrx_word' id='word_1_45' title='bbox 1039 706 1160 745; x_wconf 91' lang='lat' dir='ltr'><strong>cum</strong></span> <span class='ocrx_word' id='word_1_46' title='bbox 1189 690 1524 745; x_wconf 74' lang='lat' dir='ltr'><strong>ascendisset</strong></span> <span class='ocrx_word' id='word_1_47' title='bbox 1581 695 1742 756; x_wconf 90' lang='lat' dir='ltr'><strong>atque</strong></span> <span class='ocrx_word' id='word_1_48' title='bbox 1771 686 1911 740; x_wconf 90' lang='lat' dir='ltr'><strong>ultra</strong></span> <span class='ocrx_word' id='word_1_49' title='bbox 1943 701 2051 739; x_wconf 81' lang='lat' dir='ltr'><strong>nzo-</strong></span> 
     </span>
    </p>
   </div>
   <div class='ocr_carea' id='block_1_7' title="bbox 475 772 2051 846">
    <p class='ocr_par' dir='ltr' id='par_1_7' title="bbox 475 772 2051 846">
     <span class='ocr_line' id='line_1_7' title="bbox 475 772 2051 846; baseline -0.007 -9"><span class='ocrx_word' id='word_1_50' title='bbox 475 794 712 846; x_wconf 85' lang='lat' dir='ltr'><strong>veretur,</strong></span> <span class='ocrx_word' id='word_1_51' title='bbox 745 791 806 836; x_wconf 91' lang='lat' dir='ltr'><strong>ut</strong></span> <span class='ocrx_word' id='word_1_52' title='bbox 837 797 957 836; x_wconf 89' lang='lat' dir='ltr'><strong>eam</strong></span> <span class='ocrx_word' id='word_1_53' title='bbox 1016 779 1242 833; x_wconf 77' lang='lat' dir='ltr'><strong>elevatis</strong></span> <span class='ocrx_word' id='word_1_54' title='bbox 1294 772 1489 831; x_wconf 75' lang='lat' dir='ltr'><strong>castris</strong></span> <span class='ocrx_word' id='word_1_55' title='bbox 1520 784 1897 845; x_wconf 80' lang='lat' dir='ltr'><strong>sequerentur.</strong></span> <span class='ocrx_word' id='word_1_56' title='bbox 1937 773 2051 827; x_wconf 81' lang='lat' dir='ltr'><strong>Mu-</strong></span> 
     </span>
    </p>
   </div>
   <div class='ocr_carea' id='block_1_8' title="bbox 479 863 2051 930">
    <p class='ocr_par' dir='ltr' id='par_1_8' title="bbox 479 863 2051 930">
     <span class='ocr_line' id='line_1_8' title="bbox 479 863 2051 930; baseline -0.009 0"><span class='ocrx_word' id='word_1_57' title='bbox 479 876 616 930; x_wconf 89' lang='lat' dir='ltr'><strong>tavit</strong></span> <span class='ocrx_word' id='word_1_58' title='bbox 643 889 772 929; x_wconf 89' lang='lat' dir='ltr'><strong>sane</strong></span> <span class='ocrx_word' id='word_1_59' title='bbox 797 873 852 925; x_wconf 90' lang='lat' dir='ltr'><strong>in</strong></span> <span class='ocrx_word' id='word_1_60' title='bbox 914 872 1015 924; x_wconf 90' lang='lat' dir='ltr'><strong>hac</strong></span> <span class='ocrx_word' id='word_1_61' title='bbox 1067 869 1340 923; x_wconf 79' lang='lat' dir='ltr'><strong>sententia</strong></span> <span class='ocrx_word' id='word_1_62' title='bbox 1403 865 1678 920; x_wconf 82' lang='lat' dir='ltr'><strong>narrantis</strong></span> <span class='ocrx_word' id='word_1_63' title='bbox 1727 863 1968 927; x_wconf 88' lang='lat' dir='ltr'><strong>modum,</strong></span> <span class='ocrx_word' id='word_1_64' title='bbox 1996 871 2051 916; x_wconf 90' lang='lat' dir='ltr'><strong>et</strong></span> 
     </span>
    </p>
   </div>
   <div class='ocr_carea' id='block_1_9' title="bbox 479 950 2054 1034">
    <p class='ocr_par' dir='ltr' id='par_1_9' title="bbox 479 950 2054 1034">
     <span class='ocr_line' id='line_1_9' title="bbox 479 950 2054 1034; baseline -0.011 -13"><span class='ocrx_word' id='word_1_65' title='bbox 479 975 737 1034; x_wconf 87' lang='lat' dir='ltr'><strong>tanquam</strong></span> <span class='ocrx_word' id='word_1_66' title='bbox 794 961 1092 1031; x_wconf 71' lang='lat' dir='ltr'><strong>pnedicens</strong></span> <span class='ocrx_word' id='word_1_67' title='bbox 1124 967 1287 1026; x_wconf 89' lang='lat' dir='ltr'><strong>atque</strong></span> <span class='ocrx_word' id='word_1_68' title='bbox 1344 954 1738 1026; x_wconf 67' lang='lat' dir='ltr'><strong>pricnuntians,</strong></span> <span class='ocrx_word' id='word_1_69' title='bbox 1773 951 1938 1006; x_wconf 89' lang='lat' dir='ltr'><strong>verba</strong></span> <span class='ocrx_word' id='word_1_70' title='bbox 1970 950 2054 1004; x_wconf 79' lang='lat' dir='ltr'><strong>iu-</strong></span> 
     </span>
    </p>
   </div>
   <div class='ocr_carea' id='block_1_10' title="bbox 482 1042 2054 1123">
    <p class='ocr_par' dir='ltr' id='par_1_10' title="bbox 482 1042 2054 1123">
     <span class='ocr_line' id='line_1_10' title="bbox 482 1042 2054 1123; baseline -0.011 -11"><span class='ocrx_word' id='word_1_71' title='bbox 482 1057 587 1112; x_wconf 84' lang='lat' dir='ltr'><strong>turi</strong></span> <span class='ocrx_word' id='word_1_72' title='bbox 616 1052 871 1123; x_wconf 90' lang='lat' dir='ltr'><strong>temporis</strong></span> <span class='ocrx_word' id='word_1_73' title='bbox 923 1050 1121 1104; x_wconf 88' lang='lat' dir='ltr'><strong>habere</strong></span> <span class='ocrx_word' id='word_1_74' title='bbox 1175 1047 1359 1116; x_wconf 77' lang='lat' dir='ltr'><strong>coepit.</strong></span> <span class='ocrx_word' id='word_1_75' title='bbox 1401 1044 1587 1113; x_wconf 81' lang='lat' dir='ltr'><strong>Neque</strong></span> <span class='ocrx_word' id='word_1_76' title='bbox 1636 1044 1784 1097; x_wconf 89' lang='lat' dir='ltr'><strong>enim</strong></span> <span class='ocrx_word' id='word_1_77' title='bbox 1824 1042 1922 1107; x_wconf 90' lang='lat' dir='ltr'><strong>ait,</strong></span> <span class='ocrx_word' id='word_1_78' title='bbox 1955 1056 2054 1111; x_wconf 90' lang='lat' dir='ltr'><strong>per</strong></span> 
     </span>
    </p>
   </div>
   <div class='ocr_carea' id='block_1_11' title="bbox 482 1134 2049 1224">
    <p class='ocr_par' dir='ltr' id='par_1_11' title="bbox 482 1134 2049 1224">
     <span class='ocr_line' id='line_1_11' title="bbox 482 1134 2049 1224; baseline -0.012 -17"><span class='ocrx_word' id='word_1_79' title='bbox 482 1159 806 1224; x_wconf 75' lang='lat' dir='ltr'><strong>praeceptum</strong></span> <span class='ocrx_word' id='word_1_80' title='bbox 855 1145 1068 1201; x_wconf 83' lang='lat' dir='ltr'><strong>Domini</strong></span> <span class='ocrx_word' id='word_1_81' title='bbox 1126 1152 1302 1197; x_wconf 85' lang='lat' dir='ltr'><strong>castra</strong></span> <span class='ocrx_word' id='word_1_82' title='bbox 1354 1140 1693 1196; x_wconf 75' lang='lat' dir='ltr'><strong>collocabant</strong></span> <span class='ocrx_word' id='word_1_83' title='bbox 1722 1137 1816 1191; x_wconf 80' lang='lat' dir='ltr'><strong>filii</strong></span> <span class='ocrx_word' id='word_1_84' title='bbox 1854 1134 2049 1200; x_wconf 83' lang='lat' dir='ltr'><strong>Israel,</strong></span> 
     </span>
    </p>
   </div>
   <div class='ocr_carea' id='block_1_12' title="bbox 482 1227 2051 1303">
    <p class='ocr_par' dir='ltr' id='par_1_12' title="bbox 482 1227 2051 1303">
     <span class='ocr_line' id='line_1_12' title="bbox 482 1227 2051 1303; baseline -0.011 -4"><span class='ocrx_word' id='word_1_85' title='bbox 482 1245 575 1299; x_wconf 90' lang='lat' dir='ltr'><strong>sed</strong></span> <span class='ocrx_word' id='word_1_86' title='bbox 606 1240 964 1299; x_wconf 89' lang='lat' dir='ltr'><strong>collocabunt.</strong></span> <span class='ocrx_word' id='word_1_87' title='bbox 994 1236 1105 1291; x_wconf 86' lang='lat' dir='ltr'><strong>Nec</strong></span> <span class='ocrx_word' id='word_1_88' title='bbox 1156 1235 1252 1299; x_wconf 86' lang='lat' dir='ltr'><strong>ait,</strong></span> <span class='ocrx_word' id='word_1_89' title='bbox 1304 1249 1402 1303; x_wconf 87' lang='lat' dir='ltr'><strong>per</strong></span> <span class='ocrx_word' id='word_1_90' title='bbox 1454 1239 1788 1302; x_wconf 70' lang='lat' dir='ltr'><strong>prmreptum</strong></span> <span class='ocrx_word' id='word_1_91' title='bbox 1838 1227 2051 1283; x_wconf 90' lang='lat' dir='ltr'><strong>Domini</strong></span> 
     </span>
    </p>
   </div>
   <div class='ocr_carea' id='block_1_13' title="bbox 481 1320 2053 1405">
    <p class='ocr_par' dir='ltr' id='par_1_13' title="bbox 481 1320 2053 1405">
     <span class='ocr_line' id='line_1_13' title="bbox 481 1320 2053 1405; baseline -0.01 -15"><span class='ocrx_word' id='word_1_92' title='bbox 481 1334 885 1405; x_wconf 85' lang='lat' dir='ltr'><strong>promovebant,</strong></span> <span class='ocrx_word' id='word_1_93' title='bbox 935 1330 1029 1384; x_wconf 83' lang='lat' dir='ltr'><strong>sed</strong></span> <span class='ocrx_word' id='word_1_94' title='bbox 1058 1328 1472 1398; x_wconf 82' lang='lat' dir='ltr'><strong>promovebunt.</strong></span> <span class='ocrx_word' id='word_1_95' title='bbox 1525 1324 1591 1378; x_wconf 84' lang='lat' dir='ltr'><strong>Et</strong></span> <span class='ocrx_word' id='word_1_96' title='bbox 1631 1323 1777 1377; x_wconf 88' lang='lat' dir='ltr'><strong>hunc</strong></span> <span class='ocrx_word' id='word_1_97' title='bbox 1833 1320 2053 1376; x_wconf 89' lang='lat' dir='ltr'><strong>modum</strong></span> 
     </span>
    </p>
   </div>
   <div class='ocr_carea' id='block_1_14' title="bbox 483 1410 2056 1492">
    <p class='ocr_par' dir='ltr' id='par_1_14' title="bbox 483 1410 2056 1492">
     <span class='ocr_line' id='line_1_14' title="bbox 483 1410 2056 1492; baseline -0.011 -11"><span class='ocrx_word' id='word_1_98' title='bbox 483 1428 645 1482; x_wconf 90' lang='lat' dir='ltr'><strong>etiam</strong></span> <span class='ocrx_word' id='word_1_99' title='bbox 676 1426 728 1479; x_wconf 89' lang='lat' dir='ltr'><strong>in</strong></span> <span class='ocrx_word' id='word_1_100' title='bbox 767 1418 1226 1492; x_wconf 85' lang='lat' dir='ltr'><strong>consequentibus</strong></span> <span class='ocrx_word' id='word_1_101' title='bbox 1252 1425 1463 1480; x_wconf 81' lang='lat' dir='ltr'><strong>servat,</strong></span> <span class='ocrx_word' id='word_1_102' title='bbox 1487 1415 1577 1485; x_wconf 87' lang='lat' dir='ltr'><strong>qui</strong></span> <span class='ocrx_word' id='word_1_103' title='bbox 1613 1415 1802 1468; x_wconf 90' lang='lat' dir='ltr'><strong>modus</strong></span> <span class='ocrx_word' id='word_1_104' title='bbox 1824 1413 1879 1467; x_wconf 91' lang='lat' dir='ltr'><strong>in</strong></span> <span class='ocrx_word' id='word_1_105' title='bbox 1907 1410 2056 1466; x_wconf 78' lang='lat' dir='ltr'><strong>Scri-</strong></span> 
     </span>
    </p>
   </div>
   <div class='ocr_carea' id='block_1_15' title="bbox 483 1498 2056 1586">
    <p class='ocr_par' dir='ltr' id='par_1_15' title="bbox 483 1498 2056 1586">
     <span class='ocr_line' id='line_1_15' title="bbox 483 1498 2056 1586; baseline -0.011 -17"><span class='ocrx_word' id='word_1_106' title='bbox 483 1516 659 1586; x_wconf 90' lang='lat' dir='ltr'><strong>pturis</strong></span> <span class='ocrx_word' id='word_1_107' title='bbox 712 1520 795 1567; x_wconf 90' lang='lat' dir='ltr'><strong>est</strong></span> <span class='ocrx_word' id='word_1_108' title='bbox 849 1508 1314 1564; x_wconf 88' lang='lat' dir='ltr'><strong>inusitatissimus.</strong></span> <span class='ocrx_word' id='word_1_109' title='bbox 1374 1505 1507 1558; x_wconf 86' lang='lat' dir='ltr'><strong>Nam</strong></span> <span class='ocrx_word' id='word_1_110' title='bbox 1562 1503 1742 1558; x_wconf 78' lang='lat' dir='ltr'><strong>verbis</strong></span> <span class='ocrx_word' id='word_1_111' title='bbox 1795 1498 2056 1571; x_wconf 63' lang='lat' dir='ltr'><strong>praeteriti</strong></span> 
     </span>
    </p>
   </div>
   <div class='ocr_carea' id='block_1_16' title="bbox 486 1592 2055 1675">
    <p class='ocr_par' dir='ltr' id='par_1_16' title="bbox 486 1592 2055 1675">
     <span class='ocr_line' id='line_1_16' title="bbox 486 1592 2055 1675; baseline -0.01 -15"><span class='ocrx_word' id='word_1_112' title='bbox 486 1605 745 1675; x_wconf 88' lang='lat' dir='ltr'><strong>temporis</strong></span> <span class='ocrx_word' id='word_1_113' title='bbox 774 1616 915 1672; x_wconf 72' lang='lat' dir='ltr'><strong>szepe</strong></span> <span class='ocrx_word' id='word_1_114' title='bbox 970 1601 1148 1654; x_wconf 80' lang='lat' dir='ltr'><strong>futura</strong></span> <span class='ocrx_word' id='word_1_115' title='bbox 1188 1597 1441 1669; x_wconf 80' lang='lat' dir='ltr'><strong>praedicta</strong></span> <span class='ocrx_word' id='word_1_116' title='bbox 1469 1610 1588 1650; x_wconf 87' lang='lat' dir='ltr'><strong>esse</strong></span> <span class='ocrx_word' id='word_1_117' title='bbox 1626 1594 1891 1654; x_wconf 77' lang='lat' dir='ltr'><strong>novimus,</strong></span> <span class='ocrx_word' id='word_1_118' title='bbox 1917 1592 2055 1646; x_wconf 92' lang='lat' dir='ltr'><strong>sicut</strong></span> 
     </span>
    </p>
   </div>
   <div class='ocr_carea' id='block_1_17' title="bbox 484 1680 2053 1758">
    <p class='ocr_par' dir='ltr' id='par_1_17' title="bbox 484 1680 2053 1758">
     <span class='ocr_line' id='line_1_17' title="bbox 484 1680 2053 1758; baseline -0.01 -6"><span class='ocrx_word' id='word_1_119' title='bbox 484 1707 611 1753; x_wconf 89' lang='lat' dir='ltr'><strong>est:</strong></span> <span class='ocrx_word' id='word_1_120' title='bbox 670 1694 938 1748; x_wconf 86' lang='lat' dir='ltr'><strong>Foderunt</strong></span> <span class='ocrx_word' id='word_1_121' title='bbox 996 1707 1181 1745; x_wconf 87' lang='lat' dir='ltr'><strong>manus</strong></span> <span class='ocrx_word' id='word_1_122' title='bbox 1230 1706 1371 1742; x_wconf 87' lang='lat' dir='ltr'><strong>meas</strong></span> <span class='ocrx_word' id='word_1_123' title='bbox 1425 1698 1470 1741; x_wconf 88' lang='lat' dir='ltr'><strong>et</strong></span> <span class='ocrx_word' id='word_1_124' title='bbox 1509 1687 1662 1758; x_wconf 96' lang='lat' dir='ltr'><strong>pedes</strong></span> <span class='ocrx_word' id='word_1_125' title='bbox 1697 1700 1836 1738; x_wconf 89' lang='lat' dir='ltr'><strong>meos</strong></span> <span class='ocrx_word' id='word_1_126' title='bbox 1881 1680 2053 1754; x_wconf 89' lang='lat' dir='ltr'><strong>(Psal.</strong></span> 
     </span>
    </p>
   </div>
   <div class='ocr_carea' id='block_1_18' title="bbox 488 1771 2052 1859">
    <p class='ocr_par' dir='ltr' id='par_1_18' title="bbox 488 1771 2052 1859">
     <span class='ocr_line' id='line_1_18' title="bbox 488 1771 2052 1859; baseline -0.012 -17"><span class='ocrx_word' id='word_1_127' title='bbox 488 1787 623 1859; x_wconf 72' lang='lat' dir='ltr'><strong>XXI).</strong></span> <span class='ocrx_word' id='word_1_128' title='bbox 669 1784 816 1841; x_wconf 81' lang='lat' dir='ltr'><strong>Sicut</strong></span> <span class='ocrx_word' id='word_1_129' title='bbox 865 1782 972 1836; x_wconf 89' lang='lat' dir='ltr'><strong>ovis</strong></span> <span class='ocrx_word' id='word_1_130' title='bbox 1030 1780 1098 1834; x_wconf 88' lang='lat' dir='ltr'><strong>ad</strong></span> <span class='ocrx_word' id='word_1_131' title='bbox 1126 1778 1505 1833; x_wconf 78' lang='lat' dir='ltr'><strong>immolandum</strong></span> <span class='ocrx_word' id='word_1_132' title='bbox 1560 1776 1747 1829; x_wconf 88' lang='lat' dir='ltr'><strong>ductus</strong></span> <span class='ocrx_word' id='word_1_133' title='bbox 1798 1782 1872 1827; x_wconf 88' lang='lat' dir='ltr'><strong>est</strong></span> <span class='ocrx_word' id='word_1_134' title='bbox 1900 1771 2052 1844; x_wconf 88' lang='lat' dir='ltr'><strong>(Isai.</strong></span> 
     </span>
    </p>
   </div>
   <div class='ocr_carea' id='block_1_19' title="bbox 486 1866 2059 1948">
    <p class='ocr_par' dir='ltr' id='par_1_19' title="bbox 486 1866 2059 1948">
     <span class='ocr_line' id='line_1_19' title="bbox 486 1866 2059 1948; baseline -0.01 -16"><span class='ocrx_word' id='word_1_135' title='bbox 486 1876 630 1948; x_wconf 80' lang='lat' dir='ltr'><strong>un),</strong></span> <span class='ocrx_word' id='word_1_136' title='bbox 679 1881 735 1929; x_wconf 89' lang='lat' dir='ltr'><strong>et</strong></span> <span class='ocrx_word' id='word_1_137' title='bbox 790 1869 1205 1927; x_wconf 84' lang='lat' dir='ltr'><strong>innumerabilia</strong></span> <span class='ocrx_word' id='word_1_138' title='bbox 1240 1868 1388 1922; x_wconf 89' lang='lat' dir='ltr'><strong>talia.</strong></span> <span class='ocrx_word' id='word_1_139' title='bbox 1449 1866 1521 1923; x_wconf 88' lang='lat' dir='ltr'><strong>Ut</strong></span> <span class='ocrx_word' id='word_1_140' title='bbox 1572 1875 1750 1920; x_wconf 86' lang='lat' dir='ltr'><strong>autem</strong></span> <span class='ocrx_word' id='word_1_141' title='bbox 1806 1871 2059 1918; x_wconf 87' lang='lat' dir='ltr'><strong>narrator</strong></span> 
     </span>
    </p>
   </div>
   <div class='ocr_carea' id='block_1_20' title="bbox 488 1955 2060 2038">
    <p class='ocr_par' dir='ltr' id='par_1_20' title="bbox 488 1955 2060 2038">
     <span class='ocr_line' id='line_1_20' title="bbox 488 1955 2060 2038; baseline -0.01 -14"><span class='ocrx_word' id='word_1_142' title='bbox 488 1983 671 2025; x_wconf 90' lang='lat' dir='ltr'><strong>rerum</strong></span> <span class='ocrx_word' id='word_1_143' title='bbox 707 1973 982 2038; x_wconf 82' lang='lat' dir='ltr'><strong>gestarum</strong></span> <span class='ocrx_word' id='word_1_144' title='bbox 1012 1962 1190 2016; x_wconf 86' lang='lat' dir='ltr'><strong>verbis</strong></span> <span class='ocrx_word' id='word_1_145' title='bbox 1227 1969 1411 2015; x_wconf 88' lang='lat' dir='ltr'><strong>utatur</strong></span> <span class='ocrx_word' id='word_1_146' title='bbox 1459 1957 1717 2028; x_wconf 89' lang='lat' dir='ltr'><strong>temporis</strong></span> <span class='ocrx_word' id='word_1_147' title='bbox 1743 1956 1928 2020; x_wconf 81' lang='lat' dir='ltr'><strong>futuri,</strong></span> <span class='ocrx_word' id='word_1_148' title='bbox 1960 1955 2060 2009; x_wconf 90' lang='lat' dir='ltr'><strong>sic-</strong></span> 
     </span>
    </p>
   </div>
   <div class='ocr_carea' id='block_1_21' title="bbox 485 2046 2059 2120">
    <p class='ocr_par' dir='ltr' id='par_1_21' title="bbox 485 2046 2059 2120">
     <span class='ocr_line' id='line_1_21' title="bbox 485 2046 2059 2120; baseline -0.009 -6"><span class='ocrx_word' id='word_1_149' title='bbox 485 2069 546 2114; x_wconf 90' lang='lat' dir='ltr'><strong>ut</strong></span> <span class='ocrx_word' id='word_1_150' title='bbox 569 2060 673 2113; x_wconf 91' lang='lat' dir='ltr'><strong>hoe</strong></span> <span class='ocrx_word' id='word_1_151' title='bbox 714 2058 855 2119; x_wconf 86' lang='lat' dir='ltr'><strong>loco,</strong></span> <span class='ocrx_word' id='word_1_152' title='bbox 907 2053 1222 2109; x_wconf 82' lang='lat' dir='ltr'><strong>difﬁcillime</strong></span> <span class='ocrx_word' id='word_1_153' title='bbox 1257 2052 1312 2105; x_wconf 90' lang='lat' dir='ltr'><strong>in</strong></span> <span class='ocrx_word' id='word_1_154' title='bbox 1349 2049 1650 2120; x_wconf 90' lang='lat' dir='ltr'><strong>Scripturis</strong></span> <span class='ocrx_word' id='word_1_155' title='bbox 1699 2046 1929 2103; x_wconf 88' lang='lat' dir='ltr'><strong>inveniri</strong></span> <span class='ocrx_word' id='word_1_156' title='bbox 1958 2062 2059 2116; x_wconf 81' lang='lat' dir='ltr'><strong>pa-</strong></span> 
     </span>
    </p>
   </div>
   <div class='ocr_carea' id='block_1_22' title="bbox 486 2140 2061 2217">
    <p class='ocr_par' dir='ltr' id='par_1_22' title="bbox 486 2140 2061 2217">
     <span class='ocr_line' id='line_1_22' title="bbox 486 2140 2061 2217; baseline -0.01 -13"><span class='ocrx_word' id='word_1_157' title='bbox 486 2158 612 2204; x_wconf 87' lang='lat' dir='ltr'><strong>test.</strong></span> <span class='ocrx_word' id='word_1_158' title='bbox 645 2148 785 2217; x_wconf 79' lang='lat' dir='ltr'><strong>Ergo</strong></span> <span class='ocrx_word' id='word_1_159' title='bbox 834 2153 1185 2215; x_wconf 76' lang='lat' dir='ltr'><strong>posteaquam</strong></span> <span class='ocrx_word' id='word_1_160' title='bbox 1231 2140 1365 2196; x_wconf 82' lang='lat' dir='ltr'><strong>dixit</strong></span> <span class='ocrx_word' id='word_1_161' title='bbox 1400 2140 1467 2195; x_wconf 91' lang='lat' dir='ltr'><strong>de</strong></span> <span class='ocrx_word' id='word_1_162' title='bbox 1502 2140 1589 2195; x_wconf 89' lang='lat' dir='ltr'><strong>die</strong></span> <span class='ocrx_word' id='word_1_163' title='bbox 1643 2146 1699 2193; x_wconf 94' lang='lat' dir='ltr'><strong>et</strong></span> <span class='ocrx_word' id='word_1_164' title='bbox 1733 2145 1913 2201; x_wconf 91' lang='lat' dir='ltr'><strong>nocte,</strong></span> <span class='ocrx_word' id='word_1_165' title='bbox 1951 2149 2061 2207; x_wconf 91' lang='lat' dir='ltr'><strong>quo</strong></span> 
     </span>
    </p>
   </div>
   <div class='ocr_carea' id='block_1_23' title="bbox 490 2232 2054 2311">
    <p class='ocr_par' dir='ltr' id='par_1_23' title="bbox 490 2232 2054 2311">
     <span class='ocr_line' id='line_1_23' title="bbox 490 2232 2054 2311; baseline -0.008 -16"><span class='ocrx_word' id='word_1_166' title='bbox 490 2241 645 2311; x_wconf 85' lang='lat' dir='ltr'><strong>signo</strong></span> <span class='ocrx_word' id='word_1_167' title='bbox 670 2243 1014 2309; x_wconf 88' lang='lat' dir='ltr'><strong>promoveret</strong></span> <span class='ocrx_word' id='word_1_168' title='bbox 1044 2232 1272 2304; x_wconf 88' lang='lat' dir='ltr'><strong>populus</strong></span> <span class='ocrx_word' id='word_1_169' title='bbox 1290 2233 1377 2287; x_wconf 86' lang='lat' dir='ltr'><strong>vel</strong></span> <span class='ocrx_word' id='word_1_170' title='bbox 1403 2239 1666 2295; x_wconf 88' lang='lat' dir='ltr'><strong>maneret,</strong></span> <span class='ocrx_word' id='word_1_171' title='bbox 1700 2246 1767 2284; x_wconf 89' lang='lat' dir='ltr'><strong>ne</strong></span> <span class='ocrx_word' id='word_1_172' title='bbox 1794 2239 2054 2299; x_wconf 83' lang='lat' dir='ltr'><strong>putaren-</strong></span> 
     </span>
    </p>
   </div>
   <div class='ocr_carea' id='block_1_24' title="bbox 489 2319 2059 2399">
    <p class='ocr_par' dir='ltr' id='par_1_24' title="bbox 489 2319 2059 2399">
     <span class='ocr_line' id='line_1_24' title="bbox 489 2319 2059 2399; baseline -0.01 -13"><span class='ocrx_word' id='word_1_173' title='bbox 489 2341 576 2386; x_wconf 88' lang='lat' dir='ltr'><strong>tur</strong></span> <span class='ocrx_word' id='word_1_174' title='bbox 599 2345 697 2399; x_wconf 90' lang='lat' dir='ltr'><strong>per</strong></span> <span class='ocrx_word' id='word_1_175' title='bbox 742 2335 955 2383; x_wconf 88' lang='lat' dir='ltr'><strong>noctem</strong></span> <span class='ocrx_word' id='word_1_176' title='bbox 981 2325 1281 2389; x_wconf 88' lang='lat' dir='ltr'><strong>ambulare,</strong></span> <span class='ocrx_word' id='word_1_177' title='bbox 1319 2333 1375 2378; x_wconf 92' lang='lat' dir='ltr'><strong>et</strong></span> <span class='ocrx_word' id='word_1_178' title='bbox 1398 2338 1496 2393; x_wconf 89' lang='lat' dir='ltr'><strong>per</strong></span> <span class='ocrx_word' id='word_1_179' title='bbox 1520 2322 1663 2377; x_wconf 89' lang='lat' dir='ltr'><strong>diem</strong></span> <span class='ocrx_word' id='word_1_180' title='bbox 1713 2319 1889 2375; x_wconf 84' lang='lat' dir='ltr'><strong>solere.</strong></span> <span class='ocrx_word' id='word_1_181' title='bbox 1923 2334 2059 2375; x_wconf 84' lang='lat' dir='ltr'><strong>con—</strong></span> 
     </span>
    </p>
   </div>
   <div class='ocr_carea' id='block_1_25' title="bbox 479 2411 2062 2487">
    <p class='ocr_par' dir='ltr' id='par_1_25' title="bbox 479 2411 2062 2487">
     <span class='ocr_line' id='line_1_25' title="bbox 479 2411 2062 2487; baseline -0.005 -16"><span class='ocrx_word' id='word_1_182' title='bbox 479 2421 678 2483; x_wconf 87' lang='lat' dir='ltr'><strong>sidere,</strong></span> <span class='ocrx_word' id='word_1_183' title='bbox 723 2426 883 2487; x_wconf 89' lang='lat' dir='ltr'><strong>atque</strong></span> <span class='ocrx_word' id='word_1_184' title='bbox 929 2416 1034 2470; x_wconf 90' lang='lat' dir='ltr'><strong>hoc</strong></span> <span class='ocrx_word' id='word_1_185' title='bbox 1061 2415 1249 2470; x_wconf 88' lang='lat' dir='ltr'><strong>diebus</strong></span> <span class='ocrx_word' id='word_1_186' title='bbox 1302 2413 1556 2468; x_wconf 91' lang='lat' dir='ltr'><strong>omnibus</strong></span> <span class='ocrx_word' id='word_1_187' title='bbox 1607 2411 1800 2476; x_wconf 86' lang='lat' dir='ltr'><strong>solere,</strong></span> <span class='ocrx_word' id='word_1_188' title='bbox 1835 2425 2062 2466; x_wconf 88' lang='lat' dir='ltr'><strong>securus</strong></span> 
     </span>
    </p>
   </div>
   <div class='ocr_carea' id='block_1_26' title="bbox 490 2500 2062 2578">
    <p class='ocr_par' dir='ltr' id='par_1_26' title="bbox 490 2500 2062 2578">
     <span class='ocr_line' id='line_1_26' title="bbox 490 2500 2062 2578; baseline -0.008 -12"><span class='ocrx_word' id='word_1_189' title='bbox 490 2510 737 2578; x_wconf 75' lang='lat' dir='ltr'><strong>adjunxit</strong></span> <span class='ocrx_word' id='word_1_190' title='bbox 768 2516 929 2578; x_wconf 89' lang='lat' dir='ltr'><strong>atque</strong></span> <span class='ocrx_word' id='word_1_191' title='bbox 958 2507 1033 2561; x_wconf 85' lang='lat' dir='ltr'><strong>ait</strong></span> <span class='ocrx_word' id='word_1_192' title='bbox 1067 2526 1078 2559; x_wconf 88' lang='lat'><strong>:</strong></span> <span class='ocrx_word' id='word_1_193' title='bbox 1114 2506 1304 2560; x_wconf 89' lang='lat' dir='ltr'><strong>Omnes</strong></span> <span class='ocrx_word' id='word_1_194' title='bbox 1347 2505 1457 2557; x_wconf 88' lang='lat' dir='ltr'><strong>dies</strong></span> <span class='ocrx_word' id='word_1_195' title='bbox 1494 2505 1545 2557; x_wconf 91' lang='lat' dir='ltr'><strong>in</strong></span> <span class='ocrx_word' id='word_1_196' title='bbox 1575 2503 1758 2574; x_wconf 82' lang='lat' dir='ltr'><strong>quibus</strong></span> <span class='ocrx_word' id='word_1_197' title='bbox 1791 2500 2062 2555; x_wconf 89' lang='lat' dir='ltr'><strong>obumbrat</strong></span> 
     </span>
    </p>
   </div>
   <div class='ocr_carea' id='block_1_27' title="bbox 490 2588 2063 2672">
    <p class='ocr_par' dir='ltr' id='par_1_27' title="bbox 490 2588 2063 2672">
     <span class='ocr_line' id='line_1_27' title="bbox 490 2588 2063 2672; baseline -0.009 -16"><span class='ocrx_word' id='word_1_198' title='bbox 490 2617 646 2672; x_wconf 88' lang='lat' dir='ltr'><strong>super</strong></span> <span class='ocrx_word' id='word_1_199' title='bbox 698 2596 1092 2653; x_wconf 81' lang='lat' dir='ltr'><strong>tabernaculum</strong></span> <span class='ocrx_word' id='word_1_200' title='bbox 1137 2598 1318 2658; x_wconf 89' lang='lat' dir='ltr'><strong>nubes,</strong></span> <span class='ocrx_word' id='word_1_201' title='bbox 1352 2595 1405 2647; x_wconf 87' lang='lat' dir='ltr'><strong>in</strong></span> <span class='ocrx_word' id='word_1_202' title='bbox 1431 2593 1617 2646; x_wconf 79' lang='lat' dir='ltr'><strong>castris</strong></span> <span class='ocrx_word' id='word_1_203' title='bbox 1668 2602 1818 2645; x_wconf 85' lang='lat' dir='ltr'><strong>erant</strong></span> <span class='ocrx_word' id='word_1_204' title='bbox 1847 2589 1946 2660; x_wconf 74' lang='lat' dir='ltr'><strong>ﬁlii</strong></span> <span class='ocrx_word' id='word_1_205' title='bbox 1974 2588 2063 2642; x_wconf 89' lang='lat' dir='ltr'><strong>Is-</strong></span> 
     </span>
    </p>
   </div>
   <div class='ocr_carea' id='block_1_28' title="bbox 491 2682 2065 2758">
    <p class='ocr_par' dir='ltr' id='par_1_28' title="bbox 491 2682 2065 2758">
     <span class='ocr_line' id='line_1_28' title="bbox 491 2682 2065 2758; baseline -0.008 -13"><span class='ocrx_word' id='word_1_206' title='bbox 491 2690 622 2746; x_wconf 86' lang='lat' dir='ltr'><strong>rael.</strong></span> <span class='ocrx_word' id='word_1_207' title='bbox 657 2690 725 2743; x_wconf 82' lang='lat' dir='ltr'><strong>Et</strong></span> <span class='ocrx_word' id='word_1_208' title='bbox 752 2687 962 2757; x_wconf 81' lang='lat' dir='ltr'><strong>quando</strong></span> <span class='ocrx_word' id='word_1_209' title='bbox 996 2687 1312 2758; x_wconf 72' lang='lat' dir='ltr'><strong>protraxerit</strong></span> <span class='ocrx_word' id='word_1_210' title='bbox 1352 2685 1511 2738; x_wconf 84' lang='lat' dir='ltr'><strong>nubes</strong></span> <span class='ocrx_word' id='word_1_211' title='bbox 1566 2699 1720 2751; x_wconf 83' lang='lat' dir='ltr'><strong>super</strong></span> <span class='ocrx_word' id='word_1_212' title='bbox 1754 2682 2065 2735; x_wconf 82' lang='lat' dir='ltr'><strong>tabernacu—</strong></span> 
     </span>
    </p>
   </div>
   <div class='ocr_carea' id='block_1_29' title="bbox 490 2769 2060 2848">
    <p class='ocr_par' dir='ltr' id='par_1_29' title="bbox 490 2769 2060 2848">
     <span class='ocr_line' id='line_1_29' title="bbox 490 2769 2060 2848; baseline -0.006 -14"><span class='ocrx_word' id='word_1_213' title='bbox 490 2781 599 2834; x_wconf 86' lang='lat' dir='ltr'><strong>lam</strong></span> <span class='ocrx_word' id='word_1_214' title='bbox 630 2779 740 2833; x_wconf 88' lang='lat' dir='ltr'><strong>dies</strong></span> <span class='ocrx_word' id='word_1_215' title='bbox 761 2777 955 2848; x_wconf 88' lang='lat' dir='ltr'><strong>plures.</strong></span> <span class='ocrx_word' id='word_1_216' title='bbox 988 2776 1189 2830; x_wconf 88' lang='lat' dir='ltr'><strong>Deinde</strong></span> <span class='ocrx_word' id='word_1_217' title='bbox 1244 2774 1540 2828; x_wconf 88' lang='lat' dir='ltr'><strong>admonens</strong></span> <span class='ocrx_word' id='word_1_218' title='bbox 1569 2788 1673 2827; x_wconf 89' lang='lat' dir='ltr'><strong>non</strong></span> <span class='ocrx_word' id='word_1_219' title='bbox 1705 2772 1809 2825; x_wconf 89' lang='lat' dir='ltr'><strong>hoc</strong></span> <span class='ocrx_word' id='word_1_220' title='bbox 1844 2787 1911 2827; x_wconf 83' lang='lat' dir='ltr'><strong>ex</strong></span> <span class='ocrx_word' id='word_1_221' title='bbox 1940 2769 2060 2824; x_wconf 82' lang='lat' dir='ltr'><strong>illo-</strong></span> 
     </span>
    </p>
   </div>
   <div class='ocr_carea' id='block_1_30' title="bbox 493 2862 2063 2929">
    <p class='ocr_par' dir='ltr' id='par_1_30' title="bbox 493 2862 2063 2929">
     <span class='ocr_line' id='line_1_30' title="bbox 493 2862 2063 2929; baseline -0.006 -5"><span class='ocrx_word' id='word_1_222' title='bbox 493 2886 609 2924; x_wconf 90' lang='lat' dir='ltr'><strong>rum</strong></span> <span class='ocrx_word' id='word_1_223' title='bbox 650 2868 975 2922; x_wconf 88' lang='lat' dir='ltr'><strong>necessitate</strong></span> <span class='ocrx_word' id='word_1_224' title='bbox 1010 2865 1149 2929; x_wconf 86' lang='lat' dir='ltr'><strong>ﬁeri,</strong></span> <span class='ocrx_word' id='word_1_225' title='bbox 1183 2866 1277 2920; x_wconf 89' lang='lat' dir='ltr'><strong>sed</strong></span> <span class='ocrx_word' id='word_1_226' title='bbox 1325 2879 1390 2919; x_wconf 80' lang='lat' dir='ltr'><strong>ex</strong></span> <span class='ocrx_word' id='word_1_227' title='bbox 1422 2862 1517 2919; x_wconf 92' lang='lat' dir='ltr'><strong>Dei</strong></span> <span class='ocrx_word' id='word_1_228' title='bbox 1569 2864 1864 2925; x_wconf 88' lang='lat' dir='ltr'><strong>voluntate,</strong></span> <span class='ocrx_word' id='word_1_229' title='bbox 1901 2871 1947 2915; x_wconf 87' lang='lat' dir='ltr'><strong>et</strong></span> <span class='ocrx_word' id='word_1_230' title='bbox 1972 2878 2063 2915; x_wconf 81' lang='lat' dir='ltr'><strong>cu-</strong></span> 
     </span>
    </p>
   </div>
   <div class='ocr_carea' id='block_1_31' title="bbox 490 2953 2063 3029">
    <p class='ocr_par' dir='ltr' id='par_1_31' title="bbox 490 2953 2063 3029">
     <span class='ocr_line' id='line_1_31' title="bbox 490 2953 2063 3029; baseline -0.008 -11"><span class='ocrx_word' id='word_1_231' title='bbox 490 2964 733 3025; x_wconf 89' lang='lat' dir='ltr'><strong>stodient,</strong></span> <span class='ocrx_word' id='word_1_232' title='bbox 773 2959 964 3029; x_wconf 82' lang='lat' dir='ltr'><strong>inquit,</strong></span> <span class='ocrx_word' id='word_1_233' title='bbox 996 2958 1094 3028; x_wconf 82' lang='lat' dir='ltr'><strong>ﬁlii</strong></span> <span class='ocrx_word' id='word_1_234' title='bbox 1123 2956 1294 3012; x_wconf 90' lang='lat' dir='ltr'><strong>Israel</strong></span> <span class='ocrx_word' id='word_1_235' title='bbox 1317 2956 1608 3011; x_wconf 85' lang='lat' dir='ltr'><strong>custodiam</strong></span> <span class='ocrx_word' id='word_1_236' title='bbox 1636 2973 1793 3027; x_wconf 89' lang='lat' dir='ltr'><strong>quam</strong></span> <span class='ocrx_word' id='word_1_237' title='bbox 1817 2953 2063 3026; x_wconf 72' lang='lat' dir='ltr'><strong>prmcepit</strong></span> 
     </span>
    </p>
   </div>
   <div class='ocr_carea' id='block_1_32' title="bbox 493 3048 2056 3121">
    <p class='ocr_par' dir='ltr' id='par_1_32' title="bbox 493 3048 2056 3121">
     <span class='ocr_line' id='line_1_32' title="bbox 493 3048 2056 3121; baseline -0.005 -14"><span class='ocrx_word' id='word_1_238' title='bbox 493 3055 656 3118; x_wconf 83' lang='lat' dir='ltr'><strong>Deus,</strong></span> <span class='ocrx_word' id='word_1_239' title='bbox 692 3060 739 3107; x_wconf 90' lang='lat' dir='ltr'><strong>et</strong></span> <span class='ocrx_word' id='word_1_240' title='bbox 766 3067 870 3105; x_wconf 91' lang='lat' dir='ltr'><strong>non</strong></span> <span class='ocrx_word' id='word_1_241' title='bbox 922 3050 1310 3121; x_wconf 82' lang='lat' dir='ltr'><strong>promovebant.</strong></span> <span class='ocrx_word' id='word_1_242' title='bbox 1341 3050 1407 3103; x_wconf 87' lang='lat' dir='ltr'><strong>Et</strong></span> <span class='ocrx_word' id='word_1_243' title='bbox 1457 3057 1713 3118; x_wconf 86' lang='lat' dir='ltr'><strong>tanquam</strong></span> <span class='ocrx_word' id='word_1_244' title='bbox 1743 3048 2013 3103; x_wconf 80' lang='lat' dir='ltr'><strong>diceretur</strong></span> <span class='ocrx_word' id='word_1_245' title='bbox 2044 3064 2056 3099; x_wconf 90' lang='lat'><strong>:</strong></span> 
     </span>
    </p>
   </div>
   <div class='ocr_carea' id='block_1_33' title="bbox 2152 501 3679 560">
    <p class='ocr_par' dir='ltr' id='par_1_33' title="bbox 2152 501 3679 560">
     <span class='ocr_line' id='line_1_33' title="bbox 2152 501 3679 560; baseline -0.001 0"><span class='ocrx_word' id='word_1_246' title='bbox 2152 506 2443 560; x_wconf 83' lang='lat' dir='ltr'><strong>movebunt.</strong></span> <span class='ocrx_word' id='word_1_247' title='bbox 2497 503 2602 558; x_wconf 79' lang='lat' dir='ltr'><strong>Sed</strong></span> <span class='ocrx_word' id='word_1_248' title='bbox 2655 502 2855 557; x_wconf 89' lang='lat' dir='ltr'><strong>locutio</strong></span> <span class='ocrx_word' id='word_1_249' title='bbox 2909 508 2994 555; x_wconf 89' lang='lat' dir='ltr'><strong>est</strong></span> <span class='ocrx_word' id='word_1_250' title='bbox 3047 501 3369 555; x_wconf 85' lang='lat' dir='ltr'><strong>inusitatior.</strong></span> <span class='ocrx_word' id='word_1_251' title='bbox 3426 501 3530 557; x_wconf 85' lang='lat' dir='ltr'><strong>Non</strong></span> <span class='ocrx_word' id='word_1_252' title='bbox 3556 505 3679 560; x_wconf 89' lang='lat' dir='ltr'><strong>enim</strong></span> 
     </span>
    </p>
   </div>
   <div class='ocr_carea' id='block_1_34' title="bbox 2152 597 3677 671">
    <p class='ocr_par' dir='ltr' id='par_1_34' title="bbox 2152 597 3677 671">
     <span class='ocr_line' id='line_1_34' title="bbox 2152 597 3677 671; baseline -0.003 -15"><span class='ocrx_word' id='word_1_253' title='bbox 2152 611 2358 657; x_wconf 88' lang='lat' dir='ltr'><strong>tantum</strong></span> <span class='ocrx_word' id='word_1_254' title='bbox 2391 601 2624 671; x_wconf 85' lang='lat' dir='ltr'><strong>positum</strong></span> <span class='ocrx_word' id='word_1_255' title='bbox 2655 607 2738 655; x_wconf 90' lang='lat' dir='ltr'><strong>est</strong></span> <span class='ocrx_word' id='word_1_256' title='bbox 2779 598 2853 663; x_wconf 90' lang='lat' dir='ltr'><strong>ei,</strong></span> <span class='ocrx_word' id='word_1_257' title='bbox 2885 597 2980 652; x_wconf 86' lang='lat' dir='ltr'><strong>sed</strong></span> <span class='ocrx_word' id='word_1_258' title='bbox 3034 611 3099 652; x_wconf 92' lang='lat' dir='ltr'><strong>eo</strong></span> <span class='ocrx_word' id='word_1_259' title='bbox 3129 611 3281 651; x_wconf 79' lang='lat' dir='ltr'><strong>ntere</strong></span> <span class='ocrx_word' id='word_1_260' title='bbox 3336 597 3553 667; x_wconf 88' lang='lat' dir='ltr'><strong>positum</strong></span> <span class='ocrx_word' id='word_1_261' title='bbox 3595 606 3677 659; x_wconf 62' lang='lat' dir='ltr'><strong>est,</strong></span> 
     </span>
    </p>
   </div>
   <div class='ocr_carea' id='block_1_35' title="bbox 2149 687 3681 762">
    <p class='ocr_par' dir='ltr' id='par_1_35' title="bbox 2149 687 3681 762">
     <span class='ocr_line' id='line_1_35' title="bbox 2149 687 3681 762; baseline -0.001 -18"><span class='ocrx_word' id='word_1_262' title='bbox 2149 708 2255 762; x_wconf 87' lang='lat' dir='ltr'><strong>quo</strong></span> <span class='ocrx_word' id='word_1_263' title='bbox 2294 707 2399 747; x_wconf 91' lang='lat' dir='ltr'><strong>non</strong></span> <span class='ocrx_word' id='word_1_264' title='bbox 2449 690 2605 745; x_wconf 87' lang='lat' dir='ltr'><strong>solet.</strong></span> <span class='ocrx_word' id='word_1_265' title='bbox 2671 689 2825 744; x_wconf 84' lang='lat' dir='ltr'><strong>Unde</strong></span> <span class='ocrx_word' id='word_1_266' title='bbox 2864 688 2996 742; x_wconf 88' lang='lat' dir='ltr'><strong>mihi</strong></span> <span class='ocrx_word' id='word_1_267' title='bbox 3048 687 3260 742; x_wconf 85' lang='lat' dir='ltr'><strong>videtur</strong></span> <span class='ocrx_word' id='word_1_268' title='bbox 3306 696 3681 757; x_wconf 64' lang='lat' dir='ltr'><strong>prteposteratus</strong></span> 
     </span>
    </p>
   </div>
   <div class='ocr_carea' id='block_1_36' title="bbox 2150 776 3683 848">
    <p class='ocr_par' dir='ltr' id='par_1_36' title="bbox 2150 776 3683 848">
     <span class='ocr_line' id='line_1_36' title="bbox 2150 776 3683 848; baseline -0.002 -12"><span class='ocrx_word' id='word_1_269' title='bbox 2150 782 2283 836; x_wconf 89' lang='lat' dir='ltr'><strong>ordo</strong></span> <span class='ocrx_word' id='word_1_270' title='bbox 2309 782 2617 845; x_wconf 84' lang='lat' dir='ltr'><strong>verborum,</strong></span> <span class='ocrx_word' id='word_1_271' title='bbox 2646 779 2789 834; x_wconf 91' lang='lat' dir='ltr'><strong>sicut</strong></span> <span class='ocrx_word' id='word_1_272' title='bbox 2809 793 2951 848; x_wconf 71' lang='lat' dir='ltr'><strong>smpe</strong></span> <span class='ocrx_word' id='word_1_273' title='bbox 2976 786 3032 831; x_wconf 88' lang='lat' dir='ltr'><strong>et</strong></span> <span class='ocrx_word' id='word_1_274' title='bbox 3057 778 3110 831; x_wconf 88' lang='lat' dir='ltr'><strong>in</strong></span> <span class='ocrx_word' id='word_1_275' title='bbox 3137 776 3342 831; x_wconf 79' lang='lat' dir='ltr'><strong>Latinis</strong></span> <span class='ocrx_word' id='word_1_276' title='bbox 3366 777 3683 833; x_wconf 67' lang='lat' dir='ltr'><strong>locationibus</strong></span> 
     </span>
    </p>
   </div>
   <div class='ocr_carea' id='block_1_37' title="bbox 2152 869 3684 944">
    <p class='ocr_par' dir='ltr' id='par_1_37' title="bbox 2152 869 3684 944">
     <span class='ocr_line' id='line_1_37' title="bbox 2152 869 3684 944; baseline -0.001 -16"><span class='ocrx_word' id='word_1_277' title='bbox 2152 872 2268 930; x_wconf 82' lang='lat' dir='ltr'><strong>ﬁeri</strong></span> <span class='ocrx_word' id='word_1_278' title='bbox 2297 873 2455 939; x_wconf 85' lang='lat' dir='ltr'><strong>solet,</strong></span> <span class='ocrx_word' id='word_1_279' title='bbox 2482 873 2625 943; x_wconf 88' lang='lat' dir='ltr'><strong>quod</strong></span> <span class='ocrx_word' id='word_1_280' title='bbox 2655 888 2826 944; x_wconf 83' lang='lat' dir='ltr'><strong>genus</strong></span> <span class='ocrx_word' id='word_1_281' title='bbox 2862 872 3201 942; x_wconf 83' lang='lat' dir='ltr'><strong>antistrophe</strong></span> <span class='ocrx_word' id='word_1_282' title='bbox 3225 872 3440 926; x_wconf 83' lang='lat' dir='ltr'><strong>dicitur.</strong></span> <span class='ocrx_word' id='word_1_283' title='bbox 3468 869 3684 938; x_wconf 72' lang='lat' dir='ltr'><strong>Proinde,</strong></span> 
     </span>
    </p>
   </div>
   <div class='ocr_carea' id='block_1_38' title="bbox 2154 963 3687 1033">
    <p class='ocr_par' dir='ltr' id='par_1_38' title="bbox 2154 963 3687 1033">
     <span class='ocr_line' id='line_1_38' title="bbox 2154 963 3687 1033; baseline -0.001 -15"><span class='ocrx_word' id='word_1_284' title='bbox 2154 964 2199 1018; x_wconf 91' lang='lat' dir='ltr'><strong>si</strong></span> <span class='ocrx_word' id='word_1_285' title='bbox 2232 963 2306 1018; x_wconf 89' lang='lat' dir='ltr'><strong>ita</strong></span> <span class='ocrx_word' id='word_1_286' title='bbox 2337 963 2571 1029; x_wconf 86' lang='lat' dir='ltr'><strong>dicatur,</strong></span> <span class='ocrx_word' id='word_1_287' title='bbox 2599 963 2686 1017; x_wconf 90' lang='lat' dir='ltr'><strong>vel</strong></span> <span class='ocrx_word' id='word_1_288' title='bbox 2714 972 2761 1017; x_wconf 90' lang='lat' dir='ltr'><strong>et</strong></span> <span class='ocrx_word' id='word_1_289' title='bbox 2795 972 2941 1017; x_wconf 84' lang='lat' dir='ltr'><strong>nocte</strong></span> <span class='ocrx_word' id='word_1_290' title='bbox 2974 963 3020 1017; x_wconf 90' lang='lat' dir='ltr'><strong>si</strong></span> <span class='ocrx_word' id='word_1_291' title='bbox 3044 963 3334 1017; x_wconf 80' lang='lat' dir='ltr'><strong>ascenderit</strong></span> <span class='ocrx_word' id='word_1_292' title='bbox 3380 964 3548 1028; x_wconf 79' lang='lat' dir='ltr'><strong>nubes,</strong></span> <span class='ocrx_word' id='word_1_293' title='bbox 3591 981 3687 1033; x_wconf 88' lang='lat' dir='ltr'><strong>pro-</strong></span> 
     </span>
    </p>
   </div>
   <div class='ocr_carea' id='block_1_39' title="bbox 2151 1053 3687 1120">
    <p class='ocr_par' dir='ltr' id='par_1_39' title="bbox 2151 1053 3687 1120">
     <span class='ocr_line' id='line_1_39' title="bbox 2151 1053 3687 1120; baseline 0.001 -13"><span class='ocrx_word' id='word_1_294' title='bbox 2151 1054 2446 1119; x_wconf 88' lang='lat' dir='ltr'><strong>movebunt,</strong></span> <span class='ocrx_word' id='word_1_295' title='bbox 2476 1062 2573 1108; x_wconf 89' lang='lat' dir='ltr'><strong>aut</strong></span> <span class='ocrx_word' id='word_1_296' title='bbox 2599 1061 2749 1108; x_wconf 89' lang='lat' dir='ltr'><strong>certe</strong></span> <span class='ocrx_word' id='word_1_297' title='bbox 2770 1053 2864 1119; x_wconf 89' lang='lat' dir='ltr'><strong>ita,</strong></span> <span class='ocrx_word' id='word_1_298' title='bbox 2903 1053 2949 1107; x_wconf 90' lang='lat' dir='ltr'><strong>si</strong></span> <span class='ocrx_word' id='word_1_299' title='bbox 2978 1062 3027 1107; x_wconf 90' lang='lat' dir='ltr'><strong>et</strong></span> <span class='ocrx_word' id='word_1_300' title='bbox 3055 1064 3202 1108; x_wconf 86' lang='lat' dir='ltr'><strong>nocte</strong></span> <span class='ocrx_word' id='word_1_301' title='bbox 3230 1054 3511 1108; x_wconf 82' lang='lat' dir='ltr'><strong>ascenderit</strong></span> <span class='ocrx_word' id='word_1_302' title='bbox 3537 1055 3687 1120; x_wconf 88' lang='lat' dir='ltr'><strong>nubes,</strong></span> 
     </span>
    </p>
   </div>
   <div class='ocr_carea' id='block_1_40' title="bbox 2152 1144 3690 1213">
    <p class='ocr_par' dir='ltr' id='par_1_40' title="bbox 2152 1144 3690 1213">
     <span class='ocr_line' id='line_1_40' title="bbox 2152 1144 3690 1213; baseline 0.005 -18"><span class='ocrx_word' id='word_1_303' title='bbox 2152 1144 2544 1213; x_wconf 80' lang='lat' dir='ltr'><strong>promovebant,</strong></span> <span class='ocrx_word' id='word_1_304' title='bbox 2572 1144 2925 1213; x_wconf 84' lang='lat' dir='ltr'><strong>planissimus</strong></span> <span class='ocrx_word' id='word_1_305' title='bbox 2963 1159 3154 1200; x_wconf 90' lang='lat' dir='ltr'><strong>sensus</strong></span> <span class='ocrx_word' id='word_1_306' title='bbox 3183 1153 3287 1201; x_wconf 92' lang='lat' dir='ltr'><strong>est.</strong></span> <span class='ocrx_word' id='word_1_307' title='bbox 3335 1144 3517 1201; x_wconf 86' lang='lat' dir='ltr'><strong>Adhuc</strong></span> <span class='ocrx_word' id='word_1_308' title='bbox 3540 1155 3690 1202; x_wconf 81' lang='lat' dir='ltr'><strong>autem</strong></span> 
     </span>
    </p>
   </div>
   <div class='ocr_carea' id='block_1_41' title="bbox 2155 1235 3692 1307">
    <p class='ocr_par' dir='ltr' id='par_1_41' title="bbox 2155 1235 3692 1307">
     <span class='ocr_line' id='line_1_41' title="bbox 2155 1235 3692 1307; baseline 0.003 -19"><span class='ocrx_word' id='word_1_309' title='bbox 2155 1235 2473 1289; x_wconf 86' lang='lat' dir='ltr'><strong>occurrebat</strong></span> <span class='ocrx_word' id='word_1_310' title='bbox 2505 1236 2766 1307; x_wconf 82' lang='lat' dir='ltr'><strong>cogitanti</strong></span> <span class='ocrx_word' id='word_1_311' title='bbox 2797 1244 2856 1291; x_wconf 91' lang='lat' dir='ltr'><strong>ut</strong></span> <span class='ocrx_word' id='word_1_312' title='bbox 2880 1237 3022 1292; x_wconf 89' lang='lat' dir='ltr'><strong>scire</strong></span> <span class='ocrx_word' id='word_1_313' title='bbox 3044 1236 3230 1303; x_wconf 85' lang='lat' dir='ltr'><strong>vellet,</strong></span> <span class='ocrx_word' id='word_1_314' title='bbox 3259 1247 3435 1292; x_wconf 91' lang='lat' dir='ltr'><strong>utrum</strong></span> <span class='ocrx_word' id='word_1_315' title='bbox 3463 1239 3692 1307; x_wconf 78' lang='lat' dir='ltr'><strong>quomodo</strong></span> 
     </span>
    </p>
   </div>
   <div class='ocr_carea' id='block_1_42' title="bbox 2156 1325 3686 1399">
    <p class='ocr_par' dir='ltr' id='par_1_42' title="bbox 2156 1325 3686 1399">
     <span class='ocr_line' id='line_1_42' title="bbox 2156 1325 3686 1399; baseline 0.005 -22"><span class='ocrx_word' id='word_1_316' title='bbox 2156 1325 2432 1396; x_wconf 79' lang='lat' dir='ltr'><strong>cognitum</strong></span> <span class='ocrx_word' id='word_1_317' title='bbox 2470 1334 2554 1380; x_wconf 89' lang='lat' dir='ltr'><strong>est</strong></span> <span class='ocrx_word' id='word_1_318' title='bbox 2582 1325 2758 1381; x_wconf 88' lang='lat' dir='ltr'><strong>solere</strong></span> <span class='ocrx_word' id='word_1_319' title='bbox 2808 1325 2930 1382; x_wconf 90' lang='lat' dir='ltr'><strong>illos</strong></span> <span class='ocrx_word' id='word_1_320' title='bbox 2976 1326 3043 1380; x_wconf 91' lang='lat' dir='ltr'><strong>ad</strong></span> <span class='ocrx_word' id='word_1_321' title='bbox 3094 1327 3258 1383; x_wconf 89' lang='lat' dir='ltr'><strong>nubis</strong></span> <span class='ocrx_word' id='word_1_322' title='bbox 3291 1328 3494 1399; x_wconf 81' lang='lat' dir='ltr'><strong>signum</strong></span> <span class='ocrx_word' id='word_1_323' title='bbox 3528 1328 3686 1384; x_wconf 86' lang='lat' dir='ltr'><strong>diebus</strong></span> 
     </span>
    </p>
   </div>
   <div class='ocr_carea' id='block_1_43' title="bbox 2156 1415 3692 1482">
    <p class='ocr_par' dir='ltr' id='par_1_43' title="bbox 2156 1415 3692 1482">
     <span class='ocr_line' id='line_1_43' title="bbox 2156 1415 3692 1482; baseline 0.003 -13"><span class='ocrx_word' id='word_1_324' title='bbox 2156 1423 2211 1469; x_wconf 92' lang='lat' dir='ltr'><strong>et</strong></span> <span class='ocrx_word' id='word_1_325' title='bbox 2237 1415 2486 1470; x_wconf 84' lang='lat' dir='ltr'><strong>noctibus</strong></span> <span class='ocrx_word' id='word_1_326' title='bbox 2514 1415 2816 1482; x_wconf 89' lang='lat' dir='ltr'><strong>ambulare,</strong></span> <span class='ocrx_word' id='word_1_327' title='bbox 2841 1417 2924 1471; x_wconf 90' lang='lat' dir='ltr'><strong>vel</strong></span> <span class='ocrx_word' id='word_1_328' title='bbox 2947 1417 3137 1473; x_wconf 86' lang='lat' dir='ltr'><strong>diebus</strong></span> <span class='ocrx_word' id='word_1_329' title='bbox 3166 1426 3224 1472; x_wconf 90' lang='lat' dir='ltr'><strong>et</strong></span> <span class='ocrx_word' id='word_1_330' title='bbox 3274 1418 3514 1473; x_wconf 87' lang='lat' dir='ltr'><strong>noctibus</strong></span> <span class='ocrx_word' id='word_1_331' title='bbox 3544 1418 3592 1472; x_wconf 88' lang='lat' dir='ltr'><strong>in</strong></span> <span class='ocrx_word' id='word_1_332' title='bbox 3617 1433 3692 1473; x_wconf 83' lang='lat' dir='ltr'><strong>ca-</strong></span> 
     </span>
    </p>
   </div>
   <div class='ocr_carea' id='block_1_44' title="bbox 2158 1509 3695 1579">
    <p class='ocr_par' dir='ltr' id='par_1_44' title="bbox 2158 1509 3695 1579">
     <span class='ocr_line' id='line_1_44' title="bbox 2158 1509 3695 1579; baseline 0 -15"><span class='ocrx_word' id='word_1_333' title='bbox 2158 1509 2286 1564; x_wconf 89' lang='lat' dir='ltr'><strong>stris</strong></span> <span class='ocrx_word' id='word_1_334' title='bbox 2313 1524 2454 1574; x_wconf 90' lang='lat' dir='ltr'><strong>esse,</strong></span> <span class='ocrx_word' id='word_1_335' title='bbox 2506 1509 2582 1563; x_wconf 90' lang='lat' dir='ltr'><strong>ita</strong></span> <span class='ocrx_word' id='word_1_336' title='bbox 2632 1510 2796 1564; x_wconf 90' lang='lat' dir='ltr'><strong>etiam</strong></span> <span class='ocrx_word' id='word_1_337' title='bbox 2827 1509 3062 1565; x_wconf 87' lang='lat' dir='ltr'><strong>solerent</strong></span> <span class='ocrx_word' id='word_1_338' title='bbox 3093 1526 3192 1579; x_wconf 90' lang='lat' dir='ltr'><strong>per</strong></span> <span class='ocrx_word' id='word_1_339' title='bbox 3222 1510 3337 1565; x_wconf 88' lang='lat' dir='ltr'><strong>dies</strong></span> <span class='ocrx_word' id='word_1_340' title='bbox 3384 1518 3577 1565; x_wconf 87' lang='lat' dir='ltr'><strong>tantum</strong></span> <span class='ocrx_word' id='word_1_341' title='bbox 3602 1526 3695 1564; x_wconf 85' lang='lat' dir='ltr'><strong>ma-</strong></span> 
     </span>
    </p>
   </div>
   <div class='ocr_carea' id='block_1_45' title="bbox 2158 1599 3693 1670">
    <p class='ocr_par' dir='ltr' id='par_1_45' title="bbox 2158 1599 3693 1670">
     <span class='ocr_line' id='line_1_45' title="bbox 2158 1599 3693 1670; baseline 0.001 -16"><span class='ocrx_word' id='word_1_342' title='bbox 2158 1615 2309 1664; x_wconf 89' lang='lat' dir='ltr'><strong>nere,</strong></span> <span class='ocrx_word' id='word_1_343' title='bbox 2365 1600 2528 1654; x_wconf 88' lang='lat' dir='ltr'><strong>etiam</strong></span> <span class='ocrx_word' id='word_1_344' title='bbox 2585 1615 2817 1670; x_wconf 89' lang='lat' dir='ltr'><strong>quorum</strong></span> <span class='ocrx_word' id='word_1_345' title='bbox 2872 1600 3123 1655; x_wconf 89' lang='lat' dir='ltr'><strong>noctibus</strong></span> <span class='ocrx_word' id='word_1_346' title='bbox 3173 1599 3523 1656; x_wconf 83' lang='lat' dir='ltr'><strong>ambularent.</strong></span> <span class='ocrx_word' id='word_1_347' title='bbox 3567 1600 3693 1667; x_wconf 85' lang='lat' dir='ltr'><strong>Quod</strong></span> 
     </span>
    </p>
   </div>
   <div class='ocr_carea' id='block_1_46' title="bbox 2159 1688 3694 1762">
    <p class='ocr_par' dir='ltr' id='par_1_46' title="bbox 2159 1688 3694 1762">
     <span class='ocr_line' id='line_1_46' title="bbox 2159 1688 3694 1762; baseline 0.002 -19"><span class='ocrx_word' id='word_1_348' title='bbox 2159 1689 2396 1745; x_wconf 91' lang='lat' dir='ltr'><strong>arbitror</strong></span> <span class='ocrx_word' id='word_1_349' title='bbox 2446 1688 2784 1760; x_wconf 88' lang='lat' dir='ltr'><strong>Seripturam</strong></span> <span class='ocrx_word' id='word_1_350' title='bbox 2828 1690 2883 1745; x_wconf 91' lang='lat' dir='ltr'><strong>in</strong></span> <span class='ocrx_word' id='word_1_351' title='bbox 2939 1691 3398 1762; x_wconf 80' lang='lat' dir='ltr'><strong>consequentibus</strong></span> <span class='ocrx_word' id='word_1_352' title='bbox 3454 1692 3694 1746; x_wconf 86' lang='lat' dir='ltr'><strong>intimasse</strong></span> 
     </span>
    </p>
   </div>
   <div class='ocr_carea' id='block_1_47' title="bbox 2086 1770 3697 1847">
    <p class='ocr_par' dir='ltr' id='par_1_47' title="bbox 2086 1770 3697 1847">
     <span class='ocr_line' id='line_1_47' title="bbox 2086 1770 3697 1847; baseline 0 -13"><span class='ocrx_word' id='word_1_353' title='bbox 2086 1770 2132 1829; x_wconf 77' lang='grc' dir='ltr'>Β</span> <span class='ocrx_word' id='word_1_354' title='bbox 2161 1795 2282 1835; x_wconf 84' lang='grc' dir='ltr'>ειιιη</span> <span class='ocrx_word' id='word_1_355' title='bbox 2313 1780 2445 1835; x_wconf 89' lang='lat' dir='ltr'><strong>dicit</strong></span> <span class='ocrx_word' id='word_1_356' title='bbox 2475 1799 2487 1834; x_wconf 90' lang='lat'>:</span> <span class='ocrx_word' id='word_1_357' title='bbox 2553 1779 2649 1835; x_wconf 90' lang='lat' dir='ltr'><strong>Die</strong></span> <span class='ocrx_word' id='word_1_358' title='bbox 2697 1779 2775 1835; x_wconf 84' lang='lat' dir='ltr'><strong>vel</strong></span> <span class='ocrx_word' id='word_1_359' title='bbox 2803 1797 2977 1835; x_wconf 88' lang='lat' dir='ltr'><strong>mense</strong></span> <span class='ocrx_word' id='word_1_360' title='bbox 3004 1782 3109 1835; x_wconf 89' lang='lat' dir='ltr'><strong>diei</strong></span> <span class='ocrx_word' id='word_1_361' title='bbox 3140 1780 3458 1847; x_wconf 86' lang='lat' dir='ltr'><strong>ambulante,</strong></span> <span class='ocrx_word' id='word_1_362' title='bbox 3486 1781 3603 1835; x_wconf 86' lang='lat' dir='ltr'><strong>nube</strong></span> <span class='ocrx_word' id='word_1_363' title='bbox 3623 1780 3697 1834; x_wconf 87' lang='lat' dir='ltr'><strong>ob-</strong></span> 
     </span>
    </p>
   </div>
   <div class='ocr_carea' id='block_1_48' title="bbox 2162 1871 3693 1944">
    <p class='ocr_par' dir='ltr' id='par_1_48' title="bbox 2162 1871 3693 1944">
     <span class='ocr_line' id='line_1_48' title="bbox 2162 1871 3693 1944; baseline -0.001 -16"><span class='ocrx_word' id='word_1_364' title='bbox 2162 1874 2432 1929; x_wconf 83' lang='lat' dir='ltr'><strong>umbrante</strong></span> <span class='ocrx_word' id='word_1_365' title='bbox 2450 1890 2607 1944; x_wconf 86' lang='lat' dir='ltr'><strong>super</strong></span> <span class='ocrx_word' id='word_1_366' title='bbox 2628 1872 2781 1937; x_wconf 85' lang='lat' dir='ltr'><strong>illad,</strong></span> <span class='ocrx_word' id='word_1_367' title='bbox 2811 1874 2863 1927; x_wconf 91' lang='lat' dir='ltr'><strong>in</strong></span> <span class='ocrx_word' id='word_1_368' title='bbox 2896 1874 3083 1929; x_wconf 85' lang='lat' dir='ltr'><strong>castris</strong></span> <span class='ocrx_word' id='word_1_369' title='bbox 3123 1882 3279 1927; x_wconf 85' lang='lat' dir='ltr'><strong>erunt</strong></span> <span class='ocrx_word' id='word_1_370' title='bbox 3305 1872 3405 1943; x_wconf 80' lang='lat' dir='ltr'><strong>lilii</strong></span> <span class='ocrx_word' id='word_1_371' title='bbox 3449 1871 3622 1938; x_wconf 83' lang='lat' dir='ltr'><strong>Israel,</strong></span> <span class='ocrx_word' id='word_1_372' title='bbox 3655 1883 3693 1926; x_wconf 83' lang='lat' dir='ltr'><strong>et</strong></span> 
     </span>
    </p>
   </div>
   <div class='ocr_carea' id='block_1_49' title="bbox 2161 1962 3696 2035">
    <p class='ocr_par' dir='ltr' id='par_1_49' title="bbox 2161 1962 3696 2035">
     <span class='ocr_line' id='line_1_49' title="bbox 2161 1962 3696 2035; baseline -0.002 -16"><span class='ocrx_word' id='word_1_373' title='bbox 2161 1981 2264 2019; x_wconf 85' lang='lat' dir='ltr'><strong>non</strong></span> <span class='ocrx_word' id='word_1_374' title='bbox 2285 1963 2674 2035; x_wconf 82' lang='lat' dir='ltr'><strong>promovebant.</strong></span> <span class='ocrx_word' id='word_1_375' title='bbox 2722 1962 2858 2031; x_wconf 87' lang='lat' dir='ltr'><strong>Quia</strong></span> <span class='ocrx_word' id='word_1_376' title='bbox 2894 1966 3039 2020; x_wconf 87' lang='lat' dir='ltr'><strong>enim</strong></span> <span class='ocrx_word' id='word_1_377' title='bbox 3088 1964 3306 2021; x_wconf 79' lang='lat' dir='ltr'><strong>dixerat</strong></span> <span class='ocrx_word' id='word_1_378' title='bbox 3335 1982 3347 2018; x_wconf 92' lang='lat'>:</span> <span class='ocrx_word' id='word_1_379' title='bbox 3389 1962 3477 2020; x_wconf 77' lang='lat' dir='ltr'><strong>Vel</strong></span> <span class='ocrx_word' id='word_1_380' title='bbox 3503 1974 3631 2018; x_wconf 85' lang='lat' dir='ltr'><strong>nocte</strong></span> <span class='ocrx_word' id='word_1_381' title='bbox 3655 1973 3696 2017; x_wconf 80' lang='lat' dir='ltr'><strong>et</strong></span> 
     </span>
    </p>
   </div>
   <div class='ocr_carea' id='block_1_50' title="bbox 2160 2054 3698 2126">
    <p class='ocr_par' dir='ltr' id='par_1_50' title="bbox 2160 2054 3698 2126">
     <span class='ocr_line' id='line_1_50' title="bbox 2160 2054 3698 2126; baseline -0.001 -17"><span class='ocrx_word' id='word_1_382' title='bbox 2160 2057 2206 2109; x_wconf 89' lang='lat' dir='ltr'><strong>si</strong></span> <span class='ocrx_word' id='word_1_383' title='bbox 2251 2055 2542 2110; x_wconf 88' lang='lat' dir='ltr'><strong>ascenderit</strong></span> <span class='ocrx_word' id='word_1_384' title='bbox 2577 2054 2757 2119; x_wconf 87' lang='lat' dir='ltr'><strong>nubes,</strong></span> <span class='ocrx_word' id='word_1_385' title='bbox 2787 2056 3179 2126; x_wconf 80' lang='lat' dir='ltr'><strong>promovebant,</strong></span> <span class='ocrx_word' id='word_1_386' title='bbox 3214 2066 3465 2126; x_wconf 86' lang='lat' dir='ltr'><strong>tanquam</strong></span> <span class='ocrx_word' id='word_1_387' title='bbox 3494 2054 3698 2110; x_wconf 86' lang='lat' dir='ltr'><strong>restabat</strong></span> 
     </span>
    </p>
   </div>
   <div class='ocr_carea' id='block_1_51' title="bbox 2162 2132 3697 2215">
    <p class='ocr_par' dir='ltr' id='par_1_51' title="bbox 2162 2132 3697 2215">
     <span class='ocr_line' id='line_1_51' title="bbox 2162 2132 3697 2215; baseline -0.001 -16"><span class='ocrx_word' id='word_1_388' title='bbox 2162 2156 2220 2199; x_wconf 92' lang='lat' dir='ltr'><strong>ut</strong></span> <span class='ocrx_word' id='word_1_389' title='bbox 2245 2145 2452 2200; x_wconf 82' lang='lat' dir='ltr'><strong>diceret</strong></span> <span class='ocrx_word' id='word_1_390' title='bbox 2480 2163 2492 2199; x_wconf 92' lang='lat'><strong>:</strong></span> <span class='ocrx_word' id='word_1_391' title='bbox 2523 2143 2620 2198; x_wconf 88' lang='lat' dir='ltr'><strong>Die</strong></span> <span class='ocrx_word' id='word_1_392' title='bbox 2644 2154 2819 2199; x_wconf 89' lang='lat' dir='ltr'><strong>autem</strong></span> <span class='ocrx_word' id='word_1_393' title='bbox 2848 2145 2894 2199; x_wconf 89' lang='lat' dir='ltr'><strong>si</strong></span> <span class='ocrx_word' id='word_1_394' title='bbox 2918 2132 3020 2201; x_wconf 83' lang='lat' dir='ltr'><strong>non</strong></span> <span class='ocrx_word' id='word_1_395' title='bbox 3044 2146 3362 2211; x_wconf 85' lang='lat' dir='ltr'><strong>ascenderit,</strong></span> <span class='ocrx_word' id='word_1_396' title='bbox 3388 2162 3487 2199; x_wconf 89' lang='lat' dir='ltr'><strong>non</strong></span> <span class='ocrx_word' id='word_1_397' title='bbox 3518 2162 3697 2215; x_wconf 86' lang='lat' dir='ltr'><strong>promo-</strong></span> 
     </span>
    </p>
   </div>
   <div class='ocr_carea' id='block_1_52' title="bbox 2160 2233 3696 2306">
    <p class='ocr_par' dir='ltr' id='par_1_52' title="bbox 2160 2233 3696 2306">
     <span class='ocr_line' id='line_1_52' title="bbox 2160 2233 3696 2306; baseline -0.001 -18"><span class='ocrx_word' id='word_1_398' title='bbox 2160 2235 2365 2299; x_wconf 73' lang='lat' dir='ltr'><strong>vebant,</strong></span> <span class='ocrx_word' id='word_1_399' title='bbox 2394 2233 2607 2304; x_wconf 89' lang='lat' dir='ltr'><strong>quando</strong></span> <span class='ocrx_word' id='word_1_400' title='bbox 2637 2235 2792 2303; x_wconf 88' lang='lat' dir='ltr'><strong>quasi</strong></span> <span class='ocrx_word' id='word_1_401' title='bbox 2827 2250 3147 2306; x_wconf 89' lang='lat' dir='ltr'><strong>promovere</strong></span> <span class='ocrx_word' id='word_1_402' title='bbox 3177 2236 3373 2291; x_wconf 86' lang='lat' dir='ltr'><strong>debere</strong></span> <span class='ocrx_word' id='word_1_403' title='bbox 3399 2235 3696 2290; x_wconf 85' lang='lat' dir='ltr'><strong>videbantur.</strong></span> 
     </span>
    </p>
   </div>
   <div class='ocr_carea' id='block_1_53' title="bbox 2163 2322 3696 2395">
    <p class='ocr_par' dir='ltr' id='par_1_53' title="bbox 2163 2322 3696 2395">
     <span class='ocr_line' id='line_1_53' title="bbox 2163 2322 3696 2395; baseline -0.001 -19"><span class='ocrx_word' id='word_1_404' title='bbox 2163 2322 2267 2377; x_wconf 80' lang='lat' dir='ltr'><strong>Sed</strong></span> <span class='ocrx_word' id='word_1_405' title='bbox 2298 2323 2425 2393; x_wconf 89' lang='lat' dir='ltr'><strong>quia</strong></span> <span class='ocrx_word' id='word_1_406' title='bbox 2457 2324 2559 2378; x_wconf 90' lang='lat' dir='ltr'><strong>hoc</strong></span> <span class='ocrx_word' id='word_1_407' title='bbox 2604 2324 2766 2378; x_wconf 90' lang='lat' dir='ltr'><strong>etiam</strong></span> <span class='ocrx_word' id='word_1_408' title='bbox 2800 2324 2989 2380; x_wconf 86' lang='lat' dir='ltr'><strong>diebus</strong></span> <span class='ocrx_word' id='word_1_409' title='bbox 3037 2324 3292 2395; x_wconf 88' lang='lat' dir='ltr'><strong>plurimis</strong></span> <span class='ocrx_word' id='word_1_410' title='bbox 3349 2325 3460 2380; x_wconf 81' lang='lat' dir='ltr'><strong>ﬁeri</strong></span> <span class='ocrx_word' id='word_1_411' title='bbox 3500 2332 3696 2393; x_wconf 86' lang='lat' dir='ltr'><strong>poterat,</strong></span> 
     </span>
    </p>
   </div>
   <div class='ocr_carea' id='block_1_54' title="bbox 2163 2412 3698 2484">
    <p class='ocr_par' dir='ltr' id='par_1_54' title="bbox 2163 2412 3698 2484">
     <span class='ocr_line' id='line_1_54' title="bbox 2163 2412 3698 2484; baseline -0.002 -16"><span class='ocrx_word' id='word_1_412' title='bbox 2163 2422 2223 2468; x_wconf 87' lang='lat' dir='ltr'><strong>ut</strong></span> <span class='ocrx_word' id='word_1_413' title='bbox 2285 2413 2535 2467; x_wconf 88' lang='lat' dir='ltr'><strong>noctibus</strong></span> <span class='ocrx_word' id='word_1_414' title='bbox 2587 2412 2949 2478; x_wconf 81' lang='lat' dir='ltr'><strong>ambularent,</strong></span> <span class='ocrx_word' id='word_1_415' title='bbox 2996 2425 3351 2484; x_wconf 88' lang='lat' dir='ltr'><strong>promovente</strong></span> <span class='ocrx_word' id='word_1_416' title='bbox 3406 2414 3535 2469; x_wconf 90' lang='lat' dir='ltr'><strong>nube</strong></span> <span class='ocrx_word' id='word_1_417' title='bbox 3581 2420 3698 2467; x_wconf 83' lang='lat' dir='ltr'><strong>ctca</strong></span> 
     </span>
    </p>
   </div>
   <div class='ocr_carea' id='block_1_55' title="bbox 2163 2502 3697 2575">
    <p class='ocr_par' dir='ltr' id='par_1_55' title="bbox 2163 2502 3697 2575">
     <span class='ocr_line' id='line_1_55' title="bbox 2163 2502 3697 2575; baseline -0.001 -19"><span class='ocrx_word' id='word_1_418' title='bbox 2163 2512 2417 2557; x_wconf 86' lang='lat' dir='ltr'><strong>manente</strong></span> <span class='ocrx_word' id='word_1_419' title='bbox 2479 2502 2671 2557; x_wconf 87' lang='lat' dir='ltr'><strong>diebus</strong></span> <span class='ocrx_word' id='word_1_420' title='bbox 2706 2518 2811 2557; x_wconf 90' lang='lat' dir='ltr'><strong>non</strong></span> <span class='ocrx_word' id='word_1_421' title='bbox 2863 2503 3230 2569; x_wconf 87' lang='lat' dir='ltr'><strong>ambularent,</strong></span> <span class='ocrx_word' id='word_1_422' title='bbox 3273 2503 3391 2559; x_wconf 88' lang='lat' dir='ltr'><strong>ideo</strong></span> <span class='ocrx_word' id='word_1_423' title='bbox 3430 2504 3593 2575; x_wconf 90' lang='lat' dir='ltr'><strong>posuit</strong></span> <span class='ocrx_word' id='word_1_424' title='bbox 3616 2503 3697 2555; x_wconf 75' lang='lat' dir='ltr'><strong>diei</strong></span> 
     </span>
    </p>
   </div>
   <div class='ocr_carea' id='block_1_56' title="bbox 2162 2591 3699 2660">
    <p class='ocr_par' dir='ltr' id='par_1_56' title="bbox 2162 2591 3699 2660">
     <span class='ocr_line' id='line_1_56' title="bbox 2162 2591 3699 2660; baseline 0 -14"><span class='ocrx_word' id='word_1_425' title='bbox 2162 2591 2238 2646; x_wconf 81' lang='lat' dir='ltr'><strong>vel</strong></span> <span class='ocrx_word' id='word_1_426' title='bbox 2288 2609 2461 2647; x_wconf 87' lang='lat' dir='ltr'><strong>mense</strong></span> <span class='ocrx_word' id='word_1_427' title='bbox 2497 2593 2618 2647; x_wconf 89' lang='lat' dir='ltr'><strong>diei.</strong></span> <span class='ocrx_word' id='word_1_428' title='bbox 2673 2592 2790 2648; x_wconf 83' lang='lat' dir='ltr'><strong>Non</strong></span> <span class='ocrx_word' id='word_1_429' title='bbox 2822 2594 2960 2648; x_wconf 78' lang='lat' dir='ltr'><strong>dixit</strong></span> <span class='ocrx_word' id='word_1_430' title='bbox 2989 2611 3185 2660; x_wconf 83' lang='lat' dir='ltr'><strong>mense,</strong></span> <span class='ocrx_word' id='word_1_431' title='bbox 3231 2610 3299 2649; x_wconf 90' lang='lat' dir='ltr'><strong>ne</strong></span> <span class='ocrx_word' id='word_1_432' title='bbox 3331 2595 3402 2650; x_wconf 91' lang='lat' dir='ltr'><strong>ibi</strong></span> <span class='ocrx_word' id='word_1_433' title='bbox 3446 2604 3499 2650; x_wconf 92' lang='lat' dir='ltr'><strong>et</strong></span> <span class='ocrx_word' id='word_1_434' title='bbox 3543 2601 3699 2648; x_wconf 78' lang='lat' dir='ltr'><strong>noctes</strong></span> 
     </span>
    </p>
   </div>
   <div class='ocr_carea' id='block_1_57' title="bbox 2162 2682 3700 2756">
    <p class='ocr_par' dir='ltr' id='par_1_57' title="bbox 2162 2682 3700 2756">
     <span class='ocr_line' id='line_1_57' title="bbox 2162 2682 3700 2756; baseline -0.001 -17"><span class='ocrx_word' id='word_1_435' title='bbox 2162 2682 2404 2753; x_wconf 81' lang='lat' dir='ltr'><strong>ejusdem</strong></span> <span class='ocrx_word' id='word_1_436' title='bbox 2461 2684 2663 2741; x_wconf 88' lang='lat' dir='ltr'><strong>mensis</strong></span> <span class='ocrx_word' id='word_1_437' title='bbox 2716 2686 3130 2756; x_wconf 86' lang='lat' dir='ltr'><strong>acciperentur;</strong></span> <span class='ocrx_word' id='word_1_438' title='bbox 3188 2687 3283 2741; x_wconf 89' lang='lat' dir='ltr'><strong>sed</strong></span> <span class='ocrx_word' id='word_1_439' title='bbox 3311 2703 3479 2741; x_wconf 86' lang='lat' dir='ltr'><strong>mense</strong></span> <span class='ocrx_word' id='word_1_440' title='bbox 3529 2685 3700 2749; x_wconf 77' lang='lat' dir='ltr'><strong>diei,ii</strong></span> 
     </span>
    </p>
   </div>
   <div class='ocr_carea' id='block_1_58' title="bbox 2163 2775 3700 2845">
    <p class='ocr_par' dir='ltr' id='par_1_58' title="bbox 2163 2775 3700 2845">
     <span class='ocr_line' id='line_1_58' title="bbox 2163 2775 3700 2845; baseline -0.003 -15"><span class='ocrx_word' id='word_1_441' title='bbox 2163 2784 2270 2841; x_wconf 86' lang='lat' dir='ltr'><strong>est,</strong></span> <span class='ocrx_word' id='word_1_442' title='bbox 2300 2790 2486 2831; x_wconf 88' lang='lat' dir='ltr'><strong>mense</strong></span> <span class='ocrx_word' id='word_1_443' title='bbox 2514 2791 2582 2830; x_wconf 82' lang='lat' dir='ltr'><strong>ex</strong></span> <span class='ocrx_word' id='word_1_444' title='bbox 2612 2790 2676 2830; x_wconf 90' lang='lat' dir='ltr'><strong>ea</strong></span> <span class='ocrx_word' id='word_1_445' title='bbox 2707 2785 2860 2845; x_wconf 88' lang='lat' dir='ltr'><strong>parte</strong></span> <span class='ocrx_word' id='word_1_446' title='bbox 2889 2790 2996 2845; x_wconf 90' lang='lat' dir='ltr'><strong>qua</strong></span> <span class='ocrx_word' id='word_1_447' title='bbox 3023 2776 3139 2831; x_wconf 87' lang='lat' dir='ltr'><strong>dies</strong></span> <span class='ocrx_word' id='word_1_448' title='bbox 3190 2775 3268 2831; x_wconf 90' lang='lat' dir='ltr'><strong>illi</strong></span> <span class='ocrx_word' id='word_1_449' title='bbox 3299 2776 3415 2841; x_wconf 69' lang='lat' dir='ltr'><strong>fuit,</strong></span> <span class='ocrx_word' id='word_1_450' title='bbox 3452 2790 3550 2831; x_wconf 90' lang='lat' dir='ltr'><strong>non</strong></span> <span class='ocrx_word' id='word_1_451' title='bbox 3580 2790 3635 2829; x_wconf 77' lang='lat' dir='ltr'><strong>cx</strong></span> <span class='ocrx_word' id='word_1_452' title='bbox 3652 2788 3700 2827; x_wconf 84' lang='lat' dir='ltr'><strong>ea</strong></span> 
     </span>
    </p>
   </div>
   <div class='ocr_carea' id='block_1_59' title="bbox 2165 2862 3701 2938">
    <p class='ocr_par' dir='ltr' id='par_1_59' title="bbox 2165 2862 3701 2938">
     <span class='ocr_line' id='line_1_59' title="bbox 2165 2862 3701 2938; baseline -0.001 -20"><span class='ocrx_word' id='word_1_453' title='bbox 2165 2882 2270 2938; x_wconf 86' lang='lat' dir='ltr'><strong>qua</strong></span> <span class='ocrx_word' id='word_1_454' title='bbox 2310 2882 2435 2921; x_wconf 83' lang='lat' dir='ltr'><strong>nox.</strong></span> <span class='ocrx_word' id='word_1_455' title='bbox 2478 2866 2575 2920; x_wconf 88' lang='lat' dir='ltr'><strong>Die</strong></span> <span class='ocrx_word' id='word_1_456' title='bbox 2610 2881 2740 2935; x_wconf 77' lang='lat' dir='ltr'><strong>ergo</strong></span> <span class='ocrx_word' id='word_1_457' title='bbox 2780 2865 2854 2920; x_wconf 86' lang='lat' dir='ltr'><strong>vel</strong></span> <span class='ocrx_word' id='word_1_458' title='bbox 2898 2882 3073 2920; x_wconf 88' lang='lat' dir='ltr'><strong>mense</strong></span> <span class='ocrx_word' id='word_1_459' title='bbox 3100 2866 3234 2933; x_wconf 86' lang='lat' dir='ltr'><strong>diei,</strong></span> <span class='ocrx_word' id='word_1_460' title='bbox 3265 2866 3568 2931; x_wconf 84' lang='lat' dir='ltr'><strong>abundante,</strong></span> <span class='ocrx_word' id='word_1_461' title='bbox 3594 2862 3701 2917; x_wconf 78' lang='lat' dir='ltr'><strong>nube</strong></span> 
     </span>
    </p>
   </div>
   <div class='ocr_carea' id='block_1_60' title="bbox 2164 2950 3701 3022">
    <p class='ocr_par' dir='ltr' id='par_1_60' title="bbox 2164 2950 3701 3022">
     <span class='ocr_line' id='line_1_60' title="bbox 2164 2950 3701 3022; baseline -0.005 -11"><span class='ocrx_word' id='word_1_462' title='bbox 2164 2956 2529 3021; x_wconf 82' lang='lat' dir='ltr'><strong>obumbrante,</strong></span> <span class='ocrx_word' id='word_1_463' title='bbox 2582 2955 2634 3009; x_wconf 91' lang='lat' dir='ltr'><strong>id</strong></span> <span class='ocrx_word' id='word_1_464' title='bbox 2666 2962 2767 3022; x_wconf 78' lang='lat' dir='ltr'><strong>est,</strong></span> <span class='ocrx_word' id='word_1_465' title='bbox 2799 2954 3106 3010; x_wconf 48' lang='lat' dir='ltr'><strong>abundante</strong></span> <span class='ocrx_word' id='word_1_466' title='bbox 3153 2956 3211 3010; x_wconf 88' lang='lat' dir='ltr'><strong>in</strong></span> <span class='ocrx_word' id='word_1_467' title='bbox 3242 2954 3613 3017; x_wconf 89' lang='lat' dir='ltr'><strong>obumbrando,</strong></span> <span class='ocrx_word' id='word_1_468' title='bbox 3634 2950 3701 3006; x_wconf 84' lang='lat' dir='ltr'><strong>vel</strong></span> 
     </span>
    </p>
   </div>
   <div class='ocr_carea' id='block_1_61' title="bbox 2167 3044 3703 3117">
    <p class='ocr_par' dir='ltr' id='par_1_61' title="bbox 2167 3044 3703 3117">
     <span class='ocr_line' id='line_1_61' title="bbox 2167 3044 3703 3117; baseline -0.004 -16"><span class='ocrx_word' id='word_1_469' title='bbox 2167 3046 2531 3101; x_wconf 86' lang='lat' dir='ltr'><strong>abundantius</strong></span> <span class='ocrx_word' id='word_1_470' title='bbox 2565 3047 2924 3101; x_wconf 83' lang='lat' dir='ltr'><strong>obumbrante</strong></span> <span class='ocrx_word' id='word_1_471' title='bbox 2960 3060 3123 3117; x_wconf 86' lang='lat' dir='ltr'><strong>super</strong></span> <span class='ocrx_word' id='word_1_472' title='bbox 3171 3047 3327 3112; x_wconf 89' lang='lat' dir='ltr'><strong>illud,</strong></span> <span class='ocrx_word' id='word_1_473' title='bbox 3361 3046 3489 3101; x_wconf 89' lang='lat' dir='ltr'><strong>illud</strong></span> <span class='ocrx_word' id='word_1_474' title='bbox 3533 3044 3703 3101; x_wconf 85' lang='lat' dir='ltr'><strong>scilicet</strong></span> 
     </span>
    </p>
   </div>
   <div class='ocr_carea' id='block_1_62' title="bbox 490 3124 3702 3212">
    <p class='ocr_par' dir='ltr' id='par_1_62' title="bbox 490 3124 3702 3212">
     <span class='ocr_line' id='line_1_62' title="bbox 490 3124 3702 3212; baseline -0.003 -14"><span class='ocrx_word' id='word_1_475' title='bbox 490 3144 718 3212; x_wconf 86' lang='lat' dir='ltr'><strong>Quando</strong></span> <span class='ocrx_word' id='word_1_476' title='bbox 772 3155 902 3212; x_wconf 84' lang='lat' dir='ltr'><strong>ergo</strong></span> <span class='ocrx_word' id='word_1_477' title='bbox 936 3139 1372 3210; x_wconf 80' lang='lat' dir='ltr'><strong>promovebant?</strong></span> <span class='ocrx_word' id='word_1_478' title='bbox 1407 3137 1473 3192; x_wconf 84' lang='lat' dir='ltr'><strong>Et</strong></span> <span class='ocrx_word' id='word_1_479' title='bbox 1525 3140 1643 3202; x_wconf 87' lang='lat' dir='ltr'><strong>erit,</strong></span> <span class='ocrx_word' id='word_1_480' title='bbox 1701 3138 1893 3207; x_wconf 87' lang='lat' dir='ltr'><strong>inquit,</strong></span> <span class='ocrx_word' id='word_1_481' title='bbox 1943 3152 2062 3189; x_wconf 88' lang='lat' dir='ltr'><strong>cum</strong></span> <span class='ocrx_word' id='word_1_482' title='bbox 2090 3124 2135 3188; x_wconf 84' lang='lat' dir='ltr'><strong><em>C</em></strong></span> <span class='ocrx_word' id='word_1_483' title='bbox 2171 3135 2600 3201; x_wconf 85' lang='lat' dir='ltr'><strong>tabernaculum,</strong></span> <span class='ocrx_word' id='word_1_484' title='bbox 2651 3136 2706 3189; x_wconf 90' lang='lat' dir='ltr'><strong>in</strong></span> <span class='ocrx_word' id='word_1_485' title='bbox 2756 3137 2944 3191; x_wconf 89' lang='lat' dir='ltr'><strong>castris</strong></span> <span class='ocrx_word' id='word_1_486' title='bbox 2987 3146 3139 3191; x_wconf 88' lang='lat' dir='ltr'><strong>erant</strong></span> <span class='ocrx_word' id='word_1_487' title='bbox 3168 3137 3277 3206; x_wconf 77' lang='lat' dir='ltr'><strong>ﬁlii</strong></span> <span class='ocrx_word' id='word_1_488' title='bbox 3325 3136 3509 3203; x_wconf 79' lang='lat' dir='ltr'><strong>Israel,</strong></span> <span class='ocrx_word' id='word_1_489' title='bbox 3535 3147 3576 3191; x_wconf 85' lang='lat' dir='ltr'><strong>et</strong></span> <span class='ocrx_word' id='word_1_490' title='bbox 3618 3151 3702 3189; x_wconf 81' lang='lat' dir='ltr'><strong>non</strong></span> 
     </span>
    </p>
   </div>
   <div class='ocr_carea' id='block_1_63' title="bbox 492 3227 2064 3296">
    <p class='ocr_par' dir='ltr' id='par_1_63' title="bbox 492 3227 2064 3296">
     <span class='ocr_line' id='line_1_63' title="bbox 492 3227 2064 3296; baseline -0.002 -11"><span class='ocrx_word' id='word_1_491' title='bbox 492 3228 684 3287; x_wconf 50' lang='lat' dir='ltr'><strong>texerit&quot;</strong></span> <span class='ocrx_word' id='word_1_492' title='bbox 728 3230 889 3284; x_wconf 88' lang='lat' dir='ltr'><strong>nubes</strong></span> <span class='ocrx_word' id='word_1_493' title='bbox 944 3231 1054 3282; x_wconf 86' lang='lat' dir='ltr'><strong>dies</strong></span> <span class='ocrx_word' id='word_1_494' title='bbox 1105 3244 1320 3281; x_wconf 91' lang='lat' dir='ltr'><strong>numero</strong></span> <span class='ocrx_word' id='word_1_495' title='bbox 1372 3243 1527 3296; x_wconf 86' lang='lat' dir='ltr'><strong>super</strong></span> <span class='ocrx_word' id='word_1_496' title='bbox 1570 3227 1983 3291; x_wconf 87' lang='lat' dir='ltr'><strong>tabernaculum,</strong></span> <span class='ocrx_word' id='word_1_497' title='bbox 2010 3227 2064 3282; x_wconf 88' lang='lat' dir='ltr'><strong>id</strong></span> 
     </span>
    </p>
   </div>
   <div class='ocr_carea' id='block_1_64' title="bbox 489 3316 2059 3387">
    <p class='ocr_par' dir='ltr' id='par_1_64' title="bbox 489 3316 2059 3387">
     <span class='ocr_line' id='line_1_64' title="bbox 489 3316 2059 3387; baseline -0.003 -11"><span class='ocrx_word' id='word_1_498' title='bbox 489 3331 590 3386; x_wconf 88' lang='lat' dir='ltr'><strong>est,</strong></span> <span class='ocrx_word' id='word_1_499' title='bbox 626 3328 777 3375; x_wconf 91' lang='lat' dir='ltr'><strong>certo</strong></span> <span class='ocrx_word' id='word_1_500' title='bbox 804 3332 1054 3382; x_wconf 89' lang='lat' dir='ltr'><strong>numero,</strong></span> <span class='ocrx_word' id='word_1_501' title='bbox 1087 3317 1178 3385; x_wconf 91' lang='lat' dir='ltr'><strong>qui</strong></span> <span class='ocrx_word' id='word_1_502' title='bbox 1208 3332 1466 3370; x_wconf 89' lang='lat' dir='ltr'><strong>numerus</strong></span> <span class='ocrx_word' id='word_1_503' title='bbox 1494 3316 1681 3386; x_wconf 89' lang='lat' dir='ltr'><strong>utique</strong></span> <span class='ocrx_word' id='word_1_504' title='bbox 1709 3316 1820 3371; x_wconf 88' lang='lat' dir='ltr'><strong>Deo</strong></span> <span class='ocrx_word' id='word_1_505' title='bbox 1865 3316 2059 3387; x_wconf 84' lang='lat' dir='ltr'><strong>placet,</strong></span> 
     </span>
    </p>
   </div>
   <div class='ocr_carea' id='block_1_65' title="bbox 488 3407 2066 3482">
    <p class='ocr_par' dir='ltr' id='par_1_65' title="bbox 488 3407 2066 3482">
     <span class='ocr_line' id='line_1_65' title="bbox 488 3407 2066 3482; baseline -0.003 -15"><span class='ocrx_word' id='word_1_506' title='bbox 488 3428 587 3482; x_wconf 88' lang='lat' dir='ltr'><strong>per</strong></span> <span class='ocrx_word' id='word_1_507' title='bbox 621 3426 805 3467; x_wconf 88' lang='lat' dir='ltr'><strong>vocem</strong></span> <span class='ocrx_word' id='word_1_508' title='bbox 836 3408 1050 3463; x_wconf 84' lang='lat' dir='ltr'><strong>Domini</strong></span> <span class='ocrx_word' id='word_1_509' title='bbox 1099 3408 1153 3462; x_wconf 92' lang='lat' dir='ltr'><strong>in</strong></span> <span class='ocrx_word' id='word_1_510' title='bbox 1199 3407 1395 3462; x_wconf 88' lang='lat' dir='ltr'><strong>castris</strong></span> <span class='ocrx_word' id='word_1_511' title='bbox 1423 3415 1602 3473; x_wconf 88' lang='lat' dir='ltr'><strong>erunt,</strong></span> <span class='ocrx_word' id='word_1_512' title='bbox 1633 3415 1688 3462; x_wconf 90' lang='lat' dir='ltr'><strong>et</strong></span> <span class='ocrx_word' id='word_1_513' title='bbox 1740 3422 1839 3477; x_wconf 90' lang='lat' dir='ltr'><strong>per</strong></span> <span class='ocrx_word' id='word_1_514' title='bbox 1864 3421 2066 3477; x_wconf 77' lang='lat' dir='ltr'><strong>praece-</strong></span> 
     </span>
    </p>
   </div>
   <div class='ocr_carea' id='block_1_66' title="bbox 490 3496 2065 3571">
    <p class='ocr_par' dir='ltr' id='par_1_66' title="bbox 490 3496 2065 3571">
     <span class='ocr_line' id='line_1_66' title="bbox 490 3496 2065 3571; baseline -0.002 -15"><span class='ocrx_word' id='word_1_515' title='bbox 490 3511 641 3571; x_wconf 92' lang='lat' dir='ltr'><strong>ptum</strong></span> <span class='ocrx_word' id='word_1_516' title='bbox 696 3498 910 3555; x_wconf 89' lang='lat' dir='ltr'><strong>Domini</strong></span> <span class='ocrx_word' id='word_1_517' title='bbox 959 3496 1375 3568; x_wconf 88' lang='lat' dir='ltr'><strong>promovebunt,</strong></span> <span class='ocrx_word' id='word_1_518' title='bbox 1426 3498 1568 3553; x_wconf 89' lang='lat' dir='ltr'><strong>hanc</strong></span> <span class='ocrx_word' id='word_1_519' title='bbox 1619 3496 1835 3553; x_wconf 88' lang='lat' dir='ltr'><strong>videtur</strong></span> <span class='ocrx_word' id='word_1_520' title='bbox 1885 3497 2065 3553; x_wconf 90' lang='lat' dir='ltr'><strong>dicere</strong></span> 
     </span>
    </p>
   </div>
   <div class='ocr_carea' id='block_1_67' title="bbox 489 3589 2063 3662">
    <p class='ocr_par' dir='ltr' id='par_1_67' title="bbox 489 3589 2063 3662">
     <span class='ocr_line' id='line_1_67' title="bbox 489 3589 2063 3662; baseline -0.004 -13"><span class='ocrx_word' id='word_1_521' title='bbox 489 3609 679 3649; x_wconf 90' lang='lat' dir='ltr'><strong>vocem</strong></span> <span class='ocrx_word' id='word_1_522' title='bbox 712 3591 949 3658; x_wconf 87' lang='lat' dir='ltr'><strong>Domini,</strong></span> <span class='ocrx_word' id='word_1_523' title='bbox 982 3590 1196 3662; x_wconf 87' lang='lat' dir='ltr'><strong>signum</strong></span> <span class='ocrx_word' id='word_1_524' title='bbox 1224 3589 1367 3659; x_wconf 91' lang='lat' dir='ltr'><strong>quod</strong></span> <span class='ocrx_word' id='word_1_525' title='bbox 1387 3590 1481 3645; x_wconf 88' lang='lat' dir='ltr'><strong>dat</strong></span> <span class='ocrx_word' id='word_1_526' title='bbox 1504 3589 1570 3645; x_wconf 91' lang='lat' dir='ltr'><strong>de</strong></span> <span class='ocrx_word' id='word_1_527' title='bbox 1587 3590 1819 3645; x_wconf 89' lang='lat' dir='ltr'><strong>statione</strong></span> <span class='ocrx_word' id='word_1_528' title='bbox 1846 3597 1899 3643; x_wconf 90' lang='lat' dir='ltr'><strong>et</strong></span> <span class='ocrx_word' id='word_1_529' title='bbox 1915 3597 2063 3643; x_wconf 89' lang='lat' dir='ltr'><strong>motu</strong></span> 
     </span>
    </p>
   </div>
   <div class='ocr_carea' id='block_1_68' title="bbox 490 3683 2061 3755">
    <p class='ocr_par' dir='ltr' id='par_1_68' title="bbox 490 3683 2061 3755">
     <span class='ocr_line' id='line_1_68' title="bbox 490 3683 2061 3755; baseline -0.003 -13"><span class='ocrx_word' id='word_1_530' title='bbox 490 3688 650 3743; x_wconf 89' lang='lat' dir='ltr'><strong>nubis</strong></span> <span class='ocrx_word' id='word_1_531' title='bbox 681 3703 697 3752; x_wconf 90' lang='lat'><strong>;</strong></span> <span class='ocrx_word' id='word_1_532' title='bbox 729 3687 854 3755; x_wconf 88' lang='lat' dir='ltr'><strong>quia</strong></span> <span class='ocrx_word' id='word_1_533' title='bbox 888 3693 942 3740; x_wconf 92' lang='lat' dir='ltr'><strong>et</strong></span> <span class='ocrx_word' id='word_1_534' title='bbox 969 3701 1073 3739; x_wconf 82' lang='lat' dir='ltr'><strong>vox</strong></span> <span class='ocrx_word' id='word_1_535' title='bbox 1122 3684 1395 3754; x_wconf 89' lang='lat' dir='ltr'><strong>loquentis</strong></span> <span class='ocrx_word' id='word_1_536' title='bbox 1419 3683 1609 3754; x_wconf 89' lang='lat' dir='ltr'><strong>procul</strong></span> <span class='ocrx_word' id='word_1_537' title='bbox 1638 3683 1800 3739; x_wconf 89' lang='lat' dir='ltr'><strong>dubio</strong></span> <span class='ocrx_word' id='word_1_538' title='bbox 1851 3683 2061 3754; x_wconf 76' lang='lat' dir='ltr'><strong>signum</strong></span> 
     </span>
    </p>
   </div>
   <div class='ocr_carea' id='block_1_69' title="bbox 490 3772 2065 3846">
    <p class='ocr_par' dir='ltr' id='par_1_69' title="bbox 490 3772 2065 3846">
     <span class='ocr_line' id='line_1_69' title="bbox 490 3772 2065 3846; baseline -0.004 -13"><span class='ocrx_word' id='word_1_539' title='bbox 490 3788 575 3833; x_wconf 88' lang='lat' dir='ltr'><strong>est</strong></span> <span class='ocrx_word' id='word_1_540' title='bbox 603 3776 915 3831; x_wconf 87' lang='lat' dir='ltr'><strong>voluntatis.</strong></span> <span class='ocrx_word' id='word_1_541' title='bbox 950 3775 1101 3843; x_wconf 78' lang='lat' dir='ltr'><strong>Quod</strong></span> <span class='ocrx_word' id='word_1_542' title='bbox 1146 3789 1276 3846; x_wconf 87' lang='lat' dir='ltr'><strong>ergo</strong></span> <span class='ocrx_word' id='word_1_543' title='bbox 1300 3775 1395 3839; x_wconf 90' lang='lat' dir='ltr'><strong>ait,</strong></span> <span class='ocrx_word' id='word_1_544' title='bbox 1423 3784 1469 3828; x_wconf 88' lang='lat' dir='ltr'><strong>et</strong></span> <span class='ocrx_word' id='word_1_545' title='bbox 1503 3790 1596 3844; x_wconf 89' lang='lat' dir='ltr'><strong>per</strong></span> <span class='ocrx_word' id='word_1_546' title='bbox 1620 3783 1934 3844; x_wconf 74' lang='lat' dir='ltr'><strong>prwceptum</strong></span> <span class='ocrx_word' id='word_1_547' title='bbox 1961 3772 2065 3826; x_wconf 79' lang='lat' dir='ltr'><strong>Do—</strong></span> 
     </span>
    </p>
   </div>
   <div class='ocr_carea' id='block_1_70' title="bbox 489 3862 2061 3935">
    <p class='ocr_par' dir='ltr' id='par_1_70' title="bbox 489 3862 2061 3935">
     <span class='ocr_line' id='line_1_70' title="bbox 489 3862 2061 3935; baseline -0.002 -15"><span class='ocrx_word' id='word_1_548' title='bbox 489 3869 642 3932; x_wconf 88' lang='lat' dir='ltr'><strong>mini,</strong></span> <span class='ocrx_word' id='word_1_549' title='bbox 677 3866 779 3921; x_wconf 91' lang='lat' dir='ltr'><strong>hoc</strong></span> <span class='ocrx_word' id='word_1_550' title='bbox 824 3865 968 3920; x_wconf 88' lang='lat' dir='ltr'><strong>idem</strong></span> <span class='ocrx_word' id='word_1_551' title='bbox 1006 3865 1221 3935; x_wconf 83' lang='lat' dir='ltr'><strong>signum</strong></span> <span class='ocrx_word' id='word_1_552' title='bbox 1251 3872 1381 3933; x_wconf 89' lang='lat' dir='ltr'><strong>puto</strong></span> <span class='ocrx_word' id='word_1_553' title='bbox 1417 3862 1839 3933; x_wconf 82' lang='lat' dir='ltr'><strong>intelligendum,</strong></span> <span class='ocrx_word' id='word_1_554' title='bbox 1887 3878 2061 3933; x_wconf 88' lang='lat' dir='ltr'><strong>quan-</strong></span> 
     </span>
    </p>
   </div>
   <div class='ocr_carea' id='block_1_71' title="bbox 490 3952 2063 4026">
    <p class='ocr_par' dir='ltr' id='par_1_71' title="bbox 490 3952 2063 4026">
     <span class='ocr_line' id='line_1_71' title="bbox 490 3952 2063 4026; baseline -0.002 -16"><span class='ocrx_word' id='word_1_555' title='bbox 490 3972 651 4025; x_wconf 88' lang='lat' dir='ltr'><strong>quam</strong></span> <span class='ocrx_word' id='word_1_556' title='bbox 686 3963 873 4026; x_wconf 90' lang='lat' dir='ltr'><strong>posset</strong></span> <span class='ocrx_word' id='word_1_557' title='bbox 901 3969 1007 4009; x_wconf 83' lang='lat' dir='ltr'><strong>vox</strong></span> <span class='ocrx_word' id='word_1_558' title='bbox 1033 3963 1088 4008; x_wconf 92' lang='lat' dir='ltr'><strong>et</strong></span> <span class='ocrx_word' id='word_1_559' title='bbox 1120 3961 1447 4023; x_wconf 71' lang='lat' dir='ltr'><strong>prteceptum</strong></span> <span class='ocrx_word' id='word_1_560' title='bbox 1475 3952 1686 4007; x_wconf 90' lang='lat' dir='ltr'><strong>Domini</strong></span> <span class='ocrx_word' id='word_1_561' title='bbox 1719 3952 1850 4006; x_wconf 88' lang='lat' dir='ltr'><strong>illud</strong></span> <span class='ocrx_word' id='word_1_562' title='bbox 1896 3953 2063 4007; x_wconf 84' lang='lat' dir='ltr'><strong>etiam</strong></span> 
     </span>
    </p>
   </div>
   <div class='ocr_carea' id='block_1_72' title="bbox 487 4042 2065 4118">
    <p class='ocr_par' dir='ltr' id='par_1_72' title="bbox 487 4042 2065 4118">
     <span class='ocr_line' id='line_1_72' title="bbox 487 4042 2065 4118; baseline -0.002 -17"><span class='ocrx_word' id='word_1_563' title='bbox 487 4048 682 4118; x_wconf 88' lang='lat' dir='ltr'><strong>accipi,</strong></span> <span class='ocrx_word' id='word_1_564' title='bbox 718 4047 862 4117; x_wconf 89' lang='lat' dir='ltr'><strong>quod</strong></span> <span class='ocrx_word' id='word_1_565' title='bbox 914 4045 1130 4101; x_wconf 90' lang='lat' dir='ltr'><strong>locutus</strong></span> <span class='ocrx_word' id='word_1_566' title='bbox 1178 4053 1282 4110; x_wconf 89' lang='lat' dir='ltr'><strong>est,</strong></span> <span class='ocrx_word' id='word_1_567' title='bbox 1336 4052 1397 4099; x_wconf 93' lang='lat' dir='ltr'><strong>ut</strong></span> <span class='ocrx_word' id='word_1_568' title='bbox 1447 4043 1583 4098; x_wconf 88' lang='lat' dir='ltr'><strong>solet</strong></span> <span class='ocrx_word' id='word_1_569' title='bbox 1632 4043 1701 4098; x_wconf 89' lang='lat' dir='ltr'><strong>ad</strong></span> <span class='ocrx_word' id='word_1_570' title='bbox 1738 4042 1975 4114; x_wconf 81' lang='lat' dir='ltr'><strong>Moysen,</strong></span> <span class='ocrx_word' id='word_1_571' title='bbox 2008 4053 2065 4098; x_wconf 91' lang='lat' dir='ltr'><strong>et</strong></span> 
     </span>
    </p>
   </div>
   <div class='ocr_carea' id='block_1_73' title="bbox 2165 3223 3703 3298">
    <p class='ocr_par' dir='ltr' id='par_1_73' title="bbox 2165 3223 3703 3298">
     <span class='ocr_line' id='line_1_73' title="bbox 2165 3223 3703 3298; baseline -0.001 -19"><span class='ocrx_word' id='word_1_572' title='bbox 2165 3225 2557 3296; x_wconf 83' lang='lat' dir='ltr'><strong>promovebant.</strong></span> <span class='ocrx_word' id='word_1_573' title='bbox 2589 3225 2871 3281; x_wconf 90' lang='lat' dir='ltr'><strong>Postremo</strong></span> <span class='ocrx_word' id='word_1_574' title='bbox 2921 3227 3137 3298; x_wconf 89' lang='lat' dir='ltr'><strong>repetiit</strong></span> <span class='ocrx_word' id='word_1_575' title='bbox 3186 3228 3372 3282; x_wconf 83' lang='lat' dir='ltr'><strong>divina</strong></span> <span class='ocrx_word' id='word_1_576' title='bbox 3424 3223 3703 3281; x_wconf 83' lang='lat' dir='ltr'><strong>auctoritate</strong></span> 
     </span>
    </p>
   </div>
   <div class='ocr_carea' id='block_1_74' title="bbox 2167 3321 3704 3394">
    <p class='ocr_par' dir='ltr' id='par_1_74' title="bbox 2167 3321 3704 3394">
     <span class='ocr_line' id='line_1_74' title="bbox 2167 3321 3704 3394; baseline -0.001 -19"><span class='ocrx_word' id='word_1_577' title='bbox 2167 3321 2393 3387; x_wconf 84' lang='lat' dir='ltr'><strong>factum,</strong></span> <span class='ocrx_word' id='word_1_578' title='bbox 2428 3321 2515 3377; x_wconf 91' lang='lat' dir='ltr'><strong>cui</strong></span> <span class='ocrx_word' id='word_1_579' title='bbox 2575 3321 2755 3376; x_wconf 85' lang='lat' dir='ltr'><strong>resisti</strong></span> <span class='ocrx_word' id='word_1_580' title='bbox 2793 3323 2979 3392; x_wconf 90' lang='lat' dir='ltr'><strong>utique</strong></span> <span class='ocrx_word' id='word_1_581' title='bbox 3033 3338 3140 3378; x_wconf 89' lang='lat' dir='ltr'><strong>non</strong></span> <span class='ocrx_word' id='word_1_582' title='bbox 3203 3324 3417 3390; x_wconf 88' lang='lat' dir='ltr'><strong>debeat,</strong></span> <span class='ocrx_word' id='word_1_583' title='bbox 3451 3323 3704 3394; x_wconf 81' lang='lat' dir='ltr'><strong>adjungens</strong></span> 
     </span>
    </p>
   </div>
   <div class='ocr_carea' id='block_1_75' title="bbox 2164 3410 3705 3487">
    <p class='ocr_par' dir='ltr' id='par_1_75' title="bbox 2164 3410 3705 3487">
     <span class='ocr_line' id='line_1_75' title="bbox 2164 3410 3705 3487; baseline -0.001 -20"><span class='ocrx_word' id='word_1_584' title='bbox 2164 3414 2421 3483; x_wconf 78' lang='lat' dir='ltr'><strong>quoniam</strong></span> <span class='ocrx_word' id='word_1_585' title='bbox 2450 3428 2550 3484; x_wconf 88' lang='lat' dir='ltr'><strong>per</strong></span> <span class='ocrx_word' id='word_1_586' title='bbox 2591 3423 2925 3483; x_wconf 69' lang='lat' dir='ltr'><strong>praeceptum</strong></span> <span class='ocrx_word' id='word_1_587' title='bbox 2955 3415 3168 3470; x_wconf 89' lang='lat' dir='ltr'><strong>Domini</strong></span> <span class='ocrx_word' id='word_1_588' title='bbox 3199 3417 3593 3487; x_wconf 75' lang='lat' dir='ltr'><strong>promovebant.</strong></span> <span class='ocrx_word' id='word_1_589' title='bbox 3620 3410 3705 3467; x_wconf 77' lang='lat' dir='ltr'><strong>Cu-</strong></span> 
     </span>
    </p>
   </div>
   <div class='ocr_carea' id='block_1_76' title="bbox 2164 3503 3703 3578">
    <p class='ocr_par' dir='ltr' id='par_1_76' title="bbox 2164 3503 3703 3578">
     <span class='ocr_line' id='line_1_76' title="bbox 2164 3503 3703 3578; baseline -0.001 -21"><span class='ocrx_word' id='word_1_590' title='bbox 2164 3504 2393 3557; x_wconf 86' lang='lat' dir='ltr'><strong>stodiam</strong></span> <span class='ocrx_word' id='word_1_591' title='bbox 2419 3503 2634 3557; x_wconf 87' lang='lat' dir='ltr'><strong>Domini</strong></span> <span class='ocrx_word' id='word_1_592' title='bbox 2665 3505 3043 3570; x_wconf 88' lang='lat' dir='ltr'><strong>custodierunt,</strong></span> <span class='ocrx_word' id='word_1_593' title='bbox 3069 3522 3163 3576; x_wconf 90' lang='lat' dir='ltr'><strong>per</strong></span> <span class='ocrx_word' id='word_1_594' title='bbox 3192 3516 3503 3578; x_wconf 69' lang='lat' dir='ltr'><strong>prmeeptam</strong></span> <span class='ocrx_word' id='word_1_595' title='bbox 3528 3503 3703 3559; x_wconf 82' lang='lat' dir='ltr'><strong>Domini</strong></span> 
     </span>
    </p>
   </div>
   <div class='ocr_carea' id='block_1_77' title="bbox 2164 3593 3703 3668">
    <p class='ocr_par' dir='ltr' id='par_1_77' title="bbox 2164 3593 3703 3668">
     <span class='ocr_line' id='line_1_77' title="bbox 2164 3593 3703 3668; baseline 0 -21"><span class='ocrx_word' id='word_1_596' title='bbox 2164 3595 2218 3647; x_wconf 90' lang='lat' dir='ltr'><strong>in</strong></span> <span class='ocrx_word' id='word_1_597' title='bbox 2245 3610 2403 3647; x_wconf 86' lang='lat' dir='ltr'><strong>manu</strong></span> <span class='ocrx_word' id='word_1_598' title='bbox 2430 3593 2642 3664; x_wconf 80' lang='lat' dir='ltr'><strong>Moysi;</strong></span> <span class='ocrx_word' id='word_1_599' title='bbox 2672 3594 2832 3649; x_wconf 73' lang='lat' dir='ltr'><strong>reiiit</strong></span> <span class='ocrx_word' id='word_1_600' title='bbox 2860 3595 2929 3651; x_wconf 91' lang='lat' dir='ltr'><strong>ad</strong></span> <span class='ocrx_word' id='word_1_601' title='bbox 2965 3598 3186 3650; x_wconf 64' lang='lat' dir='ltr'><strong>verbum</strong></span> <span class='ocrx_word' id='word_1_602' title='bbox 3249 3597 3501 3668; x_wconf 69' lang='lat' dir='ltr'><strong>pneteriti</strong></span> <span class='ocrx_word' id='word_1_603' title='bbox 3536 3605 3703 3664; x_wconf 80' lang='lat' dir='ltr'><strong>tempo-</strong></span> 
     </span>
    </p>
   </div>
   <div class='ocr_carea' id='block_1_78' title="bbox 2166 3685 3704 3755">
    <p class='ocr_par' dir='ltr' id='par_1_78' title="bbox 2166 3685 3704 3755">
     <span class='ocr_line' id='line_1_78' title="bbox 2166 3685 3704 3755; baseline 0.003 -17"><span class='ocrx_word' id='word_1_604' title='bbox 2166 3686 2261 3748; x_wconf 90' lang='lat' dir='ltr'><strong>ris,</strong></span> <span class='ocrx_word' id='word_1_605' title='bbox 2295 3693 2354 3739; x_wconf 90' lang='lat' dir='ltr'><strong>ut</strong></span> <span class='ocrx_word' id='word_1_606' title='bbox 2386 3685 2610 3749; x_wconf 87' lang='lat' dir='ltr'><strong>diceret,</strong></span> <span class='ocrx_word' id='word_1_607' title='bbox 2647 3685 3036 3740; x_wconf 88' lang='lat' dir='ltr'><strong>custodierunt.</strong></span> <span class='ocrx_word' id='word_1_608' title='bbox 3090 3686 3251 3754; x_wconf 89' lang='lat' dir='ltr'><strong>Quod</strong></span> <span class='ocrx_word' id='word_1_609' title='bbox 3279 3704 3406 3744; x_wconf 88' lang='lat' dir='ltr'><strong>vero</strong></span> <span class='ocrx_word' id='word_1_610' title='bbox 3436 3688 3487 3743; x_wconf 90' lang='lat' dir='ltr'><strong>in</strong></span> <span class='ocrx_word' id='word_1_611' title='bbox 3514 3687 3607 3742; x_wconf 86' lang='lat' dir='ltr'><strong>line</strong></span> <span class='ocrx_word' id='word_1_612' title='bbox 3629 3699 3704 3755; x_wconf 89' lang='lat' dir='ltr'><strong>po-</strong></span> 
     </span>
    </p>
   </div>
   <div class='ocr_carea' id='block_1_79' title="bbox 2167 3774 3703 3850">
    <p class='ocr_par' dir='ltr' id='par_1_79' title="bbox 2167 3774 3703 3850">
     <span class='ocr_line' id='line_1_79' title="bbox 2167 3774 3703 3850; baseline -0.001 -19"><span class='ocrx_word' id='word_1_613' title='bbox 2167 3778 2299 3841; x_wconf 89' lang='lat' dir='ltr'><strong>suit,</strong></span> <span class='ocrx_word' id='word_1_614' title='bbox 2335 3777 2387 3831; x_wconf 90' lang='lat' dir='ltr'><strong>in</strong></span> <span class='ocrx_word' id='word_1_615' title='bbox 2416 3792 2576 3830; x_wconf 88' lang='lat' dir='ltr'><strong>manu</strong></span> <span class='ocrx_word' id='word_1_616' title='bbox 2614 3775 2804 3848; x_wconf 81' lang='lat' dir='ltr'><strong>Moysi,</strong></span> <span class='ocrx_word' id='word_1_617' title='bbox 2845 3778 3202 3834; x_wconf 86' lang='lat' dir='ltr'><strong>usitatissima</strong></span> <span class='ocrx_word' id='word_1_618' title='bbox 3258 3781 3313 3836; x_wconf 90' lang='lat' dir='ltr'><strong>in</strong></span> <span class='ocrx_word' id='word_1_619' title='bbox 3345 3777 3620 3850; x_wconf 87' lang='lat' dir='ltr'><strong>Scripturis</strong></span> <span class='ocrx_word' id='word_1_620' title='bbox 3643 3774 3703 3829; x_wconf 86' lang='lat' dir='ltr'><strong>lo-</strong></span> 
     </span>
    </p>
   </div>
   <div class='ocr_carea' id='block_1_80' title="bbox 2162 3864 3691 3941">
    <p class='ocr_par' dir='ltr' id='par_1_80' title="bbox 2162 3864 3691 3941">
     <span class='ocr_line' id='line_1_80' title="bbox 2162 3864 3691 3941; baseline -0.002 -19"><span class='ocrx_word' id='word_1_621' title='bbox 2162 3868 2308 3923; x_wconf 91' lang='lat' dir='ltr'><strong>cutio</strong></span> <span class='ocrx_word' id='word_1_622' title='bbox 2335 3874 2438 3933; x_wconf 89' lang='lat' dir='ltr'><strong>est,</strong></span> <span class='ocrx_word' id='word_1_623' title='bbox 2465 3867 2593 3936; x_wconf 82' lang='lat' dir='ltr'><strong>quia</strong></span> <span class='ocrx_word' id='word_1_624' title='bbox 2628 3881 2725 3935; x_wconf 91' lang='lat' dir='ltr'><strong>per</strong></span> <span class='ocrx_word' id='word_1_625' title='bbox 2754 3864 2971 3937; x_wconf 80' lang='lat' dir='ltr'><strong>Moysen</strong></span> <span class='ocrx_word' id='word_1_626' title='bbox 3024 3868 3140 3924; x_wconf 76' lang='lat' dir='ltr'><strong>haec</strong></span> <span class='ocrx_word' id='word_1_627' title='bbox 3170 3869 3319 3927; x_wconf 90' lang='lat' dir='ltr'><strong>Deus</strong></span> <span class='ocrx_word' id='word_1_628' title='bbox 3364 3868 3691 3941; x_wconf 66' lang='lat' dir='ltr'><strong>praecipiebat.</strong></span> 
     </span>
    </p>
   </div>
   <div class='ocr_carea' id='block_1_81' title="bbox 2166 3953 3699 4030">
    <p class='ocr_par' dir='ltr' id='par_1_81' title="bbox 2166 3953 3699 4030">
     <span class='ocr_line' id='line_1_81' title="bbox 2166 3953 3699 4030; baseline -0.001 -20"><span class='ocrx_word' id='word_1_629' title='bbox 2166 3953 2471 4010; x_wconf 90' lang='lat' dir='ltr'><strong>Secundum</strong></span> <span class='ocrx_word' id='word_1_630' title='bbox 2500 3955 2809 4026; x_wconf 80' lang='lat' dir='ltr'><strong>allegoriam</strong></span> <span class='ocrx_word' id='word_1_631' title='bbox 2857 3971 2986 4012; x_wconf 87' lang='lat' dir='ltr'><strong>vero</strong></span> <span class='ocrx_word' id='word_1_632' title='bbox 3012 3958 3202 4021; x_wconf 88' lang='lat' dir='ltr'><strong>nubes,</strong></span> <span class='ocrx_word' id='word_1_633' title='bbox 3256 3976 3376 4030; x_wconf 80' lang='lat' dir='ltr'><strong>qua:</strong></span> <span class='ocrx_word' id='word_1_634' title='bbox 3423 3960 3699 4014; x_wconf 87' lang='lat' dir='ltr'><strong>tabernacu-</strong></span> 
     </span>
    </p>
   </div>
   <div class='ocr_carea' id='block_1_82' title="bbox 2165 4043 3701 4119">
    <p class='ocr_par' dir='ltr' id='par_1_82' title="bbox 2165 4043 3701 4119">
     <span class='ocr_line' id='line_1_82' title="bbox 2165 4043 3701 4119; baseline 0.002 -22"><span class='ocrx_word' id='word_1_635' title='bbox 2165 4043 2275 4098; x_wconf 90' lang='lat' dir='ltr'><strong>lum</strong></span> <span class='ocrx_word' id='word_1_636' title='bbox 2322 4045 2554 4114; x_wconf 86' lang='lat' dir='ltr'><strong>operuit,</strong></span> <span class='ocrx_word' id='word_1_637' title='bbox 2599 4055 2656 4113; x_wconf 81' lang='lat' dir='ltr'><strong>et</strong></span> <span class='ocrx_word' id='word_1_638' title='bbox 2701 4046 2957 4116; x_wconf 87' lang='lat' dir='ltr'><strong>populum</strong></span> <span class='ocrx_word' id='word_1_639' title='bbox 3002 4064 3100 4119; x_wconf 85' lang='lat' dir='ltr'><strong>per</strong></span> <span class='ocrx_word' id='word_1_640' title='bbox 3146 4065 3396 4107; x_wconf 88' lang='lat' dir='ltr'><strong>eremum</strong></span> <span class='ocrx_word' id='word_1_641' title='bbox 3441 4052 3596 4114; x_wconf 83' lang='lat' dir='ltr'><strong>duxit,</strong></span> <span class='ocrx_word' id='word_1_642' title='bbox 3626 4064 3701 4103; x_wconf 84' lang='lat' dir='ltr'><strong>sua</strong></span> 
     </span>
    </p>
   </div>
   <div class='ocr_carea' id='block_1_83' title="bbox 488 4131 3702 4220">
    <p class='ocr_par' dir='ltr' id='par_1_83' title="bbox 488 4131 3702 4220">
     <span class='ocr_line' id='line_1_83' title="bbox 488 4131 3702 4220; baseline -0.001 -27"><span class='ocrx_word' id='word_1_643' title='bbox 488 4138 748 4210; x_wconf 63' lang='lat' dir='ltr'><strong>praecepit</strong></span> <span class='ocrx_word' id='word_1_644' title='bbox 775 4137 879 4205; x_wconf 85' lang='lat' dir='ltr'><strong>hoc</strong></span> <span class='ocrx_word' id='word_1_645' title='bbox 905 4135 1041 4191; x_wconf 81' lang='lat' dir='ltr'><strong>ﬁeri.</strong></span> <span class='ocrx_word' id='word_1_646' title='bbox 1071 4133 1254 4204; x_wconf 85' lang='lat' dir='ltr'><strong>Neque</strong></span> <span class='ocrx_word' id='word_1_647' title='bbox 1309 4133 1454 4188; x_wconf 88' lang='lat' dir='ltr'><strong>enim</strong></span> <span class='ocrx_word' id='word_1_648' title='bbox 1509 4133 1717 4188; x_wconf 90' lang='lat' dir='ltr'><strong>scirent</strong></span> <span class='ocrx_word' id='word_1_649' title='bbox 1743 4131 1816 4186; x_wconf 90' lang='lat' dir='ltr'><strong>illi</strong></span> <span class='ocrx_word' id='word_1_650' title='bbox 1847 4147 2064 4203; x_wconf 89' lang='lat' dir='ltr'><strong>promo-</strong></span> <span class='ocrx_word' id='word_1_651' title='bbox 2086 4148 2146 4220; x_wconf 52' lang='grc' dir='ltr'><strong>ι</strong></span> <span class='ocrx_word' id='word_1_652' title='bbox 2165 4134 2431 4203; x_wconf 84' lang='lat' dir='ltr'><strong>positione</strong></span> <span class='ocrx_word' id='word_1_653' title='bbox 2473 4135 2729 4193; x_wconf 89' lang='lat' dir='ltr'><strong>indicium</strong></span> <span class='ocrx_word' id='word_1_654' title='bbox 2761 4136 2917 4205; x_wconf 89' lang='lat' dir='ltr'><strong>dans,</strong></span> <span class='ocrx_word' id='word_1_655' title='bbox 2958 4142 3173 4209; x_wconf 87' lang='lat' dir='ltr'><strong>quando</strong></span> <span class='ocrx_word' id='word_1_656' title='bbox 3232 4154 3379 4199; x_wconf 89' lang='lat' dir='ltr'><strong>esset</strong></span> <span class='ocrx_word' id='word_1_657' title='bbox 3426 4143 3541 4198; x_wconf 77' lang='lat' dir='ltr'><strong>(iliis</strong></span> <span class='ocrx_word' id='word_1_658' title='bbox 3570 4138 3702 4195; x_wconf 81' lang='lat' dir='ltr'><strong>Israel</strong></span> 
     </span>
    </p>
   </div>
   <div class='ocr_carea' id='block_1_84' title="bbox 485 4224 2060 4296">
    <p class='ocr_par' dir='ltr' id='par_1_84' title="bbox 485 4224 2060 4296">
     <span class='ocr_line' id='line_1_84' title="bbox 485 4224 2060 4296; baseline -0.004 -11"><span class='ocrx_word' id='word_1_659' title='bbox 485 4231 719 4286; x_wconf 90' lang='lat' dir='ltr'><strong>vendum</strong></span> <span class='ocrx_word' id='word_1_660' title='bbox 772 4244 893 4284; x_wconf 89' lang='lat' dir='ltr'><strong>esse</strong></span> <span class='ocrx_word' id='word_1_661' title='bbox 928 4227 1070 4282; x_wconf 90' lang='lat' dir='ltr'><strong>nube</strong></span> <span class='ocrx_word' id='word_1_662' title='bbox 1124 4234 1497 4296; x_wconf 86' lang='lat' dir='ltr'><strong>promovente,</strong></span> <span class='ocrx_word' id='word_1_663' title='bbox 1552 4232 1609 4279; x_wconf 92' lang='lat' dir='ltr'><strong>et</strong></span> <span class='ocrx_word' id='word_1_664' title='bbox 1635 4224 1886 4280; x_wconf 89' lang='lat' dir='ltr'><strong>standum</strong></span> <span class='ocrx_word' id='word_1_665' title='bbox 1937 4239 2060 4280; x_wconf 90' lang='lat' dir='ltr'><strong>esse</strong></span> 
     </span>
    </p>
   </div>
   <div class='ocr_carea' id='block_1_85' title="bbox 486 4318 2061 4392">
    <p class='ocr_par' dir='ltr' id='par_1_85' title="bbox 486 4318 2061 4392">
     <span class='ocr_line' id='line_1_85' title="bbox 486 4318 2061 4392; baseline 0.001 -17"><span class='ocrx_word' id='word_1_666' title='bbox 486 4322 629 4375; x_wconf 89' lang='lat' dir='ltr'><strong>nube</strong></span> <span class='ocrx_word' id='word_1_667' title='bbox 656 4327 853 4385; x_wconf 90' lang='lat' dir='ltr'><strong>stante,</strong></span> <span class='ocrx_word' id='word_1_668' title='bbox 888 4318 991 4372; x_wconf 90' lang='lat' dir='ltr'><strong>nisi</strong></span> <span class='ocrx_word' id='word_1_669' title='bbox 1018 4318 1098 4373; x_wconf 88' lang='lat' dir='ltr'><strong>eis</strong></span> <span class='ocrx_word' id='word_1_670' title='bbox 1145 4319 1247 4372; x_wconf 89' lang='lat' dir='ltr'><strong>hoc</strong></span> <span class='ocrx_word' id='word_1_671' title='bbox 1276 4328 1400 4374; x_wconf 90' lang='lat' dir='ltr'><strong>ante</strong></span> <span class='ocrx_word' id='word_1_672' title='bbox 1450 4320 1853 4392; x_wconf 60' lang='lat' dir='ltr'><strong>praeciperetur.</strong></span> <span class='ocrx_word' id='word_1_673' title='bbox 1894 4320 1950 4375; x_wconf 87' lang='lat' dir='ltr'><strong>In</strong></span> <span class='ocrx_word' id='word_1_674' title='bbox 1976 4322 2061 4376; x_wconf 84' lang='lat' dir='ltr'><strong>his</strong></span> 
     </span>
    </p>
   </div>
   <div class='ocr_carea' id='block_1_86' title="bbox 490 4408 2060 4480">
    <p class='ocr_par' dir='ltr' id='par_1_86' title="bbox 490 4408 2060 4480">
     <span class='ocr_line' id='line_1_86' title="bbox 490 4408 2060 4480; baseline 0.001 -15"><span class='ocrx_word' id='word_1_675' title='bbox 490 4419 671 4465; x_wconf 90' lang='lat' dir='ltr'><strong>autem</strong></span> <span class='ocrx_word' id='word_1_676' title='bbox 716 4425 836 4479; x_wconf 83' lang='lat' dir='ltr'><strong>quae</strong></span> <span class='ocrx_word' id='word_1_677' title='bbox 862 4408 1003 4463; x_wconf 89' lang='lat' dir='ltr'><strong>dicta</strong></span> <span class='ocrx_word' id='word_1_678' title='bbox 1030 4414 1155 4461; x_wconf 87' lang='lat' dir='ltr'><strong>sunt</strong></span> <span class='ocrx_word' id='word_1_679' title='bbox 1185 4409 1419 4463; x_wconf 90' lang='lat' dir='ltr'><strong>nondum</strong></span> <span class='ocrx_word' id='word_1_680' title='bbox 1451 4410 1715 4479; x_wconf 88' lang='lat' dir='ltr'><strong>apparuit,</strong></span> <span class='ocrx_word' id='word_1_681' title='bbox 1751 4418 1933 4464; x_wconf 90' lang='lat' dir='ltr'><strong>utrum</strong></span> <span class='ocrx_word' id='word_1_682' title='bbox 1962 4426 2060 4480; x_wconf 89' lang='lat' dir='ltr'><strong>per</strong></span> 
     </span>
    </p>
   </div>
   <div class='ocr_carea' id='block_1_87' title="bbox 486 4501 2057 4573">
    <p class='ocr_par' dir='ltr' id='par_1_87' title="bbox 486 4501 2057 4573">
     <span class='ocr_line' id='line_1_87' title="bbox 486 4501 2057 4573; baseline 0.002 -18"><span class='ocrx_word' id='word_1_683' title='bbox 486 4502 628 4555; x_wconf 84' lang='lat' dir='ltr'><strong>diem</strong></span> <span class='ocrx_word' id='word_1_684' title='bbox 659 4509 868 4555; x_wconf 90' lang='lat' dir='ltr'><strong>tantum</strong></span> <span class='ocrx_word' id='word_1_685' title='bbox 902 4501 1295 4565; x_wconf 90' lang='lat' dir='ltr'><strong>ambularetur,</strong></span> <span class='ocrx_word' id='word_1_686' title='bbox 1346 4517 1415 4555; x_wconf 92' lang='lat' dir='ltr'><strong>an</strong></span> <span class='ocrx_word' id='word_1_687' title='bbox 1466 4502 1629 4556; x_wconf 91' lang='lat' dir='ltr'><strong>etiam</strong></span> <span class='ocrx_word' id='word_1_688' title='bbox 1684 4519 1782 4573; x_wconf 88' lang='lat' dir='ltr'><strong>per</strong></span> <span class='ocrx_word' id='word_1_689' title='bbox 1825 4513 2057 4568; x_wconf 90' lang='lat' dir='ltr'><strong>noctem,</strong></span> 
     </span>
    </p>
   </div>
   <div class='ocr_carea' id='block_1_88' title="bbox 486 4589 2060 4660">
    <p class='ocr_par' dir='ltr' id='par_1_88' title="bbox 486 4589 2060 4660">
     <span class='ocr_line' id='line_1_88' title="bbox 486 4589 2060 4660; baseline 0.001 -17"><span class='ocrx_word' id='word_1_690' title='bbox 486 4591 781 4644; x_wconf 87' lang='lat' dir='ltr'><strong>secundum</strong></span> <span class='ocrx_word' id='word_1_691' title='bbox 808 4590 1022 4660; x_wconf 84' lang='lat' dir='ltr'><strong>signum</strong></span> <span class='ocrx_word' id='word_1_692' title='bbox 1053 4589 1197 4658; x_wconf 86' lang='lat' dir='ltr'><strong>quod</strong></span> <span class='ocrx_word' id='word_1_693' title='bbox 1222 4591 1391 4644; x_wconf 88' lang='lat' dir='ltr'><strong>nubes</strong></span> <span class='ocrx_word' id='word_1_694' title='bbox 1414 4600 1562 4645; x_wconf 89' lang='lat' dir='ltr'><strong>motu</strong></span> <span class='ocrx_word' id='word_1_695' title='bbox 1588 4606 1685 4645; x_wconf 87' lang='lat' dir='ltr'><strong>suo</strong></span> <span class='ocrx_word' id='word_1_696' title='bbox 1712 4592 1893 4646; x_wconf 88' lang='lat' dir='ltr'><strong>dabat.</strong></span> <span class='ocrx_word' id='word_1_697' title='bbox 1925 4591 2060 4646; x_wconf 86' lang='lat' dir='ltr'><strong>For-</strong></span> 
     </span>
    </p>
   </div>
   <div class='ocr_carea' id='block_1_89' title="bbox 486 4679 2062 4749">
    <p class='ocr_par' dir='ltr' id='par_1_89' title="bbox 486 4679 2062 4749">
     <span class='ocr_line' id='line_1_89' title="bbox 486 4679 2062 4749; baseline 0.003 -17"><span class='ocrx_word' id='word_1_698' title='bbox 486 4680 649 4732; x_wconf 87' lang='lat' dir='ltr'><strong>tassis</strong></span> <span class='ocrx_word' id='word_1_699' title='bbox 700 4681 843 4734; x_wconf 89' lang='lat' dir='ltr'><strong>enim</strong></span> <span class='ocrx_word' id='word_1_700' title='bbox 876 4679 1127 4749; x_wconf 88' lang='lat' dir='ltr'><strong>quamvis</strong></span> <span class='ocrx_word' id='word_1_701' title='bbox 1180 4679 1362 4749; x_wconf 89' lang='lat' dir='ltr'><strong>plures</strong></span> <span class='ocrx_word' id='word_1_702' title='bbox 1389 4680 1505 4733; x_wconf 89' lang='lat' dir='ltr'><strong>dies</strong></span> <span class='ocrx_word' id='word_1_703' title='bbox 1545 4680 1599 4733; x_wconf 91' lang='lat' dir='ltr'><strong>in</strong></span> <span class='ocrx_word' id='word_1_704' title='bbox 1628 4682 1826 4735; x_wconf 83' lang='lat' dir='ltr'><strong>castris</strong></span> <span class='ocrx_word' id='word_1_705' title='bbox 1879 4697 2062 4736; x_wconf 89' lang='lat' dir='ltr'><strong>mane-</strong></span> 
     </span>
    </p>
   </div>
   <div class='ocr_carea' id='block_1_90' title="bbox 487 4770 2060 4841">
    <p class='ocr_par' dir='ltr' id='par_1_90' title="bbox 487 4770 2060 4841">
     <span class='ocr_line' id='line_1_90' title="bbox 487 4770 2060 4841; baseline 0.001 -18"><span class='ocrx_word' id='word_1_706' title='bbox 487 4776 630 4832; x_wconf 87' lang='lat' dir='ltr'><strong>rent,</strong></span> <span class='ocrx_word' id='word_1_707' title='bbox 662 4770 806 4823; x_wconf 86' lang='lat' dir='ltr'><strong>uube</strong></span> <span class='ocrx_word' id='word_1_708' title='bbox 858 4785 966 4823; x_wconf 90' lang='lat' dir='ltr'><strong>non</strong></span> <span class='ocrx_word' id='word_1_709' title='bbox 1018 4780 1391 4839; x_wconf 87' lang='lat' dir='ltr'><strong>promovente,</strong></span> <span class='ocrx_word' id='word_1_710' title='bbox 1446 4771 1619 4839; x_wconf 91' lang='lat' dir='ltr'><strong>potuit</strong></span> <span class='ocrx_word' id='word_1_711' title='bbox 1651 4779 1830 4825; x_wconf 89' lang='lat' dir='ltr'><strong>tamen</strong></span> <span class='ocrx_word' id='word_1_712' title='bbox 1886 4773 2060 4841; x_wconf 84' lang='lat' dir='ltr'><strong>putari</strong></span> 
     </span>
    </p>
   </div>
   <div class='ocr_carea' id='block_1_91' title="bbox 486 4857 2059 4928">
    <p class='ocr_par' dir='ltr' id='par_1_91' title="bbox 486 4857 2059 4928">
     <span class='ocr_line' id='line_1_91' title="bbox 486 4857 2059 4928; baseline 0.001 -17"><span class='ocrx_word' id='word_1_713' title='bbox 486 4858 682 4911; x_wconf 88' lang='lat' dir='ltr'><strong>nubem</strong></span> <span class='ocrx_word' id='word_1_714' title='bbox 721 4872 827 4911; x_wconf 90' lang='lat' dir='ltr'><strong>non</strong></span> <span class='ocrx_word' id='word_1_715' title='bbox 875 4857 1048 4913; x_wconf 88' lang='lat' dir='ltr'><strong>solere</strong></span> <span class='ocrx_word' id='word_1_716' title='bbox 1079 4858 1371 4913; x_wconf 86' lang='lat' dir='ltr'><strong>ascendere</strong></span> <span class='ocrx_word' id='word_1_717' title='bbox 1400 4858 1466 4912; x_wconf 91' lang='lat' dir='ltr'><strong>de</strong></span> <span class='ocrx_word' id='word_1_718' title='bbox 1508 4859 1723 4921; x_wconf 87' lang='lat' dir='ltr'><strong>castris,</strong></span> <span class='ocrx_word' id='word_1_719' title='bbox 1765 4866 1818 4912; x_wconf 87' lang='lat' dir='ltr'><strong>et</strong></span> <span class='ocrx_word' id='word_1_720' title='bbox 1849 4859 2059 4928; x_wconf 85' lang='lat' dir='ltr'><strong>signum</strong></span> 
     </span>
    </p>
   </div>
   <div class='ocr_carea' id='block_1_92' title="bbox 487 4947 2057 5019">
    <p class='ocr_par' dir='ltr' id='par_1_92' title="bbox 487 4947 2057 5019">
     <span class='ocr_line' id='line_1_92' title="bbox 487 4947 2057 5019; baseline 0.003 -18"><span class='ocrx_word' id='word_1_721' title='bbox 487 4947 700 5002; x_wconf 88' lang='lat' dir='ltr'><strong>itineris</strong></span> <span class='ocrx_word' id='word_1_722' title='bbox 724 4948 853 5002; x_wconf 89' lang='lat' dir='ltr'><strong>dare</strong></span> <span class='ocrx_word' id='word_1_723' title='bbox 879 4948 983 5001; x_wconf 91' lang='lat' dir='ltr'><strong>nisi</strong></span> <span class='ocrx_word' id='word_1_724' title='bbox 1012 4963 1107 5017; x_wconf 87' lang='lat' dir='ltr'><strong>per</strong></span> <span class='ocrx_word' id='word_1_725' title='bbox 1143 4949 1306 5002; x_wconf 90' lang='lat' dir='ltr'><strong>diem.</strong></span> <span class='ocrx_word' id='word_1_726' title='bbox 1351 4948 1609 5018; x_wconf 85' lang='lat' dir='ltr'><strong>Sequitur</strong></span> <span class='ocrx_word' id='word_1_727' title='bbox 1647 4963 1777 5019; x_wconf 89' lang='lat' dir='ltr'><strong>ergo</strong></span> <span class='ocrx_word' id='word_1_728' title='bbox 1800 4957 1854 5003; x_wconf 91' lang='lat' dir='ltr'><strong>et</strong></span> <span class='ocrx_word' id='word_1_729' title='bbox 1879 4949 2010 5004; x_wconf 89' lang='lat' dir='ltr'><strong>dicit</strong></span> <span class='ocrx_word' id='word_1_730' title='bbox 2044 4993 2057 5005; x_wconf 91' lang='lat'><strong>.</strong></span> 
     </span>
    </p>
   </div>
   <div class='ocr_carea' id='block_1_93' title="bbox 487 5038 2061 5112">
    <p class='ocr_par' dir='ltr' id='par_1_93' title="bbox 487 5038 2061 5112">
     <span class='ocr_line' id='line_1_93' title="bbox 487 5038 2061 5112; baseline 0.002 -19"><span class='ocrx_word' id='word_1_731' title='bbox 487 5038 557 5093; x_wconf 80' lang='lat' dir='ltr'><strong>Et</strong></span> <span class='ocrx_word' id='word_1_732' title='bbox 595 5040 692 5093; x_wconf 89' lang='lat' dir='ltr'><strong>erit</strong></span> <span class='ocrx_word' id='word_1_733' title='bbox 724 5056 841 5092; x_wconf 88' lang='lat' dir='ltr'><strong>cum</strong></span> <span class='ocrx_word' id='word_1_734' title='bbox 890 5038 1049 5107; x_wconf 75' lang='lat' dir='ltr'><strong>fuerit</strong></span> <span class='ocrx_word' id='word_1_735' title='bbox 1091 5039 1249 5094; x_wconf 87' lang='lat' dir='ltr'><strong>nubes</strong></span> <span class='ocrx_word' id='word_1_736' title='bbox 1285 5059 1316 5094; x_wconf 91' lang='lat' dir='ltr'><strong>a</strong></span> <span class='ocrx_word' id='word_1_737' title='bbox 1347 5057 1553 5111; x_wconf 83' lang='lat' dir='ltr'><strong>vespera</strong></span> <span class='ocrx_word' id='word_1_738' title='bbox 1588 5058 1751 5112; x_wconf 85' lang='lat' dir='ltr'><strong>usque</strong></span> <span class='ocrx_word' id='word_1_739' title='bbox 1797 5059 1969 5107; x_wconf 88' lang='lat' dir='ltr'><strong>mane,</strong></span> <span class='ocrx_word' id='word_1_740' title='bbox 2013 5052 2061 5096; x_wconf 86' lang='lat' dir='ltr'><strong>et</strong></span> 
     </span>
    </p>
   </div>
   <div class='ocr_carea' id='block_1_94' title="bbox 486 5128 2060 5200">
    <p class='ocr_par' dir='ltr' id='par_1_94' title="bbox 486 5128 2060 5200">
     <span class='ocr_line' id='line_1_94' title="bbox 486 5128 2060 5200; baseline 0.001 -15"><span class='ocrx_word' id='word_1_741' title='bbox 486 5131 729 5186; x_wconf 86' lang='lat' dir='ltr'><strong>ascendet</strong></span> <span class='ocrx_word' id='word_1_742' title='bbox 771 5128 928 5182; x_wconf 88' lang='lat' dir='ltr'><strong>nubes</strong></span> <span class='ocrx_word' id='word_1_743' title='bbox 986 5146 1161 5195; x_wconf 91' lang='lat' dir='ltr'><strong>mane,</strong></span> <span class='ocrx_word' id='word_1_744' title='bbox 1211 5139 1257 5184; x_wconf 88' lang='lat' dir='ltr'><strong>et</strong></span> <span class='ocrx_word' id='word_1_745' title='bbox 1292 5131 1660 5200; x_wconf 81' lang='lat' dir='ltr'><strong>promovebant</strong></span> <span class='ocrx_word' id='word_1_746' title='bbox 1704 5131 1807 5185; x_wconf 87' lang='lat' dir='ltr'><strong>die.</strong></span> <span class='ocrx_word' id='word_1_747' title='bbox 1847 5130 1947 5187; x_wconf 86' lang='lat' dir='ltr'><strong>Hic</strong></span> <span class='ocrx_word' id='word_1_748' title='bbox 1972 5132 2060 5187; x_wconf 87' lang='lat' dir='ltr'><strong>illa</strong></span> 
     </span>
    </p>
   </div>
   <div class='ocr_carea' id='block_1_95' title="bbox 488 5219 2057 5293">
    <p class='ocr_par' dir='ltr' id='par_1_95' title="bbox 488 5219 2057 5293">
     <span class='ocr_line' id='line_1_95' title="bbox 488 5219 2057 5293; baseline -0.003 -13"><span class='ocrx_word' id='word_1_749' title='bbox 488 5221 791 5293; x_wconf 90' lang='lat' dir='ltr'><strong>copulativa</strong></span> <span class='ocrx_word' id='word_1_750' title='bbox 820 5220 1155 5292; x_wconf 88' lang='lat' dir='ltr'><strong>conjunctio,</strong></span> <span class='ocrx_word' id='word_1_751' title='bbox 1208 5236 1361 5275; x_wconf 90' lang='lat' dir='ltr'><strong>more</strong></span> <span class='ocrx_word' id='word_1_752' title='bbox 1415 5219 1707 5292; x_wconf 66' lang='lat' dir='ltr'><strong>Scriptura:</strong></span> <span class='ocrx_word' id='word_1_753' title='bbox 1752 5223 1926 5292; x_wconf 91' lang='lat' dir='ltr'><strong>posita</strong></span> <span class='ocrx_word' id='word_1_754' title='bbox 1955 5233 2057 5278; x_wconf 90' lang='lat' dir='ltr'><strong>est.</strong></span> 
     </span>
    </p>
   </div>
   <div class='ocr_carea' id='block_1_96' title="bbox 487 5312 2061 5382">
    <p class='ocr_par' dir='ltr' id='par_1_96' title="bbox 487 5312 2061 5382">
     <span class='ocr_line' id='line_1_96' title="bbox 487 5312 2061 5382; baseline -0.001 -12"><span class='ocrx_word' id='word_1_755' title='bbox 487 5317 644 5380; x_wconf 78' lang='lat' dir='ltr'><strong>Nam,</strong></span> <span class='ocrx_word' id='word_1_756' title='bbox 671 5328 734 5369; x_wconf 89' lang='lat' dir='ltr'><strong>ea</strong></span> <span class='ocrx_word' id='word_1_757' title='bbox 765 5312 1030 5378; x_wconf 87' lang='lat' dir='ltr'><strong>detracta,</strong></span> <span class='ocrx_word' id='word_1_758' title='bbox 1060 5312 1250 5382; x_wconf 91' lang='lat' dir='ltr'><strong>plenus</strong></span> <span class='ocrx_word' id='word_1_759' title='bbox 1281 5320 1362 5366; x_wconf 90' lang='lat' dir='ltr'><strong>est</strong></span> <span class='ocrx_word' id='word_1_760' title='bbox 1405 5328 1596 5367; x_wconf 85' lang='lat' dir='ltr'><strong>sensus</strong></span> <span class='ocrx_word' id='word_1_761' title='bbox 1631 5313 1733 5368; x_wconf 85' lang='lat' dir='ltr'><strong>hoc</strong></span> <span class='ocrx_word' id='word_1_762' title='bbox 1762 5313 1918 5369; x_wconf 88' lang='lat' dir='ltr'><strong>modo</strong></span> <span class='ocrx_word' id='word_1_763' title='bbox 1948 5331 1960 5368; x_wconf 94' lang='lat'><strong>:</strong></span> <span class='ocrx_word' id='word_1_764' title='bbox 1992 5313 2061 5368; x_wconf 77' lang='lat' dir='ltr'><strong>Et</strong></span> 
     </span>
    </p>
   </div>
   <div class='ocr_carea' id='block_1_97' title="bbox 484 5401 2063 5474">
    <p class='ocr_par' dir='ltr' id='par_1_97' title="bbox 484 5401 2063 5474">
     <span class='ocr_line' id='line_1_97' title="bbox 484 5401 2063 5474; baseline -0.002 -14"><span class='ocrx_word' id='word_1_765' title='bbox 484 5407 579 5460; x_wconf 87' lang='lat' dir='ltr'><strong>erit</strong></span> <span class='ocrx_word' id='word_1_766' title='bbox 607 5420 725 5459; x_wconf 89' lang='lat' dir='ltr'><strong>cum</strong></span> <span class='ocrx_word' id='word_1_767' title='bbox 756 5402 911 5474; x_wconf 79' lang='lat' dir='ltr'><strong>fuerit</strong></span> <span class='ocrx_word' id='word_1_768' title='bbox 943 5401 1101 5455; x_wconf 88' lang='lat' dir='ltr'><strong>nubes</strong></span> <span class='ocrx_word' id='word_1_769' title='bbox 1128 5419 1158 5455; x_wconf 89' lang='grc' dir='ltr'><em>α</em></span> <span class='ocrx_word' id='word_1_770' title='bbox 1199 5418 1404 5471; x_wconf 86' lang='lat' dir='ltr'><strong>vespera</strong></span> <span class='ocrx_word' id='word_1_771' title='bbox 1430 5418 1588 5473; x_wconf 82' lang='lat' dir='ltr'><strong>usque</strong></span> <span class='ocrx_word' id='word_1_772' title='bbox 1612 5419 1783 5467; x_wconf 86' lang='lat' dir='ltr'><strong>mane,</strong></span> <span class='ocrx_word' id='word_1_773' title='bbox 1814 5412 1859 5457; x_wconf 87' lang='lat' dir='ltr'><strong>et</strong></span> <span class='ocrx_word' id='word_1_774' title='bbox 1883 5420 2063 5457; x_wconf 83' lang='lat' dir='ltr'><strong>ascen—</strong></span> 
     </span>
    </p>
   </div>
   <div class='ocr_carea' id='block_1_98' title="bbox 486 5492 2067 5563">
    <p class='ocr_par' dir='ltr' id='par_1_98' title="bbox 486 5492 2067 5563">
     <span class='ocr_line' id='line_1_98' title="bbox 486 5492 2067 5563; baseline -0.001 -14"><span class='ocrx_word' id='word_1_775' title='bbox 486 5496 619 5550; x_wconf 87' lang='lat' dir='ltr'><strong>derit</strong></span> <span class='ocrx_word' id='word_1_776' title='bbox 648 5496 805 5549; x_wconf 86' lang='lat' dir='ltr'><strong>nubes</strong></span> <span class='ocrx_word' id='word_1_777' title='bbox 834 5509 1009 5557; x_wconf 89' lang='lat' dir='ltr'><strong>mane,</strong></span> <span class='ocrx_word' id='word_1_778' title='bbox 1062 5493 1434 5563; x_wconf 80' lang='lat' dir='ltr'><strong>promovebant</strong></span> <span class='ocrx_word' id='word_1_779' title='bbox 1468 5493 1571 5547; x_wconf 86' lang='lat' dir='ltr'><strong>die.</strong></span> <span class='ocrx_word' id='word_1_780' title='bbox 1615 5492 1819 5549; x_wconf 86' lang='lat' dir='ltr'><strong>Deinde</strong></span> <span class='ocrx_word' id='word_1_781' title='bbox 1848 5495 1974 5563; x_wconf 88' lang='lat' dir='ltr'><strong>quia</strong></span> <span class='ocrx_word' id='word_1_782' title='bbox 2012 5504 2067 5548; x_wconf 86' lang='lat' dir='ltr'><strong>ct</strong></span> 
     </span>
    </p>
   </div>
   <div class='ocr_carea' id='block_1_99' title="bbox 486 5584 2062 5657">
    <p class='ocr_par' dir='ltr' id='par_1_99' title="bbox 486 5584 2062 5657">
     <span class='ocr_line' id='line_1_99' title="bbox 486 5584 2062 5657; baseline 0.001 -19"><span class='ocrx_word' id='word_1_783' title='bbox 486 5594 643 5640; x_wconf 90' lang='lat' dir='ltr'><strong>nocte</strong></span> <span class='ocrx_word' id='word_1_784' title='bbox 668 5587 712 5641; x_wconf 91' lang='lat' dir='ltr'><strong>si</strong></span> <span class='ocrx_word' id='word_1_785' title='bbox 743 5587 913 5640; x_wconf 84' lang='lat' dir='ltr'><strong>nubes</strong></span> <span class='ocrx_word' id='word_1_786' title='bbox 948 5584 1265 5639; x_wconf 87' lang='lat' dir='ltr'><strong>ascenderet</strong></span> <span class='ocrx_word' id='word_1_787' title='bbox 1321 5585 1729 5654; x_wconf 82' lang='lat' dir='ltr'><strong>promovebant,</strong></span> <span class='ocrx_word' id='word_1_788' title='bbox 1766 5598 1926 5657; x_wconf 89' lang='lat' dir='ltr'><strong>atque</strong></span> <span class='ocrx_word' id='word_1_789' title='bbox 1960 5587 2062 5641; x_wconf 87' lang='lat' dir='ltr'><strong>iter</strong></span> 
     </span>
    </p>
   </div>
   <div class='ocr_carea' id='block_1_100' title="bbox 489 5673 2059 5747">
    <p class='ocr_par' dir='ltr' id='par_1_100' title="bbox 489 5673 2059 5747">
     <span class='ocr_line' id='line_1_100' title="bbox 489 5673 2059 5747; baseline 0.005 -23"><span class='ocrx_word' id='word_1_790' title='bbox 489 5682 814 5727; x_wconf 87' lang='lat' dir='ltr'><strong>nocturnum</strong></span> <span class='ocrx_word' id='word_1_791' title='bbox 848 5675 895 5729; x_wconf 90' lang='lat' dir='ltr'><strong>si</strong></span> <span class='ocrx_word' id='word_1_792' title='bbox 923 5673 1051 5729; x_wconf 88' lang='lat' dir='ltr'><strong>illud</strong></span> <span class='ocrx_word' id='word_1_793' title='bbox 1081 5676 1294 5745; x_wconf 79' lang='lat' dir='ltr'><strong>signum</strong></span> <span class='ocrx_word' id='word_1_794' title='bbox 1326 5676 1635 5744; x_wconf 84' lang='lat' dir='ltr'><strong>accipereut</strong></span> <span class='ocrx_word' id='word_1_795' title='bbox 1676 5677 1925 5747; x_wconf 83' lang='lat' dir='ltr'><strong>agebant,</strong></span> <span class='ocrx_word' id='word_1_796' title='bbox 1968 5679 2059 5732; x_wconf 90' lang='lat' dir='ltr'><strong>ad-</strong></span> 
     </span>
    </p>
   </div>
   <div class='ocr_carea' id='block_1_101' title="bbox 1323 5850 1351 5859">
    <p class='ocr_par' dir='ltr' id='par_1_101' title="bbox 1323 5850 1351 5859">
     <span class='ocr_line' id='line_1_101' title="bbox 1323 5850 1351 5859; baseline 0 0"><span class='ocrx_word' id='word_1_797' title='bbox 1323 5850 1351 5859; x_wconf 52' lang='grc' dir='ltr'>σε</span> 
     </span>
    </p>
   </div>
   <div class='ocr_carea' id='block_1_102' title="bbox 2167 4226 3703 4300">
    <p class='ocr_par' dir='ltr' id='par_1_102' title="bbox 2167 4226 3703 4300">
     <span class='ocr_line' id='line_1_102' title="bbox 2167 4226 3703 4300; baseline 0.006 -22"><span class='ocrx_word' id='word_1_798' title='bbox 2167 4226 2573 4291; x_wconf 88' lang='lat' dir='ltr'><strong>transeundum,</strong></span> <span class='ocrx_word' id='word_1_799' title='bbox 2611 4236 2665 4280; x_wconf 92' lang='lat' dir='ltr'><strong>et</strong></span> <span class='ocrx_word' id='word_1_800' title='bbox 2714 4231 2929 4296; x_wconf 85' lang='lat' dir='ltr'><strong>quando</strong></span> <span class='ocrx_word' id='word_1_801' title='bbox 2977 4241 3153 4287; x_wconf 86' lang='lat' dir='ltr'><strong>castra</strong></span> <span class='ocrx_word' id='word_1_802' title='bbox 3186 4235 3517 4300; x_wconf 87' lang='lat' dir='ltr'><strong>metandum,</strong></span> <span class='ocrx_word' id='word_1_803' title='bbox 3555 4235 3703 4288; x_wconf 82' lang='lat' dir='ltr'><strong>incar-</strong></span> 
     </span>
    </p>
   </div>
   <div class='ocr_carea' id='block_1_103' title="bbox 2164 4315 3703 4393">
    <p class='ocr_par' dir='ltr' id='par_1_103' title="bbox 2164 4315 3703 4393">
     <span class='ocr_line' id='line_1_103' title="bbox 2164 4315 3703 4393; baseline 0.003 -24"><span class='ocrx_word' id='word_1_804' title='bbox 2164 4315 2437 4371; x_wconf 86' lang='lat' dir='ltr'><strong>nationem</strong></span> <span class='ocrx_word' id='word_1_805' title='bbox 2467 4316 2671 4374; x_wconf 88' lang='lat' dir='ltr'><strong>Christi</strong></span> <span class='ocrx_word' id='word_1_806' title='bbox 2706 4321 2998 4393; x_wconf 83' lang='lat' dir='ltr'><strong>signiticat,</strong></span> <span class='ocrx_word' id='word_1_807' title='bbox 3051 4322 3206 4392; x_wconf 88' lang='lat' dir='ltr'><strong>cujus</strong></span> <span class='ocrx_word' id='word_1_808' title='bbox 3249 4326 3530 4382; x_wconf 85' lang='lat' dir='ltr'><strong>clementia</strong></span> <span class='ocrx_word' id='word_1_809' title='bbox 3558 4324 3703 4377; x_wconf 84' lang='lat' dir='ltr'><strong>taber-</strong></span> 
     </span>
    </p>
   </div>
   <div class='ocr_carea' id='block_1_104' title="bbox 2166 4405 3703 4482">
    <p class='ocr_par' dir='ltr' id='par_1_104' title="bbox 2166 4405 3703 4482">
     <span class='ocr_line' id='line_1_104' title="bbox 2166 4405 3703 4482; baseline 0.003 -21"><span class='ocrx_word' id='word_1_810' title='bbox 2166 4405 2418 4462; x_wconf 88' lang='lat' dir='ltr'><strong>naculum</strong></span> <span class='ocrx_word' id='word_1_811' title='bbox 2471 4407 2725 4465; x_wconf 73' lang='lat' dir='ltr'><strong>Ecclesiae</strong></span> <span class='ocrx_word' id='word_1_812' title='bbox 2771 4413 3029 4481; x_wconf 80' lang='lat' dir='ltr'><strong>protexit,</strong></span> <span class='ocrx_word' id='word_1_813' title='bbox 3083 4412 3240 4482; x_wconf 85' lang='lat' dir='ltr'><strong>cujus</strong></span> <span class='ocrx_word' id='word_1_814' title='bbox 3286 4417 3497 4471; x_wconf 83' lang='lat' dir='ltr'><strong>bonitas</strong></span> <span class='ocrx_word' id='word_1_815' title='bbox 3536 4423 3703 4471; x_wconf 80' lang='lat' dir='ltr'><strong>statum</strong></span> 
     </span>
    </p>
   </div>
   <div class='ocr_carea' id='block_1_105' title="bbox 2164 4493 3704 4577">
    <p class='ocr_par' dir='ltr' id='par_1_105' title="bbox 2164 4493 3704 4577">
     <span class='ocr_line' id='line_1_105' title="bbox 2164 4493 3704 4577; baseline 0.006 -28"><span class='ocrx_word' id='word_1_816' title='bbox 2164 4493 2283 4565; x_wconf 88' lang='lat' dir='ltr'><strong>ejus</strong></span> <span class='ocrx_word' id='word_1_817' title='bbox 2326 4497 2583 4568; x_wconf 87' lang='lat' dir='ltr'><strong>disponit,</strong></span> <span class='ocrx_word' id='word_1_818' title='bbox 2633 4510 2688 4556; x_wconf 92' lang='lat' dir='ltr'><strong>et</strong></span> <span class='ocrx_word' id='word_1_819' title='bbox 2722 4502 2874 4572; x_wconf 83' lang='lat' dir='ltr'><strong>cujus</strong></span> <span class='ocrx_word' id='word_1_820' title='bbox 2925 4504 3213 4573; x_wconf 87' lang='lat' dir='ltr'><strong>prudentia</strong></span> <span class='ocrx_word' id='word_1_821' title='bbox 3256 4506 3428 4561; x_wconf 91' lang='lat' dir='ltr'><strong>invia</strong></span> <span class='ocrx_word' id='word_1_822' title='bbox 3461 4503 3704 4577; x_wconf 66' lang='lat' dir='ltr'><strong>praesentis</strong></span> 
     </span>
    </p>
   </div>
   <div class='ocr_carea' id='block_1_106' title="bbox 2167 4592 3702 4666">
    <p class='ocr_par' dir='ltr' id='par_1_106' title="bbox 2167 4592 3702 4666">
     <span class='ocr_line' id='line_1_106' title="bbox 2167 4592 3702 4666; baseline 0.003 -19"><span class='ocrx_word' id='word_1_823' title='bbox 2167 4592 2346 4649; x_wconf 70' lang='lat' dir='ltr'><strong>saeculi</strong></span> <span class='ocrx_word' id='word_1_824' title='bbox 2373 4595 2657 4649; x_wconf 90' lang='lat' dir='ltr'><strong>transitum</strong></span> <span class='ocrx_word' id='word_1_825' title='bbox 2682 4597 2852 4666; x_wconf 87' lang='lat' dir='ltr'><strong>ipsius</strong></span> <span class='ocrx_word' id='word_1_826' title='bbox 2874 4599 3089 4655; x_wconf 84' lang='lat' dir='ltr'><strong>direxit.</strong></span> <span class='ocrx_word' id='word_1_827' title='bbox 3122 4600 3269 4657; x_wconf 86' lang='lat' dir='ltr'><strong>Idem</strong></span> <span class='ocrx_word' id='word_1_828' title='bbox 3294 4612 3380 4659; x_wconf 89' lang='lat' dir='ltr'><strong>est</strong></span> <span class='ocrx_word' id='word_1_829' title='bbox 3401 4613 3453 4659; x_wconf 89' lang='lat' dir='ltr'><strong>et</strong></span> <span class='ocrx_word' id='word_1_830' title='bbox 3471 4602 3702 4659; x_wconf 74' lang='lat' dir='ltr'><strong>columna,</strong></span> 
     </span>
    </p>
   </div>
   <div class='ocr_carea' id='block_1_107' title="bbox 2167 4684 3703 4753">
    <p class='ocr_par' dir='ltr' id='par_1_107' title="bbox 2167 4684 3703 4753">
     <span class='ocr_line' id='line_1_107' title="bbox 2167 4684 3703 4753; baseline 0.001 -17"><span class='ocrx_word' id='word_1_831' title='bbox 2167 4684 2295 4751; x_wconf 90' lang='lat' dir='ltr'><strong>quia</strong></span> <span class='ocrx_word' id='word_1_832' title='bbox 2330 4692 2512 4739; x_wconf 90' lang='lat' dir='ltr'><strong>rectus</strong></span> <span class='ocrx_word' id='word_1_833' title='bbox 2543 4694 2626 4739; x_wconf 88' lang='lat' dir='ltr'><strong>est</strong></span> <span class='ocrx_word' id='word_1_834' title='bbox 2653 4694 2708 4741; x_wconf 90' lang='lat' dir='ltr'><strong>et</strong></span> <span class='ocrx_word' id='word_1_835' title='bbox 2745 4686 2955 4753; x_wconf 75' lang='lat' dir='ltr'><strong>firmus,</strong></span> <span class='ocrx_word' id='word_1_836' title='bbox 3006 4697 3061 4744; x_wconf 88' lang='lat' dir='ltr'><strong>et</strong></span> <span class='ocrx_word' id='word_1_837' title='bbox 3089 4689 3319 4746; x_wconf 77' lang='lat' dir='ltr'><strong>fulciens</strong></span> <span class='ocrx_word' id='word_1_838' title='bbox 3376 4691 3703 4746; x_wconf 83' lang='lat' dir='ltr'><strong>inﬁrmitatem</strong></span> 
     </span>
    </p>
   </div>
   <div class='ocr_carea' id='block_1_108' title="bbox 2168 4778 3705 4853">
    <p class='ocr_par' dir='ltr' id='par_1_108' title="bbox 2168 4778 3705 4853">
     <span class='ocr_line' id='line_1_108' title="bbox 2168 4778 3705 4853; baseline 0.003 -26"><span class='ocrx_word' id='word_1_839' title='bbox 2168 4783 2433 4840; x_wconf 90' lang='lat' dir='ltr'><strong>nostram,</strong></span> <span class='ocrx_word' id='word_1_840' title='bbox 2470 4784 2525 4830; x_wconf 92' lang='lat' dir='ltr'><strong>et</strong></span> <span class='ocrx_word' id='word_1_841' title='bbox 2552 4792 2651 4847; x_wconf 89' lang='lat' dir='ltr'><strong>per</strong></span> <span class='ocrx_word' id='word_1_842' title='bbox 2680 4786 2894 4833; x_wconf 89' lang='lat' dir='ltr'><strong>noctem</strong></span> <span class='ocrx_word' id='word_1_843' title='bbox 2953 4779 3160 4847; x_wconf 75' lang='lat' dir='ltr'><strong>lueéns,</strong></span> <span class='ocrx_word' id='word_1_844' title='bbox 3214 4798 3317 4853; x_wconf 89' lang='lat' dir='ltr'><strong>per</strong></span> <span class='ocrx_word' id='word_1_845' title='bbox 3362 4784 3501 4839; x_wconf 87' lang='lat' dir='ltr'><strong>diem</strong></span> <span class='ocrx_word' id='word_1_846' title='bbox 3524 4796 3620 4837; x_wconf 89' lang='lat' dir='ltr'><strong>non</strong></span> <span class='ocrx_word' id='word_1_847' title='bbox 3645 4778 3705 4832; x_wconf 84' lang='lat' dir='ltr'><strong>lu-</strong></span> 
     </span>
    </p>
   </div>
   <div class='ocr_carea' id='block_1_109' title="bbox 2167 4867 3705 4946">
    <p class='ocr_par' dir='ltr' id='par_1_109' title="bbox 2167 4867 3705 4946">
     <span class='ocr_line' id='line_1_109' title="bbox 2167 4867 3705 4946; baseline 0.005 -28"><span class='ocrx_word' id='word_1_848' title='bbox 2167 4880 2316 4931; x_wconf 88' lang='lat' dir='ltr'><strong>cens,</strong></span> <span class='ocrx_word' id='word_1_849' title='bbox 2343 4876 2396 4919; x_wconf 88' lang='lat' dir='ltr'><strong>at</strong></span> <span class='ocrx_word' id='word_1_850' title='bbox 2445 4869 2533 4937; x_wconf 87' lang='lat' dir='ltr'><strong>qui</strong></span> <span class='ocrx_word' id='word_1_851' title='bbox 2566 4885 2670 4923; x_wconf 87' lang='lat' dir='ltr'><strong>non</strong></span> <span class='ocrx_word' id='word_1_852' title='bbox 2729 4869 2899 4924; x_wconf 82' lang='lat' dir='ltr'><strong>vident</strong></span> <span class='ocrx_word' id='word_1_853' title='bbox 2927 4873 3155 4939; x_wconf 87' lang='lat' dir='ltr'><strong>videant,</strong></span> <span class='ocrx_word' id='word_1_854' title='bbox 3187 4884 3234 4928; x_wconf 92' lang='lat' dir='ltr'><strong>et</strong></span> <span class='ocrx_word' id='word_1_855' title='bbox 3290 4876 3382 4946; x_wconf 86' lang='lat' dir='ltr'><strong>qui</strong></span> <span class='ocrx_word' id='word_1_856' title='bbox 3420 4875 3578 4929; x_wconf 85' lang='lat' dir='ltr'><strong>vident</strong></span> <span class='ocrx_word' id='word_1_857' title='bbox 3604 4867 3705 4924; x_wconf 67' lang='lat' dir='ltr'><strong>steti</strong></span> 
     </span>
    </p>
   </div>
   <div class='ocr_carea' id='block_1_110' title="bbox 2165 4955 3701 5037">
    <p class='ocr_par' dir='ltr' id='par_1_110' title="bbox 2165 4955 3701 5037">
     <span class='ocr_line' id='line_1_110' title="bbox 2165 4955 3701 5037; baseline 0.008 -29"><span class='ocrx_word' id='word_1_858' title='bbox 2165 4955 2298 5023; x_wconf 84' lang='lat' dir='ltr'><strong>[iant</strong></span> <span class='ocrx_word' id='word_1_859' title='bbox 2327 4956 2508 5027; x_wconf 84' lang='lat' dir='ltr'><strong>(Joan.</strong></span> <span class='ocrx_word' id='word_1_860' title='bbox 2544 4960 2643 5030; x_wconf 72' lang='grc' dir='ltr'>ιχ).</span> <span class='ocrx_word' id='word_1_861' title='bbox 2682 4958 2869 5016; x_wconf 84' lang='lat' dir='ltr'><strong>Potest</strong></span> <span class='ocrx_word' id='word_1_862' title='bbox 2901 4970 2956 5018; x_wconf 91' lang='lat' dir='ltr'><strong>et</strong></span> <span class='ocrx_word' id='word_1_863' title='bbox 2986 4964 3064 5018; x_wconf 89' lang='lat' dir='ltr'><strong>sic</strong></span> <span class='ocrx_word' id='word_1_864' title='bbox 3092 4980 3198 5021; x_wconf 90' lang='lat' dir='ltr'><strong>non</strong></span> <span class='ocrx_word' id='word_1_865' title='bbox 3221 4966 3517 5037; x_wconf 84' lang='lat' dir='ltr'><strong>incongrue</strong></span> <span class='ocrx_word' id='word_1_866' title='bbox 3541 4958 3701 5030; x_wconf 69' lang='lat' dir='ltr'><strong>accipi.</strong></span> 
     </span>
    </p>
   </div>
   <div class='ocr_carea' id='block_1_111' title="bbox 2166 5045 3704 5124">
    <p class='ocr_par' dir='ltr' id='par_1_111' title="bbox 2166 5045 3704 5124">
     <span class='ocr_line' id='line_1_111' title="bbox 2166 5045 3704 5124; baseline 0 -25"><span class='ocrx_word' id='word_1_867' title='bbox 2166 5047 2310 5115; x_wconf 85' lang='lat' dir='ltr'><strong>quod</strong></span> <span class='ocrx_word' id='word_1_868' title='bbox 2351 5045 2551 5103; x_wconf 85' lang='lat' dir='ltr'><strong>Christi</strong></span> <span class='ocrx_word' id='word_1_869' title='bbox 2607 5059 3009 5106; x_wconf 88' lang='lat' dir='ltr'><strong>sacramentum</strong></span> <span class='ocrx_word' id='word_1_870' title='bbox 3067 5062 3323 5124; x_wconf 85' lang='lat' dir='ltr'><strong>tanquam</strong></span> <span class='ocrx_word' id='word_1_871' title='bbox 3355 5056 3410 5110; x_wconf 90' lang='lat' dir='ltr'><strong>in</strong></span> <span class='ocrx_word' id='word_1_872' title='bbox 3455 5054 3538 5109; x_wconf 88' lang='lat' dir='ltr'><strong>die</strong></span> <span class='ocrx_word' id='word_1_873' title='bbox 3565 5046 3704 5105; x_wconf 86' lang='lat' dir='ltr'><strong>mani-</strong></span> 
     </span>
    </p>
   </div>
   <div class='ocr_carea' id='block_1_112' title="bbox 2165 5139 3700 5217">
    <p class='ocr_par' dir='ltr' id='par_1_112' title="bbox 2165 5139 3700 5217">
     <span class='ocr_line' id='line_1_112' title="bbox 2165 5139 3700 5217; baseline 0.001 -25"><span class='ocrx_word' id='word_1_874' title='bbox 2165 5139 2417 5192; x_wconf 82' lang='lat' dir='ltr'><strong>festatum</strong></span> <span class='ocrx_word' id='word_1_875' title='bbox 2457 5148 2541 5193; x_wconf 91' lang='lat' dir='ltr'><strong>est</strong></span> <span class='ocrx_word' id='word_1_876' title='bbox 2588 5141 2642 5195; x_wconf 90' lang='lat' dir='ltr'><strong>in</strong></span> <span class='ocrx_word' id='word_1_877' title='bbox 2673 5158 2838 5199; x_wconf 88' lang='lat' dir='ltr'><strong>carne</strong></span> <span class='ocrx_word' id='word_1_878' title='bbox 2886 5145 3032 5201; x_wconf 87' lang='lat' dir='ltr'><strong>velut</strong></span> <span class='ocrx_word' id='word_1_879' title='bbox 3081 5147 3133 5201; x_wconf 93' lang='lat' dir='ltr'><strong>in</strong></span> <span class='ocrx_word' id='word_1_880' title='bbox 3196 5149 3377 5215; x_wconf 88' lang='lat' dir='ltr'><strong>nube;</strong></span> <span class='ocrx_word' id='word_1_881' title='bbox 3426 5149 3481 5203; x_wconf 92' lang='lat' dir='ltr'><strong>in</strong></span> <span class='ocrx_word' id='word_1_882' title='bbox 3525 5142 3700 5217; x_wconf 85' lang='lat' dir='ltr'><strong>judicio</strong></span> 
     </span>
    </p>
   </div>
   <div class='ocr_carea' id='block_1_113' title="bbox 2164 5230 3703 5310">
    <p class='ocr_par' dir='ltr' id='par_1_113' title="bbox 2164 5230 3703 5310">
     <span class='ocr_line' id='line_1_113' title="bbox 2164 5230 3703 5310; baseline 0.006 -28"><span class='ocrx_word' id='word_1_883' title='bbox 2164 5242 2294 5283; x_wconf 78' lang='lat' dir='ltr'><strong>vero</strong></span> <span class='ocrx_word' id='word_1_884' title='bbox 2322 5236 2577 5298; x_wconf 88' lang='lat' dir='ltr'><strong>tanquam</strong></span> <span class='ocrx_word' id='word_1_885' title='bbox 2632 5231 2685 5286; x_wconf 90' lang='lat' dir='ltr'><strong>in</strong></span> <span class='ocrx_word' id='word_1_886' title='bbox 2716 5248 2904 5289; x_wconf 90' lang='lat' dir='ltr'><strong>errore</strong></span> <span class='ocrx_word' id='word_1_887' title='bbox 2951 5246 3236 5301; x_wconf 83' lang='lat' dir='ltr'><strong>nocturno,</strong></span> <span class='ocrx_word' id='word_1_888' title='bbox 3277 5239 3407 5310; x_wconf 87' lang='lat' dir='ltr'><strong>quia</strong></span> <span class='ocrx_word' id='word_1_889' title='bbox 3459 5247 3579 5292; x_wconf 90' lang='lat' dir='ltr'><strong>tunc</strong></span> <span class='ocrx_word' id='word_1_890' title='bbox 3619 5230 3703 5286; x_wconf 61' lang='lat' dir='ltr'><strong>erit</strong></span> 
     </span>
    </p>
   </div>
   <div class='ocr_carea' id='block_1_114' title="bbox 2165 5321 3702 5403">
    <p class='ocr_par' dir='ltr' id='par_1_114' title="bbox 2165 5321 3702 5403">
     <span class='ocr_line' id='line_1_114' title="bbox 2165 5321 3702 5403; baseline 0.005 -31"><span class='ocrx_word' id='word_1_891' title='bbox 2165 5336 2360 5390; x_wconf 84' lang='lat' dir='ltr'><strong>magna</strong></span> <span class='ocrx_word' id='word_1_892' title='bbox 2399 5321 2672 5378; x_wconf 88' lang='lat' dir='ltr'><strong>tribulatio</strong></span> <span class='ocrx_word' id='word_1_893' title='bbox 2720 5328 2901 5382; x_wconf 75' lang='lat' dir='ltr'><strong>saeculi</strong></span> <span class='ocrx_word' id='word_1_894' title='bbox 2940 5337 3193 5400; x_wconf 87' lang='lat' dir='ltr'><strong>tanquam</strong></span> <span class='ocrx_word' id='word_1_895' title='bbox 3229 5331 3393 5403; x_wconf 83' lang='lat' dir='ltr'><strong>ignis,</strong></span> <span class='ocrx_word' id='word_1_896' title='bbox 3431 5339 3482 5386; x_wconf 88' lang='lat' dir='ltr'><strong>et</strong></span> <span class='ocrx_word' id='word_1_897' title='bbox 3535 5321 3702 5382; x_wconf 77' lang='lat' dir='ltr'><strong>lucebit</strong></span> 
     </span>
    </p>
   </div>
   <div class='ocr_carea' id='block_1_115' title="bbox 2157 5408 3701 5491">
    <p class='ocr_par' dir='ltr' id='par_1_115' title="bbox 2157 5408 3701 5491">
     <span class='ocr_line' id='line_1_115' title="bbox 2157 5408 3701 5491; baseline 0.005 -29"><span class='ocrx_word' id='word_1_898' title='bbox 2157 5408 2344 5478; x_wconf 87' lang='lat' dir='ltr'><strong>justis,</strong></span> <span class='ocrx_word' id='word_1_899' title='bbox 2375 5419 2427 5463; x_wconf 91' lang='lat' dir='ltr'><strong>ct</strong></span> <span class='ocrx_word' id='word_1_900' title='bbox 2466 5411 2679 5468; x_wconf 85' lang='lat' dir='ltr'><strong>ardebit</strong></span> <span class='ocrx_word' id='word_1_901' title='bbox 2714 5413 2948 5483; x_wconf 90' lang='lat' dir='ltr'><strong>injustis.</strong></span> <span class='ocrx_word' id='word_1_902' title='bbox 2986 5416 3145 5475; x_wconf 73' lang='lat' dir='ltr'><strong>Juxta</strong></span> <span class='ocrx_word' id='word_1_903' title='bbox 3177 5421 3524 5491; x_wconf 84' lang='lat' dir='ltr'><strong>tropologiam</strong></span> <span class='ocrx_word' id='word_1_904' title='bbox 3550 5424 3701 5470; x_wconf 85' lang='lat' dir='ltr'><strong>autem</strong></span> 
     </span>
    </p>
   </div>
   <div class='ocr_carea' id='block_1_116' title="bbox 2167 5501 3702 5570">
    <p class='ocr_par' dir='ltr' id='par_1_116' title="bbox 2167 5501 3702 5570">
     <span class='ocr_line' id='line_1_116' title="bbox 2167 5501 3702 5570; baseline 0.006 -17"><span class='ocrx_word' id='word_1_905' title='bbox 2167 5501 2218 5554; x_wconf 84' lang='lat' dir='ltr'><strong>in</strong></span> <span class='ocrx_word' id='word_1_906' title='bbox 2247 5501 2364 5570; x_wconf 87' lang='lat' dir='ltr'><strong>igne</strong></span> <span class='ocrx_word' id='word_1_907' title='bbox 2398 5509 2651 5568; x_wconf 76' lang='lat' dir='ltr'><strong>terrores,</strong></span> <span class='ocrx_word' id='word_1_908' title='bbox 2696 5503 2747 5557; x_wconf 93' lang='lat' dir='ltr'><strong>in</strong></span> <span class='ocrx_word' id='word_1_909' title='bbox 2791 5507 2936 5561; x_wconf 88' lang='lat' dir='ltr'><strong>nube</strong></span> <span class='ocrx_word' id='word_1_910' title='bbox 2981 5518 3163 5564; x_wconf 90' lang='lat' dir='ltr'><strong>autem</strong></span> <span class='ocrx_word' id='word_1_911' title='bbox 3195 5511 3420 5564; x_wconf 85' lang='lat' dir='ltr'><strong>visionis</strong></span> <span class='ocrx_word' id='word_1_912' title='bbox 3441 5508 3553 5562; x_wconf 86' lang='lat' dir='ltr'><strong>lene</strong></span> <span class='ocrx_word' id='word_1_913' title='bbox 3578 5502 3702 5557; x_wconf 75' lang='lat' dir='ltr'><strong>blan-</strong></span> 
     </span>
    </p>
   </div>
   <div class='ocr_carea' id='block_1_117' title="bbox 2165 5590 3702 5670">
    <p class='ocr_par' dir='ltr' id='par_1_117' title="bbox 2165 5590 3702 5670">
     <span class='ocr_line' id='line_1_117' title="bbox 2165 5590 3702 5670; baseline 0.005 -26"><span class='ocrx_word' id='word_1_914' title='bbox 2165 5590 2460 5645; x_wconf 89' lang='lat' dir='ltr'><strong>dimentum</strong></span> <span class='ocrx_word' id='word_1_915' title='bbox 2495 5594 2813 5648; x_wconf 88' lang='lat' dir='ltr'><strong>ostenditur.</strong></span> <span class='ocrx_word' id='word_1_916' title='bbox 2857 5596 2981 5652; x_wconf 88' lang='lat' dir='ltr'><strong>Dies</strong></span> <span class='ocrx_word' id='word_1_917' title='bbox 3028 5612 3157 5653; x_wconf 89' lang='lat' dir='ltr'><strong>vero</strong></span> <span class='ocrx_word' id='word_1_918' title='bbox 3184 5599 3314 5670; x_wconf 90' lang='lat' dir='ltr'><strong>justi</strong></span> <span class='ocrx_word' id='word_1_919' title='bbox 3363 5600 3492 5659; x_wconf 88' lang='lat' dir='ltr'><strong>vita,</strong></span> <span class='ocrx_word' id='word_1_920' title='bbox 3539 5601 3702 5649; x_wconf 64' lang='lat' dir='ltr'><strong>ctnox</strong></span> 
     </span>
    </p>
   </div>
   <div class='ocr_carea' id='block_1_118' title="bbox 2167 5681 3702 5754">
    <p class='ocr_par' dir='ltr' id='par_1_118' title="bbox 2167 5681 3702 5754">
     <span class='ocr_line' id='line_1_118' title="bbox 2167 5681 3702 5754; baseline 0.004 -19"><span class='ocrx_word' id='word_1_921' title='bbox 2167 5681 2427 5750; x_wconf 83' lang='lat' dir='ltr'><strong>accipitur</strong></span> <span class='ocrx_word' id='word_1_922' title='bbox 2477 5683 2585 5736; x_wconf 88' lang='lat' dir='ltr'><strong>vita</strong></span> <span class='ocrx_word' id='word_1_923' title='bbox 2634 5689 2953 5754; x_wconf 83' lang='lat' dir='ltr'><strong>peccatoris.</strong></span> <span class='ocrx_word' id='word_1_924' title='bbox 2997 5689 3151 5745; x_wconf 89' lang='lat' dir='ltr'><strong>Unde</strong></span> <span class='ocrx_word' id='word_1_925' title='bbox 3207 5698 3258 5744; x_wconf 87' lang='lat' dir='ltr'><strong>ct</strong></span> <span class='ocrx_word' id='word_1_926' title='bbox 3287 5686 3556 5743; x_wconf 83' lang='lat' dir='ltr'><strong>conversis</strong></span> <span class='ocrx_word' id='word_1_927' title='bbox 3599 5692 3702 5752; x_wconf 71' lang='grc' dir='ltr'>ιιθε·</span> 
     </span>
    </p>
   </div>
   <div class='ocr_carea' id='block_1_119' title="bbox 3857 626 3859 771">
    <p class='ocr_par' dir='ltr' id='par_1_119' title="bbox 3857 626 3859 771">
     <span class='ocr_line' id='line_1_119' title="bbox 3857 626 3859 771; baseline 0 -13"><span class='ocrx_word' id='word_1_928' title='bbox 3857 626 3859 747; x_wconf 64' lang='lat' dir='ltr'><strong>l</strong></span> 
     </span>
    </p>
   </div>
  </div>
