3932 6188
265 365 365 421 649

992 367 1524 428 ENARRATIONES
1561 373 1625 428 IN
1666 376 1922 433 LIBRUM
1963 379 2420 440 NUMERORUM.
2468 420 2528 427 —-
2565 391 2688 447 LIB.
2731 396 2790 449 II.

3393 412 3497 466 630

258 477 535 531 caloribus
562 466 759 531 Paulus
807 478 938 533 dicit
969 496 981 530 :
1034 478 1236 535 Fuistis
1265 482 1545 554 aliquando
1576 486 1821 551 tenebrte,
1852 492 1898 549 Α
1928 488 2206 546 ardentius
2227 495 2554 552 excitantur.
2580 499 2876 569 Movcbunt,
2905 506 3096 576 inquit,
3122 523 3295 572 castra
3313 523 3497 591 primi,

258 580 394 591 μυ..-
425 574 592 591 -..ορω
627 564 717 591 1....
751 566 803 591 2..
842 565 1057 591 Π-...ε..-
1091 569 1281 591 Il.‘__L--
1338 571 1390 591 _\
2003 579 2014 589 ο
2172 590 2175 591 ,
2281 584 2291 591 .
2404 587 2414 591 -
2548 587 2557 591 -
2730 590 2735 591 ,

255 580 394 617 nunc
419 574 593 617 autem
623 564 717 618 lux
750 566 804 618 in
835 565 1060 621 Domino
1088 569 1304 640 (Ephes.
1338 571 1415 641 v).

323 652 381 707 ln
406 653 493 708 die
522 669 650 725 ergo
679 655 926 713 columna
960 672 1057 727 per
1078 658 1276 713 nubem
1308 670 1602 716 monstrata
1632 672 1739 729 est,
1768 675 1825 720 et

251 743 303 797 in
332 752 495 798 nocte
520 759 619 813 per
642 744 840 815 ignem,
869 747 995 815 quia
1023 749 1366 817 omnipotens
1399 749 1562 816 Deus,
1590 761 1645 807 et
1670 753 1824 809 blan-

248 834 348 888 dus
375 835 558 904 justis,
599 845 648 892 et
685 838 943 894 terribilis
983 841 1267 909 apparebit
1293 841 1525 911 iniustis.
1556 843 1738 903 Justos
1766 846 1821 900 in

240 920 447 989 judicio
465 925 688 981 veniens
719 942 814 999 per
837 927 1075 985 leuitatis
1110 934 1575 988 mansuetudinem
1611 936 1819 991 demul-

245 1024 363 1079 cet;
418 1014 537 1069 illos
590 1031 718 1070 vero
768 1031 866 1087 per
906 1018 1173 1088 justitiam
1219 1021 1577 1080 districtionis
1627 1033 1845 1097 terret.

244 1103 479 1159 Rursum
513 1107 579 1163 de
616 1108 719 1164 bac
744 1111 992 1165 columna
1028 1113 1170 1184 ignis
1199 1122 1258 1169 et
1286 1115 1444 1172 nubis
1465 1117 1647 1172 subtili
1670 1119 1819 1175 inve-

244 1194 533 1264 stigatione
557 1196 882 1265 discussum,
922 1201 1148 1273 intelligi
1188 1212 1244 1259 et
1271 1206 1427 1260 aliter
1450 1216 1647 1278 potest.
1675 1209 1816 1283 Quid

241 1292 323 1337 est
344 1300 479 1356 ergo
511 1286 655 1356 quod
688 1287 936 1344 columna
977 1292 1158 1358 nubis,
1186 1310 1307 1364 quae
1336 1296 1390 1351 in
1432 1312 1615 1353 eremo
1643 1315 1815 1370 popu-

239 1371 344 1425 lum
386 1374 614 1443 pmibat
645 1377 930 1446 splendore
958 1380 1117 1450 ignis,
1142 1397 1248 1437 non
1273 1383 1328 1440 in
1354 1384 1461 1450 die,
1495 1387 1590 1442 sed
1620 1387 1673 1441 in
1713 1403 1812 1444 no-

236 1470 320 1516 cte
348 1464 618 1532 radiabat,
660 1467 765 1525 nisi
804 1469 930 1538 quia
965 1471 1292 1544 Redemptor
1316 1484 1502 1532 noster
1540 1493 1651 1533 sua:
1676 1494 1809 1534 con-

234 1555 556 1612 versationis
580 1560 847 1629 exemplo,
875 1561 1132 1619 ducatum
1173 1568 1524 1637 sequentibus
1562 1586 1623 1627 se
1663 1587 1805 1642 prte-

229 1655 401 1709 stans,
422 1647 490 1703 de
508 1647 718 1717 iustitia
739 1666 835 1706 sua
860 1654 1253 1714 conlidentibus
1274 1659 1420 1715 nulla
1445 1661 1566 1718 luce
1588 1663 1803 1729 claruit,

200 1726 576 1806 'peccatorum
646 1755 868 1798 suorum
918 1746 1170 1804 tenebras
1217 1753 1630 1820 agnoscentibus
1682 1755 1807 1826 igne

225 1825 305 1879 sui
332 1827 541 1882 amoris
575 1828 814 1886 inl'ulsit?

834 1922 1061 1981 CAPUT
1107 1925 1196 1982 IV.

718 2009 799 2064 De
842 2012 994 2067 modo
1045 2016 1304 2070 tubarum.

288 2092 445 2164 (Car.
484 2096 562 2166 x.)
603 2095 929 2170 Locutusque
962 2113 1038 2156 est
1068 2103 1326 2161 Dominus
1354 2109 1424 2161 ad
1453 2108 1690 2180 Moysen,
1720 2113 1801 2165 di-

220 2199 334 2237 cens
358 2198 382 2236 .'
423 2182 539 2239 Fac
570 2187 665 2242 tibi
688 2188 820 2243 duas
845 2192 996 2246 tubas
1026 2206 1299 2265 argenteas
1328 2198 1574 2265 ductiles,
1612 2203 1799 2270 quibus

219 2288 505 2328 convocare
528 2278 693 2345 possis
716 2278 1122 2348 multitudinem,
1156 2288 1367 2356 quando
1398 2291 1652 2345 movenda
1676 2303 1796 2348 sunt

217 2372 411 2416 castra.
442 2364 674 2436 Cumque
697 2368 1014 2439 increpueris
1037 2373 1198 2440 tubis,
1230 2378 1626 2449 congregabitur
1651 2383 1723 2435 ad
1747 2394 1797 2437 te

217 2452 383 2504 omnis
430 2455 586 2507 turba
612 2455 680 2508 ad
709 2458 901 2511 ostium
931 2460 1259 2517 tabernaculi
1293 2464 1522 2546 ftederis.
1552 2468 1615 2525 Si
1637 2471 1795 2526 semel

217 2538 528 2611 rlangueris,
544 2546 745 2600 venient
757 2548 828 2601 ad
839 2558 888 2603 te
900 2566 1075 2606 omnes
1096 2554 1352 2626 principes
1373 2566 1421 2611 et
1434 2538 1604 2631 capita
1620 2562 1794 2616 multi-

214 2635 409 2689 tudinis
422 2634 612 2693 Israel.
627 2636 723 2695 Sin
750 2652 923 2697 autem
944 2644 1199 2714 prolixior
1211 2656 1365 2718 atque
1387 2652 1623 2705 concisus
1644 2652 1790 2707 clan-

210 2741 300 2795 gor
326 2727 671 2801 increpuerit,
707 2734 978 2790 movebunt
1013 2747 1187 2794 castra
1228 2741 1407 2810 primi,
1433 2743 1523 2812 qui
1557 2754 1679 2797 sunt
1718 2746 1789 2799 ad

211 2815 513 2873 orientalem
530 2820 761 2892 plagam.
784 2823 888 2880 Per
913 2826 1047 2883 duas
1061 2829 1206 2896 enim
1229 2829 1385 2885 tubas
1397 2833 1669 2888 exercitus
1689 2836 1790 2889 du-

211 2904 366 2971 citur,
390 2908 516 2977 quia
531 2925 630 2979 per
649 2912 754 2968 duo
775 2913 1118 2972 Testamenta
1146 2918 1261 2973 sive
1278 2933 1375 2989 per
1395 2920 1501 2976 duo
1516 2933 1786 2994 praecepta

204 3361 371 3428 ctiles,
415 3366 545 3436 quia
573 3384 795 3426 necesse
835 3382 941 3438 est,
985 3382 1045 3429 ut
1070 3376 1143 3440 III,
1173 3378 1265 3447 qui
1297 3388 1578 3436 venturam
1606 3383 1773 3438 vitam

201 3453 526 3521 praedicant,
574 3459 979 3517 tribulationum
1037 3468 1381 3535 praesentium
1430 3473 1774 3531 tunsionibus

200 3553 466 3599 crescant.
507 3546 657 3613 Quod
688 3560 867 3605 autem
889 3553 1160 3622 subditur,
1192 3556 1251 3611 Si
1272 3562 1429 3615 semel
1451 3561 1766 3634 clangueris,

198 3629 399 3685 veniant
424 3634 497 3687 ad
531 3645 581 3689 te
602 3639 859 3709 principes
885 3652 932 3695 et
975 3643 1145 3715 capita
1184 3648 1535 3706 multitudinis
1573 3629 1769 3723 lsrael,

198 3720 352 3774 semel
389 3723 533 3779 tubis
560 3731 829 3800 clangere,
861 3739 943 3786 est
971 3733 1076 3787 vim
1103 3734 1254 3790 verbi
1292 3738 1551 3795 doctrinae
1577 3758 1771 3799 secun-

196 3807 313 3864 dum
342 3815 607 3871 unitatem
648 3817 769 3875 ﬁdei
810 3830 865 3876 et
897 3826 1243 3881 concordiam
1281 3844 1473 3886 sensus
1514 3835 1767 3891 catholici

196 3902 461 3968 proferre.
522 3907 606 3963 Ad
658 3926 819 3980 quem
879 3915 1112 3970 sonitum
1173 3919 1445 3990 principes
1490 3931 1546 3978 et
1587 3927 1767 3996 capita

196 3993 549 4051 multitudinis
596 4003 888 4058 convenire
928 4005 1146 4073 debent,
1199 4009 1324 4078 quia
1363 4011 1516 4069 valde
1561 4017 1765 4073 conde-

193 4097 311 4140 cens
332 4097 438 4152 est,
465 4098 529 4144 ut
555 4090 631 4146 illi
674 4078 1043 4166 qui-praesunt
1067 4103 1301 4169 caeteris,
1334 4120 1441 4160 una
1487 4106 1593 4163 ﬁde
1633 4125 1766 4166 una-

193 4185 289 4241 qne
335 4177 631 4237 dilectione
682 4187 1082 4255 convenientes,
1130 4191 1198 4247 de
1226 4193 1397 4252 salute
1425 4214 1521 4254 sua
1568 4215 1634 4255 ac
1658 4202 1763 4258 sibi

193 4266 520 4325 subditorum
577 4274 804 4343 pacilice
852 4277 1150 4350 disputent,
1223 4286 1452 4358 aliisque
1512 4292 1660 4362 pacis
1708 4301 1763 4349 et

190 4360 483 4416 concordia:
510 4363 711 4420 bonum
736 4367 803 4422 ad
828 4371 1135 4442 exemplum
1166 4378 1468 4446 praebeant,
1509 4360 1578 4438 uc
1618 4384 1760 4441 forte

188 4443 227 4496 si
257 4445 413 4502 aliter
437 4451 755 4519 cecinerint,
795 4460 991 4515 merito
1023 4478 1117 4518 eos
1146 4443 1509 4535 reprehendat
1538 4485 1757 4544 aposto-

188 4534 279 4592 lica
321 4544 819 4619 auctoritas;'qure
865 4553 933 4608 ad
965 4534 1277 4614 Corinthios
1323 4562 1589 4630 scribens,
1636 4568 1752 4622 ait:

187 4624 309 4681 Cum
336 4633 474 4685 enim
511 4636 581 4688 sit
605 4637 742 4691 inter
767 4655 854 4694 vos
879 4642 1021 4697 zelus
1053 4655 1099 4698 et
1129 4651 1410 4715 contentio,
1448 4667 1618 4708 nonne
1639 4673 1757 4709 car-

187 4718 319 4771 nales
341 4721 489 4786 estis,
506 4733 555 4777 et
566 4729 850 4782 secundum
864 4731 1124 4789 hominem
1137 4738 1421 4795 ambulatis
1434 4743 1459 4796 τ’
1474 4741 1527 4815 (1
1542 4742 1665 4800 Cor.
1691 4749 1754 4819 ι.)

186 4803 246 4858 Et
272 4808 400 4863 item
429 4830 441 4864 :
480 4813 935 4888 Convenientibus,
966 4824 1158 4895 inquit,
1201 4830 1342 4885 vobis
1381 4832 1436 4886 in
1461 4803 1751 4903 ecclesiam,

183 4903 333 4957 audio
380 4906 518 4962 inter
553 4926 642 4964 vos
696 4904 983 4972 schismata
1028 4937 1156 4986 esse,
1202 4933 1251 4977 et
1295 4941 1360 4979 ea:
1402 4938 1551 4997 parte
1597 4932 1753 4985 credo

184 4990 227 5058 (Ι
254 4990 377 5049 Cor.
407 4999 505 5071 si).
534 4999 645 5057 Sed
687 5007 863 5076 magis
907 5007 1037 5065 illud
1085 4990 1412 5083 sequantur,
1435 5020 1580 5089 quod
1609 5022 1751 5078 idem

179 5081 459 5151 Apostolus
513 5092 706 5148 iisdem
760 5096 1057 5156 Corinthiis
1121 5081 1199 5159 ait
1239 5125 1253 5160 :
1307 5081 1531 5166 Obsecro
1574 5125 1752 5170 autent

178 5186 259 5224 vos
280 5191 374 5243 per
398 5196 584 5236 nomen
610 5182 825 5242 Domini
847 5193 1016 5245 nostri
1038 5192 1167 5248 Jesu
1194 5195 1411 5262 Christi,
1440 5212 1495 5255 ut
1518 5205 1747 5275 idipsum

177 5263 359 5321 dicatis
379 5287 575 5336 omnes,
599 5287 646 5329 et
674 5294 777 5333 non
799 5282 904 5335 sint
925 5284 981 5337 in
1003 5284 1143 5339 vobis
1168 5288 1470 5345 schismata.
1501 5292 1629 5350 Sitis
1651 5316 1749 5351 au—

176 5364 271 5409 tem
312 5363 529 5432 perfecti
572 5368 627 5422 in
669 5371 850 5426 eodem
898 5392 1051 5430 sensu
1098 5387 1146 5432 et
1196 5379 1267 5434 in'
1297 5383 1478 5437 eadem
1524 5389 1745 5445 scientia

174 5444 223 5511 (Ι
261 5447 383 5503 Cor.
403 5454 463 5524 ι).
483 5455 626 5513 Bene
644 5475 709 5514 au
719 5468 824 5517 tem
845 5464 1061 5533 dicitur,
1093 5469 1227 5523 Cum
1249 5474 1496 5530 concisus
1527 5477 1747 5550 clangor

174 5533 510 5608 increpuerit,
541 5552 904 5607 movebuntur
928 5567 1109 5611 castra
1134 5576 1147 5610 :
1175 5560 1301 5629 quia
1343 5563 1596 5620 nimirum
1619 5584 1742 5624 cum

172 5625 415 5685 subtilius
446 5647 512 5689 ac
538 5638 799 5695 minutius
822 5646 1222 5711 praedicationis
1247 5666 1428 5707 sermo
1454 5663 1736 5724 tractatur,

172 5712 468 5774 auditorum
515 5733 726 5781 mentes
769 5740 958 5785 contra
1020 5740 1374 5799 tentationum
1437 5748 1736 5803 certamina

564 5816 835 5880 Pnact..
871 5823 1086 5885 CVIII.

1923 579 2014 646 qui
2058 590 2179 634 sunt
2221 584 2291 636 ad
2333 587 2639 643 orientalem
2683 590 2914 663 plagam.
2968 597 3196 665 Quinam
3255 579 3381 667 sunt
3420 579 3494 670 illi

1923 671 2013 740 qui
2041 673 2107 727 ad
2155 676 2472 733 orientalem
2518 680 2729 754 plagam
2779 696 2953 744 castra
2998 706 3235 763 movent,
3288 703 3392 760 nisi
3438 706 3498 765 lli

1922 763 2116 831 quibus
2160 766 2251 821 lux
2316 768 2439 824 lidei
2490 774 2724 842 primum
2758 777 2969 834 fulsit?
3022 780 3296 848 Ordinatis
3365 763 3497 870 ergo

1925 851 2196 923 Evangelii
2237 859 2701 931 praedicatoribus,
2737 868 2970 936 primum
3014 873 3263 935 Salvator
3292 851 3498 953 praede:-

1921 941 1997 1010 pit
2027 961 2039 996 :
2072 943 2141 998 In
2167 947 2302 1002 viam
2331 953 2559 1020 gentium
2593 972 2656 1010 ne
2681 958 2932 1020 abieritis.
2962 976 3014 1017 et
3050 968 3103 1021 in
3126 941 3359 1030 civitales
3388 976 3494 1033 Sa-

1920 1033 2302 1091 maritanorum
2346 1055 2409 1095 ne
2437 1042 2776 1113 intraveritis,
2806 1052 2899 1105 sed
2936 1058 3111 1124 potius
3154 1062 3222 1115 ite
3248 1065 3320 1118 ad
3348 1084 3486 1135 oves,

1916 1135 2035 1189 qua:
2072 1126 2336 1193 perierunt
2380 1130 2569 1187 domus
2598 1134 2772 1192 Israel
2815 1140 3032 1214 (Matth.
3084 1149 3139 1219 χ)
3167 1168 3178 1203 :
3211 1155 3405 1223 quibus
3433 1126 3491 1215 et

1917 1207 2030 1277 ipsa
2073 1210 2287 1271 Veritas
2338 1224 2749 1287 prasentialiter
2796 1207 2941 1287 inter
2990 1251 3084 1293 eos
3120 1207 3486 1315 conversam,

1914 1298 2261 1373 Evangelium
2293 1310 2638 1382 praedicabat,
2682 1320 2777 1374 sed
2821 1327 3068 1391 passione
3112 1298 3488 1408 Redemptoris

1914 1394 2083 1448 nostri
2130 1410 2196 1451 ac
2251 1404 2649 1462 resurrectione
2697 1423 3025 1482 perpetrata,
3076 1422 3214 1479 idem
3253 1394 3485 1487 Redem-

1911 1489 2034 1551 ptor
2060 1498 2329 1554 apparens
2373 1489 2651 1564 discipulis
2701 1498 2817 1553 ait:
2848 1502 2987 1559 Data
3031 1519 3107 1562 est
3155 1515 3284 1569 mihi
3314 1523 3484 1578 omnis

1909 1583 2136 1640 potestas
2160 1578 2217 1631 in
2234 1579 2363 1636 caelo
2396 1593 2445 1638 et
2480 1586 2536 1640 in
2559 1596 2720 1644 terra.
2753 1591 2951 1651 Euntes
2986 1616 3127 1671 ergo,
3161 1604 3338 1664 docete
3363 1627 3479 1666 om-

1910 1678 1999 1717 nes
2029 1677 2224 1736 gentes,
2251 1670 2573 1742 baptizantes
2602 1695 2689 1734 eos
2727 1684 2784 1736 in
2819 1689 3026 1743 nomine
3048 1670 3236 1752 Patris
3276 1710 3325 1755 et
3349 1699 3484 1759 Filii

1910 1762 1957 1805 et
1987 1752 2220 1825 Spiritus
2244 1764 2415 1816 sancti
2441 1764 2659 1837 (Matth.
2702 1775 2917 1847 xxvut).
2952 1777 3148 1840 Tribus
3174 1752 3318 1860 ergo

1834 1832 1881 1889 Β
1907 1858 2030 1900 cum
2052 1850 2282 1916 cteteris,
2329 1855 2423 1923 qui
2449 1832 2655 1915 secum
2708 1864 2777 1919 ad
2826 1832 3089 1927 orientem
3141 1832 3478 1949 habitabant,

1905 1932 2141 2001 primum
2164 1947 2343 1995 castra
2392 1948 2673 2016 movebat;
2701 1952 2895 2012 deinde
2937 1970 3146 2019 caeteras
3186 1970 3358 2027 tribus
3398 1932 3482 2030 se:

1904 2024 2137 2081 cundum
2183 2031 2428 2089 ordinem
2467 2052 2624 2093 suum
2674 2060 2688 2095 :
2728 2046 2854 2115 quia
2899 2052 3136 2119 primum
3183 2054 3238 2113 in

1901 2116 2141 2182 oportuit
2177 2118 2476 2180 Ecclesiam
2515 2129 2846 2199 primitivam
2880 2116 3141 2211 construi,
3174 2148 3367 2208 deinde
3402 2171 3471 2211 ex

1900 2211 2111 2267 cunctis
2141 2229 2240 2284 per
2269 2217 2456 2275 orbem
2483 2224 2791 2286 nationibus
2815 2243 3002 2302 gentes
3042 2239 3108 2292 ad
3152 2241 3308 2300 ﬁdem
3343 2263 3476 2304 con-

1900 2303 2105 2356 vocari.
2136 2304 2365 2374 Quando
2410 2321 2591 2370 autem
2640 2325 3051 2394 congregandus
3090 2341 3174 2385 est
3221 2339 3469 2407 populus,

1896 2388 2125 2463 simplici
2160 2398 2404 2456 tubarum
2432 2404 2685 2477 clangore
2712 2419 2767 2465 et
2792 2429 2899 2467 non
2921 2419 3140 2476 concise
3167 2388 3466 2484 ulularbunt.

1895 2476 1952 2533 In
1981 2489 2368 2547 convocatione
2403 2476 2584 2565 populi
2614 2497 2838 2570 simplex
2859 2504 3118 2563 tubarum
3145 2512 3386 2586 clangor,
3413 2528 3473 2574 et
3512 2582 3515 2585 λ

1893 2587 2002 2627 non
2027 2578 2277 2636 concisus
2305 2598 2426 2640 esse
2444 2583 2686 2656 iubetur,
2710 2593 2835 2662 quia
2861 2596 2953 2664 qui
2990 2600 3324 2660 multitudini
3344 2623 3467 2664 ver-

1891 2662 2021 2760 bum
2054 2667 2179 2725 lidei
2225 2676 2508 2744 praedicat,
2565 2681 2798 2754 simplici
2845 2662 2900 2741 et
2951 2700 3136 2760 aperta
3195 2662 3467 2757 locutione

1891 2752 2049 2811 debet
2089 2761 2189 2827 uti,
2235 2776 2504 2833 quatenus
2532 2786 2596 2826 ea
2637 2752 2758 2844 qua:
2784 2752 3039 2836 dicuntur
3071 2785 3225 2841 multi
3269 2790 3468 2845 intelli-

1887 2853 2039 2912 gant,
2068 2857 2125 2904 et
2151 2853 2302 2909 multi
2331 2856 2455 2914 inde
2481 2861 2838 2932 tedilicentur,
2867 2884 2935 2924 ne
2970 2869 3110 2928 forte
3137 2875 3181 2930 si
3207 2878 3456 2937 obscura:

1887 2930 2144 2993 locutioni
2166 2942 2354 2998 doctor
2375 2961 2595 3017 operam
2629 2930 2860 3023 dederit,
2892 2967 2947 3012 et
2974 2959 3155 3031 ignota
3185 2968 3347 3023 verba
3374 2971 3458 3026 in-

1878 3389 1980 3443 nisi
2020 3391 2160 3449 vobis
2194 3395 2400 3469 loquar,
2434 3413 2527 3457 aut
2568 3406 2624 3460 in
2654 3409 2981 3480 reuelatione,
3014 3427 3106 3472 aut
3131 3419 3185 3473 in
3212 3423 3450 3491 scientia,

1873 3489 1967 3532 aut
1996 3480 2050 3535 in
2080 3487 2373 3556 prophetia,
2398 3502 2489 3546 aut
2518 3493 2573 3549 in
2614 3494 2851 3553 doctrina
2875 3502 2901 3555 ?
2931 3501 3146 3571 Tamen,
3181 3526 3298 3580 qua:
3338 3480 3454 3568 sine

1873 3569 2051 3624 anima
2078 3584 2198 3626 sunt
2224 3590 2397 3631 vocem
2427 3580 2631 3649 dantia,
2661 3587 2766 3640 sive
2787 3589 2930 3654 tibia,
2957 3593 3063 3647 sive
3087 3597 3311 3664 cithara,
3342 3602 3445 3656 nisi

1871 3655 2255 3717 distinctionem
2296 3667 2499 3723 sonitus
2545 3670 2818 3741 dederint,
2861 3684 3119 3748 quomodo
3165 3684 3358 3741 scietur
3394 3692 3449 3744 id

1869 3746 2009 3816 quod
2038 3752 2264 3820 canitur,
2302 3766 2394 3811 aut
2440 3760 2829 3821 citharizatur?
2858 3746 3067 3826 Etenim
3115 3778 3160 3830 si
3196 3779 3448 3837 incertam

1869 3852 2044 3928 vocem
2067 3841 2155 3895 det
2180 3843 2322 3909 tuba,
2351 3849 2468 3918 quis
2492 3854 2700 3922 parabit
2725 3873 2780 3911 se
2804 3860 2874 3913 ad
2900 3860 3090 3918 bellum
3113 3865 3139 3919 2
3158 3866 3245 3923 Ita
3270 3881 3318 3925 et
3352 3888 3443 3928 vos

1864 3942 1959 3997 per
1978 3927 2232 4001 linguam,
2250 3937 2353 3991 nisi
2372 3942 2706 4012 ntanifestum
2719 3964 3008 4006 sermonem
3019 3955 3288 4028 dederitis,
3311 3980 3438 4035 quo-

1866 4018 2021 4074 modo
2042 4024 2239 4078 scietur
2270 4028 2325 4082 id
2358 4032 2498 4100 quod
2521 4034 2715 4092 dicitur
2734 4040 2760 4092 .9
2783 4040 2851 4097 Et
2887 4043 3015 4100 item
3051 4066 3065 4102 z
3109 4049 3250 4115 Quid
3273 4018 3402 4127 Iei'gc
3420 4099 3437 4121 .

1867 4107 2063 4180 inquit,
2096 4124 2172 4169 est
2204 4115 2443 4184 fratres?
2469 4122 2601 4179 Cum
2646 4134 2946 4201 convenitis,
2979 4107 3445 4214 unusquisqueare-

1860 4210 2028 4257 stram
2060 4206 2323 4275 psalmum
2347 4213 2520 4282 habet,
2560 4217 2855 4277 doctrinam
2876 4226 3049 4292 habet,
3074 4206 3437 4304 apocalypsim

1861 4288 2038 4358 habet,
2068 4293 2307 4366 linguam
2339 4300 2515 4369 habet,
2547 4288 3230 4387 interpretationem’habet,
3261 4288 3440 4381 zamia

1859 4380 1930 4434 ad
1951 4382 2353 4453 atdiﬁcationem
2370 4393 2505 4461 ﬁant
2533 4395 2597 4468 (Γ
2614 4395 2738 4453 Cor.
2768 4401 2900 4473 xw).
2917 4403 3177 4472 Quamvis
3201 4380 3350 4469 enim
3372 4380 3436 4471 in

1861 4470 2020 4529 hortis
2044 4476 2359 4538 doctoribus
2388 4492 2536 4542 tanta
2564 4488 2788 4548 docendi
2828 4470 2959 4552 cura
2982 4500 3053 4554 sit
3077 4502 3161 4557 vel
3184 4520 3305 4561 esse
3344 4509 3439 4566 de-

1863 4563 2010 4632 beat,
2037 4578 2095 4622 ut
2119 4570 2363 4640 verbum,
2392 4578 2515 4646 quia
2552 4580 2713 4638 nimis
2741 4586 3031 4646 obscurum
3055 4593 3126 4649 sit
3150 4596 3235 4651 vel
3261 4601 3436 4657 ambi-

1860 4658 2313 4728 guum,Latinuut
2331 4679 2454 4723 esse
2470 4686 2575 4725 non
2605 4674 2796 4743 possit,
2830 4679 2970 4750 vulgi
2990 4690 3167 4741 tamen
3180 4688 3260 4743 sic
3281 4706 3433 4748 more

1860 4746 2093 4817 dicatur,
2110 4761 2170 4807 ut
2194 4756 2524 4829 ambiguitas
2550 4763 2713 4821 obscu
2722 4746 2957 4839 ritusque
2972 4772 3173 4829 vitetur
3192 4795 3205 4830 :
3231 4795 3336 4835 non
3354 4784 3434 4838 sic

1859 4835 2091 4906 dicatur,
2123 4852 2241 4899 uta
2268 4846 2461 4917 doctis,
2492 4853 2587 4908 sed
2630 4856 2811 4924 potius
2842 4835 2901 4913 u-t
2941 4862 3008 4917 ab
3051 4863 3281 4923 indoctis
3323 4835 3429 4928 dici

1858 4929 2014 4985 solet.
2088 4933 2227 5001 Quid
2288 4940 2432 4994 enim
2493 4944 2715 5012 prodest
2773 4947 3059 5010 locutionis
3103 4957 3426 5031 integritas,

1853 5038 2017 5093 quam
2060 5041 2166 5080 non
2207 5030 2452 5097 sequitur
2483 5033 2787 5093 intellectus
2829 5043 3118 5111 audientis,
3167 5030 3292 5105 eum
3345 5053 3427 5110 Io-

1851 5119 2052 5187 quendi
2080 5122 2303 5178 omnino
2335 5123 2481 5180 nulla
2518 5128 2589 5182 sit
2625 5145 2811 5199 causa,
2863 5137 2956 5191 sed
3001 5142 3145 5208 quod
3191 5143 3428 5214 loquitur

1851 5224 1958 5263 non
1992 5209 2311 5284 intelligunt,
2365 5230 2585 5287 propter
2634 5237 2769 5292 quos
2807 5235 2861 5281 ut
2903 5228 3201 5304 intelligant
3248 5209 3423 5307 loqui-

1850 5300 2009 5352 mur?
2034 5297 2135 5367 Qui
2164 5318 2292 5373 ergo
2322 5304 2499 5373 docet,
2528 5310 2721 5369 vitabit
2760 5318 2944 5372 omnia
2969 5297 3134 5377 verba
3161 5340 3283 5393 qua:
3310 5297 3417 5380 non

1851 5388 2062 5444 docent.
2112 5392 2178 5446 Et
2205 5394 2248 5448 si
2278 5410 2377 5465 pro
2418 5398 2503 5453 his
2535 5401 2736 5472 aliqua,
2778 5423 2898 5475 qua:
2930 5388 3303 5480 intelliguntur
3330 5417 3417 5470 in-

1852 5486 1999 5551 tegra
2038 5493 2216 5552 potest
2263 5487 2466 5554 dicere,
2506 5491 2558 5545 id
2591 5496 2761 5565 magis
2797 5498 2974 5569 eliget.
3009 5501 3064 5554 Si
3096 5509 3275 5556 autem
3311 5521 3417 5561 non

1847 5577 2048 5639 potest,
2080 5574 2191 5627 sive
2216 5576 2340 5644 quia
2363 5591 2470 5632 non
2501 5590 2645 5647 sunt,
2674 5585 2787 5639 sive
2809 5587 2860 5640 in
2889 5589 3174 5657 prmsentia
3201 5606 3307 5647 non
3333 5610 3421 5650 oc-

1847 5670 2091 5728 currunt,
2123 5672 2306 5720 utetur
2352 5667 2517 5722 etiam
2567 5671 2743 5726 verbis
2776 5675 2954 5729 minus
2998 5677 3245 5747 integris,
3288 5681 3416 5737 dum

1849 5761 2025 5805 tamen
2067 5769 2150 5805 res
2200 5755 2312 5823 ipsa
2369 5757 2628 5813 doceatur
2681 5770 2842 5829 atque
2889 5765 3129 5821 discatur
3177 5768 3415 5841 integre.

2827 5856 2893 5912 21
