3932 6188
380 356 390 367 ’
468 360 574 416 651

468 477 541 531 Et
565 474 668 527 hoc
713 462 928 536 quidem
976 472 1080 510 non
1125 450 1297 505 solum
1348 446 1400 499 in
1432 438 1715 497 collocutio

472 570 606 621 ﬁant
634 571 756 614 cum
793 552 972 619 aliquo
1024 558 1155 607 uno,
1201 539 1313 594 sive
1356 548 1478 588 cum
1528 526 1788 597 pluribus,
1826 532 2042 577 verum-

473 655 636 712 etiam
666 644 834 701 multo
858 638 1027 706 magis
1050 636 1102 687 in
1127 626 1356 702 populis,
1394 618 1607 693 quando
1625 629 1812 676 sermo
1838 607 2045 706 promi-

616 738 676 791 ut
718 693 1052 797 intelligaUtur
1094 693 1401 774 instandum
1428 717 1531 764 est.
1564 706 1660 760 Est
1699 710 1879 756 autem
1909 693 2050 765 opti-

481 848 601 890 mus
631 825 819 883 modus
845 814 1081 877 dicendi,
1111 824 1217 881 quo
1250 806 1328 871 ﬁt,
1360 811 1418 858 ut
1442 799 1536 871 qui
1565 796 1711 852 audit
1736 806 1919 847 verum
1959 801 2052 840 au-

483 879 612 985 diat,
659 879 898 982 etquod
937 903 1107 965 audit,
1129 879 1409 967 intelligat
1446 911 1457 945 :
1489 890 1861 952 bonorumque
1907 879 2054 947 inge-

416 1002 419 1007 ’
487 1012 694 1066 niorum
720 997 945 1069 insignis
974 1000 1058 1048 est
1085 987 1312 1051 indoles,
1345 984 1398 1037 in
1423 978 1604 1035 verbis
1628 987 1815 1029 verum
1850 980 2052 1028 amare,

1104 340 1166 393 Β.
1209 326 1461 391 ΒΛΒᾹΝΙ
1503 321 1720 382 .‘IIAURI
1762 315 2080 374 ARCHIEP.

2205 308 2431 365 lGUNT.
2471 302 2754 362 OPEIIUM
2792 296 2970 354 PARS
3003 295 3044 349 I.

3621 281 3722 335 633?.

1718 435 1874 489 nibus
1926 428 2038 483 sive
2068 428 2116 487 Α
2144 425 2238 478 bis.
2270 424 2416 476 Anno
2442 418 2690 480 secundo,
2720 429 2892 467 mense
2926 405 3170 465 εοεηηιιυ,
3201 400 3442 471 vigesimo
3479 397 3565 450 die
3587 411 3727 447 men-

2145 519 2236 581 sis,
2262 514 2455 569 elevata
2481 520 2555 565 est
2584 506 2739 563 nubes
2775 506 2839 557 de
2870 494 3209 555 tabernaculo
3252 490 3459 562 {aderis
3486 502 3503 539 :
3556 486 3727 555 profe-

2147 576 2314 676 ctique
2342 610 2460 657 sunt
2490 597 2588 669 ﬁlii
2634 592 2802 649 Israel
2845 607 2937 657 per
2979 597 3183 640 turmas
3229 596 3375 643 suas,
3408 577 3473 630 de
3520 576 3727 628 deserto

2150 694 2334 757 Sinai,
2378 701 2423 744 et
2466 686 2698 743 recubuit
2740 681 2898 737 nubes
2923 678 2980 732 in
3025 672 3307 728 solitudine
3336 669 3577 730 Pharon,
3626 676 3732 719 etc.

2153 786 2200 858 (1
2250 755 2427 838 Thess.
2460 778 2532 851 ν).
2564 773 2891 831 Duodecima
2921 767 3199 823 mansione
3229 766 3497 816 venerunt
3538 756 3631 810 lilii
3653 755 3730 809 Is-

2156 878 2268 934 rael
2294 877 2345 930 in
2390 873 2664 926 desertum
2710 863 2884 921 Sinai.
2930 854 3345 930 quadragesimo
3374 850 3606 919 septimo
3631 848 3738 909 dic,

2154 985 2220 1023 ex
2252 981 2358 1037 quo
2393 964 2458 1017 de
2500 959 2728 1031 Egypto
2769 952 3124 1013 transierunt,
3153 944 3419 1017 probante
3451 939 3739 1008 Scriptura

487 1031 694 1066 IIIOI'IIIII
723 1031 945 1069 ιιιθιδιιιο
974 1031 1058 1048 μου
1086 1031 1312 1051 ..μιν-νυ,
1345 1031 1398 1037 ---
1438 1031 1532 1035 νη,
2269 1031 2285 1037 ν

487 1115 592 1154 non
621 1094 805 1149 verba.
848 1085 986 1153 Quid
1014 1080 1156 1136 enim
1190 1074 1411 1147 prodest
1453 1069 1621 1124 clavis
1650 1078 1835 1127 aurea,
1862 1059 1906 1113 si
1935 1072 2060 1126 ape«
2158 1056 2329 1113 Exodi
2350 1069 2412 1107 ac
2453 1052 2665 1106 dicente
2698 1042 2723 1100 ε’
2748 1042 2924 1099 Mense
2965 1039 3117 1095 tertio
3160 1033 3468 1107 egressionis
3509 1031 3739 1099 ﬁliorum

1834 1151 1847 1154 ‘
1995 1146 2026 1154 “
2170 1150 2190 1154 -
2320 1146 2329 1154 ·
2374 1146 2385 1154 ·
2473 1141 2518 1154 -τ
2628 1150 2638 1154 -
2729 1137 2742 1149 ο
2815 1134 2884 1154 :2-
2932 1132 3023 1154 ι--
3073 1122 3467 1154 ...-..-.--........-..
3497 1118 3739 1154 “mum-

488 1191 595 1242 rire
624 1182 765 1254 quod
803 1146 1047 1231 volumus
1088 1146 1209 1224 noni
1224 1163 1444 1236 potest?
1486 1160 1595 1213 Aut
1637 1154 1766 1233 quid
1800 1151 1954 1206 obest
1994 1146 2060 1200 li-
2093 1189 2118 1198 -

490 1239 658 1349 gnea:
673 1273 718 1328 si
747 1273 850 1326 hoc
874 1271 1071 1338 potest,
1100 1258 1313 1330 quando
1354 1253 1486 1308 nihil
1512 1248 1809 1321 quterimus
1854 1239 1962 1296 ni"i
2003 1244 2064 1292 νι

491 1344 673 1437 pateat
701 1358 842 1430 quod
877 1355 1118 1411 clausum
1148 1347 1272 1402 est?
1304 1344 1596 1413 Sequitur:

567 1453 693 1506 Filii
719 1426 891 1503 autem
914 1444 1089 1497 Aaron
1112 1435 1395 1492 sacerdotis
1416 1430 1655 1500 clangent
1683 1426 1842 1489 tubis,
1869 1428 2067 1490 eritque

496 1547 590 1598 hoc
619 1539 901 1610 legitimum
940 1530 1305 1599 sempiternum
1336 1523 1391 1575 in
1426 1515 1840 1592 generationibus
1868 1511 2065 1566 uestris.

497 1635 615 1691 Filii
648 1605 862 1700 quidem
914 1624 1094 1677 Aaron
1141 1617 1388 1688 clangent
1444 1611 1605 1677 tubis,
1658 1621 1779 1662 cum
1822 1605 2072 1659 doctores

501 1721 670 1781 sancti
707 1716 1002 1790 prmdicant
1031 1711 1252 1766 verbum
1301 1705 1418 1771 Dei,
1460 1711 1515 1758 et
1543 1700 1683 1754 viam
1726 1692 1951 1768 iustitia:
1981 1707 2073 1746 au-

2161 1146 2329 1204 lsrael
2351 1146 2414 1198 de
2446 1141 2695 1211 Egi/pta,
2725 1137 2777 1190 in
2803 1134 2885 1187 die
2926 1132 3024 1184 hac
3069 1128 3388 1209 transierunt
3413 1122 3468 1176 in
3494 1118 3739 1176 solitudi—

2164 1256 2280 1296 nem
2310 1236 2479 1292 Sinai.
2512 1228 2844 1300 Profectique
2883 1222 3038 1278 simul
3079 1221 3143 1274 de
3169 1216 3470 1289 Raphidim,
3497 1219 3746 1266 uenerunt

2167 1329 2221 1387 in
2245 1330 2503 1383 desertum
2532 1320 2698 1384 Sinai,
2743 1326 2790 1371 et
2820 1324 2993 1370 castra
3031 1309 3213 1364 metati
3258 1314 3377 1359 sunt
3423 1305 3480 1357 in
3526 1313 3744 1355 eremo:

2167 1422 2396 1491 seditque
2424 1411 2589 1469 Israel
2610 1410 2683 1465 ibi
2707 1425 2734 1462 e
2761 1407 2967 1476 regione
2995 1401 3184 1456 montis
3210 1416 3228 1452 :
3257 1408 3304 1451 et
3335 1395 3548 1464 Moyses
3572 1405 3751 1442 ascen—

2169 1513 2244 1567 dit
2266 1509 2345 1564 ad'
2361 1506 2660 1561 Dominum.
2699 1496 3009 1565 Vocaritque
3035 1507 3151 1545 eum
3182 1488 3437 1542 Dominus
3468 1482 3532 1534 de
3557 1486 3753 1537 monte,

2171 1602 2369 1663 dicens,
2388 1602 2446 1649 et
2468 1592 2673 1661 reliqua
2705 1585 2898 1659 (Exod.
2924 1581 3059 1652 XIX).
3094 1580 3159 1633 Et
3183 1591 3394 1632 rursum
3421 1590 3437 1627 :
3473 1571 3645 1629 Vade,
3676 1568 3756 1619 in-

2174 1690 2292 1760 quit
2319 1660 2603 1744 Dominus,
2624 1681 2689 1733 ad
2723 1676 2998 1748 populum,
3025 1681 3071 1725 et
3113 1667 3384 1737 sanctiﬁca
3411 1679 3498 1718 eos
3534 1660 3689 1713 hodie
3711 1666 3759 1709 et

502 1749 670 1781 Silllcu
707 1749 1002 1790 μιωυιιαιη
1041 1749 1252 1766 tul-Jun"
1304 1749 1418 1771 ηιμ,
1463 1749 1514 1758 υ-
1556 1749 1682 1754 ._____
1726 1749 1765 1768 σν
1798 1749 1807 1750 7
2192 1749 2210 1760 .

502 1811 766 1869 ditoribus
803 1802 938 1869 suis,
970 1802 1052 1856 vel
1079 1799 1253 1856 studia
1295 1796 1688 1854 demonstrant,
1719 1794 1987 1857 quatenus
2019 1782 2071 1835 in
2101 1771 2290 1835 B'cras
2315 1793 2331 1829 :
2354 1786 2401 1830 et
2428 1774 2597 1828 lavent
2626 1769 2925 1824 vestimenta
2946 1781 3065 1825 sua,
3103 1762 3307 1829 sintque
3334 1754 3507 1826 parati
3539 1752 3590 1803 in
3616 1749 3757 1800 diem

2534 1864 2544 1869 -
2728 1861 2738 1869 .
2823 1858 2854 1869 ιι
2936 1857 2946 1869 l
3123 1853 3133 1869 Ι
3173 1861 3183 1869 .
3242 1848 3491 1869 ηΑμμξ---.-
3557 1842 3757 1869 ..ἶι’ρι-ΙΛ

505 1904 695 1961 semita
726 1896 1097 1953 mandatorum
1126 1888 1221 1945 Dei
1264 1885 1541 1958 gressibus
1565 1882 1827 1936 bonorum
1850 1887 2073 1944 operum

509 1990 806 2052 ambulant,
848 1994 904 2041 et
933 1985 1038 2038 iter
1067 1979 1354 2049 impiorum
1401 1974 1639 2030 devitarc
1680 1966 1968 2024 sustinent.
2010 1962 2078 2017 Et

509 2090 653 2145 nota,
688 2077 829 2148 quod
854 2091 959 2129 non
1008 2070 1097 2126 alii
1127 2067 1377 2139 quilibet,
1418 2065 1513 2119 sed
1543 2060 1637 2115 lilii
1681 2058 1864 2112 Aaron
1886 2054 2079 2126 juben-

513 2183 598 2227 tur
632 2169 773 2225 tubis
809 2166 1077 2235 clangere,
1109 2159 1236 2229 quia
1276 2155 1495 2228 proprie
1522 2150 1756 2207 cilicium
1785 2155 1870 2203 est
1899 2158 2081 2201 sacer-

477 2262 481 2268 ’
512 2265 716 2326 dolum,
757 2255 1104 2328 Evangelium
1134 2248 1338 2305 Christi
1378 2244 1587 2317 populis
1615 2240 1926 2313 praidicare,
1958 2235 2080 2306 qui-

504 2358 614 2410 bus
643 2367 737 2423 per
763 2326 1081 2421 prophetam
1109 2342 1305 2399 dicitur
1328 2358 1341 2392 :
1387 2336 1588 2401 Clama,
1620 2351 1681 2388 ne
1704 2347 1867 2386 cesses
1891 2345 1907 2383 :
1935 2326 2084 2398 quasi

517 2416 841 2499 tuba-exulta
862 2416 1039 2492 uocem
1064 2444 1207 2487 tuam
1236 2429 1372 2503 (Isa.
1399 2426 1572 2484 Lvtttl.
1620 2424 1687 2478 Et
1716 2424 1844 2477 item
1873 2441 1885 2474 :
1920 2416 2087 2472 Exol—

514 2546 594 2600 ta,
628 2532 821 2601 inquit,
853 2530 905 2581 iu
933 2523 1238 2596 fortitudine
1283 2535 1455 2575 vocem
1486 2527 1655 2580 tuam,
1699 2512 1788 2582 qui
1829 2507 2088 2580 evangeli-

523 2643 611 2679 sas
644 2600 816 2677 Sion:
845 2616 1040 2679 exaltu,
1066 2612 1170 2668 noli
1201 2611 1400 2675 timere,
1444 2602 1548 2662 etc:
1593 2604 1727 2676 (Isa.
1762 2600 1874 2673 XL).

593 2713 650 2768 Si
676 2709 905 2765 exieritis
928 2705 995 2759 ad
1026 2702 1213 2757 bellum
1236 2700 1299 2753 de
1326 2707 1467 2752 terra
1500 2704 1665 2750 vestra
1694 2702 1875 2747 contra
1896 2690 2090 2760 hostes,

523 2806 611 2877 qui
637 2802 885 2858 dimicant
914 2797 1185 2852 adversum
1208 2807 1295 2846 vos
1324 2787 1570 2858 clangetis
1595 2781 1915 2838 ululantibus
1936 2778 2091 2841 tubis,

524 2905 570 2948 et
598 2895 693 2949 erit
723 2889 1012 2946 recordatio
1058 2884 1209 2940 vestri
1263 2897 1439 2937 coram
1490 2877 1711 2936 Domino
1758 2873 1866 2927 Deo
1906 2881 2091 2926 uestro.

529 2982 870 3041 Ululantibus
907 2976 1048 3032 tubis
1075 2974 1363 3045 clangitur,
1410 2968 1626 3040 quando
1672 2979 1856 3021 coram
1887 2958 2099 3031 populis

526 3075 596 3132 ad
618 3070 987 3146 paenitentiam
1010 3074 1064 3121 et
1084 3061 1547 3134 compunctionem
1571 3057 1932 3126 lacrymarum
1953 3048 2101 3104 exei-

2176 1871 2408 1929 tertium,
2456 1864 2579 1936 quia
2621 1861 2772 1915 tertio
2800 1858 2884 1911 die
2913 1853 3184 1910 descendet
3236 1848 3506 1905 Dominus,
3557 1842 3762 1896 uidente

2177 1960 2412 2015 universo
2440 1931 2630 2025 populo
2652 1965 2809 2020 super
2834 1955 3059 2001 montem
3099 1941 3253 1997 Sinai
3279 1934 3492 2009 (lbid.),
3523 1931 3670 2003 quod
3711 1937 3766 1982 et

2179 2050 2380 2104 factum
2399 2052 2499 2100 est.
2528 2043 2906 2107 Laveruntque
2928 2034 3246 2090 vestimenta
3290 2044 3417 2091 sua,
3442 2037 3499 2079 et
3526 2025 3593 2076 ab
3624 2035 3761 2073 um-

2182 2156 2301 2195 rum
2323 2137 2467 2193 coitu
2497 2130 2732 2203 separati
2756 2135 2899 2190 sunt,
2943 2126 3135 2194 dieque
3159 2122 3320 2176 tertio
3354 2113 3639 2171 descendit
3666 2113 3763 2164 Do-

2184 2227 2432 2286 minusin
2457 2232 2714 2280 montem.
2742 2220 2859 2287 Quo
2882 2217 3216 2280 fumante,et
3243 2211 3471 2282 fulgore,
3502 2205 3764 2262 tonitruo,

2185 2321 2433 2390 caligine,
2464 2329 2598 2370 voce
2646 2311 2806 2375 tubre,
2855 2306 3159 2364 mortalium
3205 2300 3370 2358 corda
3418 2293 3768 2352 terrentibus,

2189 2386 2396 2483 Moyses
2454 2407 2803 2478 loquebatur,
2858 2409 2910 2457 et
2964 2398 3222 2454 Dominus
3272 2389 3642 2463 respondebat
3698 2386 3768 2439 ei.

2190 2503 2553 2574 Suppntemus
2599 2509 2911 2557 numerum,
2956 2500 3007 2546 et
3059 2488 3397 2545 inveniemus
3437 2482 3773 2553 quinquage-

2191 2594 2329 2650 simo
2353 2592 2440 2647 die
2485 2586 2817 2660 egressionis
2861 2582 3028 2637 Israel
3074 2581 3139 2635 de
3193 2577 3448 2648 Egypto,
3489 2574 3545 2627 in
3575 2571 3777 2625 vertice

2193 2683 2389 2738 montis
2419 2680 2569 2735 Sinai
2595 2679 2765 2749 legem
2796 2676 2998 2729 datam.
3041 2671 3192 2727 Unde
3223 2678 3275 2723 et
3316 2667 3670 2721 Pen‘ecostes
3696 2677 3772 2714 ce~

2197 2774 2439 2829 Iebratur
2481 2769 2815 2831 solemnitas,
2852 2772 2905 2819 et
2932 2771 3120 2834 postea
3168 2757 3440 2829 Evangelii
3472 2767 3779 2809 sacramen-

2201 2874 2330 2928 tum,
2360 2862 2534 2919 sancti
2561 2858 2795 2929 Spiritus
2819 2853 3170 2910 descensione
3190 2849 3510 2918 completur.
3542 2844 3779 2914 Longum

2200 2964 2301 3021 est,
2329 2955 2375 3010 si
2423 2951 2684 3022 replicare
2706 2947 2889 3011 velim,
2934 2944 3063 3014 quid
3090 2943 3143 2996 in
3174 2941 3291 3010 lege
3321 2944 3655 3007 praeoptent
3693 2934 3778 2995 sit,

2202 3045 2470 3118 quomodo
2524 3042 2843 3097 fabricatum
2897 3034 3299 3092 tabernaculum
3323 3073 3338 3095 ,
3388 3046 3509 3100 qua:
3554 3028 3783 3081 varietas

533 3121 596 3132 ""
619 3121 895 3146 l"'""""‘
925 3121 929 3122 ν
1206 3121 1223 3134 ι
1687 3121 1703 3126 _

533 3164 752 3220 tandam
801 3172 980 3215 sermo
1030 3154 1357 3216 deﬂectitur,
1403 3159 1459 3205 et
1503 3147 1667 3204 corda
1699 3144 2008 3198 auditorum
2040 3138 2108 3194 ad
2136 3121 2180 3182 Ο
2215 3137 2534 3199 hostiarum,
2565 3148 2685 3203 quae
2710 3144 2965 3185 vasorum
2991 3126 3298 3188 diversitas,
3328 3138 3447 3192 qua:
3475 3121 3783 3185 indumenta

530 3253 745 3311 Domini
804 3246 1229 3304 misericordiam
1282 3237 1671 3309 implorandam
1721 3237 2106 3304 provocamur.
2211 3225 2500 3300 pontiﬁcis,
2542 3237 2663 3295 quin
2703 3221 3050 3276 sacerdotum
3100 3232 3163 3272 ac
3189 3215 3504 3271 Levitarum
3535 3224 3782 3265 emerue-

500 3356 505 3361 ‘
537 3342 604 3400 Ut
628 3339 908 3403 eruamini,
940 3337 1038 3400 ait,
1060 3334 1126 3387 de
1162 3330 1399 3386 manibus
1429 3325 1761 3380 inimicorum
1800 3328 2108 3376 uestrorum.
2214 3317 2336 3381 uiae,
2369 3315 2497 3387 quid
2538 3312 2766 3384 egerint,
2797 3309 3065 3379 quomodo
3089 3305 3320 3378 populus
3357 3308 3680 3357 numeratus
3701 3296 3781 3356 sit,

539 3434 675 3503 Quia
704 3441 927 3485 necesse
952 3435 1052 3489 cst,
1083 3432 1138 3478 ut
1160 3423 1226 3477 ab
1257 3419 1403 3475 omni
1431 3422 1699 3487 potestate
1718 3421 1908 3469 contra
1930 3410 2116 3465 hostes

539 3535 594 3583 et
613 3531 798 3578 contra
825 3517 1093 3588 nequitias
1117 3511 1389 3584 spiritales
1423 3507 1681 3563 auxilium
1710 3513 1948 3575 petatur,
1983 3513 2117 3570 qua-

536 3623 698 3668 tenus
729 3622 824 3663 sua
852 3604 1025 3677 gratia
1055 3619 1148 3657 eos
1188 3604 1454 3672 protegat,
1483 3595 1577 3668 qui
1622 3609 1729 3649 non
1778 3590 1980 3647 habent
2014 3587 2116 3643 nisi

542 3703 608 3757 de
635 3715 734 3755 sua
766 3690 965 3767 pietate
996 3692 1268 3749 ﬁduciam.
1303 3687 1361 3744 Si
1401 3685 1609 3760 quando
1632 3681 1884 3739 habebitis
1909 3678 2119 3751 epulum

542 3804 590 3849 et
619 3794 729 3846 dies
753 3789 909 3859 festos
930 3797 976 3841 et
1007 3783 1282 3848 kalendas,
1316 3780 1510 3835 canetis
1532 3778 1667 3832 tubis
1693 3791 1849 3845 super
1872 3771 2120 3826 holocau-

545 3884 636 3936 stis
664 3890 711 3935 et
752 3876 985 3949 paciﬁcis
1025 3873 1265 3935 victimis,
1311 3880 1367 3923 ut
1414 3869 1516 3923 sint
1547 3868 1685 3921 vobis
1723 3865 1777 3919 in
1808 3862 2123 3918 recordatio-

549 3987 663 4025 nem
690 3969 784 4022 Dei
806 3967 998 4021 vestri:
1028 3979 1119 4033 ego
1156 3961 1411 4015 Dominus
1452 3957 1593 4015 Deus
1639 3965 1818 4011 vester.
1861 3952 2121 4008 Conside-

551 4060 778 4116 randum
809 4056 960 4110 nobis
1010 4062 1114 4119 est,
1157 4051 1298 4122 quod
1332 4050 1603 4121 legislator
1632 4048 1685 4102 in
1714 4045 1957 4101 adversis
1987 4053 2042 4098 et
2069 4044 2124 4097 in

550 4147 845 4223 prosperis,
874 4145 1017 4200 tubis
1044 4143 1293 4212 clangere
1322 4140 1563 4203 mandat,
1590 4137 1714 4207 quia
1760 4151 1895 4207 pene
1922 4132 2124 4187 nullum

554 4251 762 4310 tempus
783 4246 886 4302 est,
914 4235 1055 4305 quod
1083 4248 1186 4287 non
1214 4230 1393 4287 habile
1438 4230 1510 4285 sit
1547 4237 1603 4283 et
1649 4236 2028 4299 opportunum,
2060 4224 2129 4279 ad

552 4343 855 4388 sermonem
879 4326 1257 4399 proferendum
1283 4323 1540 4379 divinum.
1565 4319 1719 4376 Modo
1735 4320 1877 4376 enim
1895 4318 2131 4374 lectioni-

538 4425 654 4480 ”bus
667 4431 878 4492 tempus
889 4427 971 4474 est
986 4419 1082 4484 uti,
1099 4419 1256 4473 modo
1270 4415 1449 4470 cantui
1463 4413 1733 4470 deservire
1754 4412 1957 4478 divino,
1973 4410 2131 4465 modo

541 4513 766 4578 orandi,
799 4510 955 4566 modo
1000 4508 1247 4574 docendi,
1280 4507 1435 4562 modo
1471 4503 1810 4567 exhortandi,
1846 4502 2002 4556 modo
2049 4500 2129 4555 in-

557 4602 814 4672 crepandi
865 4599 1238 4670 opportunitas
1281 4611 1338 4651 se
1374 4594 1604 4659 confert,
1657 4593 1782 4663 quia
1834 4591 2128 4645 secundum

561 4692 873 4761 qualitatem
926 4687 1253 4749 auditorum,
1308 4698 1487 4739 sermo
1541 4698 1754 4751 semper
1804 4679 2129 4733 conformari

563 4782 720 4837 debet
759 4783 1057 4836 doctorum.
1091 4778 1224 4833 ll’inc
1250 4792 1461 4846 quoque
1502 4790 1597 4845 per
1622 4771 1960 4826 Psalmistam
2004 4771 2133 4825 dici-

554 4883 654 4930 tur
686 4894 698 4927 :
739 4873 939 4926 Bonum
965 4882 1036 4925 est
1062 4870 1296 4939 conﬁteri
1325 4868 1569 4932 Domino,
1615 4877 1659 4919 et
1685 4861 1907 4936 psallere
1936 4864 2131 4917 nomini

566 4979 676 5031 tuo,
701 4965 982 5019 Altissime.
1003 4964 1080 5017 Ad
1106 4960 1524 5017 aununtiaudum
1546 4974 1697 5011 mane
1722 4956 2135 5011 misericordiam

530 5064 733 5123 "luant,
781 5067 826 5110 et
860 5056 1122 5109 ueritatem
1144 5064 1286 5131 tuam
1313 5068 1403 5121 per
1429 5058 1646 5104 nectent.
1682 5048 1749 5102 Et
1771 5048 1900 5102 item
1927 5048 2135 5118 inquit:

569 5148 883 5204 Benedicam
927 5143 1203 5198 Dominum
1248 5144 1301 5196 in
1342 5142 1483 5196 omni
1508 5149 1754 5212 tempore,
1798 5155 2001 5210 semper
2022 5137 2138 5191 laus

571 5240 684 5309 ejus
714 5237 766 5291 in
795 5253 881 5290 ore
907 5251 1018 5289 meo
1063 5231 1234 5306 (Psal.
1269 5230 1461 5305 xxx").
1498 5231 1634 5287 llinc
1672 5241 1725 5285 et
1751 5228 1949 5285 Paulus
1976 5229 2041 5284 ad
2067 5229 2140 5283 di-

572 5325 834 5400 scipulum
863 5324 1126 5384 scribens,
1155 5322 1267 5376 ait:
1313 5319 1554 5376 Prwdica
1596 5320 1827 5387 verbum,
1873 5320 2010 5372 insta
2058 5335 2109 5388 οι

567 5428 811 5491 portune,
836 5414 1126 5485 importune
1148 5424 1360 5481 :argue,
1388 5409 1617 5475 obsecra,
1659 5410 1888 5480 increpa,
1924 5409 1976 5461 in
2002 5409 2140 5462 omni

571 5508 825 5580 patientia
852 5514 899 5560 et
921 5502 1159 5558 doctrina
1193 5502 1274 5573 (11
1308 5500 1440 5555 Tim.
1476 5501 1569 5574 tv).
1603 5502 1665 5556 Et
1696 5500 1822 5556 alibi
1854 5520 1865 5555 :
1908 5499 2032 5557 Siue
2068 5501 2145 5553 in-

576 5597 919 5661 termissione,
946 5592 1043 5658 ait,
1073 5602 1215 5647 orate
1238 5609 1256 5646 :
1279 5595 1331 5647 in
1357 5592 1592 5647 omnibus
1616 5595 1812 5664 gratias
1834 5593 1988 5662 agite.
2019 5590 2147 5644 Illac

580 5696 655 5738 est
678 5701 814 5740 enim
847 5685 1087 5740 uoluntas
1114 5680 1209 5737 Dei
1237 5682 1287 5735 in
1329 5680 1534 5738 Christo
1560 5681 1684 5737 Jesu
1714 5682 1765 5735 in
1800 5680 2035 5735 omnibus
2066 5695 2148 5733 ro-

2159 4460 2209 4519 D

2217 3406 2319 3461 hoc
2356 3413 2560 3459 tantum
2582 3402 2774 3464 dicam,
2810 3400 2954 3469 quod
2990 3397 3163 3451 media
3191 3409 3320 3465 pars
3349 3391 3543 3455 Eoni,
3570 3398 3627 3443 et
3654 3396 3780 3442 totus

2217 3494 2486 3551 Leviticus
2533 3493 2689 3555 liber,
2739 3500 2795 3546 et
2836 3489 3194 3545 Numerorum
3220 3493 3490 3557 praecepta
3536 3498 3646 3537 non
3677 3496 3781 3535 mo-

2219 3585 2356 3649 dica,
2383 3589 2438 3638 et
2481 3597 2579 3653 per
2625 3579 2870 3652 singulas
2908 3579 3083 3634 tribus
3132 3576 3313 3648 populi
3363 3573 3694 3636 distributio,
3737 3578 3787 3624 et

2220 3675 2416 3730 oblatio
2443 3672 2768 3744 principum,
2797 3672 2850 3726 in
2887 3670 2994 3726 hac
3021 3669 3299 3724 mansione
3339 3665 3622 3735 descripta:
3648 3669 3785 3723 sunt,

2223 3770 2619 3838 multorumque
2640 3767 2970 3822 voluminum
2997 3764 3292 3837 disputatio
3334 3763 3462 3817 huic
3500 3760 3615 3815 loco
3655 3756 3788 3812 sutili.

2223 3874 2345 3915 cere
2377 3858 2462 3912 vix
2491 3857 2680 3928 possit.

2293 3949 2681 4017 Interpretatur
2710 3953 2888 4000 autem
2936 3942 3086 3999 Sinai
3131 3942 3272 4007 rubi,
3305 3956 3413 3995 non
3444 3955 3584 3994 unus
3621 3944 3673 3992 ut
3702 3951 3787 3990 sn-

2224 4055 2317 4109 pra
2351 4040 2404 4093 in
2434 4037 2722 4094 solitudine
2752 4035 2871 4100 Sin,
2909 4034 3002 4089 sed
3030 4033 3211 4104 plures
3237 4050 3250 4086 :
3285 4040 3345 4086 ut
3372 4031 3447 4086 ibi
3474 4026 3783 4099 principium

2227 4134 2316 4197 sit,
2342 4132 2432 4187 hic
2458 4129 2739 4201 perfectio.
2778 4130 2853 4184 11ιί
2892 4124 3164 4183 sulitarius
3191 4142 3471 4192 numerus,
3502 4125 3589 4181 hic
3615 4120 3783 4177 multi-

2227 4223 2370 4294 plex.
2399 4220 2555 4275 Aliud
2581 4230 2665 4275 est
2713 4221 2861 4275 enim
2892 4235 3078 4285 unam,
3106 4226 3155 4273 et
3186 4217 3332 4273 aliud
3374 4231 3567 4272 omnes
3604 4210 3787 4283 gratias

2229 4313 2524 4386 possidere.
2573 4313 2760 4382 Itaque
2809 4311 2973 4366 Israel
3016 4318 3139 4380 post
3182 4308 3506 4364 familiarem
3548 4319 3661 4361 cum
3686 4301 3788 4355 Deo

2234 4422 2556 4471 sermonem,
2585 4403 3045 4477 postquamﬂjuxta
3071 4412 3305 4459 montem
3332 4401 3482 4457 Sinai
3507 4411 3784 4456 commora-

2237 4509 2322 4554 tus
2351 4508 2435 4555 cst
2469 4514 2610 4553 anno
2641 4513 2748 4552 uno
2779 4503 2833 4549 et
2877 4496 3067 4550 diebus
3103 4501 3357 4562 quatuor,
3412 4491 3548 4544 mira
3580 4483 3787 4555 disposi-

2233 4592 2373 4646 tione
2417 4598 2716 4646 castrorum
2761 4602 3011 4658 egressus
3037 4595 3120 4640 est
3146 4586 3199 4639 in
3232 4583 3522 4639 solitudine
3567 4579 3788 4634 Pharan.

2232 4696 2350 4750 qua:
2380 4679 2454 4733 iul
2494 4685 2765 4746 rpretatur
2787 4692 2990 4748 onager
3012 4684 3105 4729 aut
3136 4673 3349 4737 feritas,
3367 4672 3549 4741 ibique
3569 4677 3789 4723 succum-

2233 4769 2310 4823 bit
2333 4768 2483 4822 malze
2506 4767 2688 4821 bestiae
2712 4766 2990 4819 fastidiens
3016 4764 3291 4819 caelestem
3314 4776 3533 4832 panem,
3567 4767 3616 4814 et
3643 4754 3791 4822 ﬁgi-

2234 4860 2465 4933 ptiorum
2504 4873 2697 4913 carnes
2720 4857 3033 4912 desiderans
3058 4874 3071 4908 :
3111 4854 3325 4924 quando
3355 4852 3555 4909 multos
3577 4846 3789 4904 subitum

2246 4950 2466 5003 vorabat
2501 4948 2827 5011 incendium,
2879 4954 2934 5000 et
2989 4945 3360 4999 intercedente
3405 4941 3605 5012 Moyse,
3642 4944 3788 4989 unulu

2244 5054 2406 5091 vorax
2440 5035 2650 5090 llatnnia
2684 5037 3033 5104 consumpsit.
3066 5032 3216 5087 Tunc
3260 5029 3534 5100 accipiunt
3578 5019 3791 5080 coturni-

2246 5147 2357 5194 ces,
2385 5139 2439 5185 et
2474 5142 2643 5198 usque
2692 5128 2759 5183 ad
2809 5140 3062 5181 nauseam
3113 5139 3177 5179 ac
3220 5122 3484 5178 vomitum
3534 5117 3787 5173 devorant-

2250 5223 2528 5294 Eliguntur
2559 5220 2904 5291 Septuaginta
2935 5215 3256 5290 presbyteri,
3286 5214 3487 5268 vadunt
3522 5211 3585 5265 ad
3616 5207 3791 5261 ostium

2253 5316 2598 5380 tabemaculi,
2647 5316 2751 5371 duo
2802 5320 3101 5377 remanent,
3158 5309 3325 5365 Eldad
3374 5315 3431 5362 et
3476 5302 3669 5364 Medad,
3692 5310 3791 5349 non

2254 5410 2461 5479 imperii
2512 5407 2862 5479 negligentes,
2910 5405 3002 5460 sed
3033 5403 3342 5458 humilitate
3374 5395 3631 5457 submissi,
3672 5389 3790 5442 dum

2254 5517 2309 5555 se
2336 5502 2540 5554 honore
2566 5498 2905 5552 arbitrantur
2954 5493 3221 5566 indignos.
3274 5490 3427 5546 Unde
3470 5496 3524 5542 et
3569 5484 3796 5538 altsmtcs

2254 5590 2589 5660 prophetam.
2630 5586 2981 5657 Saturatoque
3003 5581 3193 5653 populo
3219 5596 3335 5634 cum
3363 5578 3530 5633 adhuc
3549 5589 3651 5628 esca
3668 5573 3793 5620 esse!

2256 5681 2307 5733 in
2342 5696 2427 5734 ore
2453 5680 2703 5750 ipsorum,
2728 5677 2808 5729 ira
2856 5674 2949 5728 Dei
2977 5670 3206 5727 ascendit
3234 5686 3391 5741 super
3416 5685 3520 5734 eos,
3556 5674 3597 5718 et
3620 5655 3797 5715 occidit
