3932 6188
322 304 428 364 653

1034 300 1569 357 ENABBATIONES
1608 300 1669 354 IN
1709 296 1967 354 LIBRUM
2010 293 2465 354 NUMEROBUM.
2509 330 2576 338 -—-
2613 298 2739 354 LIB.
2780 298 2844 355 ll.

3472 304 3574 364 (Ilii

319 422 532 491 pingues
572 431 774 483 eorum,
822 426 868 470 et
910 414 1095 470 electos
1143 414 1312 469 Israel
1357 415 1682 486 pnepedivit,
1718 430 1779 467 ne
1822 414 1890 466 ad
1922 420 1966 475 Α
1995 426 2130 464 cum.
2163 410 2341 463 Nubes
2363 426 2562 481 quoque
2589 412 2799 466 Domini
2846 430 3000 484 super
3030 431 3116 470 ecs
3140 428 3251 473 erat
3303 438 3395 490 per
3436 422 3574 477 diem

315 508 513 563 malum
542 509 782 563 velociter
825 518 1091 562 currerent
1146 506 1317 579 (Psal.
1366 504 1589 577 Lxxvn).
1642 504 1791 560 Unde
1838 511 1890 557 et

316 599 614 667 appellatus
642 604 725 651 est
761 597 927 662 locus,
961 596 1218 666 Sepulcra
1261 594 1734 665 concupiscentia),
1778 594 1892 648 sive

312 700 372 742 ut
402 690 453 743 in
481 687 831 759 Septuaginta
868 687 1112 754 legimus,
1147 686 1420 741 memoria:
1442 683 1714 740 desiderii.

385 776 464 831 Ex
504 779 699 847 quibus
727 776 982 831 omnibus
1012 791 1112 830 nos
1136 775 1417 840 docemur,
1450 774 1541 844 qui
1573 774 1890 844 sapientiam
1924 756 1948 789 λ

312 868 621 922 dimisimus
643 867 980 931 smcularem,
1011 873 1065 919 et
1087 864 1376 936 Egyptias
1402 864 1537 918 ollas
1565 863 1893 932 contempsi-

311 975 455 1023 mus,
484 974 590 1013 non
618 959 813 1013 debere
840 973 1182 1012 murmurare
1207 962 1398 1010 contra
1425 956 1704 1010 caelestem
1745 954 1891 1009 Scri-

308 1059 595 1121 pturarum
624 1063 844 1118 panem,
896 1063 996 1103 nec
1026 1045 1339 1102 virulentias
1364 1043 1766 1115 Egyptiorum,
1797 1046 1889 1114 qui

308 1152 436 1199 sunt
463 1156 782 1213 magnarum
810 1142 1075 1206 carnium,
1107 1139 1203 1194 sed
1230 1137 1532 1208 simplicem
1575 1152 1787 1192 manum
1815 1139 1891 1192 ei-

306 1236 437 1289 bum
465 1249 729 1304 quterere.
770 1232 984 1302 Alioqui
1014 1232 1059 1286 si
1095 1245 1413 1286 easrursus
1441 1230 1767 1285 voluerimus
1798 1245 1892 1300 ap-

305 1332 515 1394 petere,
562 1323 876 1378 vorabimus
927 1338 1097 1390 usque
1150 1321 1219 1374 ad
1262 1334 1537 1382 nauseam,
1595 1328 1650 1372 et
1707 1319 1888 1372 statim

304 1413 525 1467 Domini
552 1415 675 1484 igne
724 1412 1115 1481 torquebimur,
1157 1400 1593 1478 desideriumque
1643 1415 1888 1461 nostrum

305 1512 555 1560 vertetur
584 1505 638 1558 in
662 1503 917 1566 tumulos,
951 1511 1009 1556 ut
1030 1502 1200 1556 simus
1226 1500 1464 1571 sepulcra
1484 1500 1747 1564 dealbata,
1773 1517 1889 1570 qua:

305 1596 441 1665 foris
476 1606 661 1666 parent
700 1595 996 1650 hominibus
1033 1595 1289 1664 speciosa,
1336 1593 1479 1645 intus
1517 1598 1690 1644 autem
1736 1591 1888 1662 plena

301 1697 429 1740 sunt
457 1687 659 1741 ossibus
687 1694 1013 1739 mortuorum
1057 1693 1112 1739 et
1156 1684 1303 1738 omni
1353 1683 1614 1753 spurcitia
1667 1682 1884 1754 (Matth.

300 1778 491 1847 XXIII).

928 1866 1154 1923 CAPUT
1192 1867 1256 1922 Ὺ.

301 1960 380 2014 De
407 1954 595 2013 IIobab
626 1958 737 2027 filio
782 1957 983 2028 Ragitel
1024 1957 1324 2028 Madianita
1362 1967 1581 2028 cognato
1615 1956 1806 2025 Moysi,
1839 1967 1886 2009 et

482 2026 804 2099 profectione
824 2026 1056 2096 ﬁliorum
1077 2026 1247 2080 Israel
1274 2044 1307 2079 a
1329 2026 1502 2081 monte
1534 2026 1707 2081 Sinai.

373 2138 559 2211 (1310.)
588 2138 652 2191 Et
689 2137 824 2192 dixit
859 2135 1063 2207 Moyses
1093 2135 1279 2190 Hobab
1303 2135 1416 2205 ﬁlio
1447 2134 1644 2206 Raguel
1672 2135 1888 2190 Modia-

302 2232 428 2284 niue
460 2238 683 2299 cognato
711 2245 808 2282 suo
834 2240 853 2278 :
877 2226 1273 2295 Proﬁciscimur
1300 2226 1370 2279 ad
1403 2225 1575 2279 locum
1601 2242 1752 2297 quem
1783 2225 1888 2280 Do-

299 2321 482 2374 minus
511 2320 734 2373 daturus
763 2327 841 2372 est
874 2317 1055 2383 nobis;
1092 2318 1208 2369 veni
1238 2316 1529 2381 nobiscum,
1563 2325 1623 2368 ut
1675 2316 1888 2386 benefa-

300 2413 510 2466 ciamus
558 2409 685 2475 tibi,
741 2410 867 2480 quia
917 2408 1172 2462 Dominus
1215 2407 1349 2461 bona
1386 2408 1627 2478 promisit
1671 2406 1882 2462 Israeli.

303 2504 402 2559 Cui
432 2504 528 2559 ille
568 2504 831 2576 respondit
860 2519 878 2556 :
913 2503 1037 2558 Non
1075 2502 1264 2557 vadum
1294 2512 1480 2566 tecum,
1523 2503 1615 2557 sed
1661 2510 1887 2557 revertar

305 2597 358 2649 in
382 2606 587 2648 terram
631 2610 824 2659 meam,
850 2595 907 2648 in
937 2610 1039 2664 qua
1085 2602 1241 2648 natus
1282 2609 1419 2647 sum.
1453 2593 1525 2646 Et
1551 2593 1642 2647 ille
1664 2604 1694 2645 ‘:
1734 2592 1882 2660 Noli,

301 2685 502 2755 inquit,
548 2700 639 2738 nos
662 2683 947 2754 relinquere
971 2698 989 2734 :
1016 2694 1073 2737 tu
1101 2684 1237 2738 enim
1281 2684 1417 2737 nosti
1454 2684 1510 2737 in
1548 2685 1734 2754 quibus
1756 2681 1885 2738 locis

301 2788 395 2840 per
423 2771 691 2825 desertum
721 2782 895 2825 castra
932 2787 1122 2843 ponere
1153 2772 1453 2836 debeamus,
1474 2780 1522 2825 et
1562 2770 1663 2824 eris
1700 2770 1886 2824 ductor

305 2875 508 2919 noster.
550 2864 785 2935 Cumque
815 2863 1079 2918 nobiscum
1106 2863 1305 2917 veneris
1321 2903 1336 2929 ,
1360 2860 1612 2933 quidquid
1635 2862 1883 2932 optimum

302 2955 465 3025 fuerit
500 2970 565 3008 ex
592 2955 774 3023 opibus
812 2970 942 3025 quas
980 2952 1126 3007 nobis
1156 2951 1449 3006 traditurus
1497 2960 1572 3006 est
1604 2950 1882 3018 Dominus,

302 3043 556 3097 dabimus
578 3043 689 3097 tibi.
715 3041 1036 3112 Plerumque
1059 3041 1388 3112 persuadere
1412 3040 1571 3096 elatis
1588 3041 1741 3096 utilia
1768 3054 1881 3094 me-

303 3135 409 3191 lius
444 3151 763 3205 possumus,
812 3135 858 3190 si
895 3134 1200 3206 proiectum
1260 3148 1450 3189 eorum
1502 3133 1658 3189 nobis
1704 3132 1885 3201 potius

300 3241 476 3295 quam
508 3224 614 3280 illis
641 3224 983 3294 profuturum
1030 3225 1291 3291 dicamus,
1321 3224 1366 3280 si
1392 3239 1598 3281 eorum
1634 3222 1886 3277 meliora-
1926 3272 1929 3273 ν

303 3318 511 3372 tionem
543 3316 699 3371 nobis
722 3317 895 3385 magis
930 3330 1091 3385 quam
1123 3314 1226 3369 sibi
1259 3313 1495 3384 impendi
1525 3312 1881 3382 postulamus.

300 3405 493 3462 Facile
522 3405 665 3461 enim
711 3405 777 3459 ad
806 3406 1008 3460 bonum
1064 3403 1224 3459 elatio
1285 3402 1540 3467 ﬂectitur,
1569 3402 1615 3457 si
1649 3400 1763 3470 ejus
1801 3401 1887 3454 in-

301 3497 469 3553 ﬂexio
492 3497 747 3566 prodesse
775 3506 829 3550 et
853 3496 972 3551 aliis
994 3497 1264 3551 credatur.
1297 3494 1449 3551 Unde
1471 3504 1525 3550 et
1545 3493 1773 3564 Moyses,
1793 3494 1886 3562 qui

303 3597 534 3660 regente
561 3604 619 3642 se
651 3587 781 3653 Deo,
808 3587 1009 3642 deserti
1051 3588 1187 3641 duce
1210 3602 1367 3641 aerea
1392 3584 1661 3651 columna,
1697 3600 1887 3655 perge-

302 3679 413 3743 bat,
449 3694 578 3733 cum
608 3678 796 3732 Hobab
825 3684 1107 3748 cognatum
1148 3691 1303 3732 suum
1327 3692 1395 3730 ex
1419 3676 1736 3747 gentilitatis
1758 3686 1886 3728 con-

300 3769 623 3824 versatione
667 3767 825 3821 vellet
867 3768 1116 3832 educere,
1149 3776 1204 3822 et
1232 3766 1616 3836 omnipotentis
1660 3765 1755 3820 Dei
1798 3768 1886 3820 do-

304 3860 480 3914 minio
501 3857 808 3927 subjugare,
840 3859 915 3911 ait
943 3876 955 3910 :
988 3856 1383 3926 Proﬁciscimur
1415 3856 1483 3909 ad
1521 3855 1694 3909 locum
1732 3850 1883 3928 quem

301 3952 569 4006 Dominus
594 3952 816 4004 daturus
849 3961 923 4005 est
961 3951 1107 4005 nobis
1132 3965 1149 4002 :
1178 3950 1292 4004 veni
1328 3949 1617 4015 nobiscum,
1652 3958 1709 4003 ut
1736 3950 1887 4005 bene-

253 4040 260 4052 '
302 4043 571 4112 faciamus
605 4041 719 4107 tibi,
763 4041 886 4113 quia
922 4041 1180 4095 Dominus
1219 4041 1353 4095 bona
1395 4041 1633 4111 promisit
1669 4040 1881 4096 Israeli.

302 4131 400 4187 Cui
421 4148 553 4187 cum
585 4132 948 4202 respondisset
975 4132 1084 4197 ille,
1119 4130 1242 4187 Non
1267 4131 1452 4187 vadum
1478 4141 1669 4198 tecum,
1694 4138 1782 4186 sed
1808 4148 1888 4186 re-

304 4234 486 4278 vertar
512 4225 567 4276 in
589 4234 782 4276 terram
804 4238 997 4288 meum,
1026 4223 1082 4276 in
1127 4237 1230 4294 qua
1279 4233 1432 4278 natus
1456 4237 1594 4289 sum,
1622 4222 1765 4280 illico
1789 4208 1885 4279 ad-

297 4313 525 4382 iunxit:
561 4311 689 4369 Noli
712 4329 804 4367 nos
831 4311 1117 4383 relinquere
1142 4328 1159 4365 :
1182 4323 1239 4365 tu
1260 4314 1396 4366 enim
1433 4314 1567 4366 nosti
1600 4313 1657 4367 in
1699 4313 1886 4384 quibus

305 4407 434 4460 locis
464 4421 560 4475 per
600 4392 858 4458 desertum
882 4413 1057 4457 castra
1101 4419 1290 4473 ponere
1337 4402 1634 4468 debeamus,
1689 4412 1738 4457 et
1784 4404 1885 4457 eris
1913 4443 1965 4501 Β

306 4501 504 4553 ductor
534 4506 723 4550 noster.
752 4494 938 4566 Neque
964 4494 1107 4549 enim
1130 4493 1298 4565 Moysi
1324 4503 1561 4549 mentem
1584 4494 1887 4564 ignorantia

308 4588 527 4646 itineris
565 4587 913 4658 angustabat,
959 4600 1121 4655 quam
1166 4593 1221 4638 et
1256 4583 1323 4638 ad
1362 4584 1658 4652 prophetiae
1710 4585 1886 4639 scien-

308 4684 446 4739 tiam
481 4680 717 4752 cognitio
744 4678 1037 4735 divinitatis
1071 4677 1420 4747 expanderat,
1451 4691 1613 4746 quam
1641 4676 1885 4731 columna

307 4771 557 4828 exterius
582 4769 824 4840 praeibat,
851 4783 1011 4837 quam
1048 4767 1117 4821 de
1144 4765 1353 4821 cunctis
1384 4765 1611 4820 interius
1634 4779 1734 4834 per
1761 4780 1889 4819 con-

307 4861 678 4918 versationem
704 4856 799 4912 Dei
820 4857 1003 4912 sedula
1026 4856 1224 4911 locutio
1254 4854 1538 4919 familiaris
1559 4854 1886 4919 instruebat;

310 4954 409 5009 sed
436 4950 691 5007 videlicet
712 4949 796 5003 vir
822 4947 1099 5018 providus,
1131 4947 1269 5001 elato
1299 4945 1531 5000 auditori
1555 4943 1886 5013 colloquens,

314 5044 572 5101 solatium
599 5040 755 5111 petiit
779 5047 838 5092 ut
859 5039 1035 5103 daret,
1061 5036 1368 5106 requirebat
1404 5036 1459 5089 in
1486 5035 1593 5100 via,
1617 5044 1677 5089 ut
1706 5034 1809 5088 dux
1838 5034 1889 5088 ei

316 5137 436 5191 ﬁeri
468 5133 729 5202 potuisset
762 5130 829 5183 ad
852 5126 1038 5183 vitam.
1065 5128 1187 5199 Egit
1220 5127 1402 5197 itaque
1426 5134 1484 5180 ut
1507 5126 1769 5196 superbus
1795 5140 1893 5180 au-

314 5225 461 5279 ditor
477 5220 604 5274 voci
630 5218 698 5273 ad
730 5217 951 5273 meliora
993 5217 1239 5271 suadenti
1262 5231 1327 5271 eo
1350 5216 1521 5286 magis
1550 5215 1705 5269 lieret
1729 5215 1891 5269 devo—

315 5323 406 5368 tus
436 5327 544 5381 quo
573 5309 833 5363 fateretur
855 5309 1222 5373 necessarius;
1250 5313 1306 5361 et
1325 5308 1467 5361 unde
1487 5322 1544 5361 se
1574 5308 1891 5360 exhortato-

317 5417 438 5455 rcm
476 5416 631 5455 suum
670 5398 976 5469 prcecedere
1016 5399 1280 5462 crederet,
1322 5398 1445 5451 inde
1492 5412 1549 5451 se
1587 5397 1686 5451 sub
1717 5397 1895 5450 verbis

314 5493 663 5547 cxhortantis
702 5491 1002 5546 inclinaret.
1029 5487 1260 5559 Profecti
1300 5499 1417 5542 sunt
1453 5505 1573 5557 ergo
1612 5487 1675 5541 de
1721 5498 1895 5541 monte

322 5585 533 5637 Domini
564 5584 700 5636 viam
735 5583 894 5635 trium
917 5582 1139 5648 dierum,
1169 5597 1392 5651 arcaque
1435 5580 1643 5649 [cedetis
1686 5578 1893 5632 Domini

316 5675 643 5735 pra‘cedebat
667 5690 752 5727 eos
775 5690 866 5742 per
887 5673 996 5727 dies
1038 5688 1138 5726 tres
1175 5672 1445 5741 providens
1497 5681 1785 5723 castrorum
1818 5669 1896 5724 lo-

1996 517 2113 554 cum
2140 501 2453 556 incederent.
2477 502 2630 569 Quod
2665 515 2844 559 autem
2875 507 3073 562 dicitur
3100 510 3166 564 de
3199 525 3324 567 arca
3346 513 3569 572 foederis

1992 590 2206 645 Domini
2230 592 2536 661 praecedere
2557 592 2695 649 ﬁlios
2713 594 2874 649 Israel
2894 611 2993 666 per
3012 598 3126 653 dies
3148 608 3260 655 tres
3281 605 3569 672 providens

1994 689 2294 734 castrorum
2317 681 2517 746 locum,
2544 684 2672 752 quid
2699 685 2984 756 significat,
3014 688 3114 742 nisi
3138 689 3565 750 incarnationem

1995 770 2203 824 Domini
2252 773 2438 828 electis
2464 774 2532 828 ab
2574 774 2729 829 initio
2757 776 2940 831 mundi
2995 779 3097 832 iter
3128 785 3408 849 praesentis
3440 786 3562 842 vita:

1992 860 2243 931 dirigere,
2276 871 2439 933 atque
2484 864 2734 919 ducatum
2765 867 2831 921 ad
2867 876 3063 923 terram
3099 881 3340 926 sanctam
3366 878 3570 931 veraci-

1992 958 2078 1003 ter
2123 952 2400 1021 praebere?
2426 968 2546 1023 quas
2593 957 2741 1025 prius
2786 958 2886 1013 sub
2932 958 3098 1030 figura
3142 972 3322 1031 patres
3349 964 3561 1023 Veteris

1993 1040 2321 1096 Testamenti
2353 1042 2609 1109 ducebat,
2642 1054 2697 1099 et
2728 1062 2875 1101 nunc
2910 1048 2963 1101 in
2996 1051 3222 1106 veritate
3247 1054 3387 1109 viam
3405 1057 3568 1127 justi~

1993 1133 2082 1186 tice
2106 1134 2262 1188 nobis
2292 1134 2640 1190 demonstrat.
2668 1136 2764 1191 Via
2793 1153 2921 1208 ergo
2944 1142 3105 1195 trium
3130 1145 3335 1200 dierum
3364 1159 3567 1205 sanctae

1993 1222 2275 1278 Trinitatis
2308 1234 2391 1280 est
2414 1225 2567 1291 lides,
2603 1228 2774 1281 tribus
2805 1232 3156 1299 temporibus,
3190 1236 3292 1288 hoc
3317 1245 3416 1301 est,
3441 1250 3568 1293 ante

1990 1312 2185 1383 legem,
2214 1315 2265 1367 in
2294 1315 2429 1385 lege,
2459 1325 2513 1369 et
2538 1318 2639 1372 sub
2657 1319 2828 1388 gratia
2851 1360 2863 1381 ,
2894 1321 3083 1374 callem
3130 1326 3376 1381 veritatis
3409 1338 3573 1399 atque

1984 1405 2209 1474 justitia:
2254 1409 2661 1463 exsecutoribus
2718 1411 2831 1465 suis
2881 1412 3115 1467 fideliter
3162 1418 3565 1476 demonstrans.

1991 1494 2143 1559 Quod
2169 1504 2349 1549 autem
2395 1497 2527 1550 dicit
2575 1500 2769 1552 nubem
2797 1515 2960 1570 super
2993 1518 3088 1558 eos
3129 1519 3250 1560 esse
3280 1521 3376 1575 per
3430 1510 3571 1564 diem

1990 1598 2111 1637 cum
2136 1585 2469 1651 incederent,
2497 1588 2764 1658 significat
2799 1594 3186 1660 protectionem
3216 1597 3452 1654 divinam
3475 1616 3571 1670 per

1992 1672 2225 1743 Spiritus
2249 1677 2421 1730 sancti
2458 1680 2684 1747 gratiam
2727 1682 2794 1735 ab
2821 1681 2975 1736 initio
3009 1683 3213 1741 electos
3255 1686 3565 1753 defendere,

1917 1760 1963 1818 B
1991 1774 2153 1832 atque
2169 1766 2234 1819 ad
2260 1764 2496 1821 futuram
2520 1770 2755 1838 quietem
2807 1786 3046 1827 servare.
3088 1772 3320 1846 Cumque
3343 1776 3569 1833 elevare-

1994 1866 2081 1909 tur
2103 1874 2227 1911 arca
2259 1859 2376 1925 Dei,
2412 1861 2616 1915 dicebat
2647 1862 2853 1934 Moyses
2879 1880 2897 1915 :
2927 1866 3116 1936 Surge,
3153 1867 3391 1934 Domine,
3415 1870 3573 1924 dissi-

1991 1957 2180 2015 pentur
2211 1950 2408 2003 inimici
2441 1954 2540 2017 tui,
2565 1964 2612 2007 et
2635 1954 2840 2023 fugiant
2868 1974 2898 2008 a
2928 1956 3066 2023 facie
3099 1967 3189 2010 tua
3218 1960 3307 2028 qui
3347 1960 3571 2014 oderunt

1994 2046 2062 2089 te.
2104 2036 2235 2090 Cum
2271 2049 2445 2093 autem
2486 2042 2835 2112 deponeretur
2873 2045 3089 2098 aiebat:
3119 2045 3405 2112 Revertere,
3462 2048 3570 2102 Do-

1992 2128 2148 2191 mine,
2177 2129 2246 2182 ad
2281 2131 2669 2187 multitudinem
2690 2137 2949 2190 exercitus
2977 2136 3164 2190 Israel.
3193 2138 3415 2193 Instruit
3438 2156 3572 2211 ergo

1992 2217 2273 2287 legislator
2300 2222 2593 2277 secundum
2644 2226 2994 2296 tropologiam
3018 2232 3115 2281 suo
3135 2228 3381 2298 exemplo
3405 2230 3571 2286 duces

1992 2312 2167 2381 plebis
2188 2314 2281 2368 Dei
2305 2323 2465 2386 atque
2492 2327 2751 2384 rectores,
2783 2330 2842 2373 ut
2866 2335 2973 2376 non
2998 2337 3191 2394 segnes
3214 2339 3389 2395 neque
3412 2327 3573 2398 negli-

1993 2415 2181 2475 gentes
2206 2408 2259 2461 in
2281 2424 2411 2462 cura
2436 2412 2693 2480 pastorali
2730 2422 2892 2483 atque
2914 2416 3128 2483 negotio
3157 2417 3258 2471 sibi
3279 2420 3573 2476 commisso

1993 2497 2147 2564 fiant,
2173 2502 2266 2556 sed
2299 2502 2474 2557 instar
2519 2504 2746 2560 actionis
2772 2516 2903 2572 Suae,
2936 2520 3152 2579 gregem
3180 2508 3282 2563 sibi
3319 2512 3573 2567 commis-

1988 2604 2110 2644 sum
2136 2591 2364 2661 principi
2395 2603 2672 2674 pastorum
2698 2596 2752 2650 in
2801 2597 2956 2652 initio
2995 2598 3279 2669 cujuslibet
3308 2603 3385 2657 rei
3408 2603 3569 2658 simul

1991 2679 2120 2731 etin
2166 2681 2628 2737 consummatione
2678 2684 2908 2740 ﬁdeliter
2950 2690 3350 2757 commendent,
3387 2701 3573 2762 quate-

1991 2782 2093 2823 nus
2117 2786 2212 2825 sua
2230 2768 2601 2842 opitulatione
2626 2777 2874 2845 proprias
2898 2792 3027 2833 oves
3050 2787 3362 2850 protegens,
3394 2781 3567 2854 fugiat

1991 2860 2257 2926 inimicos,
2299 2856 2531 2933 depell'at
2587 2866 2791 2930 hostes,
2840 2877 3003 2938 atque
3057 2870 3198 2925 inter
3239 2887 3366 2927 suos
3409 2874 3567 2929 babi-

1991 2958 2146 3017 tans,
2197 2953 2450 3022 populum
2498 2969 2654 3009 suum
2711 2956 2763 3009 in
2813 2965 3076 3011 aeternum
3131 2961 3453 3017 conservare
3496 2963 3574 3019 di-

1989 3049 2199 3109 gnetur.

2594 3136 2821 3194 CAPUT
2865 3139 2946 3194 Vl.

1990 3240 2089 3300 Ubi
2107 3234 2412 3325 murmurat
2431 3250 2652 3325 populus
2675 3264 2723 3307 et
2750 3255 2886 3325 igne
2918 3272 3195 3325 percussus
3212 3256 3569 3323 comburitur;

2057 3328 2106 3370 et
2135 3317 2215 3396 Ide
2255 3332 2346 3373 esu
2401 3317 2601 3396 carnis,
2650 3317 2810 3396 unde'
2828 3317 3171 3380 murmuravit
3215 3317 3570 3396 promiscuum

2059 3387 2243 3457 vulgus
2270 3404 2388 3442 cum
2415 3390 2541 3458 ﬁliis
2571 3391 2764 3446 Israel.

2061 3497 2209 3567 (Car.
2245 3498 2346 3572 ιι.)
2376 3498 2584 3557 Interea
2609 3513 2782 3558 ortum
2814 3518 2890 3560 est
2934 3522 3173 3561 murmur
3205 3511 3383 3581 populi
3420 3517 3568 3582 quasi

1982 3587 2281 3642 dolentium
2317 3606 2430 3659 pra:
2469 3590 2647 3647 labore
2685 3604 2867 3647 contra
2910 3595 3215 3652 Dominum.
3251 3599 3405 3665 Quod
3451 3620 3568 3656 cum

1990 3677 2225 3732 audisset
2264 3678 2544 3747 Dominus,
2570 3683 2738 3737 iratus
2764 3694 2860 3738 est.
2893 3683 2963 3738 Et
2997 3700 3247 3741 accensus
3273 3691 3326 3743 in
3355 3707 3413 3744 eo
3434 3693 3569 3761 ignis

1988 3767 2223 3834 Domini,
2249 3769 2515 3825 devoravit
2539 3783 2827 3828 extremam
2848 3785 3047 3846 partem
3069 3789 3380 3834 castrorum.
3413 3779 3569 3837 Cum-

1987 3870 2087 3929 que
2119 3858 2395 3914 clamasset
2421 3862 2643 3932 populus
2687 3865 2757 3918 ad
2794 3864 3032 3937 Moysen,
3071 3869 3237 3922 oravit
3265 3869 3472 3942 Moyses
3497 3878 3565 3927 ad

1988 3947 2272 4004 Dominum
2314 3960 2363 4005 et
2410 3952 2683 4023 absorptus
2727 3963 2804 4007 est
2843 3956 3000 4026 ignis.
3041 3952 3354 4031 Vocatvitque
3382 3978 3569 4016 nomen

1990 4036 2092 4091 loci
2117 4038 2278 4104 illius,
2306 4039 2572 4107 Incensio,
2598 4058 2656 4096 eo
2690 4044 2831 4113 quod
2857 4058 3137 4100 succensus
3171 4045 3354 4117 fuisset
3384 4061 3571 4105 contra

1988 4141 2074 4179 eos
2098 4127 2234 4196 ignis
2254 4127 2483 4183 Domini.
2506 4130 2643 4197 Quid
2674 4141 2758 4187 est
2778 4133 2920 4203 quod
2945 4147 3372 4193 murmurantem
3402 4154 3571 4208 popu-

1990 4216 2097 4271 lum
2148 4218 2288 4289 ignis
2337 4235 2367 4273 a
2417 4220 2645 4276 Domino
2682 4238 2944 4279 accensus
2983 4227 3226 4291 devorat,
3275 4230 3377 4283 nisi
3425 4233 3569 4300 quod

1990 4306 2305 4378 ignisjustte
2347 4309 2567 4365 ultionis
2597 4313 2649 4365 in
2676 4311 2856 4367 futuro
2893 4315 3174 4369 excruciat
3200 4314 3319 4371 illos
3341 4319 3432 4387 qui
3468 4319 3569 4373 lin-

1990 4414 2089 4469 gua
2116 4399 2442 4456 inﬂammata
2478 4416 2509 4456 a
2554 4404 2796 4473 gehenna
2826 4404 2895 4459 ad
2933 4409 3376 4463 murmurandum
3407 4419 3570 4482 atque

1995 4489 2381 4545 detrahendum
2405 4490 2588 4549 faciles
2608 4494 2907 4563 proruunt?
2934 4492 3087 4551 Unde
3106 4510 3203 4565 per
3233 4495 3567 4568 Sapientiam

1996 4582 2195 4637 dicitur
2228 4599 2241 4635 :
2276 4580 2509 4637 Susurro
2549 4594 2598 4637 et
2645 4584 2913 4655 bilinguis,
2941 4586 3250 4642 maledictus
3273 4600 3346 4643 est
3373 4589 3566 4660 (Eccli.

1996 4672 2210 4744 xxvtn).
2246 4672 2315 4741 Et
2340 4672 2469 4728 item
2496 4691 2509 4726 :
2542 4671 2736 4729 Beatus
2770 4677 2860 4747 qui
2893 4686 3058 4731 tectus
3097 4686 3173 4732 est
3204 4697 3237 4733 a
3263 4679 3444 4751 lingua
3475 4698 3570 4737 ne-

1993 4780 2173 4834 quam.
2203 4762 2350 4818 Mors
2391 4763 2534 4819 illius
2562 4780 2701 4819 mors
2731 4782 2952 4837 nequam
2989 4775 3084 4834 est,
3113 4777 3163 4822 et
3205 4768 3352 4824 utilis
3398 4773 3572 4841 potius

1994 4852 2233 4921 infernus
2259 4868 2416 4923 quam
2445 4852 2560 4908 illa.
2597 4852 2701 4918 Qui
2727 4853 3025 4926 relinquunt
3050 4855 3239 4920 Deum,
3268 4858 3496 4913 incident
3517 4862 3574 4913 in

1994 4941 2141 4996 illam
2183 4958 2202 4996 :
2236 4942 2502 4996 exardebit
2545 4943 2600 4996 in
2637 4942 2743 4997 illis
2773 4952 2822 4997 et
2853 4960 2956 4997 non
2987 4947 3347 5016 exstinguetur
3385 4947 3573 5019 (lbid.)

1995 5030 2140 5088 Bene
2166 5041 2346 5086 autem
2372 5034 2623 5088 subditur
2643 5037 2785 5105 quod
2812 5036 2926 5106 ipse
2963 5037 3103 5108 ignis
3145 5039 3367 5094 devoret
3389 5048 3571 5093 extre»

1998 5140 2141 5178 mam
2174 5134 2381 5194 partem
2428 5135 2753 5181 castrorum.
2779 5127 3033 5183 Extrema
3087 5145 3215 5199 pars
3268 5138 3571 5185 castrorum

1999 5214 2120 5267 finis
2145 5215 2490 5283 praesentium
2511 5223 2595 5269 est
2622 5215 2916 5282 actionum,
2944 5217 3034 5271 ubi
3055 5217 3419 5287 cujuscunque
3430 5231 3567 5286 qua-

1997 5305 2063 5359 lis
2095 5305 2254 5359 fuerit
2300 5307 2580 5369 terminus,
2618 5321 2649 5359 a
2679 5307 2905 5362 Domino
2938 5308 3230 5377 iudicatur.
3261 5307 3411 5363 Unde
3434 5307 3568 5360 scri-

1995 5402 2145 5462 ptum
2187 5403 2270 5448 est
2298 5409 2313 5447 :
2342 5394 2599 5449 Dominus
2641 5396 2907 5465 judicabit
2950 5406 3191 5452 extrema
3249 5405 3424 5449 term.
3458 5395 3563 5462 Qui

1997 5493 2172 5539 autem
2198 5498 2370 5554 usque
2410 5484 2477 5538 ad
2509 5492 2738 5538 mortem
2784 5486 3115 5540 incorrectus
3154 5492 3462 5552 perseverat
3510 5487 3567 5538 in

1998 5577 2199 5631 malitia
2230 5575 2489 5646 concepta
2510 5615 2524 5639 ,
2552 5573 2660 5628 tam
2700 5574 2752 5628 in
2781 5576 2957 5629 anima
2982 5587 3142 5641 quam
3174 5572 3337 5626 etiam
3367 5572 3420 5625 in
3445 5588 3568 5628 cor-

2000 5685 2125 5739 pore
2153 5667 2388 5725 urendus
2432 5667 2536 5722 erit
2573 5673 2828 5736 perpetua
2868 5679 3058 5734 poena;
3093 5677 3191 5718 nec
3218 5663 3320 5718 erit
3367 5664 3571 5735 aliquid
