3932 6188
434 244 539 300 655

1087 238 1145 292 Β.
1190 238 1441 293 RABANI
1482 239 1701 295 MMle
1734 233 2052 293 ARCHIEF.
2090 232 2400 296 MOGUNT.
2441 232 2723 289 OPERUM
2766 233 2946 287 PARS
2984 233 3022 288 1.
3537 246 3623 297 est;

441 352 839 423 inexquisitum,
858 353 1072 420 quando
1087 361 1277 419 totum,
1293 353 1434 423 quod
1455 354 1743 424 cogitatum
1767 368 1863 423 per
1875 367 2009 421 opus
2039 352 2081 409 Α
2115 350 2211 403 bus
2233 351 2359 418 quid
2383 350 2526 404 aliud
2553 363 2714 418 quam
2746 357 2995 403 senectus
3020 350 3193 403 cordis
3217 354 3502 420 requiritur.
3524 375 3627 416 cum

439 445 523 500 vel
553 442 718 499 etiam
748 440 974 496 verbum
1023 440 1263 511 iniquum
1309 443 1494 511 gessit,
1550 443 1747 497 inferni
1791 454 2010 497 carcere

436 536 709 608 punietur.
738 532 878 588 llinc
901 542 985 586 est
1010 533 1150 603 quod
1183 534 1236 587 in
1264 533 1574 604 Evangelio,
1607 532 1869 603 pertinaci
1895 531 2010 600 ipsa

440 628 652 684 Veritas
696 624 872 680 dicit;
904 622 1032 678 Esto
1091 624 1414 678 consentiens
1459 624 1758 678 adversario
1811 632 1923 689 tuo,
1950 638 2012 676 ne

439 719 573 788 forte
595 713 926 769 adversarius
959 712 1135 766 tradat
1175 722 1224 765 te
1254 712 1447 781 judiei,
1485 723 1533 766 et
1561 712 1732 783 judea:
1758 712 1932 766 tradat
1964 720 2013 765 te

438 808 698 871 ministro,
746 813 795 859 et
839 804 894 858 in
942 818 1200 858 carcerem
1249 804 1497 858 mittaris.
1544 806 1706 858 Amen
1743 803 1860 862 dico
1897 802 2012 869 tibi,

438 917 541 956 non
573 900 714 954 ewies
744 897 884 960 inde,
907 896 1070 950 donec
1100 894 1288 950 reddas
1304 897 1641 950 novissimum
1665 894 2012 967 quadrantem

440 989 656 1061 (Matth.
685 988 762 1059 ν).
803 986 1000 1056 Vulgus
1028 986 1215 1057 quippe
1253 986 1638 1056 promiscuum,
1666 985 1805 1056 quod
1826 1000 2011 1038 ascen-

436 1083 583 1136 derat
607 1096 724 1133 cum
750 1079 845 1142 eis,
883 1077 1141 1147 ﬂagrabat
1176 1076 1436 1131 desiderio
1466 1077 1705 1130 carnium
1745 1076 1928 1129 sedens
1963 1083 2012 1128 et

435 1174 586 1241 ﬂens,
609 1168 811 1240 junctis
858 1168 958 1222 sibi
1000 1168 1199 1237 pariter
1249 1165 1375 1234 [iliis
1410 1164 1598 1227 Israel,
1643 1175 1690 1219 et
1721 1166 1795 1219 ait
1828 1179 1846 1216 :
1882 1164 2012 1230 Quis

435 1262 577 1316 dabit
609 1260 754 1314 nobis
806 1259 873 1311 ad
918 1257 1227 1311 vescendum
1268 1256 1494 1310 carnes?
1526 1254 1880 1309 Recordamur
1905 1256 2013 1325 pis-

435 1355 740 1421 ciunt,quos
781 1347 1177 1401 comedebantus
1214 1347 1270 1400 in
1309 1345 1540 1417 Egypto
1567 1347 1751 1416 gratis.
1782 1345 1849 1399 In
1870 1362 2014 1399 men-

435 1454 536 1496 tem
566 1440 712 1494 nobis
760 1438 972 1492 veniunt
1027 1452 1346 1500 cucumeres,
1392 1452 1639 1506 pepones,
1689 1435 1931 1507 porrique
1964 1443 2012 1488 et

436 1546 572 1600 (cepe
614 1538 662 1582 et
716 1526 864 1580 allia.
899 1525 1088 1579 Anima
1127 1534 1306 1579 nostra
1355 1524 1508 1579 arida
1553 1534 1653 1589 est,
1697 1523 1828 1577 nihil
1864 1523 2012 1577 aliud

436 1621 715 1691 respiciunt
745 1617 883 1672 oculi
906 1617 1084 1679 nostri,
1111 1616 1212 1670 nisi
1238 1632 1381 1679 man,
1400 1623 1504 1670 etc.
1528 1615 1687 1669 Durae
1717 1614 2010 1669 carnalium

425 1720 645 1770 mentes
677 1725 774 1780 per
813 1722 1052 1762 amorem
1108 1706 1287 1761 seculi
1336 1706 1490 1774 quasi
1540 1704 1787 1775 qumdam
1831 1703 2009 1757 mollia

435 1825 499 1864 ac
523 1804 854 1863 delectabilia
893 1802 1038 1856 ferre
1062 1808 1266 1871 paratio
1313 1807 1459 1863 sunt,
1491 1798 1616 1852 dum
1667 1798 1721 1851 in
1774 1798 1875 1852 hac
1899 1797 2011 1851 vita

438 1915 616 1957 rerum
637 1898 872 1955 culmina
906 1892 1309 1965 apprehendere
1330 1899 1616 1948 conantur.
1645 1890 2009 1945 Cessationem

436 1992 695 2049 Dominus
717 2005 746 2042 a
785 1987 969 2042 mundi
998 1985 1277 2040 laboribus
1316 1984 1567 2053 imperat,
1591 1990 1793 2038 sanctae
1812 1981 2010 2051 quietis

435 2079 771 2137 dulcedinem
809 2076 1119 2147 persuadet,
1158 2083 1214 2128 et
1256 2082 1432 2129 tamen
1467 2088 1666 2129 vesana
1702 2072 2010 2142 iniquorum

436 2186 588 2228 mens
615 2170 736 2241 plus
763 2184 821 2225 se
842 2167 1061 2236 assequi
1093 2179 1287 2236 aspera
1327 2164 1622 2227 carnaliter
1638 2178 1803 2233 quam
1827 2170 2010 2218 tenere

437 2263 631 2319 blanda
687 2261 1007 2333 spiritaliter
1059 2258 1292 2329 gaudet;
1333 2257 1455 2327 plus
1500 2256 1798 2311 acerbitate
1826 2253 2013 2325 fatiga-

438 2357 601 2413 tionis
629 2368 790 2424 quam
821 2351 1022 2422 quietis
1050 2349 1334 2404 dulcedine
1357 2348 1597 2418 pascitur
1628 2364 1643 2401 :
1667 2346 1809 2417 quod
1825 2356 2011 2415 aperte

441 2446 491 2497 in
529 2441 819 2511 semetipso
850 2439 1008 2493 nobis
1032 2436 1361 2493 lsraelitieus
1387 2435 1616 2507 populus
1642 2435 1896 2501 ostendit,
1917 2437 2008 2505 qui

436 2535 564 2587 dum
632 2529 981 2587 refectionem
1028 2541 1237 2581 manna:
1285 2526 1516 2597 desuper
1572 2526 1878 2595 acceperit,
1942 2525 2011 2580 ab

440 2623 674 2696 Egypto
700 2619 837 2676 ollas
889 2618 1161 2683 carnium,
1198 2631 1468 2687 pepones,
1498 2631 1688 2686 porros
1730 2630 2011 2685 cacpasque

439 2713 765 2785 concupivit.
795 2710 931 2780 Quid
974 2710 1119 2764 enim
1150 2708 1398 2780 signatur
1431 2710 1481 2763 in
1509 2723 1705 2763 manna
1740 2707 1845 2763 nisi
1887 2723 2010 2762 esca

438 2802 644 2873 gratim,
676 2814 840 2855 suave
867 2798 1108 2867 sapiens,
1125 2797 1193 2850 ad
1218 2796 1565 2851 refectionem
1594 2795 1866 2849 interioris
1889 2795 2011 2849 vita:

443 2895 584 2950 bene
603 2889 923 2948 vacantibus
981 2887 1212 2957 desuper
1257 2885 1416 2940 data?
1452 2884 1517 2939 Et
1554 2883 1684 2954 quid
1733 2899 1831 2955 per
1875 2884 2010 2939 ollas

438 2983 684 3039 carnium
710 2978 812 3035 nisi
857 2977 1096 3033 carnalia
1144 2990 1331 3046 opera,
1363 2975 1450 3029 vix
1479 2974 1889 3030 tribulationum
1928 2974 2007 3028 la-

438 3070 660 3127 boribus
690 3068 844 3139 quasi
879 3065 1095 3137 ignibus
1130 3064 1512 3133 escoquenda?
1546 3063 1685 3131 Quid
1713 3080 1811 3134 per
1846 3078 2010 3134 pepo-

438 3178 552 3225 nes,
597 3161 701 3215 nisi
730 3169 958 3213 terrenae
986 3154 1337 3211 dulcedines?
1359 3155 1498 3220 Quid
1553 3169 1652 3224 per
1702 3168 1898 3223 porros
1945 3168 2010 3208 ac

436 3269 614 3324 caepas
651 3249 991 3321 exprimitur,
1025 3261 1144 3315 qua:
1171 3244 1512 3316 plerumque,
1550 3244 1641 3313 qui
1696 3244 2009 3311 comedunt,

439 3345 706 3413 lacrymas
744 3337 1031 3400 emittunt,
1080 3334 1185 3388 nisi
1225 3332 1511 3388 difficultas
1559 3333 1843 3403 praesentis
1864 3333 2005 3396 vitae,

438 3447 558 3503 qua:
587 3446 618 3485 a
644 3425 992 3484 dilectoribus
1017 3424 1129 3480 suis
1161 3432 1344 3478 etnon
1390 3422 1507 3477 sine
1553 3421 1698 3477 luctu
1725 3422 1924 3494 agitur,
1957 3430 2013 3477 et

436 3535 618 3580 tamen
645 3535 768 3576 cum
793 3515 1047 3589 lacrymis
1071 3514 1319 3568 amatur?
1340 3512 1532 3566 Manna
1564 3512 1729 3584 igitur
1756 3512 2011 3567 deseren-

438 3625 538 3680 tes,
565 3626 686 3668 cum
732 3609 1031 3682 peponibus
1080 3620 1146 3659 ac
1198 3602 1453 3659 carnibus
1492 3618 1686 3675 porros
1727 3618 2011 3674 caepasquc

436 3704 787 3775 qumsierunt,
825 3698 950 3770 quia
992 3694 1244 3750 videlicet
1281 3709 1549 3764 perverse
1579 3702 1787 3749 mentes
1831 3693 2011 3749 dulcia

432 3811 532 3866 per
560 3793 791 3866 gratiam
845 3788 1044 3860 quietis
1083 3784 1222 3840 dona
1252 3785 1576 3856 despiciunt,
1606 3794 1661 3840 et
1705 3798 1805 3853 pro
1828 3783 2012 3840 carnis

441 3883 805 3953 voluptatibus
833 3882 1103 3937 laboriosa
1149 3878 1315 3949 liuius
1332 3877 1458 3931 vita:
1481 3875 1696 3938 itinera,
1726 3875 1888 3929 etiam
1938 3874 2008 3929 la-

438 3972 643 4044 erymis
666 3970 847 4041 plena,
869 3970 1275 4039 concupiscunt.
1308 3966 1674 4023 Contemnunt
1697 3963 1898 4019 habere
1920 3962 2010 4018 ubi

436 4060 796 4132 spiritualitcr
820 4060 1112 4130 gaudeant,
1140 4068 1195 4112 et
1220 4056 1586 4115 desiderantes
1611 4060 1889 4124 appetunt,
1918 4052 2012 4109 ubi

434 4153 731 4210 carnaliter
769 4160 1003 4223 gemant.
1038 4150 1105 4205 Et
1152 4149 1286 4204 dixit
1335 4147 1588 4202 Dominus
1632 4145 1703 4200 ad
1757 4144 2010 4215 Moysen:

426 4245 703 4317 Congrega
729 4242 858 4297 mihi
881 4241 1209 4312 septuaginta
1236 4239 1374 4295 viros
1401 4237 1466 4292 de
1493 4235 1782 4292 senioribus
1817 4233 2006 4299 Israel,

427 4354 563 4409 quos
594 4346 651 4391 tu
669 4335 806 4390 nosti
828 4332 964 4405 quod
981 4347 1130 4387 senes
1149 4346 1210 4384 ac
1231 4327 1469 4399 magistri
1488 4327 1591 4382 sint
1611 4324 1786 4396 populi
1814 4322 2006 4388 Israel,

428 4443 481 4486 et
508 4433 665 4485 duces
694 4445 780 4483 eos
809 4426 877 4482 ad
919 4426 1109 4481 ostium
1136 4419 1461 4477 tabernaculi
1489 4418 1721 4489 federis,
1748 4416 2009 4487 {aciesque

436 4521 508 4575 ibi
535 4530 677 4574 stare
703 4526 892 4572 tecum.
918 4514 987 4569 Et
1010 4513 1319 4569 descendam
1340 4520 1387 4566 et
1426 4509 1613 4581 loquar
1645 4508 1760 4573 tibi,
1789 4516 1836 4561 et
1861 4507 2010 4575 aufe-

435 4628 552 4664 ram
586 4610 650 4665 de
681 4609 867 4680 spiritu
903 4614 1016 4671 tuo,
1050 4603 1358 4673 traduntque
1376 4602 1471 4665 eis,
1499 4610 1553 4655 ut
1601 4606 1886 4654 sustentent
1935 4606 2009 4650 te-

434 4717 552 4754 cum
583 4716 714 4753 onus
751 4695 930 4768 populi
960 4705 1006 4749 et
1046 4711 1149 4749 non
1177 4702 1235 4747 tu
1269 4691 1410 4746 solus
1452 4690 1702 4760 graveris,
1729 4695 1833 4742 etc.
1856 4685 2009 4740 Sicut

436 4789 751 4862 plerumque
767 4784 994 4854 juvenes
1015 4784 1119 4839 dici
1135 4781 1328 4845 solent,
1346 4780 1438 4850 qui
1454 4778 1597 4833 nulla
1611 4775 1820 4833 consilii
1838 4775 2009 4844 gravi-

437 4886 547 4933 tate
582 4875 973 4946 deprimuntur,
998 4873 1072 4927 ita
1106 4887 1268 4928 senes
1285 4886 1391 4926 non
1419 4885 1514 4925 eos
1549 4868 1828 4938 Scriptura
1849 4881 2006 4923 sacra

435 4984 632 5025 vocare
653 4965 955 5030 consuevit,
978 4965 1070 5035 qui
1091 4964 1203 5019 sola
1231 4964 1534 5035 quantitate
1566 4971 1887 5032 temporum,
1913 4960 2006 5016 sed

435 5073 646 5117 morum
675 5055 1063 5127 grandzevitate
1090 5054 1288 5109 maturi
1316 5061 1459 5109 sunt.
1492 5052 1644 5110 Unde
1681 5067 1780 5122 per
1820 5067 2010 5122 quein-

436 5151 560 5206 dam
585 5147 885 5217 sapientem
906 5145 1104 5202 dicitur
1129 5162 1141 5199 :
1168 5142 1416 5200 Senectus
1440 5143 1743 5200 uenerabilis
1765 5161 1866 5199 non
1891 5144 2010 5198 diu-

436 5251 595 5297 turna
630 5254 795 5311 neque
834 5253 1050 5292 numero
1082 5253 1342 5292 annorum
1382 5247 1698 5309 computata.
1733 5237 1865 5293 Cani
1890 5246 2009 5293 sunt

437 5344 613 5389 autem
638 5347 823 5387 sensus
848 5327 1095 5395 hominis,
1125 5339 1171 5383 et
1199 5338 1328 5383 tetas
1377 5331 1655 5385 senectutis
1682 5331 1785 5386 vita
1819 5331 2005 5385 imma-

436 5426 615 5481 culata
667 5423 817 5498 (Sap.
851 5421 949 5494 tv).
996 5421 1135 5477 Hinc
1180 5436 1310 5494 ergo
1351 5431 1434 5479 est
1477 5426 1619 5496 quod
1676 5424 1744 5481 ad
1797 5425 2013 5497 Moysen

439 5518 571 5572 dicit
602 5534 614 5570 :
649 5515 918 5587 Congrega
943 5512 1074 5567 mihi
1104 5514 1431 5583 septuaginta
1480 5513 1614 5570 viros
1642 5515 1706 5570 de
1722 5515 2015 5570 senioribus

440 5604 635 5668 Israel,
661 5620 789 5673 quos
818 5614 873 5659 tu
901 5600 1203 5674 nosti'quod
1232 5618 1377 5657 senes
1420 5603 1599 5677 populi
1634 5614 1776 5660 sunt.
1818 5604 1873 5660 In
1898 5604 2015 5674 qui-

2040 1683 2088 1743 B

2116 440 2248 494 tales
2268 438 2525 511 jubeutur
2569 439 2714 509 eligi,
2761 440 2854 508 qui
2889 454 3047 495 senes
3075 441 3227 495 sunt?
3262 442 3317 496 Si
3345 447 3474 500 enim
3500 465 3632 507 sene-

2114 539 2233 585 ctus
2263 530 2315 583 in
2342 531 2423 583 eis
2456 529 2701 598 corporis
2741 536 3098 596 quaereretur,
3126 544 3155 583 a
3178 531 3339 587 tantis
3360 535 3477 590 sciri
3502 549 3629 606 pote-

2114 629 2234 674 rant
2251 635 2280 673 a
2305 619 2522 690 quantis
2544 618 2732 673 videri.
2763 618 2896 672 Dum
2924 634 3053 672 vero
3078 620 3290 687 dicitur,
3308 639 3427 693 quos
3451 636 3499 679 tu
3522 631 3631 682 nosti

2112 712 2250 783 quod
2271 728 2417 765 senes
2448 709 2626 781 populi
2653 711 2780 773 sint,
2811 710 3054 780 profecto
3081 711 3246 781 liquet
3271 715 3390 784 quia
3421 730 3633 775 senectus

2112 803 2331 866 mentis,
2363 817 2469 856 non
2499 802 2774 871 corporis,
2815 800 3061 874 eligenda
3113 806 3399 861 nuntiatur.
3447 808 3633 881 Mysticc

2112 904 2293 951 autem
2320 896 2677 951 descendente
2700 895 2753 949 in
2782 895 2923 950 nube
2948 896 3122 951 carnis
3138 897 3367 965 Christo,
3380 900 3549 956 diffusa
3568 913 3635 956 est

2080 1001 2209 1056 .per
2239 988 2425 1041 orbem
2470 985 2569 1060 [vel
2616 984 2802 1058 ﬁdem]
2833 984 3067 1056 Spiritus
3113 990 3282 1044 sancti
3303 992 3463 1062 gratia
3502 1008 3636 1062 super

2110 1077 2338 1147 populos
2396 1086 2451 1131 et
2512 1076 2853 1148 septuaginta
2920 1074 3157 1148 gentium
3219 1078 3406 1151 linguis
3436 1080 3633 1145 electos;

2110 1168 2396 1238 evenitque
2437 1181 2601 1237 super
2652 1182 2843 1222 omnes
2894 1168 3093 1222 donum
3130 1168 3257 1224 illud
3310 1168 3508 1226 virtutis
3548 1189 3636 1227 cm-

2110 1258 2288 1321 lestis,
2313 1258 2456 1327 quod
2483 1258 2755 1328 quondam
2781 1258 2884 1312 fuit
2912 1259 2966 1312 in
2995 1257 3177 1329 Moyse
3195 1268 3351 1330 atque
3377 1264 3634 1332 prophetis.

2112 1350 2180 1404 Et
2236 1353 2309 1405 ait
2350 1350 2601 1420 Moyses:
2634 1350 2890 1404 Sexcenta
2920 1351 3087 1404 millia
3129 1351 3354 1420 peditatu
3391 1353 3535 1423 hujus
3558 1373 3636 1424 po-

2110 1441 2221 1512 puli
2250 1451 2388 1501 sunt,
2420 1451 2469 1495 et
2510 1451 2566 1495 tu
2606 1442 2759 1503 dicis,
2792 1440 2937 1494 Dabo
2959 1440 3032 1495 eis
3062 1458 3205 1495 esum
3249 1443 3472 1497 carnium
3495 1461 3639 1499 mense

2109 1530 2330 1601 integro.
2364 1529 2617 1601 Nunquid
2645 1531 2815 1584 ovium
2848 1539 2895 1583 et
2937 1529 3089 1583 boum
3123 1530 3392 1584 multitudo
3421 1534 3634 1592 medetur.

2113 1630 2168 1674 ut
2206 1622 2368 1691 possit
2393 1623 2623 1693 suﬂicere
2651 1620 2959 1675 rid-cibum?
3000 1620 3077 1674 uel
3113 1638 3287 1677 omnes
3324 1623 3477 1691 pisces
3506 1630 3640 1682 maris

2113 1715 2169 1768 in
2196 1732 2356 1768 unum
2387 1715 2859 1785 congregabantur,
2889 1723 2945 1767 ut
2974 1731 3061 1768 eos
3095 1715 3321 1768 satient?
3346 1711 3439 1768 Cui
3463 1731 3640 1785 respon-

2108 1805 2184 1858 dit
2215 1818 2233 1856 :
2263 1803 2515 1875 Nunquid
2550 1820 2737 1857 manus
2766 1802 2979 1857 Domini
3001 1802 3235 1856 invalida
3256 1804 3367 1857 est?
3396 1803 3508 1857 1am
3528 1820 3640 1857 nunc

2108 1894 2303 1949 uidebis
2333 1903 2510 1948 utrum
2552 1910 2698 1951 meus
2724 1910 2894 1948 sermo
2921 1910 3072 1965 opere
3092 1894 3427 1963 compleatur.
3449 1894 3644 1965 Septua-

2109 1985 2255 2054 ginta
2287 2004 2300 2039 :
2336 1983 2404 2038 Et
2445 1984 2580 2038 dixit
2619 1982 2825 2053 Moyses
2863 1997 2880 2035 :
2915 1982 3173 2039 Sescenta
3220 1984 3382 2038 millia
3423 1985 3644 2054 peditum,

2108 2077 2163 2131 in
2189 2076 2376 2148 quibus
2395 2091 2510 2129 sum
2550 2075 2607 2129 in
2643 2075 2795 2145 ipsis,
2825 2084 2873 2129 et
2896 2084 2952 2128 tu
2978 2075 3182 2142 dixisti,
3208 2073 3399 2131 Carncs
3423 2076 3545 2130 dabo
3562 2077 3642 2139 eis,

2108 2178 2156 2223 et
2178 2168 2327 2222 edent
2352 2184 2524 2222 mense
2545 2167 2768 2220 dierum.
2799 2164 3054 2236 Nunquid
3076 2182 3194 2221 oves
3214 2177 3259 2221 et
3280 2167 3420 2221 bores
3443 2166 3645 2220 occiden-

2108 2269 2197 2313 tur
2244 2258 2371 2323 illis,
2421 2268 2469 2312 et
2509 2258 2770 2328 suﬁciunt
2809 2256 2956 2311 illis?
2994 2258 3098 2312 A‘ut
3145 2259 3315 2313 omnis
3361 2258 3506 2328 piscis
3547 2274 3646 2310 con-

2108 2350 2407 2421 gregabitur
2452 2349 2526 2403 eis
2572 2359 2619 2403 et
2667 2349 2880 2419 sufﬁciet
2932 2348 3045 2404 eis?
3092 2348 3270 2416 Qumri
3325 2349 3454 2404 solet
3492 2358 3643 2402 utrum

2112 2440 2213 2495 hoc
2252 2438 2461 2509 Moyses
2506 2435 2793 2493 diuidendo
2829 2437 3076 2501 dixisset,
3131 2446 3188 2493 et
3236 2446 3477 2493 nascetur
3523 2453 3646 2507 qua:-

2109 2530 2215 2584 stio
2263 2544 2362 2583 cur
2406 2528 2512 2583 hoc
2561 2528 2612 2583 ei
2652 2542 2759 2583 non
2797 2528 3211 2599 exprobraverit
3270 2529 3543 2590 Dominus,
3586 2528 3645 2580 si-

2109 2627 2200 2674 cut
2252 2619 2598 2689 exprobravit
2635 2619 2777 2688 quod
2817 2619 2883 2673 ad
2926 2626 3137 2689 petram
3181 2620 3323 2675 unde
3352 2635 3479 2690 aqua
3520 2619 3648 2674 (lusit

2109 2707 2323 2762 videtur
2357 2708 2424 2764 de
2481 2716 2745 2778 potestate
2790 2708 3004 2764 Domini
3048 2710 3342 2766 dubitasSe.
3396 2709 3449 2765 Si
3493 2719 3645 2764 autem

2110 2799 2406 2854 dixerimus
2454 2799 2557 2855 hoc
2580 2815 2703 2854 eum
2756 2799 2956 2855 dixisse
3002 2800 3296 2871 quaerendo
3329 2801 3531 2855 modum
3559 2815 3650 2870 quo

2113 2888 2298 2954 ﬁeret,
2355 2890 2471 2961 ipsa
2522 2889 2734 2946 Domini
2786 2892 3065 2962 responsio
3098 2892 3189 2948 ubi
3238 2891 3305 2947 ad
3349 2907 3467 2949 euut
3499 2891 3644 2946 dixit:

2115 2979 2365 3051 Nunquid
2405 2997 2597 3037 manus
2658 2982 2869 3038 Domini
2918 2999 3025 3039 non
3085 2982 3351 3040 sufﬁciet?
3393 2984 3535 3054 quasi
3576 2997 3647 3037 re-

2115 3069 2430 3140 darguentis
2464 3069 2681 3124 videtur
2716 3070 2860 3140 quod
2907 3071 2996 3126 ille
3038 3071 3143 3127 ista
3187 3089 3297 3126 non
3348 3072 3649 3128 credidisset.

2115 3157 2221 3213 Sed
2267 3159 2464 3214 melius
2507 3160 2742 3214 arbitror
2772 3160 2997 3231 intelligi
3040 3160 3332 3216 Dominum
3360 3162 3430 3216 ita
3467 3175 3652 3229 respou-

2112 3250 2254 3305 disse
2277 3259 2535 3321 tanquam
2558 3249 2777 3304 modum
2810 3248 2980 3306 futuri
3024 3250 3177 3318 lacti,
3209 3268 3367 3323 quem
3394 3252 3476 3307 ille
3501 3249 3652 3321 requi-

2112 3338 2287 3404 rebat,
2319 3339 2501 3394 dicere
2544 3338 2806 3406 noluerit,
2837 3340 2929 3395 sed
2958 3340 3140 3409 potius
3161 3355 3329 3411 opere
3377 3341 3485 3411 ipso
3522 3351 3651 3395 suam

2110 3426 2406 3498 potentiam
2440 3427 2836 3484 demonstrare.
2863 3428 3086 3484 Poterat
3114 3430 3266 3485 enim
3304 3438 3358 3485 et
3399 3428 3564 3483 Mariae
3582 3425 3651 3480 di-

2112 3515 2257 3569 centi
2292 3532 2306 3568 :
2340 3513 2615 3580 Quomodo
2637 3516 2722 3584 ﬁet
2746 3516 2887 3570 istud
2912 3517 3160 3587 quoniam
3183 3519 3351 3572 virum
3375 3533 3472 3570 non
3495 3529 3655 3587 cogno-

2109 3621 2201 3659 sco
2216 3604 2370 3677 (Luc.
2389 3605 2476 3674 u),
2509 3620 2539 3659 a
2562 3604 3020 3661 calumniantibus
3039 3605 3204 3677 objici
3222 3605 3360 3677 quod
3377 3606 3539 3660 minus
3557 3618 3653 3655 cre-

2109 3694 2327 3760 diderit,
2360 3708 2484 3750 cum
2512 3693 2599 3748 illa
2641 3695 2858 3749 modum
2897 3696 3237 3765 quaesiverit,
3261 3713 3364 3752 non
3393 3696 3454 3750 de
3487 3694 3656 3748 virtute

2110 3783 2323 3839 Domini
2349 3783 2694 3839 dubitaverit.
2730 3784 2882 3850 Quod
2910 3792 3092 3839 autem
3118 3799 3438 3856 responsum
3458 3792 3533 3838 est
3554 3780 3617 3836 illi
3641 3797 3652 3833 :

2113 3874 2344 3946 Spiritus
2369 3885 2583 3930 sanctus
2606 3876 2928 3945 superveniet
2962 3876 3017 3930 in
3051 3886 3122 3942 te,
3149 3886 3201 3930 et
3230 3878 3392 3932 virtus
3434 3873 3655 3929 Altissimi

2112 3967 2437 4021 obumbrabit
2453 3966 2547 4021 tibi
2561 3965 2707 4038 (Ibid
2715 3969 2776 4038 .),
2792 3973 3005 4036 poterat
3024 3968 3357 4037 respondere
3375 3975 3427 4022 et
3447 3965 3536 4031 sic,
3552 3976 3657 4033 quo-

2114 4060 2275 4115 modo
2299 4060 2408 4115 hic.
2451 4060 2706 4130 Nunquid
2748 4058 2972 4130 Spiritui
3011 4072 3203 4118 saneto
3230 4060 3548 4133 impossibile
3570 4066 3655 4120 est.

2113 4150 2203 4220 qui
2225 4150 2567 4219 superveniet
2594 4151 2649 4205 in
2678 4151 2766 4206 te?
2800 4165 2864 4206 ac
2893 4150 2937 4206 si
2963 4151 3100 4206 idem
3131 4166 3326 4209 sensus
3349 4162 3658 4208 consonare-

2115 4249 2217 4295 tur.
2234 4240 2403 4295 Porro
2428 4250 2608 4296 autem
2629 4241 2759 4296 talia
2780 4244 3026 4312 quaedam
3067 4243 3258 4301 dicens
3272 4244 3569 4307 Zacharias,
3597 4242 3661 4294 in-
3764 4224 3777 4237 ’

2114 4330 2449 4388 credulitatis
2475 4332 2743 4402 arguitur,
2765 4342 2820 4386 et
2842 4333 2992 4388 vocis
3007 4348 3283 4404 oppressae
3320 4348 3475 4405 paena
3497 4329 3659 4401 plet-ti—

2119 4432 2224 4477 tur.
2249 4421 2463 4489 Quare?
2484 4422 2585 4477 nisi
2614 4422 2739 4492 quia
2762 4422 3028 4479 Dominus
3046 4424 3248 4497 non‘de
3268 4423 3464 4486 verbis,
3494 4417 3579 4475 sed
3604 4416 3659 4470 dc

2116 4511 2625 4581 cordibusjudicat?
2651 4512 2867 4583 Alioqui
2906 4524 2959 4568 et
2985 4513 3051 4568 ad
3103 4513 3252 4569 illam
3308 4521 3508 4584 petram
3542 4505 3662 4562 unde

2114 4618 2255 4675 aqua
2279 4601 2555 4674 proﬂuxit,
2571 4610 2821 4672 poterant
2847 4602 3098 4657 excusari
3112 4603 3282 4659 verba
3307 4600 3490 4674 Moysi,
3505 4596 3595 4653 nisi
3616 4594 3663 4648 in

2114 4707 2235 4748 eum
2292 4691 2438 4747 clara
2475 4700 2621 4746 esset
2667 4690 2849 4745 divina
2887 4691 3180 4757 sententia,
3218 4691 3363 4763 quod
3402 4682 3660 4745 dillidendo

2115 4780 2243 4834 talia
2265 4780 2485 4836 dixerit.
2516 4779 2650 4834 Nam
2678 4779 2752 4833 ita
2791 4794 2850 4834 se
2896 4795 2959 4835 ea
3007 4781 3172 4835 verba
3218 4780 3462 4835 habent:
3496 4772 3665 4829 Audite

2114 4887 2218 4935 me,
2239 4869 2497 4926 increduli
2524 4885 2542 4922 :
2573 4870 2827 4942 Nunquid
2858 4871 2995 4925 enim
3037 4871 3101 4926 de
3123 4882 3272 4942 petra
3295 4871 3398 4926 ista
3424 4866 3662 4924 edacium

2113 4962 2254 5017 vobis
2291 4963 2524 5034 aquam?
2571 4962 2770 5035 (Exod.
2799 4961 2955 5035 xvn.)
3007 4962 3211 5018 Deinde
3257 4960 3500 5033 sequitur
3548 4973 3562 5010 :
3607 4951 3661 5007 Et

2113 5054 2310 5111 elevata
2340 5052 2545 5124 Moyses
2564 5071 2723 5108 manu
2747 5071 2869 5121 sua,
2895 5054 3144 5124 percussit
3171 5062 3371 5124 petram
3395 5052 3471 5106 bis
3492 5056 3536 5103 et
3558 5041 3662 5100 exiit

2115 5164 2254 5218 aqua
2281 5144 2469 5212 multa,
2492 5154 2538 5199 et
2558 5144 2683 5198 bibit
2707 5159 2970 5214 synagoga
2999 5150 3047 5196 et
3069 5158 3256 5213 pecora
3277 5156 3458 5196 eorum
3479 5130 3660 5209 (Ibid).

2121 5238 2319 5309 Utique
2348 5237 2414 5293 ad
2453 5236 2556 5292 boc
2610 5235 2956 5307 congregavit
3004 5233 3282 5305 populum,
3309 5233 3378 5288 ad
3405 5232 3505 5285 hoc
3540 5226 3663 5281 illam

2123 5330 2348 5402 virgam,
2403 5327 2458 5382 in
2516 5341 2622 5396 qua
2674 5334 2824 5380 tanta
2866 5324 3127 5380 miracula
3179 5324 3406 5387 fecerat,
3443 5312 3664 5386 sumpsit.

2121 5434 2292 5490 eaque
2328 5425 2536 5487 petram
2587 5416 2876 5488 percussit,
2905 5424 3067 5485 atque
3111 5413 3233 5470 inde
3278 5413 3453 5469 solita:
3479 5403 3699 5464 virtutis

2123 5521 2205 5568 est
2228 5519 2549 5569 consecutus
2597 5508 2839 5565 effectus.
2873 5506 3051 5562 Verba
3077 5521 3204 5578 ergo
3230 5504 3320 5559 illa
3349 5503 3540 5573 quibus
3567 5496 3660 5550 ait:

2128 5604 2380 5676 Nunquid
2402 5620 2466 5659 ex
2481 5604 2578 5656 hac
2598 5610 2743 5671 petra
2772 5597 3197 5654 educimusvobrs
3222 5594 3456 5668 aquam?
3476 5594 3669 5664 possem
