3932 6188
299 356 400 415 657

976 359 1538 420 ENARBATIONES
1576 363 1643 419 IN
1682 362 1946 418 LlBRUM
1990 363 2452 423 NUMERORUM.
2492 398 2563 408 -—-
2602 368 2729 425 LIB.
2771 370 2833 425 il.

3436 382 3562 440 εδδ

292 469 567 539 sicaccipi
591 475 842 538 tanquam
862 469 1384 543 tliceretuerempe
1397 490 1465 529 ex
1486 476 1588 530 hac
1607 483 1758 545 petra
1783 488 1870 527 se-
1903 477 1949 531 Δ
1978 474 2120 527 modi
2147 485 2274 531 sunt
2327 477 2546 545 Paulus,
2578 482 2874 537 secundum
2920 483 3087 557 Moysi
3144 486 3371 545 formam
3402 494 3547 553 mm

290 565 534 621 cundum
558 571 793 617 vestram
822 563 1254 620 incredulitatem
1276 581 1416 635 aqua
1450 568 1608 623 educi
1637 583 1744 622 non
1777 581 1870 636 po-

287 665 421 723 test,
442 666 505 712 ut
522 657 755 726 denique
793 658 1145 726 percutienda
1180 661 1562 717 ostenderetur
1592 660 1710 715 ﬁeri
1732 659 1870 714 divi-

285 751 440 805 nitus
469 749 709 820 potuisse
753 749 898 819 quod
926 749 1003 803 illi
1033 749 1351 805 inﬁdelitate
1398 768 1505 806 non
1558 752 1869 811 crederent,

284 838 529 894 maxime
581 838 710 908 quia
759 851 866 892 non
918 837 1134 893 dixerat
1182 853 1197 892 :
1236 840 1428 895 Audite
1465 857 1566 905 me,
1592 840 1870 895 increduli.

281 929 365 984 Ita
396 928 613 998 quidem
640 927 864 998 intelligi
910 935 1135 998 possent
1184 929 1301 985 haec
1349 932 1536 996 verba,
1567 931 1672 986 nisi
1705 930 1871 995 Deus,

278 1019 381 1088 qui
412 1018 594 1073 cordis
619 1017 895 1087 inspector
918 1026 1023 1082 est,
1049 1032 1156 1087 quo
1180 1018 1363 1073 animo
1387 1020 1530 1075 dicta
1568 1018 1769 1073 fuerint
1796 1019 1876 1072 in-

282 1112 517 1167 dicaret.
550 1111 807 1182 Sequitur
831 1111 977 1166 enim
1006 1110 1312 1182 Scriptura,
1344 1120 1402 1167 et
1430 1112 1563 1168 dicit
1590 1130 1604 1168 :
1640 1111 1710 1166 Et
1739 1111 1871 1165 dixit

287 1198 548 1254 Dominus
593 1199 663 1253 ad
693 1198 911 1270 Moysen
937 1209 988 1254 et
1020 1201 1201 1254 Aaron
1232 1215 1250 1252 :
1283 1200 1546 1267 Quoniam
1577 1218 1681 1255 non
1703 1200 1873 1254 credi-

280 1294 439 1347 distis
467 1294 597 1346 mihi
626 1292 960 1362 sanctiﬁcare
981 1309 1064 1346 me
1096 1293 1152 1346 in
1179 1302 1456 1363 conspectu
1499 1292 1733 1362 ﬁliorum
1781 1291 1868 1345 Is-

279 1384 420 1451 rael,
450 1394 664 1455 propter
682 1385 780 1438 hoc
823 1400 929 1438 non
955 1385 1214 1438 inducet.s
1246 1401 1336 1438 vos
1368 1384 1705 1455 Synagogam
1733 1384 1870 1436 lianc

277 1478 335 1530 in
361 1486 561 1530 terram
589 1492 749 1547 quam
776 1476 897 1530 dedi
930 1476 1023 1530 eis.
1051 1474 1128 1531 Ac
1173 1492 1270 1547 per
1298 1477 1401 1531 boc
1430 1475 1752 1546 intelligitur
1778 1474 1868 1528 illa

274 1566 453 1621 verba
479 1565 554 1620 ita
577 1565 779 1621 dixisse
802 1565 1041 1637 Moysen,
1070 1573 1327 1636 tanquam
1353 1565 1419 1619 ad
1453 1564 1718 1619 incertum
1744 1578 1869 1634 per-

272 1655 555 1719 cesserit;
612 1661 672 1708 ut
720 1654 766 1710 si
814 1670 919 1709 non
961 1661 1282 1724 sequeretur
1309 1653 1552 1717 ell‘ectus,
1593 1653 1696 1709 hoc
1730 1669 1869 1723 prte-

271 1744 487 1799 dixisse
522 1751 825 1813 putaretur,
869 1760 991 1799 eum
1052 1744 1128 1798 ait
1151 1744 1461 1815 :-Nunr]uid
1506 1760 1572 1798 ea:
1595 1745 1693 1799 hac
1719 1755 1867 1816 petra

1973 563 2183 631 exiens,
2214 567 2281 622 ad
2300 568 2554 637 populum
2584 569 2839 639 loquitur.
2877 571 2985 628 Sed
3019 575 3296 633 videamus
3316 588 3371 635 et
3400 583 3563 643 aliud.

1974 655 2286 722 capitulum,
2312 657 2366 711 in
2387 673 2495 727 quo
2518 659 2754 715 refertur
2780 664 2923 731 quod
2952 669 3293 739 septuaginta
3324 672 3545 745 elegerit

1972 746 2119 801 viros
2163 746 2375 818 Moyses
2395 764 2458 803 cx
2483 750 2791 807 senioribus
2828 754 3017 821 Israel,
3048 765 3106 812 et
3146 758 3397 816 habuerit
3448 780 3544 822 eos

1974 845 2100 892 ante
2121 838 2522 894 tabernaculum
2546 843 2836 898 testimonii
2858 853 2913 899 et
2931 847 2997 901 de
3028 845 3233 918 Spiritu
3268 850 3435 923 Moysi
3462 871 3549 911 ae-

1972 927 2177 997 cipiens
2205 927 2595 995 Deus,dederit
2621 936 2958 1004 septuaginta
2981 938 3305 995 senioribus.
3331 942 3399 996 Et
3417 942 3544 998 dum

1974 1016 2346 1086 requievisset,
2369 1018 2561 1089 inquit,
2595 1035 2761 1091 super
2787 1038 2882 1079 eos
2902 1024 3160 1095 Spiritus,
3184 1032 3544 1100 prophetave-

1972 1113 2099 1161 runt
2146 1123 2356 1163 omnes.
2378 1110 2531 1176 Quod
2558 1111 2697 1167 dixit
2717 1114 2841 1184 quia
2883 1130 3166 1173 assumens
3212 1121 3279 1175 de
3333 1120 3543 1192 Spiritu

1970 1194 2159 1266 Moysi,
2182 1196 2330 1253 dedit
2347 1200 2685 1270 septuaginta
2711 1202 3033 1269 senioribus,
3059 1208 3304 1275 spiritum
3330 1226 3436 1265 non
3464 1211 3544 1266 ita

1971 1285 2236 1358 intelligas
2280 1289 2436 1358 quasi
2478 1290 2817 1347 materialem
2839 1294 3079 1364 aliquam
3118 1311 3553 1371 corporeamque

1968 1375 2328 1431 substantiam
2383 1377 2636 1436 auferens
2665 1382 2809 1437 Deus
2830 1397 2861 1436 a
2890 1382 3090 1456 Moyse,
3124 1385 3179 1440 in
3205 1390 3543 1460 septuaginta

1970 1466 2205 1522 secuerit
2225 1467 2501 1536 portiones
2519 1476 2574 1523 et
2593 1470 2666 1524 ita
2688 1471 2977 1542 unicuique
2999 1475 3273 1530 seniorum
3294 1478 3551 1549 exiguam

1968 1555 2289 1626 particulam
2316 1557 2544 1614 dederit.
2575 1560 2803 1631 lmpium
2839 1571 2924 1618 est
2952 1566 3030 1619 ita
3057 1567 3357 1639 intelligere
3386 1578 3543 1625 natu-

1969 1662 2087 1701 ram
2115 1646 2353 1718 Spiritus
2375 1650 2571 1705 sancti.
2615 1650 2723 1706 Sed
2745 1652 2850 1709 hoc
2880 1656 3042 1710 modo
3074 1657 3306 1727 ﬁguram
3330 1661 3545 1730 mystici

1969 1737 2131 1808 hujus
2180 1740 2450 1795 sermonis
2490 1741 2756 1798 adverte:
2789 1745 2944 1814 quasi
2988 1745 3200 1818 Moyses
3219 1757 3275 1804 et
3310 1750 3544 1821 Spiritus

270 1834 557 1887 educimus
600 1832 738 1887 vobis
769 1834 1001 1905 aquam?
1044 1833 1198 1900 Quod
1222 1833 1275 1888 in
1307 1834 1489 1887 animo
1516 1833 1634 1903 ejus
1675 1833 1871 1889 lateret
1895 1840 1944 1900 B
1970 1826 2063 1895 qui
2088 1835 2208 1882 erat
2233 1827 2288 1882 in
2314 1828 2496 1901 Moyse
2517 1831 2806 1888 clarissimi
2830 1836 3109 1905 cujusdam
3136 1838 3358 1896 luminis
3377 1840 3544 1896 fuerit

270 1923 505 1977 omnino
549 1922 654 1977 nisi
696 1922 788 1977 Dei
834 1923 1102 1978 sententia
1148 1923 1489 1995 proderetur.
1516 1924 1558 1977 E
1586 1925 1865 1979 contrario

269 2013 466 2082 itaque
505 2012 611 2068 isto
635 2011 754 2067 loco
784 2013 1042 2068 debemus
1070 2013 1369 2083 intelligere
1395 2014 1562 2067 verba
1601 2012 1768 2085 Moysi
1796 2015 1863 2068 de

271 2102 568 2173 promissis
592 2104 869 2169 carnibus,
902 2104 1196 2174 quaerentis
1229 2103 1410 2172 potius
1455 2105 1724 2173 quomodo
1767 2103 1863 2159 lie-

271 2201 384 2256 ret,
424 2208 591 2262 quam
653 2191 942 2248 difﬁdentis
993 2193 1157 2248 fuisse
1209 2192 1425 2263 qrando
1465 2194 1731 2248 sententia
1762 2194 1863 2248 Do-

268 2282 409 2336 mini
441 2298 549 2336 non
580 2290 764 2338 secuta
793 2290 880 2338 est
904 2297 1024 2352 qua:
1053 2282 1374 2347 vindicaret,
1411 2283 1507 2337 sed
1535 2282 1714 2352 potius
1741 2298 1862 2353 quae

268 2372 523 2425 doceret.

890 2460 1118 2517 CAPUT
1159 2462 1268 2517 Vll.

345 2554 430 2608 De
451 2553 784 2625 septuaginta
808 2553 1100 2608 senioribus
1112 2554 1305 2675 [electis
1330 2555 1401 2609 ad
1428 2556 1791 2627 magisterium

971 2640 1110 2694 P0P“
1132 2640 1171 2677 ³·
1437 2680 1452 2694 .

1437 2680 1469 2711 ι,

342 2737 533 2810 (ltum)
575 2735 723 2792 Venit
752 2755 875 2809 ergo
911 2737 1135 2808 Moyses,
1165 2747 1210 2792 et
1238 2739 1472 2794 narravit
1492 2739 1683 2810 populo
1709 2743 1863 2795 verba

272 2829 518 2893 Domini,
565 2844 884 2899 congregans
928 2829 1258 2898 septuaginta
1290 2829 1426 2883 viros
1462 2828 1528 2882 de
1567 2827 1861 2882 senioribus

270 2919 471 2986 Israel,
487 2936 617 2990 quos
638 2930 778 2973 stare
803 2918 925 2987 fecit
946 2919 1087 2973 circa
1113 2917 1529 2973 tabernaculum.
1555 2917 1861 2972 Descendit-

268 3029 372 3082 que
405 3010 664 3064 Dominus
700 3026 794 3079 per
822 3009 1031 3073 nubem,
1073 3018 1122 3063 et
1161 3008 1366 3062 locutus
1388 3017 1463 3062 est
1500 3007 1571 3061 ad
1594 3023 1733 3072 eum,
1761 3023 1859 3060 att-

266 3100 451 3169 ferens
471 3098 538 3152 de
564 3098 768 3169 Spiritu
807 3098 899 3168 qui
927 3107 1040 3152 erat
1079 3098 1134 3151 in
1175 3096 1385 3167 Moyse,
1422 3106 1472 3151 et
1499 3096 1632 3150 dans
1654 3105 1866 3166 septua-

1967 1914 2209 1982 lucerna,
2238 1933 2308 1973 ex
2327 1934 2433 1987 qua
2460 1921 2798 1992 septuaginta
2826 1923 2960 1979 alias
3014 1924 3264 1981 lucernas
3286 1929 3546 1985 accende-

1966 2004 2039 2058 rit
2063 2004 2236 2071 Deus;
2266 2007 2334 2061 ad
2362 2022 2499 2076 quas
2524 2008 2598 2064 ita
2618 2010 2930 2081 principalis
2956 2013 3098 2069 illius
3120 2015 3339 2071 luminis
3363 2017 3544 2087 splen-

1962 2094 2063 2149 dor
2089 2096 2390 2162 advenerit,
2412 2108 2473 2152 ut
2497 2099 2651 2170 origo
2673 2101 2843 2171 ipsius
2862 2101 3081 2159 luminis
3110 2106 3243 2161 nihil
3264 2108 3446 2163 ilamni
3470 2124 3539 2165 ex

1961 2188 2290 2244 commercio
2313 2188 2662 2246 derivationis
2706 2194 3006 2263 acceperit.
3044 2195 3115 2250 Et
3134 2196 3238 2252 hoc
3266 2198 3428 2254 modo
3450 2200 3541 2271 pie

1962 2276 2280 2348 intelligitur
2303 2280 2447 2348 quod
2468 2282 2730 2351 scriptum
2755 2293 2861 2351 est,
2885 2287 3014 2355 quia
3038 2288 3262 2344 abstulit
3276 2292 3538 2348 Dominus

1961 2366 2029 2422 de
2056 2365 2262 2438 Spiritu
2301 2369 2487 2442 Moysi,
2521 2380 2579 2428 et
2624 2373 2774 2430 dedit
2821 2380 3169 2450 septuaginta
3209 2381 3534 2439 senioribus.

1963 2457 2071 2515 Sed
2098 2460 2377 2518 videamus
2400 2463 2531 2532 quid
2566 2472 2653 2520 est
2676 2467 2820 2537 quod
2868 2469 2922 2523 in
2965 2473 3442 2542 consequentibus.
3473 2473 3540 2528 Et

1962 2552 2250 2621 requievit,
2301 2553 2499 2622 inquit,
2536 2570 2700 2626 super
2732 2572 2827 2613 eos
2871 2558 3126 2629 Spiritus,
3165 2570 3221 2617 et
3250 2565 3540 2634 propheta-

1962 2647 2158 2696 verunt
2188 2656 2401 2698 omnes.
2427 2642 2793 2714 Requiescere
2815 2646 3080 2718 Spiritum
3107 2666 3214 2706 non
3241 2652 3294 2707 in
3315 2653 3541 2723 quibus-

1961 2745 2174 2801 cunque
2198 2731 2510 2790 hominibus
2532 2735 2788 2806 legimus,
2819 2739 2915 2793 sed
2941 2740 2996 2794 in
3025 2740 3201 2796 beatis
3229 2751 3286 2797 et
3310 2745 3535 2799 sanctis.

1963 2820 2276 2890 Requieseit
2310 2824 2455 2879 enim
2490 2824 2727 2896 Spiritus
2762 2827 2857 2883 Dei
2885 2829 2939 2883 in
2975 2830 3063 2886 his
3086 2832 3177 2899 qui
3199 2834 3383 2887 mundi
3409 2845 3535 2889 sunt

1960 2910 2144 2977 corde,
2172 2920 2229 2967 et
2253 2912 2308 2968 in
2340 2913 2426 2969 bis
2470 2916 2564 2984 qui
2608 2917 2943 2973 mortiﬁcant
2977 2919 3189 2975 animas
3216 2937 3342 2975 suas
3362 2937 3394 2974 a
3418 2936 3540 2992 pec-

1961 3009 2102 3055 cato.
2134 2998 2290 3057 Sicut
2316 3017 2349 3058 e
2371 3005 2652 3061 contrario
2701 3004 2793 3062 ille
2828 3008 2921 3077 qui
2958 3008 3168 3064 habitat
3213 3010 3269 3064 in
3309 3026 3541 3080 corpore

1962 3089 2177 3145 subdito
2204 3094 2462 3163 peccatis,
2492 3095 2706 3151 etiamsi
2737 3096 3007 3153 habitabit
3035 3098 3331 3169 aliquando
3366 3100 3420 3154 in
3445 3115 3533 3164 eo,

266 3190 423 3260 ginta
448 3188 596 3243 ciris.
631 3186 865 3259 Cumque
904 3188 1231 3259 requievisset
1271 3189 1325 3243 in
1358 3190 1432 3243 eis
1460 3186 1707 3258 Spiritus,
1739 3203 1860 3256 pro-
1884 3184 1935 3248 C
1966 3197 2073 3237 non
2100 3183 2246 3239 enim
2265 3192 2446 3255 potest
2464 3185 2700 3257 Spiritus
2737 3198 2959 3246 sanctus
2980 3191 3312 3246 consortium
3338 3193 3541 3247 habere

263 3281 642 3350 phetaverunt,
679 3294 770 3332 nec
798 3277 939 3332 ultra
984 3289 1334 3333 cessaverunt.
1369 3277 1436 3332 Et
1462 3277 1612 3341 exiit,
1664 3277 1858 3346 inquit,

267 3370 492 3442 Moyses
539 3369 607 3424 ad
663 3370 938 3440 populum,
961 3380 1016 3423 et
1057 3368 1269 3423 locutus
1324 3376 1409 3422 est
1460 3369 1625 3423 verba
1672 3368 1858 3422 Domi-

267 3463 347 3516 ni.
397 3462 579 3515 Donec
627 3460 788 3514 verba
836 3459 930 3514 Dei
980 3459 1132 3514 audit
1175 3458 1384 3530 Moyses
1420 3468 1477 3514 et
1516 3459 1585 3513 ab
1621 3458 1739 3529 ipso
1770 3459 1862 3513 do-

263 3564 451 3618 cetur,
487 3553 631 3607 intus
663 3560 746 3606 est
787 3560 841 3606 et
880 3552 932 3607 in
978 3552 1328 3607 interioribus
1376 3552 1648 3619 consistit,
1699 3561 1861 3622 atque

266 3642 324 3696 in
390 3641 621 3697 secretis
679 3641 930 3696 habetur.
1014 3641 1116 3698 Ubi
1175 3657 1305 3696 vero
1372 3644 1546 3697 turbis
1621 3643 1863 3711 loquitur

264 3742 323 3788 ct
384 3731 584 3802 popqu
636 3731 929 3795 ministrat,
965 3731 1016 3786 ei
1072 3731 1164 3800 qui
1220 3731 1367 3785 intus
1402 3747 1508 3786 non
1543 3739 1723 3801 potest
1751 3741 1861 3785 sta-

266 3838 352 3888 re,
383 3823 540 3878 exire
579 3822 777 3877 dicitur
823 3821 988 3876 limus.
1025 3821 1165 3888 Quid
1220 3837 1350 3892 ergo
1405 3821 1594 3877 formae
1638 3831 1695 3877 et
1738 3822 1862 3877 talis

262 3912 519 3967 ceratinet
569 3927 772 3977 sermo,
829 3911 935 3966 nisi
974 3912 1116 3981 quod
1169 3912 1349 3966 omnis
1402 3912 1592 3967 doctor
1646 3920 1701 3968 et
1748 3928 1863 3967 ma-

264 4006 446 4078 gister
470 4004 751 4070 Ecclesiae,
776 4006 823 4061 si
861 4005 929 4059 de
973 4003 1417 4075 profundioribus
1461 4005 1735 4076 mysteriis
1761 4005 1861 4059 ali-

263 4096 405 4168 quid
455 4099 693 4161 mov'eat,
722 4097 766 4151 si
821 4112 1079 4151 arcanum
1125 4097 1253 4167 quid
1296 4097 1633 4153 reconditum
1675 4100 1741 4154 de
1767 4096 1861 4153 Dei

260 4187 541 4258 sapientia
569 4186 809 4256 proferat
836 4186 979 4240 inter
998 4185 1289 4256 perfectos,
1314 4187 1486 4242 donec
1505 4187 1557 4241 in
1579 4186 1862 4257 profundis

264 4275 530 4332 sensibus
553 4284 821 4342 versatur,
851 4277 1000 4332 intus
1043 4290 1163 4330 esse
1188 4285 1243 4331 et
1267 4276 1320 4331 in
1348 4277 1699 4333 interioribus
1732 4293 1862 4333 con-

264 4370 471 4423 sistere
496 4369 755 4423 dicendus
784 4376 886 4423 cst.
913 4368 1050 4424 Cum
1087 4384 1218 4423 vero
1242 4384 1374 4440 ergo
1398 4368 1640 4439 loquitur
1659 4367 1725 4423 ad
1747 4377 1859 4424 tur-

265 4460 397 4523 bas,
422 4466 478 4512 et
505 4474 566 4513 ea
594 4458 800 4527 profert
828 4474 949 4528 qua:
987 4456 1260 4513 sulliciunt
1288 4459 1374 4513 his
1405 4458 1497 4528 qui
1544 4458 1677 4513 foris
1703 4468 1854 4523 sunt,

1962 3274 2171 3342 peccati
2195 3282 2251 3329 et
2280 3276 2597 3334 societatem
2619 3279 2846 3349 spiritus
2867 3279 3013 3335 mali.
3042 3280 3265 3336 Certum
3281 3291 3366 3337 est
3390 3281 3537 3338 enim

1959 3365 2170 3434 peccati
2196 3373 2441 3437 tempore
2474 3369 2667 3424 adesse
2692 3369 2748 3424 in
2778 3370 2943 3425 corde
2980 3370 3405 3442 uniuscujusque
3428 3371 3538 3440 spi-

1963 3453 2127 3509 ritum
2164 3455 2388 3523 malum,
2417 3466 2475 3512 et
2501 3474 2665 3529 agere
2684 3468 2870 3529 partes
2896 3475 3046 3516 suas.
3076 3458 3175 3515 Cui
3201 3461 3386 3531 utique
3408 3476 3539 3522 cum

1961 3546 2112 3602 locus
2160 3547 2339 3612 datur,
2394 3557 2450 3604 et
2498 3550 2759 3619 recipitur
2786 3566 2820 3605 a
2848 3553 3008 3607 nobis
3043 3567 3144 3622 per
3184 3553 3543 3620 cogitationes

1963 3638 2155 3703 malas,
2181 3647 2237 3694 et
2262 3653 2362 3708 per
2385 3641 2852 3709 conenpiscentias
2876 3642 3142 3711 pessimus
3165 3643 3537 3704 contristatus.

1961 3738 2018 3781 et
2040 3734 2099 3781 ut
2125 3728 2201 3782 ita
2232 3728 2409 3782 dicam
2433 3736 2844 3800 coangustatus,
2880 3729 3098 3802 fugatur
3120 3732 3187 3786 de
3211 3731 3366 3786 nobis
3418 3730 3542 3801 Spi-

1963 3819 2101 3874 ritus
2124 3827 2364 3875 sanctus.
2382 3820 2611 3891 Propter
2635 3822 2778 3892 quod
2802 3830 2858 3878 et
2886 3824 3197 3893 Apostolus,
3220 3823 3402 3879 sciens
3423 3824 3538 3879 base

1963 3911 2037 3965 ita
2064 3911 2332 3978 accidere,
2364 3914 2621 3970 mouebat
2647 3915 2834 3972 dicens
2856 3935 2869 3971 :
2891 3915 3069 3972 Nolite
3095 3918 3406 3972 contristare
3425 3917 3542 3983 Spi-

1963 4002 2121 4056 ritum
2149 4010 2407 4069 sanctutn,
2430 4003 2486 4058 in
2510 4021 2612 4076 quo
2636 4006 2963 4077 signatiestis
2989 4007 3044 4061 in
3065 4007 3150 4061 die
3175 4007 3539 4078 redemptionis

1961 4089 2179 4162 (Ephes.
2213 4089 2311 4163 tv).
2347 4092 2519 4164 Igitur
2543 4106 2833 4164 peccantes
2857 4097 3244 4152 contristamus
3270 4096 3533 4167 Spiritum

1961 4188 2208 4237 sanctum
2229 4200 2243 4248 ;
2261 4182 2406 4251 iuste
2426 4199 2555 4240 vero
2573 4194 2794 4257 agentes
2812 4196 2867 4242 et
2879 4197 3083 4251 sancte,
3108 4189 3347 4256 requiem
3370 4186 3419 4241 ei
3439 4201 3539 4256 pa-

1963 4286 2148 4326 ramus
2179 4272 2232 4327 in
2267 4273 2442 4329 nobis.
2478 4275 2632 4331 Unde
2682 4286 2739 4331 et
2778 4278 2924 4345 quod
2964 4292 3106 4332 nunc
3132 4277 3293 4332 aitde
3323 4285 3542 4347 septua-

1962 4361 2110 4431 ginta
2141 4364 2495 4434 presbyteris,
2518 4366 2644 4435 quia
2669 4366 2936 4436 requievit
2957 4367 3010 4420 in
3036 4367 3115 4422 eis
3145 4366 3398 4437 Spiritus,
3429 4367 3544 4422 lau-

1962 4454 2087 4509 dem
2118 4454 2245 4509 vita:
2273 4471 2461 4510 corum
2489 4467 2543 4510 et
2561 4457 2794 4513 virtutes
2819 4459 3092 4528 exposuit.

260 4558 322 4603 ct
348 4563 478 4618 qua:
519 4557 696 4618 potest
744 4549 938 4620 vulgus
960 4549 1149 4603 audire
1170 4590 1185 4615 ,
1215 4547 1360 4604 foras
1388 4548 1608 4614 dicitur,
1635 4557 1690 4603 ct
1714 4548 1859 4618 loqui
1888 4529 1939 4590 Ι)
2036 4542 2276 4611 Denique
2303 4543 2431 4613 quia
2462 4560 2560 4615 pro
2587 4545 2823 4615 puritate
2850 4547 3030 4603 cordis
3057 4563 3245 4603 eorum
3287 4556 3343 4603 et
3369 4552 3546 4605 since-

264 4640 336 4694 ad
367 4638 629 4709 populum
686 4639 848 4693 verba
894 4638 1128 4693 Domini.
1163 4639 1276 4708 Hoc
1327 4640 1484 4695 video
1528 4648 1585 4695 et
1635 4639 1859 4695 Paulum

264 4729 476 4787 fecisse
497 4740 555 4786 et
582 4732 726 4787 intus
749 4733 967 4802 quidem
1008 4732 1174 4787 fuisse
1202 4748 1325 4786 cum
1355 4732 1559 4787 diceret
1584 4749 1597 4785 :
1634 4730 1859 4803 Sapien-

263 4823 410 4876 tiam
432 4832 606 4876 autem
635 4822 898 4894 loquimur
925 4822 1060 4877 inter
1088 4823 1390 4893 perfectos:
1418 4823 1733 4892 sapientiam
1765 4842 1863 4878 au-

263 4923 381 4967 tem
414 4928 517 4966 non
545 4913 705 4982 hujus
736 4912 941 4977 mundi,
981 4929 1099 4984 quo:
1127 4912 1440 4975 destruetur,
1477 4911 1568 4966 sed
1597 4910 1863 4984 loquimur

266 5000 379 5053 Dei
443 5000 756 5071 sapientiam
812 5002 864 5055 in
937 5001 1182 5071 mysterio
1254 5000 1614 5055 absconditam
1642 5041 1656 5064 ,
1704 5018 1862 5072 quant

267 5106 435 5146 nemo
483 5090 780 5161 principum
826 5092 985 5162 hujus
1030 5090 1214 5145 mundi
1260 5091 1496 5161 cognovit
1523 5089 1574 5165 (1
1604 5090 1727 5146 Cor.
1776 5094 1861 5152 tl).

268 5182 445 5237 Vides
482 5184 752 5252 quomodo
783 5183 931 5237 intus
960 5191 1044 5237 est
1094 5190 1150 5236 et
1196 5181 1409 5236 interna
1445 5190 1610 5252 atque
1662 5198 1862 5238 arcana

267 5276 478 5331 divina:
506 5276 782 5347 sapientia!
808 5284 1054 5347 p.-netrat
1069 5274 1286 5340 Paulus,
1309 5289 1431 5329 cum
1454 5275 1567 5329 haec
1591 5274 1865 5346 loquitur?

266 5368 416 5425 Cum
463 5376 645 5422 autem
675 5368 918 5438 procedit
964 5368 1030 5421 ad
1060 5365 1336 5437 p0pulum,
1366 5366 1493 5421 audi
1532 5367 1661 5436 quid
1692 5368 1865 5439 loqui-

270 5470 374 5518 tur
412 5478 425 5513 :
462 5459 646 5515 Omnis
667 5476 834 5515 sermo
865 5458 1037 5513 malus
1065 5475 1169 5512 non
1190 5456 1438 5528 procedat
1465 5458 1530 5511 de
1555 5474 1643 5512 ore
1670 5472 1857 5514 vestra.

271 5553 391 5620 Qui
443 5552 744 5622 furabatur,
795 5554 913 5624 jam
963 5567 1065 5605 non
1121 5547 1573 5620 furetur(Ephes.
1625 5552 1720 5620 tv).
1751 5552 1857 5607 Et:

272 5643 653 5717 Unusquisque
677 5646 755 5700 vir
776 5660 988 5699 uxorem
1017 5642 1225 5703 habent,
1255 5648 1302 5694 et
1334 5656 1654 5712 unaquavpte
1678 5641 1864 5696 mulier

271 5739 454 5792 cirum
480 5755 633 5792 suum
662 5734 847 5792 habent
879 5734 927 5801 (Ι
959 5732 1079 5787 Cor.
1113 5737 1225 5801 vn).
1257 5731 1380 5785 llaec
1406 5739 1458 5785 cl
1485 5732 1526 5787 si
1557 5749 1661 5803 qua
1683 5734 1862 5804 hujus-

1969 4634 2128 4689 ritate
2157 4635 2371 4700 mentis,
2396 4644 2563 4707 atque
2598 4636 2965 4708 intelligentiae
2993 4639 3291 4708 capacitate
3333 4641 3546 4710 requie—

1967 4725 2047 4779 vit
2088 4723 2325 4794 Spiritus
2359 4739 2599 4792 sanctus,
2633 4728 2891 4783 continuo
2939 4735 2993 4783 et
3029 4739 3286 4799 cperatur
3328 4730 3381 4784 in
3424 4731 3542 4796 eis;

1968 4831 2069 4872 nec
2095 4817 2267 4872 otium
2311 4817 2532 4887 patitur,
2562 4817 2651 4872 ubi
2691 4818 2948 4888 operandi
2979 4819 3203 4874 materia
3233 4821 3393 4892 digna
3422 4837 3548 4892 sup-

1968 4906 2193 4976 peditat.
2234 4906 2324 4961 Ait
2345 4908 2488 4962 enim
2515 4906 2792 4979 Scriptura
2821 4928 2834 4963 ι
2869 4908 2937 4961 Et
2969 4910 3211 4980 requievit
3245 4912 3299 4964 in
3327 4912 3400 4966 eis
3425 4911 3551 4982 Spi-

1972 4997 2103 5052 ritus
2136 5007 2185 5053 et
2217 4998 2669 5068 praphetaverunt.
2716 4999 2773 5053 ln
2820 5000 3072 5062 omnibus
3113 5016 3244 5074 ergo
3279 5003 3371 5073 qui
3417 5016 3541 5073 pro-

1969 5090 2332 5161 phetavcrunt
2376 5091 2644 5161 requievit
2675 5092 2911 5164 Spiritus
2938 5102 3181 5156 sanctus,
3227 5109 3327 5149 nec
3363 5102 3544 5148 tamen

1973 5182 2024 5236 in
2051 5182 2234 5252 aliquo
2261 5181 2503 5253 ipsorum
2532 5184 2606 5239 ita
2636 5185 2921 5255 requievit.
2967 5186 3107 5240 sicut
3151 5185 3203 5239 in
3241 5184 3541 5238 Salvatore.

1968 5271 2198 5343 Propter
2233 5274 2377 5343 quod
2419 5282 2475 5328 et
2522 5273 2784 5344 scriptum
2833 5284 2915 5330 est
2962 5276 3028 5331 de
3069 5291 3134 5331 eo
3166 5288 3179 5327 :
3206 5273 3344 5339 Quia
3391 5272 3547 5326 exivit

1967 5367 2114 5434 rirga
2140 5368 2205 5418 de
2233 5363 2409 5419 radice
2442 5362 2612 5429 Iesse,
2647 5374 2696 5418 et
2726 5365 2825 5433 ﬂos
2849 5364 2913 5418 de
2944 5364 3119 5418 radice
3146 5362 3259 5429 eius
3283 5358 3543 5422 ascendit,

1968 5466 2015 5511 et
2041 5455 2287 5524 requievit
2314 5471 2469 5526 super
2488 5470 2608 5509 eum
2635 5452 2864 5526 Spiritus
2891 5453 3008 5517 Dei,
3039 5451 3249 5522 spiritus
3278 5448 3545 5517 sapientia:

1968 5556 2015 5600 et
2035 5544 2346 5610 intellectus,
2376 5545 2590 5615 spiritus
2619 5544 2823 5598 consilii
2859 5552 2905 5596 et
2938 5537 3282 5609 fortitudinis,
3326 5537 3542 5606 spiritus

1967 5639 2197 5694 scientitc
2220 5646 2270 5691 et
2290 5636 2522 5708 pietatis,
2548 5646 2595 5688 et
2627 5634 2831 5700 replevit
2849 5647 2965 5686 eum
2978 5628 3190 5700 spiritus
3211 5628 3414 5682 timoris
3446 5626 3551 5681 DO-
3624 5650 3635 5656 -

1970 5731 2113 5785 mini.
2134 5728 2183 5801 (1
2189 5727 2379 5799 stest).
2396 5726 2501 5780 Sed
2515 5725 2743 5780 furuisse
2761 5723 2951 5792 aliquis
2975 5721 3101 5776 dicit
3122 5737 3132 5774 :
3151 5718 3291 5774 Nihil
3316 5719 3547 5791 atnplius
