3924 6176
441 327 546 383 659
1082 320 1141 372 B.
1184 318 1438 372 RAllANl
1478 316 1696 372 MAURI
1736 312 2051 369 ARCillEP.
2095 315 2400 370 MOGUNT.
2442 290 2728 370 OPERL‘M
2763 311 2942 367 PARS
2982 311 3018 365 I.
3579 305 3677 359 613i)

439 433 723 493 ostendisti
753 431 819 486 de
857 428 1072 484 Christo
1101 427 1363 495 scriptum
1397 440 1559 492 quam
1597 423 1817 492 reliquis
1846 422 2019 476 homi-
2045 429 2094 486 Α
2121 424 2178 478 1η
2204 425 2554 493 sequentibus
2574 440 2700 479 vero
2724 434 2975 493 tanquam
3000 439 3097 492 pro
3125 422 3278 492 culpa
3307 422 3546 477 ablatum
3572 438 3604 477 a
3629 437 3683 480 se

443 528 623 583 nibus.
650 524 802 578 Sicut
832 521 978 575 enim
1013 521 1078 572 de
1112 517 1323 571 caeteris
1352 515 1609 583 scriptum
1641 521 1741 575 est,
1773 512 1896 582 quia
1933 527 2015 564 re—
2119 531 2313 570 munus
2344 516 2577 584 reposcit
2610 524 2665 568 et
2692 515 2822 569 dicit
2852 529 2866 567 :
2895 513 3071 568 Redde
3116 513 3243 567 mihi
3275 513 3521 566 lictitiam
3548 514 3681 569 salu-

444 617 649 688 quievit
686 629 847 684 super
874 626 967 668 eos
994 609 1250 679 Spiritus,
1291 608 1368 660 ita
1403 606 1469 660 de
1500 604 1777 659 Salvatore
1816 603 2018 659 dictum
2117 608 2247 660 toris
2282 607 2359 659 tui
2383 623 2400 660 :
2422 616 2469 659 et
2492 606 2679 676 spiritu
2703 603 2978 674 principali
3018 603 3274 672 conﬁrma
3318 619 3400 655 me
3444 602 3626 673 (Ibid.
3648 604 3683 672 ).

426 718 570 771 est,
646 705 890 776 requievit
952 717 1107 771 super
1155 715 1274 752 eum
1320 698 1550 768 Spiritus
1613 696 1843 750 Domini.
1915 695 2021 750 Sed
2120 695 2260 762 Quid
2297 710 2427 749 vero
2450 695 2615 749 etiam
2645 695 2713 750 de
2738 693 3027 748 Salomone
3047 707 3504 754 commemorem,
3532 707 3683 761 quem

448 798 571 853 vide
624 796 752 866 quia
799 807 960 862 supra
1018 790 1222 845 nullum
1284 788 1449 843 alium
1511 786 1746 856 Spiritus
1792 784 1884 839 Dei
1942 797 2024 837 re-
2122 802 2280 842 nemo
2309 785 2495 855 utique
2521 786 2683 849 dicet,
2715 784 2951 838 autsine
2976 782 3182 853 Spiritu
3207 791 3395 837 sancto
3425 781 3686 851 judicasse

449 886 721 956 quievisse
748 881 1081 953 septemplici
1119 880 1322 935 virtute
1358 878 1701 933 describitur.
1748 874 1853 930 Per
1879 873 2023 943 quod
2116 877 2350 946 judicia;
2372 876 2457 930 vel
2481 874 2734 943 templum
2759 873 2985 928 Domino
3012 873 3412 936 construxisse;
3458 881 3553 926 aut
3581 889 3686 925 rur-

453 978 570 1031 sine
599 974 762 1030 dubio
803 974 918 1043 ipsa
958 970 1047 1026 illa
1074 970 1242 1023 divini
1283 967 1520 1038 Spiritus
1559 965 1879 1029 substantia;
1905 978 2026 1032 qua:
2125 983 2218 1022 sus
2271 967 2324 1020 in
2372 974 2564 1021 sancto
2605 963 2808 1033 Spiritu
2854 962 3186 1018 daemonibus
3237 962 3436 1031 templa
3482 961 3687 1022 fecisse,

453 1069 581 1137 quia
607 1082 714 1122 uno
738 1066 955 1120 nomine
986 1080 1093 1119 non
1137 1070 1352 1132 poterat
1383 1062 1514 1124 dici,
1545 1060 1774 1115 diversis
1795 1059 2028 1114 vocabu-
2125 1066 2220 1111 aut
2246 1056 2425 1126 impiis
2452 1054 2771 1110 mulieribus
2796 1051 3009 1108 ﬂexisse
3036 1053 3208 1108 latera
3236 1067 3357 1106 sua.
3399 1052 3578 1105 Etiam
3613 1051 3691 1105 ille

454 1159 521 1212 lis
549 1156 891 1227 explanatur,
937 1156 1276 1223 requiescere
1314 1168 1477 1221 super
1518 1152 1750 1222 virgam,
1796 1166 1916 1221 qua:
1962 1150 2028 1204 de
2127 1148 2408 1217 propheta,
2446 1146 2537 1215 qui
2583 1146 2636 1199 in
2678 1145 2839 1200 tertio
2887 1159 3176 1214 regnorum
3222 1142 3363 1197 libro
3408 1141 3465 1195 in
3515 1141 3693 1196 Bethel

456 1248 623 1317 stirpe
647 1246 797 1303 Iesse
831 1248 1165 1317 procederet,
1197 1246 1573 1315 prophetatur.
1595 1242 1780 1297 Habeo
1802 1250 1860 1296 et
1884 1241 2028 1297 aliud
2130 1236 2446 1292 mittebatur
2484 1251 2515 1289 a
2557 1234 2807 1297 Domino,
2854 1235 2909 1288 in
2938 1234 3145 1303 Spiritu
3180 1233 3367 1301 utique
3399 1231 3495 1285 Dei
3535 1232 3691 1285 verba

456 1338 849 1399 testimonium,
895 1351 1003 1405 quo
1031 1335 1226 1390 docere
1252 1336 1454 1405 possim
1495 1334 1550 1387 in
1591 1331 1818 1386 Domino
1853 1330 2031 1385 salva-
2130 1330 2340 1384 loeutus
2364 1335 2472 1392 est;
2507 1341 2613 1381 non
2641 1336 2822 1382 tamen
2853 1325 2906 1379 in
2938 1323 3142 1394 Spiritu
3174 1323 3265 1379 Dei
3311 1322 3691 1392 prmvaricatzis

458 1439 598 1493 tore,
632 1430 686 1482 in
735 1443 801 1482 eo
828 1427 1089 1497 Spiritum
1136 1434 1386 1481 sanctum
1427 1424 1628 1479 eximio
1663 1422 1896 1493 quodam
1941 1436 2032 1491 ge-
2131 1432 2250 1473 esse
2279 1426 2603 1486 prmeeptum
2644 1414 2857 1469 Domini
2893 1412 3191 1470 credendus
3219 1420 3325 1477 est,
3371 1426 3478 1479 quo
3521 1409 3696 1478 jussus

460 1534 607 1580 nere,
639 1527 695 1572 et
719 1518 875 1586 longe
902 1518 1062 1572 aliter
1083 1518 1417 1587 requievisse
1453 1530 1614 1584 quam
1652 1513 1822 1568 fertur
1856 1512 1909 1565 in
1932 1526 2033 1566 cm-
2133 1505 2309 1560 fuerat
2358 1518 2464 1558 non
2514 1504 2839 1558 manducare
2882 1518 3077 1573 panem
3128 1503 3180 1556 in
3221 1501 3406 1554 Bethel
3438 1516 3452 1552 :
3484 1511 3696 1570 propter

461 1611 612 1665 teris.
664 1608 805 1663 Dicit
831 1607 1064 1663 Joannes
1110 1608 1349 1676 Baptista
1396 1607 1463 1661 de
1501 1621 1611 1660 eo:
1646 1604 1750 1670 Qui
1794 1604 2033 1657 misitme
2134 1594 2276 1664 quod
2302 1593 2589 1648 etaleone
2614 1593 2898 1662 perimitur
2926 1591 3056 1663 (III
3082 1592 3208 1660 Reg.
3255 1594 3406 1662 xui).
3453 1592 3564 1648 Sed
3592 1595 3697 1647 lon-

461 1700 725 1769 baptizare
746 1701 803 1752 in
824 1715 986 1768 aqua,
1005 1698 1095 1752 ille
1118 1698 1246 1751 mihi
1280 1698 1415 1751 dixit
1442 1711 1462 1747 :
1482 1695 1649 1767 Super
1671 1710 1823 1765 quem
1845 1692 2033 1748 videris
2135 1700 2261 1755 gum
2286 1691 2369 1739 est
2397 1684 2477 1738 ire
2504 1698 2601 1752 per
2636 1682 2893 1753 singulos.
2938 1682 3048 1753 Ego
3077 1692 3259 1737 autem
3304 1682 3434 1737 licet
3474 1699 3585 1737 non
3618 1700 3698 1737 us-

464 1792 723 1861 Spiritum
758 1791 855 1845 Dei
893 1791 1284 1845 descendentem
1321 1799 1369 1843 et
1408 1798 1700 1844 manentem
1724 1788 1777 1841 in
1803 1803 1884 1849 eo,
1928 1786 2035 1855 ipse

2155 1787 2457 1843 luequaque
2503 1772 2866 1843 pronuntiem,
2919 1780 3047 1843 puto
3094 1781 3272 1826 tamen
3318 1772 3462 1841 quod
3492 1772 3549 1825 in
3579 1789 3700 1826 non-

463 1890 538 1934 est
570 1880 768 1950 (Joan.
805 1880 886 1951 t).
934 1879 990 1935 Si
1037 1880 1266 1934 dixisset
1312 1880 1567 1950 Spiritum
1618 1876 2031 1941 descendentem,

2155 1865 2293 1920 tullis
2348 1864 2513 1918 etiam
2566 1865 2943 1919 communibus
2993 1864 3269 1919 hominum
3321 1865 3488 1931 gestis
3515 1904 3532 1929 ,
3588 1880 3698 1933 qua:

462 1978 518 2024 et
562 1985 671 2024 non
712 1970 1047 2035 addidisset,
1096 1981 1142 2023 et
1181 1979 1474 2023 manentem
1505 1970 1560 2023 in
1594 1986 1689 2034 eo,
1715 1969 1849 2023 nihil
1892 1983 2033 2038 pnze-
2134 1944 2629 2025 (ῑιιθωνίέρθεεεῑο
2658 1968 2763 2008 ηοη
2790 1963 3044 2018 caream,
3073 1968 3177 2007 ηοη
3222 1962 3401 2007 tamen
3437 1953 3602 2022 digna
3631 1954 3700 2005 τί·

465 2061 682 2129 εῑρηιιπι
738 2075 769 2113 a
827 2060 1037 2115 επιει-ίε
1106 2058 1310 2114 habere
1368 2060 1658 2115 videretur,
1726 2058 1879 2113 Nunc
1945 2073 2037 2111 au-
2136 2047 2384 2110 deantur,
2415 2044 2608 2114 quibus
2635 2045 2896 2099 interesse
2926 2042 3186 2113 Spiritum
3215 2054 3464 2098 sanctum
3510 2045 3700 2098 dixeri-

465 2158 574 2205 tem
599 2151 803 2205 addidit
824 2160 873 2205 et
914 2159 1208 2205 manentem
1238 2152 1292 2204 in
1317 2166 1398 2213 eo,
1436 2158 1497 2204 ut
1516 2158 1663 2206 esset
1687 2151 1790 2204 hoc
1815 2149 1953 2219 signi
1985 2149 2038 2202 in
2137 2151 2294 2190 mus:
2327 2143 2386 2189 ιιι
2412 2135 2563 2190 verbi
2595 2134 2787 2205 gratia.
2824 2134 3089 2190 connubia
3116 2133 3350 2205 legitima
3375 2142 3570 2188 carent
3599 2134 3706 2203 qui-

467 2240 768 2304 snimiam,
799 2243 942 2311 quod
986 2243 1040 2296 in
1081 2242 1230 2296 ηυιιο
1261 2242 1367 2296 ιιιίο
1391 2243 1564 2312 possit
1586 2241 1819 2296 ostendi,
1854 2241 2039 2294 υρηιιο
2139 2226 2259 2281 dem
2289 2233 2529 2295 peccato,
2561 2238 2629 2278 ne
2670 2232 2848 2279 tamen
2878 2224 3106 2295 tempori
3138 2224 3235 2289 illi,
3263 2240 3369 2293 quo
3400 2222 3707 2295 conjugales

468 2333 612 2387 enim
643 2333 906 2402 scriptum
945 2341 1031 2387 εει
1050 2333 1174 2402 quia
1203 2334 1462 2387 manserit
1486 2333 1540 2386 in
1570 2346 1637 2387 eo
1661 2332 1896 2402 δρίτίιιιε
1916 2346 2039 2385 san-
2139 2322 2292 2368 actus
2334 2323 2614 2384 geruntur,
2658 2314 2944 2383 prmsentia
2991 2313 3224 2384 Spiritus
3261 2314 3432 2367 sancti
3472 2314 3705 2378 dabitur,

467 2432 608 2477 ctus.
632 2423 698 2477 Et
725 2438 792 2478 ne
816 2424 937 2492 quis
960 2432 1111 2492 putet
1133 2439 1218 2477 me
1245 2424 1296 2476 in
1325 2423 1427 2478 hoc
1455 2424 1719 2493 derogare
1737 2423 2039 2492 prophetis,

2155 2404 2301 2458 :tiam
2329 2404 2376 2457 si
2420 2404 2685 2472 propheta
2714 2417 2834 2459 esse
2861 2403 3129 2467 videatur,
3165 2403 3255 2473 qui
3278 2402 3453 2457 ollicio
3480 2419 3706 2473 genera-

442 2513 650 2567 -wium
692 2512 814 2581 ipsi,
863 2513 988 2581 quia
1037 2528 1142 2567 ηοη
1182 2513 1313 2582 ipsis
1361 2513 1579 2582 derogo,
1627 2514 1919 2581 prmi-emus
1962 2512 2043 2565 eis
2143 2497 2303 2552 tionis
2344 2495 2675 2565 obsequitur.
2731 2494 2837 2550 Sed
2866 2495 2972 2549 alia
3014 2494 3168 2565 plura
3218 2504 3362 2559 sunt,
3413 2496 3466 2549 in
3515 2496 3705 2566 quibus

473 2602 762 2658 Dominum
810 2616 986 2656 meum
1024 2600 1208 2656 Iesum
1253 2601 1546 2657 Christum.
1596 2601 1859 2656 Recolunt
1898 2602 2042 2655 enim
2144 2586 2254 2642 5013
2283 2587 2381 2642 Sibi
2425 2585 2621 2641 δυσίοίῑ
2659 2587 2738 2640 Vis
2778 2587 3032 2652 humana:
3077 2596 3134 2642 εί
3168 2602 3341 2655 neque
3374 2601 3459 2641 T05
3490 2587 3706 2657 ἰοάίεθι,

470 2692 664 2763 singuli
697 2692 838 2747 dicta
875 2706 993 2756 sua,
1032 2700 1088 2746 et
1130 2692 1427 2754 inveniunt,
1459 2693 1601 2760 quod
1641 2692 1708 2745 de
1751 2691 1898 2745 nullo
1940 2691 2045 2744 alio
2145 2691 2318 2746 neque
2342 2677 2497 2732 decet
2522 2676 2709 2743 adesse
2733 2677 3076 2746 praesentiam
3102 2678 3272 2733 saueii
3306 2677 3569 2748 Spiritus»
3611 2678 3712 2733 Sed

473 2784 676 2838 dictum
704 2791 806 2847 est,
831 2783 957 2852 quia
982 2794 1249 2851 peccatum
1280 2798 1383 2835 non
1415 2782 1565 2851 fecit,
1591 2798 1681 2835 nec
1708 2782 1943 2836 intentu;
1970 2788 2045 2834 εει
2145 2770 2200 2824 in
2229 2769 2343 2824 hinc
2384 2784 2482 2840 per
2518 2783 2802 2824 excessum
2852 2771 3140 2839 quemdam
3187 2772 3541 2836 incurrimus,
3589 2772 3709 2827 dum

444 2906 449 2909 -
474 2872 628 2927 dolus
651 2873 709 2926 in
744 2888 832 2925 οη
854 2872 971 2940 ejus
1003 2870 1136 2941 (Ιεα,
1166 2870 1305 2939 un),
1339 2869 1473 2937 Quia
1496 2871 1641 2925 enim
1673 2869 1822 2924 solus
1841 2880 1926 2925 es;
1952 2871 2045 2941 qui
2145 2860 2429 2916 ostendere
2454 2859 2720 2926 volumus,
2751 2876 2912 2929 super
2936 2859 3108 2916 solum
3132 2862 3417 2916 Dominum
3445 2871 3501 2916 et
3535 2861 3713 2917 Salva-

475 2968 754 3029 peccatum
798 2972 903 3012 non
928 2957 1074 3021 fecit,
1120 2958 1325 3013 idcirco
1350 2959 1402 3012 in
1433 2959 1547 3029 ipso
1586 2959 1705 3014 solo
1737 2960 1953 3024 mansit,
1993 2966 2047 3013 et
2149 2961 2319 3007 torem
2344 2967 2519 3006 meum
2548 2950 2751 3018 Ῑθευων
2780 2953 3043 3008 ωδηεῖεδθ
3072 2952 3331 3023 δρίτίιωιι
3361 2953 3497 3018 Dei;
3525 2956 3581 3009 in
3611 2970 3712 3009 εε-

474 3049 775 3120 permansit
803 3047 1036 3118 Spiritus
1066 3057 1304 3104 sanctus.
1344 3047 1403 3103 Si
1430 3050 1577 3104 enim
1601 3050 1716 3119 ipse
1736 3058 1821 3104 est
1843 3052 1911 3105 de
1938 3066 2047 3121 quo
2086 3116 2115 3121 _
2149 3042 2279 3095 teris
2299 3049 2478 3095 autem
2502 3041 2751 3097 omnibus
2778 3043 2999 3108 sanctis,
3029 3044 3169 3098 sicut
3190 3052 3245 3099 et
3271 3044 3325 3097 in
3366 3042 3719 3114 Septuaginta

474 3116 748 3205 singulare
782 3116 983 3206 aliquid
1014 3146 1069 3193 et
1107 3137 1366 3193 eximium
1394 3116 1751 3202 dienam—hoc
1779 3139 1923 3208 quod
1954 3116 2045 3194 ὲιι-
2073 3116 2117 3176 C
2151 3130 2477 3192 senioribus,
2505 3146 2535 3184 a
2559 3130 2753 3200 quibus
2772 3132 2921 3187 verbi
2947 3132 3106 3203 hujus
3127 3134 3390 3203 processit
3413 3136 3721 3199 exordium,

479 3240 577 3295 pra
603 3226 855 3291 diximus,
882 3226 1009 3296 quia
1048 3235 1331 3297 peccatum
1372 3244 1478 3283 non
1508 3227 1655 3292 fecit,
1685 3237 1898 3284 consul
1924 3229 2050 3284 του-
2150 3220 2478 3290 requievisse
2522 3218 2784 3290 Spiritum
2816 3222 2913 3277 Dei
2946 3230 3175 3289 tantum,
3207 3232 3260 3276 et
3288 3232 3574 3292 cperatum
3605 3238 3726 3276 esse

480 3330 617 3386 quos
645 3329 835 3370 omnes
867 3314 1033 3371 fuisse
1056 3317 1159 3371 sub
1204 3324 1441 3383 peccato.
1473 3316 1529 3371 Si
1558 3333 1764 3381 omnes,
1800 3333 2048 3373 necessa-
2147 3309 2535 3378 interpretatur
2561 3323 2622 3364 ea
2650 3325 2768 3380 qua:
2794 3310 3148 3380 expediebant
3178 3311 3261 3365 his
3301 3327 3401 3381 per
3423 3326 3563 3381 quos
3588 3327 3722 3381 ope-

481 3406 562 3461 rio
592 3413 648 3460 et
676 3405 985 3474 prophetas.
1036 3407 1098 3460 Et
1119 3407 1386 3474 quomodo
1423 3407 1694 3472 convenit,
1726 3416 1784 3461 ut
1812 3415 2049 3478 tempore
2151 3401 2394 3466 rabatur,
2415 3410 2470 3457 et
2497 3409 2555 3455 ut
2581 3401 2710 3456 utile
2744 3402 2968 3457 erathis
3002 3402 3195 3471 quibus
3224 3403 3630 3458 ministrabant.

485 3496 693 3564 peccati
721 3493 986 3550 mansisse
1020 3495 1073 3549 in
1102 3495 1182 3553 eis
1216 3496 1460 3551 dicamus
1481 3495 1742 3566 Spiritum
1768 3498 2049 3553 sanctum?
2222 3490 2600 3545 Remanseranl
2648 3491 2703 3545 in
2750 3492 2937 3546 castris
2980 3502 3153 3545 autem
3195 3491 3301 3544 duo
3345 3492 3467 3557 viri,
3503 3508 3727 3561 quorum

481 3586 589 3639 Aut
614 3585 661 3639 si
688 3584 781 3641 tibi
814 3584 1128 3641 incredibile
1167 3585 1412 3641 videatur
1436 3587 1727 3656 prophetas
1761 3595 2048 3658 postquam
2152 3602 2287 3640 unus
2314 3586 2594 3640 vocabatur
2617 3584 2811 3649 Eldad,
2838 3595 2888 3638 et
2907 3583 3040 3639 alter
3062 3583 3276 3648 Medati,
3306 3600 3465 3655 super
3487 3602 3621 3653 quos
3650 3600 3728 3637 re-

481 3684 803 3746 acceperant
852 3675 1110 3746 Spiritum
1170 3687 1438 3742 sanetum,
1499 3678 1736 3746 potuisse
1799 3694 2048 3747 peccare,
2116 3679 2339 3749 .quievit
2365 3677 2613 3747 Spiritus.
2641 3677 2782 3730 Nam
2806 3687 2853 3731 et
2878 3678 2979 3746 ipsi
3014 3675 3491 3746 descriplifueraut
3533 3685 3580 3729 et
3625 3692 3727 3728 non

480 3765 654 3819 adhuc
681 3765 751 3820 ad
779 3765 956 3834 ipsum
986 3766 1204 3837 Moysen
1234 3782 1395 3837 quem
1424 3768 1685 3822 habemus
1722 3768 1775 3821 in
1804 3770 2051 3824 manibus
2151 3770 2388 3823 exierunt
2409 3768 2478 3821 ad
2507 3767 2919 3821 tabernaculum.
2954 3766 3069 3821 Non
3095 3767 3165 3821 ob
3186 3774 3563 3835 contemptum
3592 3780 3731 3835 prae—

483 3862 837 3921 revcrtamur,
888 3857 980 3924 qui
1018 3857 1205 3926 utique
1253 3857 1520 3911 maximus
1564 3866 1668 3922 est,
1718 3866 1775 3912 et
1821 3859 2051 3913 eximius
2150 3860 2292 3929 cepti
2320 3860 2553 3922 Domini,
2577 3859 2670 3913 sed
2708 3859 2879 3929 magis
2906 3858 2976 3914 ob
3008 3859 3345 3914 devotionem
3378 3859 3727 3919 humilitatis,

482 3944 888 4014 prophetarum.
928 3944 1045 4013 Ipse
1091 3944 1352 3999 describit
1384 3953 1438 4000 et
1476 3946 1841 4001 testimonium
1868 3948 1960 4002 dat
1985 3948 2051 4002 de
2151 3952 2206 4005 in
2235 3951 2429 4007 castris
2471 3950 2525 4005 hi
2571 3950 2676 4006 duo
2702 3951 2804 4004 viri
2840 3960 3237 4016 remanserunt,
3289 3952 3447 4020 quasi
3479 3952 3731 4020 indignos

440 4074 445 4079 -
479 4036 794 4106 semetipso,
848 4036 973 4105 quia
1004 4037 1308 4106 peccaverit
1350 4036 1405 4090 in
1450 4051 1515 4091 eo
1556 4038 1699 4107 quod
1736 4037 1874 4092 dixit
1903 4056 1917 4091 :
1943 4038 2051 4093 Au-
2151 4041 2471 4110 semetipsos
2505 4040 2809 4110 judicantes
2833 4042 2902 4095 ad
2926 4042 3327 4110 perceptionem
3361 4042 3499 4094 tanti
3540 4056 3731 4094 mune-

479 4127 586 4181 dite
614 4143 717 4191 me,
741 4124 997 4180 increduli
1019 4141 1036 4179 :
1065 4124 1317 4207 Nunquid
1337 4126 1401 4180 de
1421 4135 1567 4197 petra
1590 4128 1691 4181 ista
1714 4128 2051 4197 producimus
2154 4130 2248 4184 ris.
2277 4128 2345 4182 Et
2386 4128 2505 4183 ideo
2539 4129 2809 4197 inspector
2852 4129 3093 4183 cordium
3135 4128 3327 4199 dignos
3351 4145 3448 4183 eos
3467 4128 3733 4195 judicavit

483 4218 619 4273 vobis
655 4219 882 4289 aquam?
911 4217 1109 4290 (Exod.
1147 4220 1311 4291 xvii.)
1342 4219 1399 4274 In
1438 4219 1523 4273 his
1569 4220 1713 4274 enim
1757 4220 1916 4275 dictis
1945 4236 2050 4277 non
2152 4220 2324 4290 gratia
2355 4219 2589 4287 Spiritus
2609 4220 2692 4273 sui
2717 4238 2729 4273 :
2759 4235 2985 4289 quorum
3012 4228 3124 4275 tota
3146 4220 3378 4274 intentio
3402 4218 3732 4274 humilitatis

481 4308 839 4365 sanctificavit
887 4306 1170 4362 Dominum
1206 4307 1259 4362 in
1311 4323 1449 4377 aqua
1482 4308 1950 4373 contradictionis,
1997 4309 2051 4363 id
2152 4311 2351 4365 virtute
2379 4310 2636 4364 adornata
2659 4309 2778 4364 fuit.

483 4406 588 4461 est,
616 4412 721 4451 non
753 4405 836 4452 est
874 4396 1110 4453 conlisus
1156 4397 1211 4451 in
1254 4399 1449 4454 virtute
1475 4396 1591 4462 Dei,
1616 4407 1672 4452 et
1698 4398 1833 4453 dixit
1870 4416 1881 4453 τ
1915 4397 2051 4465 Quia
2077 4456 2125 4469 ﬁ
2224 4396 2454 4469 Cumque
2478 4398 2841 4469 prophetarent
2885 4398 2942 4450 in
2981 4398 3198 4462 castris,
3249 4397 3487 4450 cucurrit
3533 4406 3734 4467 pueret

482 4456 672 4554 petens
699 4496 781 4542 est
807 4487 948 4542 Deus
976 4487 1041 4541 de
1075 4479 1227 4555 petra
1268 4489 1371 4542 ista
1394 4487 1477 4541 vel
1507 4456 1610 4541 hac
1644 4489 1876 4543 educere
1900 4456 2050 4542 vobis
2077 4456 2130 4514 Β
2157 4456 2409 4543 nuntiavit
2447 4456 2618 4556 ἀσμξὶ
2654 4486 2829 4539 dicens
2853 4502 2873 4539 :
2900 4484 3074 4539 Eldad
3101 4496 3149 4539 et
3184 4456 3385 4539 ’Μετιαά
3416 4456 3735 4555 prop/tetas!

484 4590 710 4641 aquam;
752 4577 844 4630 sed
889 4576 1044 4645 quasi
1082 4591 1149 4630 ex
1186 4575 1493 4631 diuidendae
1523 4574 1800 4643 cujusdam
1847 4576 2051 4646 fragili-

487 4674 596 4719 tate
618 4666 894 4735 respondit
916 4665 1103 4721 dicens
1136 4681 1149 4718 :
1187 4665 1438 4733 Nunquid
1470 4666 1768 4735 poterimus
1797 4665 1949 4719 vobis
1985 4666 2052 4720 de

484 4761 637 4823 petra
660 4754 762 4807 hac
784 4755 1012 4809 educere
1038 4754 1267 4824 aquam?
1290 4753 1425 4821 Quia
1459 4767 1588 4823 ergo
1609 4761 1886 4822 peccatum
1919 4757 1967 4807 ei
1998 4756 2050 4811 in

485 4843 571 4898 his
615 4844 795 4897 verbis
838 4851 1115 4912 reputatur
1164 4859 1195 4897 a
1235 4844 1480 4907 Domino,
1533 4851 1740 4897 certum
1788 4851 1872 4897 est
1908 4844 2051 4913 quod

2158 4580 2211 4631 in
2250 4577 2455 4630 castris.
2488 4574 2678 4630 Statim
2708 4573 2892 4639 Iosue,
2920 4574 3063 4643 ﬁlius
3101 4574 3250 4638 Nan,
3290 4575 3533 4628 minister
3562 4573 3737 4642 Moysi

2157 4678 2203 4721 ct
2232 4666 2420 4721 electus
2445 4665 2509 4718 de
2533 4663 2789 4733 pluribus,
2818 4664 2889 4717 ait
2920 4680 2938 4718 :
2974 4663 3190 4717 Domine
3217 4664 3309 4727 mi,
3338 4662 3574 4732 Moyses,
3610 4677 3735 4732 pro-

2157 4762 2273 4815 ltibe
2320 4777 2425 4814 eos.
2473 4759 2537 4811 At
2571 4755 2698 4811 ille:
2731 4756 2894 4821 Quid,
2944 4756 3130 4827 inquit,
3180 4755 3449 4810 wmularis
3488 4773 3591 4824 pro
3622 4753 3741 4807 me!

2159 4849 2287 4914 Quis
2313 4836 2529 4912 lribuat,
2577 4855 2629 4898 ut
2673 4847 2841 4899 omnis
2870 4845 3094 4915 populus
3140 4846 3424 4915 propltetet,
3451 4855 3504 4897 et
3542 4846 3636 4898 det
3667 4844 3740 4895 eis

485 4934 603 4988 haec
631 4947 752 4986 cum
781 4932 1111 5000 loqueretur,
1154 4948 1258 4987 non
1286 4934 1352 4987 de
1376 4932 1580 5003 Spiritu
1611 4941 1799 4988 sancto
1842 4933 2052 4989 locutus

487 5024 579 5088 sit,
608 5023 702 5076 sed
731 5021 798 5076 de
823 5022 1014 5090 spiritu
1050 5023 1280 5089 peccati.
1316 5021 1469 5089 Quod
1494 5022 1538 5076 si
1571 5021 1862 5092 Scriptura:
1905 5025 2053 5079 testi-

487 5114 668 5170 monio
706 5120 886 5169 tantus
924 5113 1182 5183 propheta
1210 5112 1419 5184 Moyses
1445 5115 1747 5170 ostenditur
1769 5115 2054 5185 aliquando

484 5206 737 5263 habuisse
758 5202 1016 5275 Spiritum
1040 5204 1157 5270 Dei,
1180 5204 1463 5274 aliquando
1489 5220 1617 5259 vero
1643 5219 1747 5259 non
1778 5204 2050 5267 habuisse,

484 5299 691 5370 peccati
721 5296 928 5352 scilicet
958 5303 1215 5365 tempore,
1252 5304 1461 5351 certum
1494 5303 1579 5351 est
1603 5297 1726 5365 quia
1756 5304 1811 5349 et
1835 5295 1900 5349 de
1925 5295 2053 5349 reli-

484 5393 607 5461 quis
630 5389 905 5460 prophetis
929 5387 1120 5442 similis
1149 5386 1319 5441 forma
1346 5388 1572 5442 tenenda
1594 5388 1681 5441 sit.
1712 5385 1849 5452 Quid
1872 5392 2053 5437 autem

485 5482 549 5534 dc
571 5481 735 5534 David
769 5480 942 5534 dicam
966 5518 979 5542 ,
1011 5479 1101 5545 qui
1143 5477 1346 5547 Spiritu
1390 5485 1575 5530 sancto
1606 5484 1858 5544 tanquam
1884 5473 2055 5542 possit

487 5571 708 5635 auferri,
737 5580 858 5625 orat
894 5587 959 5625 ne
987 5569 1262 5625 auferatur
1288 5578 1341 5623 et
1371 5569 1499 5623 dicit
1529 5587 1541 5621 :
1574 5566 1656 5620 Nc
1694 5566 1943 5636 projicias
1976 5580 2054 5617 me

491 5676 520 5713 α
541 5662 672 5731 facie
694 5672 801 5723 tua,
818 5676 861 5717 ct
882 5666 1115 5735 spiritum
1142 5675 1285 5718 tuum
1317 5680 1378 5717 ne
1401 5660 1612 5731 auferas
1640 5676 1670 5712 a
1688 5673 1765 5710 me
1787 5655 1955 5728 (Psal.
1976 5658 2048 5728 1.).

2154 4939 2406 4992 Dominus
2437 4936 2687 5007 Spiritum
2718 4937 2910 4989 suum?
2954 4936 3046 4991 Pia
3075 4944 3352 5004 pastorum
3385 4951 3570 5000 meus,
3613 4935 3739 5002 quia

2154 5045 2259 5083 non
2282 5028 2552 5098 propriam
2595 5027 2841 5097 gloriam,
2874 5027 2965 5080 sed
3000 5026 3239 5080 auctoris
3264 5027 3492 5095 quierit;
3526 5027 3605 5080 ab
3628 5038 3739 5078 om-

2154 5118 2312 5172 nibus
2332 5117 2444 5170 vult
2465 5116 2705 5183 adjuvari
2733 5117 2872 5185 quod
2895 5115 3025 5185 agit.
3050 5112 3248 5168 Fidelis
3273 5131 3510 5184 namque
3543 5113 3747 5184 pandi-

2154 5214 2310 5260 cator
2334 5212 2483 5273 optat
2509 5204 2555 5257 si
2584 5202 2698 5257 ﬁeri
2728 5202 2932 5266 valeat,
2967 5210 3026 5256 ut
3054 5202 3356 5264 veritatem,
3386 5218 3563 5270 quam
3594 5201 3746 5255 solus

2155 5293 2299 5363 loqui
2330 5308 2435 5347 non
2466 5290 2677 5357 suilieit,
2702 5306 2795 5347 ora
2819 5299 3131 5345 cunctorum
3163 5299 3373 5344 sonent.
3405 5290 3571 5344 Unde
3618 5303 3746 5344 cum

2151 5380 2312 5436 Josue
2340 5382 2545 5436 duobus
2569 5381 2620 5433 in
2650 5380 2843 5434 castris
2871 5379 3273 5433 remanentibus
3310 5387 3468 5448 atque
3496 5379 3749 5447 prophe-

2158 5474 2393 5528 tantibus
2443 5471 2604 5526 vellet
2650 5472 2949 5534 obsistere,
2998 5470 3046 5524 ei
3089 5485 3184 5539 per
3227 5469 3444 5539 Moysen
3474 5469 3753 5522 dicitur;

2157 5565 2295 5630 Quid
2317 5563 2577 5617 a’mularis
2601 5580 2694 5633 pro
2719 5563 2839 5616 me?
2873 5561 3001 5627 Quis
3044 5562 3260 5623 tribuat,
3285 5572 3336 5612 ut
3366 5563 3546 5613 omnis
3580 5576 3758 5628 popu-

2154 5659 2233 5711 lus
2270 5656 2560 5726 propltetet,
2600 5665 2646 5708 et
2690 5655 2772 5708 det
2811 5654 2885 5708 eis
2932 5653 3184 5708 Dominus
3228 5650 3367 5721 Spiri
3391 5670 3478 5705 um
3546 5649 3761 5706 suum?
