3932 6188
219 278 318 335 661

931 265 1468 327 ENARRATIONES
1507 268 1573 323 IN
1617 265 1877 323 LIBRUM
1918 264 2385 321 NUMERORUM.
2429 295 2498 305 —
2536 264 2667 319 LIB.
2708 264 2773 320 li.

3387 266 3499 320 (ἓθὲ

216 387 545 458 Prophetare
588 382 784 453 quippe
809 396 999 437 omnes
1033 382 1243 447 volunt,
1287 382 1378 451 qui
1426 381 1623 435 bonum
1653 379 1794 447 quod
1826 390 1872 444 Α
1900 380 2059 434 disset
2109 379 2386 444 Dominus,
2430 380 2597 433 iratus
2638 393 2733 434 est.
2790 380 2921 433 Erat
2973 382 3109 453 enim
3154 381 3361 452 .Voyses
3413 387 3493 439 rir

213 476 397 538 ‘sabuit
419 472 542 529 aliis
567 488 676 528 non
705 471 915 527 invidit.

794 563 1022 619 CAPUT
1065 564 1194 619 VIII.

584 655 661 709 De
689 671 782 708 esu
813 655 1051 708 carnium
1079 654 1431 708 coturnicum.

276 746 454 823 (loto.
487 750 505 821 )
538 749 889 818 lleversusque
926 756 1001 801 est
1048 746 1256 817 Moyses
1304 757 1352 800 et
1401 746 1627 816 major“
1672 753 1799 798 natu

205 844 378 900 Israel
404 845 458 897 in
484 852 684 895 castra.
734 838 928 892 Ventus
958 845 1133 891 autem
1175 838 1444 907 egrediens
1475 853 1506 889 η
1552 835 1796 898 Domino,

201 948 475 1008 arreptam
509 946 660 988 trans
690 949 835 987 mare
862 932 1157 986 coturnices
1200 928 1386 983 detulit
1423 937 1472 982 et
1498 928 1705 982 demisit
1741 927 1799 981 in

201 1039 412 1093 castra,
450 1027 637 1079 itinere
679 1032 935 1093 quantum
985 1037 1090 1075 uno
1133 1020 1218 1074 die
1264 1019 1454 1088 conﬁci
1501 1027 1690 1090 potest,
1734 1033 1798 1070 ex

202 1118 342 1173 omni
382 1125 531 1188 parte
559 1124 852 1169 castrorum
894 1127 989 1182 per
1020 1110 1318 1173 circuitum,
1368 1108 1715 1179 volabantque
1740 1108 1796 1160 in

200 1226 323 1263 acra
361 1207 571 1261 duobus
601 1204 791 1258 cubitis
818 1199 1099 1255 altitudine
1131 1215 1287 1269 super
1315 1209 1530 1252 terram.
1562 1196 1796 1266 Surgens

198 1318 318 1372 ergo
342 1298 591 1371 populus,
638 1306 749 1350 tota
778 1294 862 1348 die
893 1292 1011 1358 illa,
1035 1302 1086 1346 et
1114 1302 1283 1356 nocte,
1312 1301 1360 1344 et
1387 1290 1471 1344 die
1495 1289 1682 1354 altero,
1709 1304 1797 1342 co-

198 1390 464 1444 turnicum
504 1385 836 1456 congregavit
867 1381 1275 1437 multitudinem.
1312 1381 1414 1446 Qui
1454 1396 1667 1449 parum,
1705 1378 1796 1432 de-

194 1499 302 1537 cem
333 1498 506 1535 coros.
559 1477 627 1531 Et
666 1479 993 1531 siccavemnt
1019 1491 1108 1529 eas
1137 1491 1229 1545 per
1253 1489 1437 1545 gyrum
1476 1482 1790 1526 castrorum.

196 1574 384 1627 Adhuc
429 1587 613 1625 carnes
638 1580 788 1623 erant
823 1571 879 1622 in
906 1584 995 1621 ore
1020 1583 1223 1631 eorum,
1270 1582 1361 1619 nec
1403 1563 1664 1633 defecerat
1694 1562 1794 1615 Itu-

192 1665 490 1732 iuscemodi
531 1663 677 1718 cibus
702 1677 721 1715 :
745 1672 795 1718 et
820 1678 935 1717 ecce
963 1660 1115 1731 furor
1144 1659 1360 1714 Domini
1398 1658 1691 1712 concitatus
1735 1656 1792 1710 in

189 1756 468 1828 populum,
492 1756 747 1826 percussit
786 1769 904 1808 eum
942 1751 1097 1823 plaga
1125 1748 1492 1820 magnanimis.
1538 1745 1790 1801 Vocatus-
1817 1736 1864 1795 Β

191 1866 291 1920 que
316 1858 397 1901 est
426 1846 516 1901 ille
540 1845 711 1911 locus,
757 1842 1013 1915 Sepulcra
1044 1840 1499 1912 concupiscentire.
1538 1837 1619 1891 Ibi
1649 1838 1788 1893 enim

189 1941 507 2012 scpelierant
545 1938 816 2010 populum,
847 1937 939 2009 qui
969 1952 1159 1990 cantes
1202 1934 1610 1989 desideraverat.
1657 1932 1790 1987 Car-

190 2034 330 2088 nalis
367 2047 501 2103 ergo
530 2030 756 2101 populus
778 2028 1087 2087 Iudaeorum
1113 2026 1389 2082 caelestem
1421 2025 1601 2079 cibum
1632 2038 1787 2093 sper-

189 2139 346 2188 nens,
375 2122 717 2191 voluptatem
740 2119 1045 2175 carnalium
1066 2117 1446 2181 desiderabat;
1484 2114 1581 2170 sed
1605 2113 1788 2169 divina

188 2211 537 2283 providentia
570 2211 646 2263 ita
668 2208 933 2277 judicium
965 2206 1311 2277 temperavit,
1352 2213 1413 2259 ut
1448 2204 1666 2275 puniret
1689 2216 1786 2258 vo-

189 2304 572 2372 luptuosorum
599 2298 1097 2370 mncmiiscentiam
1114 2338 1131 2365 ,
1160 2312 1262 2353 nec
1291 2306 1473 2352 tamen
1494 2296 1789 2365 denegaret

188 2397 476 2469 {rasilibus
521 2403 922 2465 competentem
971 2393 1307 2449 alimoniam.
1364 2392 1509 2460 Quin
1559 2392 1614 2447 in
1668 2390 1786 2461 ipsa

186 2489 566 2554 concessione,
596 2488 801 2559 aliquid
832 2485 1155 2557 spiritaliter
1199 2485 1281 2540 eis
1328 2485 1599 2540 innuerct.
1648 2481 1785 2539 Cum

185 2584 332 2637 enim
376 2581 455 2637 illi
494 2588 742 2651 peterent
768 2594 963 2635 carnes
996 2578 1100 2633 sibi
1139 2577 1432 2648 impartiri,
1488 2590 1595 2631 non
1647 2574 1786 2629 lera-

186 2691 331 2740 rum,
373 2690 482 2729 uon
512 2671 924 2743 quadrupedum
956 2685 1057 2725 nec
1087 2668 1427 2724 terrestrium
1465 2665 1784 2722 animalium

185 2769 264 2824 eis
306 2782 468 2823 esum
517 2765 730 2830 tribuit,
767 2763 862 2819 sed
909 2762 1219 2827 volucrum,
1265 2769 1535 2831 quatenus
1570 2773 1636 2813 ex
1668 2758 1784 2828 ipsa

184 2857 541 2929 perceptione
565 2855 829 2919 alimenti,
882 2853 1157 2908 discerent
1206 2867 1440 2922 superna
1488 2849 1662 2921 magis
1692 2849 1784 2905 de-

186 2950 435 3005 siderare
462 2962 628 3018 quam
665 2954 908 3010 terrena,
960 2943 1221 3015 spiritalia
1252 2942 1433 3013 potius
1459 2955 1623 3011 quam
1662 2955 1783 2995 cor-

184 3041 417 3112 poralia.
464 3039 660 3093 Avium
700 3052 832 3109 ergo
863 3045 1057 3091 natura
1088 3050 1157 3090 ex
1188 3034 1348 3105 aquis
1376 3034 1609 3104 primum
1654 3048 1780 3103 pro—

184 3135 374 3199 cessit,
406 3134 508 3188 sed
536 3133 589 3186 in
618 3146 742 3186 aera
781 3129 1174 3185 habitationem
1206 3128 1309 3183 sibi
1339 3127 1593 3197 acquirit.
1631 3125 1781 3183 Unde

183 3236 236 3281 ct
270 3225 371 3296 qui
419 3223 702 3278 volucrum
750 3236 904 3277 esum
933 3220 1261 3291 percipiunt,
1304 3219 1372 3274 ab
1422 3218 1546 3274 imis
1594 3218 1663 3273 ad
1693 3233 1783 3272 su—

191 3332 367 3388 perna
409 3330 505 3370 cor
550 3314 732 3369 levare
770 3312 1150 3376 admonentur,
1193 3320 1252 3366 ut
1280 3311 1405 3365 licet
1447 3311 1501 3364 in
1553 3309 1782 3364 terrenis

183 3408 510 3480 corporibus
539 3407 755 3477 degant,
803 3412 987 3459 tamen
1027 3404 1210 3458 animo
1246 3416 1463 3472 semper
1500 3401 1568 3455 ad
1614 3400 1781 3455 caele-.-

181 3502 284 3556 stia
310 3505 597 3569 appetant,
642 3495 942 3551 secundum
968 3493 1101 3549 illud
1137 3492 1403 3561 Apostoli,
1438 3492 1584 3563 quod
1603 3492 1738 3548 dicit
1764 3509 1778 3543 :

185 3590 249 3643 In
285 3604 453 3643 carne
474 3595 651 3640 autem
696 3583 1047 3649 ambulantes,
1084 3600 1189 3637 non
1234 3584 1522 3638 secundum
1567 3598 1783 3637 carnem

181 3677 498 3731 militantes.
534 3674 731 3730 Nostra
756 3683 932 3728 autem
955 3673 1280 3728 conversatio
1312 3673 1366 3727 in
1392 3672 1533 3727 cmlis
1567 3683 1641 3727 est
1687 3671 1774 3743 (II

180 3767 307 3824 Cor.
348 3768 471 3841 xu).

250 3860 473 3932 Egressi
526 3869 700 3912 autem
744 3857 815 3913 de
860 3857 1117 3928 sepulcris
1166 3857 1605 3925 concupiscentia:
1629 3895 1644 3920 ,
1698 3871 1784 3909 ue-

181 3959 377 4007 nerunt
431 3950 489 4003 in
536 3950 765 4017 aserotlt,
805 3958 854 4003 et
896 3958 1204 4003 manserunt
1232 3948 1323 4002 ibi.
1364 3946 1782 4014 Quartadecima

180 4044 399 4099 mansio
422 4042 476 4096 in
504 4041 797 4097 solitudine
811 4040 1052 4105 Pharan,
1076 4054 1197 4109 qua:
1221 4039 1276 4093 in
1296 4039 1496 4093 atrium
1529 4038 1778 4092 vertitur.

180 4137 237 4191 In
270 4138 379 4192 hac
392 4136 575 4190 Aaron
611 4141 667 4189 et
694 4132 862 4187 Maria
910 4140 1133 4202 propter
1168 4130 1563 4201 Ethiopissam
1593 4137 1783 4184 contra

182 4227 407 4299 Moysen
434 4232 794 4280 murmurant.
820 4223 887 4276 Et
907 4223 1030 4286 hoc,
1055 4222 1293 4291 prudens
1317 4221 1510 4285 lector,
1561 4220 1783 4274 attende

179 4322 329 4391 quod
351 4328 475 4391 post
494 4324 927 4373 consummatam
952 4314 1004 4368 in
1029 4313 1348 4368 duodecimo
1373 4328 1601 4367 numero
1619 4312 1784 4366 virtu-

1908 471 2242 536 mitissimus,
2293 487 2449 542 super
2500 487 2675 524 omnes
2733 462 2966 526 homines
2996 514 3010 537 ,
3061 475 3151 545 qui
3209 476 3489 532 morabun-

1903 572 1991 615 tur
2050 563 2105 614 in
2154 570 2332 626 terra,
2389 570 2494 616 etc.
2545 560 2688 634 (Ea:
2738 563 3100 634 Augustino.)
3158 562 3337 630 Qumri
3399 582 3488 621 εον-
3586 604 3601 619 .

1902 651 1977 706 let
2027 660 2210 707 utrum
2261 653 2375 723 ipsa
2423 653 2494 707 sit
2544 652 2651 707 lilia
2699 652 2924 719 Jethro,
2977 670 3045 707 an
3102 655 3329 711 alteram
3384 658 3487 712 du-

1904 742 2043 795 xerit
2089 740 2220 814 [Αι.
2244 783 2257 807 ,
2294 741 2744 815 superduxerit]?
2788 741 2895 798 Sed
2928 744 3095 813 ipsam
3129 741 3315 810 fuisse,
3365 761 3485 802 cre-

1900 832 2064 889 dibile
2102 842 2204 889 est.
2256 833 2331 888 De
2378 834 2681 889 Madianitis
2725 835 2925 905 quippe
2982 844 3120 901 erat,
3178 836 3272 904 qui
3330 852 3486 907 repe-

1902 924 2116 978 riuntur
2163 926 2217 980 in
2266 926 2715 997 Paralipomenon
2765 927 3054 998 jEthiopes
3093 930 3217 994 dici,
3264 931 3485 1001 quando

1900 1024 2088 1070 contra
2116 1030 2211 1069 eos
2239 1017 2500 1087 pugnavit
2541 1016 2821 1088 Iosophat.
2858 1018 2992 1072 Nam
3030 1019 3082 1073 in
3121 1020 3206 1074 his
3238 1020 3371 1075 locis
3404 1022 3485 1075 di-

1899 1108 2041 1163 citur
2064 1124 2158 1163 eos
2202 1118 2517 1178 persecutus
2545 1110 2775 1181 populus
2806 1110 2993 1175 Israel,
3040 1113 3131 1167 ubi
3176 1112 3489 1167 Madianita:

1897 1202 2167 1268 habitant,
2207 1201 2299 1271 qui
2331 1218 2476 1257 nunc
2508 1202 2766 1258 Saraceni
2803 1203 3160 1273 appellantur.
3188 1204 3300 1259 Sed
3339 1221 3483 1259 nunc

1896 1309 1990 1349 eos
2013 1291 2302 1364 {Ethiopes
2329 1309 2487 1350 nemo
2525 1292 2637 1348 fere
2670 1294 2922 1364 appellat,
2948 1296 3093 1350 sicut
3124 1296 3301 1351 solent
3339 1296 3485 1350 Ιοςοο

1897 1404 2015 1442 rum
2057 1395 2113 1443 et
2152 1388 2390 1459 gentium
2428 1388 2647 1442 nomina
2688 1387 3007 1465 plerumque
3048 1397 3317 1444 vetustate
3363 1405 3482 1443 mu-

1896 1486 2020 1534 tari.
2053 1479 2356 1551 Allegorice
2394 1488 2577 1535 autem
2607 1479 2831 1534 Mariam
2870 1480 3100 1535 dicimus
3129 1479 3356 1535 formam
3386 1482 3481 1534 ha—

1893 1572 2073 1627 buisse
2105 1571 2277 1641 plebis
2319 1570 2557 1642 prioris:
2593 1571 2831 1643 Moysen,
2860 1572 2912 1626 id
2940 1580 3023 1625 est
3065 1571 3237 1642 legem
3268 1571 3481 1626 Domini

1893 1665 2158 1720 transisse
2184 1664 2252 1718 ad
2294 1663 2624 1720 connubium
2666 1663 3017 1734 Ethiopissa:
3042 1665 3223 1735 hujus,
3252 1680 3372 1733 quae
3411 1679 3474 1717 ex

1891 1755 2141 1823 gentibus
2163 1762 2489 1825 congregata
2518 1764 2620 1809 cst.
2670 1753 2819 1809 Hanc
2844 1769 2974 1825 ergo
3014 1753 3244 1825 Moyses,
3294 1755 3346 1809 id
3372 1765 3482 1819 est,

1891 1844 1975 1901 lex
2017 1845 2276 1915 spiritalis
2317 1846 2526 1916 accepit
2558 1861 2807 1910 uxorem,
2852 1853 2906 1900 et
2935 1861 3034 1915 pro
3067 1848 3169 1902 hoc
3197 1846 3338 1901 facto
3366 1846 3479 1900 Illa-

1891 1936 1997 2000 ria,
2028 1950 2149 2005 quae
2173 1933 2461 2005 Synagoga
2487 1944 2605 2000 est,
2650 1935 2960 2006 indignatur
2987 1944 3043 1991 et
3083 1937 3321 1991 detrahit
3369 1954 3479 1991 una

1890 2042 2014 2081 cum
2044 2025 2249 2092 Aaron,
2282 2041 2406 2081 cum
2440 2026 2814 2083 sacerdotibus
2842 2028 3050 2084 scilicet
3079 2037 3135 2084 et
3161 2029 3473 2083 I’harisusis.

1889 2121 2126 2191 Derogat
2169 2134 2344 2189 usque
2370 2118 2426 2174 in
2450 2118 2772 2175 hodiernum
2808 2120 2951 2175 diem
2995 2119 3164 2190 Moysi
3194 2119 3479 2174 nobiscum

1887 2212 2067 2283 posito
2102 2212 2258 2282 plebs
2292 2210 2416 2277 illa;
2449 2220 2503 2267 et
2530 2211 2703 2280 turpis
2729 2211 2779 2267 ei
2814 2212 3045 2278 videtur,
3073 2212 3198 2281 quia
3244 2213 3476 2268 circum-

1888 2304 2150 2360 cisionem
2176 2303 2360 2359 carnis
2389 2318 2496 2357 non
2526 2303 2699 2359 docet.
2721 2304 2862 2374 apud
2892 2318 3012 2365 nos.
3046 2320 3115 2360 ne
3142 2305 3479 2361 observatio-

1888 2408 2013 2450 nem
2039 2394 2272 2459 sabbati,
2304 2408 2407 2449 nec
2432 2394 2734 2450 neomenize
2754 2435 2769 2461 ,
2803 2409 2906 2452 nec
2945 2395 3213 2451 sacriﬁcia
3256 2399 3479 2468 sangui-

1887 2488 1996 2553 nis,
2027 2487 2126 2544 sed
2163 2486 2635 2542 circumcisionem
2665 2486 2846 2543 cordis
2885 2496 2941 2544 et
2984 2489 3242 2559 precandi
3280 2489 3475 2553 otium,

1885 2576 2112 2647 diesque
2146 2575 2313 2631 festos
2346 2578 2403 2631 in
2445 2577 2646 2647 azymis
2692 2578 3008 2633 sinceritatis
3049 2588 3098 2632 et
3142 2579 3398 2644 veritatis,
3421 2587 3478 2634 et

1886 2670 2151 2725 sacriﬁcia
2183 2668 2374 2734 laudis,
2401 2676 2455 2724 et
2480 2684 2588 2725 non
2608 2667 2720 2738 jam
2748 2671 3014 2740 pecudum
3040 2711 3055 2736 ,
3088 2671 3193 2733 sed.
3218 2670 3476 2725 vitiorum

1886 2761 2021 2816 caedi
2052 2761 2302 2816 victimas
2333 2769 2534 2816 monet.
2564 2758 2781 2816 Jutlicat
2824 2776 2954 2834 ergo
2982 2762 3050 2817 de
3087 2762 3173 2817 his
3213 2762 3378 2827 Deus,
3422 2769 3478 2813 et

1885 2849 2102 2920 nuptias
2139 2848 2491 2921 IEthiOpissa:
2536 2849 2845 2905 conﬁrmat.
2882 2850 2949 2904 Et
2992 2850 3212 2921 Moysen
3256 2850 3476 2920 quidem

1886 2941 2116 2999 libenter
2139 2957 2263 2997 cum
2299 2957 2365 2997 ea
2406 2942 2655 2998 habitare
2696 2941 2825 2997 sinit
2861 2951 2917 2997 et
2955 2944 3296 3012 requiescere
3329 2943 3477 2998 :Ma-

1888 3036 2025 3090 riam
2055 3050 2186 3091 vero
2210 3034 2357 3104 ejieit
2382 3043 2536 3091 extra
2555 3043 2758 3101 castra,
2804 3044 2861 3090 et
2891 3049 3054 3105 porro
3081 3036 3209 3091 facit
3233 3052 3263 3090 a
3292 3037 3472 3093 taber-

1886 3132 2082 3188 naculo
2114 3132 2431 3197 testimonii,
2484 3147 2606 3187 cum
2645 3146 2751 3187 non
2792 3132 3216 3203 ejicitur'etiam
3253 3134 3471 3197 Aaron;

1886 3229 2108 3296 insuper
2135 3234 2315 3281 autem
2343 3233 2400 3281 et
2427 3224 2576 3293 lepra
2602 3224 2837 3280 adicitur
2869 3224 3055 3280 Maria.
3086 3225 3284 3296 Aspice
3328 3242 3473 3281 nunc

1883 3321 1952 3375 ad
1996 3319 2141 3374 illam
2184 3318 2416 3388 plebem,
2465 3325 2520 3372 et
2551 3317 2672 3373 vide
2708 3327 2912 3387 quanta
2966 3318 3020 3372 in
3067 3318 3154 3372 illa
3200 3325 3287 3374 est
3325 3319 3474 3387 lepra

1881 3411 2114 3484 peccati,
2160 3419 2365 3481 quanta
2414 3408 2783 3480 intelligentia:
2817 3409 3009 3481 caligo,
3061 3419 3262 3479 quanta
3288 3409 3475 3465 obser-

1884 3505 2082 3560 vantim
2121 3502 2357 3568 fmditas,
2406 3510 2611 3572 quanta
2654 3502 2933 3572 turpitudo
2980 3511 3324 3572 conspectus.
3372 3504 3476 3558 Ve-

1885 3601 2190 3648 rumtamen
2222 3593 2339 3646 haec
2362 3592 2509 3660 lepra
2553 3606 2659 3645 non
2710 3600 2973 3662 perpetuo
3018 3603 3331 3660 permanet,
3377 3595 3474 3648 sed

1883 3686 1973 3740 ubi
2003 3684 2304 3754 septimana
2331 3682 2591 3753 compleri
2620 3685 2850 3753 coeperit
2879 3684 3085 3749 mundi,
3132 3687 3474 3741 revocabitur

1884 3777 1951 3831 ad
1979 3782 2179 3830 castra.
2231 3774 2289 3827 In
2321 3772 2427 3829 line
2462 3774 2607 3828 enim
2651 3773 2836 3828 mundi
2874 3788 2997 3829 cum
3034 3774 3303 3845 plenitudo
3348 3792 3467 3846 gen-

1884 3871 2015 3922 tium
2058 3865 2342 3930 introierit,
2387 3873 2509 3918 tunc
2553 3864 2712 3918 etiam
2754 3866 2924 3936 omnis
2970 3864 3141 3919 Israel
3185 3864 3474 3921 minabitur

1886 3961 2059 4033 (Rom.
2094 3959 2206 4032 xu)
2248 3978 2260 4012 :
2294 3967 2351 4013 et
2382 3966 2510 4013 tunc
2550 3967 2635 4013 est
2681 3972 2805 4013 cum
2845 3957 3082 4014 cessabit
3124 3958 3269 4028 lepra
3298 3959 3366 4013 de
3394 3958 3475 4012 la-

1884 4056 1966 4112 cic
1997 4054 2198 4109 Mariae.
2235 4052 2483 4123 Recipiet
2508 4053 2654 4107 enim
2682 4052 2845 4107 decus
2872 4050 3018 4116 fidei,
3050 4059 3105 4106 et
3133 4052 3471 4122 splendorem

1884 4148 2086 4204 Christi
2113 4146 2407 4219 agnitionis
2423 4145 2673 4216 accipiet,
2711 4152 2766 4198 et
2794 4144 3112 4198 restituetur
3131 4142 3310 4197 vultus
3333 4141 3467 4210 ejus,

1884 4257 2007 4299 cum
2037 4241 2128 4295 liet
2156 4247 2384 4309 uterque
2410 4253 2551 4293 unus
2579 4253 2712 4309 grex
2760 4244 2816 4291 et
2850 4251 2989 4290 unus
3014 4243 3228 4304 pastor,
3261 4234 3316 4287 in
3365 4249 3501 4301 «pro.

1887 4346 2015 4386 vere
2037 4330 2323 4385 dicendum
2342 4337 2426 4383 est
2452 4347 2463 4381 :
2497 4327 2542 4383 0
2569 4326 2791 4381 altitudo
2816 4326 3119 4380 divitiarum
3138 4326 3408 4397 sapientia:
3422 4337 3470 4379 ct

183 4430 319 4482 tem,
342 4416 471 4487 quia
487 4414 731 4484 superbit
768 4411 954 4475 Israel,
970 4420 1027 4466 et
1045 4411 1099 4465 in
1115 4410 1382 4481 sepulcris
1398 4411 1783 4480 concupiscen-

1888 4423 2119 4478 scientite
2145 4420 2237 4473 Dei
2260 4416 2458 4491 (Galot.
2483 4419 2568 4487 ιιι)
2591 4436 2602 4471 :
2628 4417 2753 4487 quia
2775 4417 2848 4471 ita
2871 4416 3137 4472 conclusit
3158 4431 3349 4471 omnes
3369 4418 3475 4471 θυι»

180 4511 270 4564 tia:
297 4522 499 4563 carnes
518 4504 803 4577 Egyptias
839 4503 1186 4568 desideravit,
1213 4517 1431 4557 rursum
1456 4502 1595 4573 jacit
1627 4501 1773 4555 aliud

182 4600 600 4655 fundamentum
615 4603 671 4650 et
692 4595 830 4649 atria
860 4594 942 4649 :id
967 4602 1067 4657 est,
1098 4594 1165 4647 ad
1181 4592 1445 4647 vestibula
1459 4592 1679 4646 virtutis
1694 4592 1776 4645 in-

177 4694 449 4763 greditur,
464 4690 761 4745 ostendens
772 4688 930 4743 nobis
941 4695 996 4742 et
1008 4702 1100 4742 eos
1118 4687 1212 4756 qui
1226 4694 1371 4742 stant
1383 4700 1544 4755 posse
1553 4684 1773 4747 cadere,

178 4791 235 4836 et
275 4782 371 4852 qui
400 4778 735 4843 ceciderunt,
764 4792 922 4848 posse
952 4791 1255 4847 resurgere.
1298 4774 1510 4829 Positus
1538 4784 1612 4828 est
1638 4775 1776 4829 enim

176 4871 343 4927 Iesus
371 4872 428 4924 in
456 4871 668 4925 ruinam
692 4879 741 4923 et
764 4869 1194 4923 resurrectionem
1211 4866 1497 4921 multorum
1515 4865 1668 4936 (Luc.
1686 4866 1770 4937 ιι).

180 4965 252 5019 lit
278 4964 398 5034 ipse
432 4962 675 5032 loquitur
709 4976 808 5032 per
830 4961 1157 5031 Prophetam
1187 4980 1199 5014 :
1239 4958 1492 5031 Nunquid
1512 4962 1602 5031 qui
1631 4959 1781 5014 cadet

179 5074 292 5111 non
325 5065 559 5128 resurget
577 5056 603 5109 ?

799 5148 1025 5207 CAPUT
1084 5149 1175 5203 IX.

179 5241 264 5297 De
324 5241 740 5296 murmuratione
790 5240 969 5294 Aaron
1006 5249 1053 5295 et
1108 5239 1298 5295 Maria:
1331 5251 1511 5294 contra
1565 5239 1784 5310 Moysen

457 5322 671 5383 propter
704 5310 1088 5382 zEthiopissam
1119 5326 1336 5364 uxorem
1369 5310 1503 5380 ejus.

259 5425 416 5498 (CAP.
453 5426 576 5491 xu.)
622 5424 922 5497 Locumque
963 5435 1038 5481 est
1083 5425 1256 5480 Maria
1293 5435 1344 5479 et
1373 5425 1550 5479 Aaron
1596 5434 1776 5478 contra

182 5515 415 5586 Moysen
448 5527 659 5588 propter
701 5533 914 5571 uxorem
963 5517 1077 5586 ejus
1108 5514 1517 5585 (Ethiopissam,
1546 5524 1592 5568 et
1626 5516 1776 5569 dixe-

182 5617 317 5659 runt
346 5620 364 5658 :
400 5607 544 5662 Num
578 5624 669 5677 per
689 5606 858 5663 solum
889 5605 1105 5678 Moysen
1140 5607 1342 5660 locutus
1374 5617 1449 5659 est
1484 5604 1783 5659 Dominus?

183 5695 389 5750 Nonne
427 5710 473 5753 et
511 5698 656 5753 nobis
695 5699 937 5753 similiter
973 5697 1174 5752 locutus
1201 5698 1315 5753 est?
1358 5695 1511 5764 Quod
1541 5714 1658 5751 cum
1687 5714 1782 5751 au-

1881 4521 2123 4584 peccato,
2150 4518 2209 4564 ut
2242 4509 2486 4564 omnium
2515 4508 2860 4572 misereatur,
2892 4506 2945 4561 in
2974 4505 3190 4561 Christo
3216 4504 3342 4561 Iesu
3369 4505 3473 4560 Do-

1884 4603 2031 4657 mino
2059 4608 2269 4662 nostro,
2313 4598 2455 4652 sicut
2499 4596 2789 4667 Apostolus
2832 4596 3004 4651 dicit:
3043 4593 3171 4649 "(re
3213 4596 3475 4649 omniain

1883 4699 2055 4769 ﬁgura
2104 4696 2429 4767 contigerunt
2467 4692 2573 4747 illis
2607 4710 2624 4747 :
2656 4693 2851 4761 scripta
2894 4701 3015 4745 sunt
3058 4700 3231 4743 autem
3260 4698 3476 4759 propter

1885 4789 2337 4846 commonitionem
2387 4795 2619 4840 nostram
2673 4784 2732 4857 (1
2787 4783 2909 4838 Cor.
2960 4781 3046 4852 ιι).
3092 4782 3301 4849 Quazro
3339 4782 3468 4852 quid

1886 4877 2323 4952 commonitionis
2369 4875 2697 4946 accipiamus
2748 4890 2813 4929 ex
2848 4887 2913 4927 eo
2958 4871 3103 4942 quod
3140 4872 3341 4928 lectum
3386 4881 3476 4925 est

1886 4972 2062 5037 nobis,
2112 4971 2239 5041 quia
2269 4969 2621 5025 detraxerunt
2661 4968 2843 5022 Aaron
2876 4974 2930 5021 et
2971 4966 3137 5020 Maria
3168 4965 3234 5021 de
3264 4965 3472 5037 Moyse,-

1884 5074 1938 5118 et
1977 5072 2200 5134 propter
2228 5062 2332 5118 hoc
2376 5061 2608 5131 correpti
2640 5069 2786 5115 sunt.
2834 5058 3001 5113 Maria
3034 5072 3161 5113 vero
3190 5058 3352 5112 etiam
3389 5056 3470 5110 lc-

1885 5170 2044 5227 prosa
2082 5154 2332 5209 ellicitur.
2366 5153 2536 5207 Tanta
2568 5160 2746 5206 autem
2796 5148 2895 5205 fuit
2939 5165 3068 5205 cura
3109 5146 3471 5219 correptionis

1886 5247 2064 5317 hujus,
2092 5256 2151 5302 ut
2177 5247 2300 5301 dum
2335 5246 2500 5300 Maria
2532 5246 2847 5316 septimanae
2889 5253 3099 5315 tempus
3141 5242 3383 5313 expleret
3412 5240 3472 5293 in

1881 5340 2044 5411 lepra,
2078 5338 2304 5409 populus
2336 5338 2426 5392 Dei
2467 5352 2573 5392 non
2603 5345 2787 5409 ageret
2816 5336 2919 5391 iter
2944 5337 3011 5391 ad
3043 5345 3243 5389 terram
3286 5346 3467 5399 repro—

1883 5430 2174 5493 missionis,
2223 5443 2323 5483 nec
2351 5427 2759 5483 tabernaculum
2796 5426 3087 5482 testimonii
3134 5428 3461 5476 moveretur.

1881 5521 2064 5576 Primo
2113 5519 2326 5574 interim
2377 5534 2623 5584 moneor,
2671 5526 2726 5573 et
2780 5518 2983 5573 utiliter
3038 5529 3101 5567 ac
3154 5512 3473 5566 necessario

1886 5624 2107 5665 moneor
2134 5623 2200 5665 ex
2231 5609 2334 5663 hoc
2365 5607 2507 5663 facto
2528 5648 2542 5673 ,
2591 5622 2657 5662 nc
2707 5606 2989 5661 detraham
3024 5599 3200 5664 fratri,
3234 5613 3300 5653 ne
3324 5599 3469 5655 man

1885 5699 2073 5769 loquar
2099 5696 2166 5753 de
2205 5697 2451 5767 proximo
2499 5711 2652 5763 meo,
2704 5709 2768 5750 ne
2805 5693 3045 5765 aperiam
3087 5705 3149 5749 os
3181 5704 3360 5747 meum
3395 5690 3465 5749 ad
