3932 6188
510 207 610 259 665
1173 198 1232 250 Β.
1274 194 1522 249 RABANl
1565 191 1778 260 MAURI
1820 189 2140 244 ARCilll‘IP.
2186 188 2493 256 MOGUNT.
2535 186 2815 242 OPERUM
2856 185 3053 239 PARS.
3096 184 3137 237 1.
3599 193 3688 248 ϐω

507 319 870 389 derogandum
925 331 1029 371 non
1083 315 1253 369 solum
1310 311 1539 372 sanctis,
1596 308 1689 363 sed
1745 303 2070 376 quibuslibet
2099 305 2143 358 A
2174 301 2326 356 domo
2355 320 2465 356 mea
2503 301 2674 369 ﬁdelis
2710 280 2802 353 est.
2859 296 2962 351 Ore
2991 298 3058 352 ad
3097 315 3151 350 os
3191 301 3370 368 loquar
3397 303 3458 353 ad
3499 319 3620 370 tum,
3650 308 3690 361 in

507 408 765 478 proximis
795 407 948 470 meis,
979 405 1164 459 videns
1190 410 1389 473 quanta
1413 415 1478 453 ex
1506 400 1605 453 hac
1633 396 1928 466 indignatio
1965 395 2076 450 fue-

508 503 578 554 rit
599 500 712 564 Dei,
735 506 931 569 quanta
962 497 1195 551 vindicta
1220 491 1558 564 processerit.
1597 490 1854 559 Denique,
1885 489 2077 542 adver-

507 607 626 645 sum
665 598 939 660 peccatum
993 587 1134 642 istud
1180 586 1341 640 simili
1393 582 1757 653 indignatione
1808 580 1972 634 etiam
2019 580 2073 633 in

504 682 728 752 psalmis
755 680 963 735 Domini
1008 676 1332 733 commoveri
1374 675 1617 728 videmus
1641 680 1695 725 et
1720 671 1899 726 dicere
1932 687 1944 724 :
1976 667 2073 723 Se-

505 773 632 827 dens
661 773 904 826 adversus
938 772 1152 841 fratrem
1191 777 1336 820 tuum
1375 762 1679 818 detrahebas
1706 803 1720 825 ,
1745 771 1792 815 et
1827 761 2074 814 adversus

503 865 674 933 ﬁlium
707 865 887 918 matris
934 872 1035 915 tute
1065 859 1288 929 ponebas
1335 854 1641 910 scandalum
1670 853 1688 923 (
1722 851 1869 905 Psal.
1901 849 2072 922 XLIX).

507 954 766 1008 Similiter
792 961 968 1006 autem
993 959 1046 1003 et
1087 950 1138 1002 in
1169 947 1274 1001 alio
1297 945 1503 1014 psalmo
1548 959 1610 997 ex
1642 956 1871 1011 persona
1917 941 2070 1012 justi,

503 1048 687 1103 scietis
715 1047 816 1100 hoc
845 1046 952 1099 Deo
974 1057 1133 1112 quam
1167 1041 1395 1095 maxime
1431 1036 1735 1106 displicere,
1777 1035 1918 1103 quod
1949 1034 2077 1088 dici-

504 1150 592 1194 tur
624 1156 638 1191 :
672 1138 1032 1192 Detrahentem
1083 1133 1280 1187 occulte
1313 1132 1560 1185 adversus
1594 1129 1888 1199 proximum
1921 1141 2076 1180 suum

499 1228 840 1300 persequebar
870 1225 887 1296 (
913 1224 1056 1279 Psal.
1106 1240 1170 1279 cx
1199 1222 1238 1294 ).
1267 1222 1343 1276 Ex
1387 1221 1471 1274 his
1519 1205 1682 1288 igitur
1725 1215 1971 1271 omnibus
1997 1215 2077 1268 di-

500 1320 641 1373 vinae
669 1317 962 1387 Scripturae
982 1314 1324 1370 sermonibus
1342 1310 1490 1364 velut
1519 1308 1713 1380 gladiis
1751 1306 2074 1376 quibusdam

501 1409 755 1480 utrinque
787 1407 978 1471 acutis,
1010 1403 1348 1460 obtrectandi
1378 1401 1657 1463 fratribus,
1695 1406 1749 1453 et
1781 1396 2074 1466 derogandi

501 1500 701 1554 sanctis
736 1498 923 1551 vitium
956 1510 1279 1550 resecemus.
1323 1491 1497 1561 Lepra
1545 1490 1690 1544 enim
1726 1484 2077 1554 consequitur

500 1591 821 1659 derogantes
845 1595 899 1642 et
923 1585 1184 1654 mcologos
1205 1579 1592 1654 (ἀεικολὸγουςῖ)
1606 1579 1736 1634 Post
1756 1578 1871 1631 hac
1890 1585 2070 1630 autem

2173 393 2339 462 specie
2371 402 2419 444 et
2459 408 2560 445 non
2597 392 2648 443 in
2685 389 2958 459 a'nigmate
2995 396 3041 441 et
3079 387 3245 458 gloria
3283 387 3440 442 Deum
3468 392 3602 448 ridet.
3641 397 3692 452 Et

2172 499 2332 553 quare
2376 499 2478 535 non
2524 480 2769 533 timuistis
2816 478 3090 530 detrahere
3132 475 3326 545 {antulo
3369 495 3476 532 meo
3517 481 3696 553 Moysi!

2176 572 2242 625 Et
2305 574 2385 625 ira
2454 571 2648 640 furoris
2711 569 2924 622 Domini
2986 569 3127 637 facta
3180 576 3252 620 est
3312 583 3458 636 super
3505 571 3609 625 illos
3655 586 3694 628 et

2173 661 2517 713 discesserunt
2558 673 2575 712 :
2618 669 2666 710 et
2723 656 2881 709 nubes
2935 654 3139 708 recessit
3182 673 3212 708 a
3258 653 3590 710 tabernaculo.
3639 660 3692 714 Et

2174 765 2289 803 ecce
2352 747 2526 801 Maria
2594 747 2735 814 facta
2803 755 2878 799 est
2941 745 3143 813 leprosa
3217 747 3349 799 sicut
3405 747 3506 800 nix.
3565 747 3694 803 Vide-

2175 839 2246 893 tis
2307 839 2432 908 quid
2517 837 2618 892 sibi
2685 851 2860 905 [)(BDCB
2931 834 3258 889 contulerint
3318 837 3692 901 obtrectatores;

2175 930 2303 999 quid
2339 943 2466 982 vero
2494 928 2566 982 illi
2597 927 2683 982 cui
2710 928 3146 981 obtrectaverant
3171 927 3504 994 qumsiveriut
3535 927 3696 982 laudis.

2177 1021 2290 1075 Sibi
2323 1019 2725 1088 turpitudinem,
2754 1017 2830 1071 illi
2860 1017 3198 1086 splendorem
3225 1033 3240 1081 ;
3282 1017 3381 1070 sibi
3409 1016 3612 1084 lepram,
3635 1019 3693 1071 illi

2176 1112 2429 1184 gloriam;
2465 1110 2566 1164 sibi
2602 1108 2975 1179 opprobrium,
3005 1107 3080 1160 illi
3111 1105 3550 1175 magnificentiam
3581 1123 3697 1176 qua:-

2176 1207 2434 1261 siverunt.
2464 1203 2849 1258 Verumtamen
2877 1199 3086 1268 Moyses
3117 1199 3428 1268 priusquam
3458 1207 3699 1266 accepant

2177 1294 2584 1364 IEthiopissam,
2628 1307 2733 1345 non
2763 1299 2848 1345 est
2889 1290 3170 1358 scriptum,
3213 1287 3337 1357 quia
3369 1287 3419 1340 in
3448 1287 3609 1355 specie
3634 1287 3697 1340 lo-

2177 1399 2333 1444 cutus
2366 1395 2449 1441 cst
2477 1386 2618 1440 Deus
2641 1384 2713 1448 ei,
2741 1390 2796 1437 et
2824 1398 2932 1436 non
2961 1381 3017 1434 in
3056 1381 3361 1448 aenigmate.
3402 1377 3502 1432 Sed
3527 1377 3604 1430 ubi
3628 1394 3699 1431 ac.

2177 1480 2317 1548 cepit
2361 1474 2770 1545 Ethiopissam,
2801 1481 2926 1527 tunc
2954 1471 3085 1526 dicit
3109 1470 3177 1525 de
3207 1484 3274 1524 eo
3303 1469 3458 1530 Deus,
3493 1467 3601 1535 quia
3624 1482 3700 1521 ore

2179 1573 2243 1626 ad
2273 1586 2334 1625 os
2359 1569 2550 1638 loquar
2573 1566 2640 1620 ad
2668 1579 2811 1629 eum,
2839 1564 2893 1617 in
2919 1563 3119 1631 specie,
3147 1568 3202 1613 et
3224 1575 3328 1612 non
3355 1558 3407 1611 in
3434 1557 3697 1626 :enigmate.

504 1696 534 1732 ιι
561 1680 854 1734 moralibus
876 1678 941 1732 ad
971 1675 1374 1745 intelligentiam
1403 1671 1685 1742 mysticam
1715 1677 2069 1722 transeamus.
2103 1651 2146 1709 Β
2177 1663 2331 1718 Modo
2355 1661 2497 1715 enim
2528 1673 2649 1712 cum
2681 1655 2889 1726 Moyses
2919 1654 3066 1709 venit
3099 1651 3168 1706 ad
3202 1666 3321 1715 nos,
3349 1657 3402 1703 et
3428 1648 3701 1716 conjuuctus

503 1769 758 1835 Quamvis
785 1778 837 1822 et
871 1768 924 1822 in
955 1764 1319 1836 superioribus
1341 1776 1506 1832 pauca
1527 1759 1638 1829 jam
1665 1759 1805 1814 dicta
1825 1765 1970 1818 sunt,
1993 1763 2074 1807 ta-

503 1874 622 1913 men
639 1874 757 1928 qtae
780 1856 1013 1911 defuisse
1039 1855 1288 1909 videntur
1307 1851 1582 1906 addemus.
1608 1848 1901 1902 Videamus
1921 1860 2072 1914 ergo,

497 1951 618 2017 quis
648 1956 732 2002 est
760 1948 850 2016 qui
898 1947 1118 2014 derogat
1161 1941 1358 2012 Moysi,
1396 1939 1518 2008 quis
1552 1937 1618 1992 de
1643 1949 1708 1991 eo
1733 1935 1873 1990 male
1907 1934 2074 2003 loqui-

467 2059 476 2075 ο
505 2055 586 2094 tur
618 2059 630 2094 :
665 2056 769 2094 non
793 2038 938 2092 solus
963 2036 1192 2106 judaeus,
1220 2034 1313 2088 sed
1342 2042 1398 2085 et
1438 2029 1696 2093 haeretici,
1725 2028 1816 2097 qui
1849 2041 1957 2081 non
1986 2039 2073 2079 re-

494 2132 701 2200 cipiunt
759 2130 929 2200 legem
989 2138 1042 2182 et
1101 2127 1427 2196 prophetas,
1489 2123 1589 2192 ipsi
1655 2121 1967 2176 detrahunt“
2006 2119 2072 2174 de

495 2220 697 2291 Moyse.
742 2219 982 2286 Denique
1023 2216 1195 2272 solent
1229 2215 1276 2268 ei
1316 2214 1478 2269 etiam
1516 2213 1720 2266 crimen
1772 2209 2070 2278 impingere

491 2309 735 2365 dicentes
762 2349 776 2374 ,
831 2292 978 2378 quia.
1007 2304 1275 2362 homicida
1321 2304 1423 2358 fuit
1476 2303 1685 2372 Moyses
1731 2319 1744 2354 :
1800 2300 2072 2354 interfecit

495 2400 640 2453 enim
669 2399 1003 2470 Egyptium,
1050 2405 1104 2451 et
1147 2397 1250 2450 alia
1285 2395 1451 2448 multa
1479 2393 1562 2447 vel
1593 2393 1648 2445 in
1679 2393 1873 2461 ipsum,
1902 2389 1988 2444 vel
2014 2389 2068 2443 in

493 2492 785 2562 praphetas
823 2491 1135 2560 blaspheme
1173 2487 1646 2542 ore‘concinnant.
1678 2485 1769 2538 lsti
1817 2499 1945 2552 ergo
1976 2483 2066 2553 qui

493 2583 786 2636 detrahunt
827 2580 1014 2651 Moysi,
1066 2579 1266 2633 habent
1291 2579 1491 2647 lepram
1537 2577 1591 2630 in
1623 2576 1800 2629 anima
1847 2588 1968 2637 sua,
2014 2581 2070 2626 et

497 2681 624 2727 sunt
659 2672 713 2726 in
750 2671 966 2725 homine
998 2669 1255 2723 interiore
1288 2666 1484 2736 leprosi
1518 2683 1531 2718 :
1565 2673 1620 2719 et
1645 2664 1766 2718 ideo
1801 2662 2068 2717 habentur

495 2771 648 2816 extra
680 2770 858 2815 castra
890 2759 1145 2815 Ecclesia:
1171 2755 1288 2812 Dei.
1319 2755 1444 2811 Sive
1482 2770 1612 2826 ergo
1656 2753 1897 2808 haeretici
1943 2760 2067 2807 sunt

497 2853 588 2920 qui
611 2851 871 2920 derogant
912 2849 1101 2920 Moysi,
1132 2849 1244 2904 sive
1271 2847 1337 2901 de
1364 2846 1602 2901 Ecclesia
1632 2845 1742 2900 sint
1767 2845 1856 2913 qui
1887 2845 2067 2898 detra-

493 2941 630 2995 hunt
660 2940 940 3005 fratribus,
987 2947 1042 2996 et
1065 2939 1204 2993 male
1233 2937 1527 3008 loquuntur
1551 2936 1617 2990 de
1645 2935 1904 2989 fratribus
1928 2935 2063 2999 suis,

491 3033 740 3087 omnibus
765 3033 856 3102 qui
883 3033 986 3086 hoc
1015 3032 1148 3086 vitio
1179 2996 1440 3102 agutitur,
1479 3027 1828 3083 dubitandum
1856 3042 1961 3081 non
1984 2996 2069 3081 est
2095 2996 2138 3055 Ο

489 3126 620 3195 quin
665 3123 860 3193 leprosi
907 3124 1016 3178 sint
1060 3123 1113 3175 in
1165 3122 1344 3174 anima
1382 3135 1498 3174 sua.
1535 3119 1601 3172 Et
1635 3117 1805 3171 Maria
1850 3117 2068 3186 quidem

494 3212 887 3268 interveniente
913 3211 1091 3264 Aaron
1129 3198 1382 3277 pontifice
1418 3207 1645 3275 septima
1679 3206 1767 3260 die
1795 3215 2019 3260 curatur
2050 3219 2065 3258 :

492 3317 590 3355 nos
647 3317 774 3354 vero
835 3301 881 3354 si
937 3298 1348 3354 obtrectationis
1408 3297 1542 3350 vitio
1603 3296 1954 3351 inciderimus
2011 3296 2066 3350 in

491 3392 683 3443 animae
724 3390 946 3458 lepram,
990 3403 1160 3457 usque
1192 3388 1260 3442 ad
1297 3386 1460 3441 finem
1497 3387 1813 3456 septimana:
1857 3387 2066 3450 mundi,

492 3481 544 3534 id
589 3489 690 3544 est,
731 3493 902 3548 usque
937 3478 1004 3532 ad
1043 3476 1462 3532 resurrectionis
1506 3485 1722 3546 tempus
1765 3475 1962 3546 leprosi
2011 3476 2066 3530 in

491 3570 672 3624 anima
699 3569 1137 3639 permanebimus
1181 3575 1235 3622 et
1256 3567 1514 3628 immundi
1537 3607 1552 3630 ,
1598 3566 1704 3621 nisi
1733 3565 1860 3620 dum
1890 3566 2067 3635 paeni-

491 3657 638 3713 tendi
668 3665 881 3726 tempus
925 3664 1010 3710 est
1046 3656 1401 3726 corrigamus,
1433 3661 1490 3708 et
1516 3654 1764 3708 conversi
1789 3654 1858 3707 ad
1883 3654 2067 3710 Domi-

490 3763 615 3803 num
665 3745 848 3803 Jesum
890 3761 954 3801 ac
1006 3745 1369 3814 supplicantes
1417 3743 1490 3809 ei,
1545 3759 1642 3812 per
1689 3743 2065 3813 paenitentiam

490 3853 780 3910 purgemur
809 3837 874 3892 ab
909 3836 1248 3892 immunditia
1279 3836 1441 3905 lepra:
1469 3841 1690 3890 nostrae.
1740 3833 1852 3904 Ego
1882 3842 2063 3888 autem

489 3935 636 3997 puto,
670 3927 813 3998 quod
853 3940 956 3980 non
989 3924 1134 3980 solus
1161 3924 1248 3978 ille
1276 3924 1503 3994 populus
1531 3924 1698 3994 prior,
1746 3938 1919 3992 neque
1960 3924 2063 3978 soli

489 4017 748 4082 haeretici,
800 4016 868 4071 de
890 4016 1086 4084 quibus
1112 4029 1273 4083 supra
1317 4014 1736 4069 memoravimus
1773 4013 2066 4069 detrahant

487 4109 555 4164 de
585 4107 783 4177 Moyse,
811 4107 906 4162 sed
936 4113 991 4160 et
1013 4105 1208 4171 omnis,
1239 4105 1331 4174 qui
1361 4103 1559 4174 scripta
1590 4102 1706 4172 ejus
1733 4103 1872 4158 male
1903 4104 2061 4159 intel-

487 4201 626 4272 ligit,
671 4210 726 4256 et
776 4201 866 4270 qui
912 4199 1208 4269 spiritalem
1255 4198 1424 4269 legem
1481 4199 1774 4254 carnaliter
1815 4199 2059 4270 suscipit,

487 4292 656 4364 Moysi
682 4277 904 4362 derogat
927 4291 1053 4360 quia
1088 4290 1152 4344 de
1193 4290 1370 4346 verbis
1410 4290 1614 4345 sanctis
1642 4290 1933 4345 carnaliter
1961 4291 2062 4345 lto—

485 4381 660 4436 mines
687 4380 860 4435 docet.
892 4379 1133 4435 Audistis
1159 4380 1286 4450 quid
1315 4380 1416 4436 sibi
1439 4379 1628 4450 judicii
1667 4382 2062 4438 obtrectatores

485 4483 542 4528 et
567 4471 873 4540 maleloqui,
913 4481 968 4528 et
992 4473 1120 4541 quid
1143 4473 1505 4529 damnationis
1531 4475 1833 4542 acquirant.
1864 4473 2061 4530 Audite

486 4578 651 4629 nunc,
701 4570 755 4618 et
795 4571 1053 4631 quantum
1105 4561 1351 4618 beneﬁcii
1401 4563 1682 4618 conferant
1728 4564 1813 4618 his
1865 4565 2062 4632 quibus

485 4654 807 4708 obtrectant.
846 4651 1128 4722 Nunquam
1159 4653 1401 4708 invenies
1434 4661 1612 4708 tantas
1651 4651 1836 4706 laudes
1888 4653 2057 4706 Deum

485 4744 686 4800 dixisse
731 4745 798 4800 de
844 4744 1026 4815 Moyse
1074 4742 1276 4798 famulo
1316 4757 1433 4805 suo,
1483 4749 1714 4810 quantas
1763 4755 1907 4794 nunc
1951 4739 2057 4794 dici

483 4836 702 4906 quidem
731 4837 1032 4899 videamus,
1069 4835 1286 4905 quando
1317 4833 1384 4886 ab
1416 4831 1725 4886 hominibus
1751 4830 1802 4886 ei
1836 4830 2062 4901 deroga-

482 4937 599 4983 tum
638 4935 738 4982 est.
781 4926 918 4979 Audi
947 4941 1077 4994 ergo
1116 4924 1168 4978 in
1221 4920 1572 4990 sequentibus
1615 4921 1745 4988 quid
1793 4919 1958 4986 dicat,
2005 4928 2061 4974 et

484 5017 680 5088 quibus
711 5014 924 5084 Moysen
953 5015 1197 5069 laudibus
1223 5011 1412 5068 ederat
1449 5009 1682 5080 Spiritus
1710 5019 1949 5066 sanctus.

554 5105 623 5159 Et
649 5104 930 5169 descendit,
962 5103 1156 5172 inquit,
1187 5102 1438 5157 Dominus
1472 5103 1528 5156 in
1552 5100 1791 5155 columna
1815 5103 1984 5165 nubis,
2011 5113 2059 5156 et

480 5199 620 5252 stetit
646 5193 715 5248 ad
745 5193 933 5247 ostium
961 5190 1277 5246 tabernaculi
1316 5191 1618 5248 testimonii.
1651 5189 1716 5242 Et
1749 5192 1910 5243 vocati
1939 5201 2058 5246 sunt

481 5291 660 5346 Aaron
704 5298 750 5341 et
779 5285 955 5342 Maria
975 5324 989 5348 ,
1025 5293 1071 5338 et
1097 5292 1344 5337 steterunt
1373 5283 1544 5347 ambo,
1578 5291 1624 5335 et
1659 5281 1789 5335 dixit
1817 5283 1886 5334 ad
1927 5299 2011 5335 eos
2038 5301 2053 5338 :

484 5381 672 5437 Audite
723 5381 874 5434 verba
913 5389 1072 5429 mea:
1103 5372 1158 5429 Si
1196 5374 1350 5443 fuerit
1391 5374 1506 5444 quis
1542 5383 1761 5434 vestrum
1809 5375 2058 5442 propheta

484 5473 712 5539 Doruini,
768 5475 822 5527 in
854 5469 1133 5525 visionibus
1164 5469 1212 5521 ei
1240 5482 1518 5536 agnascar,
1569 5475 1617 5518 et
1647 5466 1702 5518 in
1740 5467 1934 5519 somnis
1983 5464 2059 5519 lo-

484 5583 613 5631 quar
651 5570 741 5622 ei:
773 5584 874 5623 non
915 5569 1045 5621 sicut
1081 5563 1279 5636 [catulo
1321 5580 1431 5616 meo
1473 5561 1666 5628 Moysi,
1726 5561 1814 5630 qui
1861 5562 1911 5612 in
1953 5570 2059 5615 tota

2171 1759 2256 1808 est
2279 1751 2407 1805 huic
2433 1747 2778 1815 Ethiopissre
2805 1752 3022 1808 nostrae,
3054 1742 3138 1796 lex
3170 1740 3266 1794 Dei
3301 1737 3412 1807 jam
3439 1753 3537 1791 non
3571 1737 3617 1789 in
3647 1735 3698 1788 ﬁ-

2172 1843 2319 1915 guris
2349 1849 2401 1896 et
2427 1841 2480 1894 in
2513 1837 2836 1907 imaginibus
2859 1834 3000 1889 sicut
3025 1831 3197 1902 prius,
3225 1827 3322 1884 sed
3341 1828 3394 1881 in
3429 1827 3535 1896 ipsa
3555 1826 3702 1894 specie

2170 1933 2416 1988 veritatis
2444 1929 2773 2002 agnoscitur.
2825 1926 2892 1980 Et
2931 1939 3050 1994 qua:
3083 1923 3234 1991 prius
3267 1922 3322 1974 in
3351 1918 3611 1986 aenigmate
3629 1917 3700 1969 de-

2172 2026 2546 2096 signabantur,
2579 2035 2722 2075 nunc
2753 2019 2806 2072 in
2837 2017 3014 2088 specie
3055 2022 3110 2068 et
3135 2013 3365 2066 veritate
3390 2007 3700 2077 complentur.

2171 2116 2236 2170 Et
2288 2115 2408 2170 ideo
2444 2113 2555 2175 ille,
2584 2110 2676 2179 qui
2719 2107 2926 2178 species
2965 2107 3262 2176 ﬁgurarum
3306 2107 3360 2155 et
3394 2100 3699 2167 aenigmatum

2171 2205 2505 2267 disserebat,
2558 2201 2727 2256 dicit:
2762 2197 2969 2253 Scimus
3016 2205 3189 2247 autem
3217 2232 3232 2257 ,
3279 2189 3516 2261 quoniam
3557 2198 3699 2256 patres

2171 2299 2334 2353 nostri
2377 2313 2550 2351 omnes
2587 2293 2680 2349 sub
2716 2291 2848 2346 nube
2893 2289 3125 2359 fuerunt,
3177 2295 3224 2338 et
3273 2299 3445 2336 omnes
3470 2281 3519 2332 in
3557 2277 3703 2345 Moyse

2169 2389 2415 2459 baptizati
2439 2396 2580 2451 sunt,
2622 2386 2678 2438 in
2709 2383 2842 2438 nube
2868 2391 2915 2435 et
2948 2381 3002 2433 in
3026 2378 3195 2440 mari;
3222 2385 3273 2429 et
3303 2391 3470 2429 omnes
3509 2371 3702 2426 eamdem

2167 2497 2338 2535 escam
2359 2487 2407 2533 et
2425 2487 2604 2548 potum
2624 2472 2911 2546 spiritalem
2935 2470 3191 2523 biberunt.
3220 2465 3467 2519 Bibebant
3488 2471 3638 2516 autem
3655 2459 3704 2512 de

2165 2573 2392 2644 spiritali
2415 2579 2652 2641 sequente
2664 2577 2829 2638 petra.
2849 2563 3008 2617 Petra
3037 2577 3154 2615 vero
3171 2569 3286 2613 erat
3311 2558 3536 2612 Christus
3550 2553 3593 2622 (l
3606 2551 3703 2606 Cor.

2167 2663 2244 2733 ι).
2269 2662 2432 2718 Vides
2452 2657 2719 2732 quomodo
2738 2656 3025 2724 aenigmata
3050 2651 3184 2721 legis
3201 2649 3404 2703 Paulus
3425 2645 3646 2705 absolvit,
3663 2649 3706 2696 ct

2167 2755 2374 2824 species
2424 2752 2769 2820 aenigmatum
2813 2747 2971 2800 docet
3007 2751 3063 2797 et
3107 2741 3276 2804 dicit,
3325 2738 3446 2808 quia
3491 2743 3622 2805 petra
3659 2733 3702 2786 in

2169 2848 2453 2916 mnigmate
2493 2851 2612 2898 erat
2650 2839 2792 2910 apud
2832 2838 3082 2907 Moysen,
3127 2841 3417 2901 antequam
3435 2827 3705 2899 iungeretur

2170 2915 2296 2995 huic
2324 2945 2521 2992 nostra).
2545 2930 2895 2999 Ethiopissze
2921 2943 2935 2980 :
2967 2941 3112 2980 nunc
3139 2925 3193 2978 in
3220 2922 3404 2991 specie
3426 2929 3565 2990 petra
3586 2915 3706 2970 Clui-

2171 3039 2288 3087 stus
2323 3036 2426 3084 est.
2470 3026 2624 3080 Nunc
2665 3024 2809 3078 enim
2849 3037 2911 3077 os
2947 3020 3014 3074 ad
3061 3035 3122 3074 os
3165 3018 3406 3086 loquitur
3436 3029 3526 3084 per
3545 3012 3705 3081 legem,

2171 3121 2315 3175 Deus
2344 3126 2501 3172 antea
2539 3122 2592 3174 in
2631 3114 2918 3184 aenigmate
2948 3111 3053 3165 fuit
3076 3109 3408 3178 baptismum
3442 3107 3490 3158 in
3516 3102 3639 3156 nube
3665 3106 3709 3152 et

2171 3212 2225 3265 in
2264 3209 2432 3273 mari;
2479 3221 2624 3261 nunc
2668 3214 2848 3259 autem
2885 3203 2938 3256 in
2977 3200 3156 3270 specie
3192 3195 3526 3268 regeneratio
3563 3189 3706 3244 estin

2172 3315 2311 3370 aqua
2359 3305 2415 3353 et
2466 3295 2670 3367 Spiritu
2727 3302 2936 3349 sancto.
2995 3291 3146 3345 Tunc
3197 3298 3324 3344 erat
3371 3288 3421 3342 in
3466 3285 3708 3352 aenigmate

2170 3406 2368 3446 manna
2403 3390 2587 3452 cibus;
2627 3400 2770 3440 nunc
2796 3393 2976 3439 autem
3009 3383 3064 3436 in
3099 3379 3284 3450 specie
3314 3394 3438 3433 caro
3465 3373 3605 3430 Verbi
3627 3368 3705 3423 Dei

2171 3495 2334 3535 verus
2363 3486 2446 3533 est
2471 3478 2624 3533 cibus
2651 3477 2793 3530 sicut
2826 3475 2940 3544 ipse
2964 3472 3100 3526 dicit
3127 3489 3139 3525 :
3173 3469 3318 3534 Quia
3351 3483 3469 3522 caro
3491 3481 3593 3518 mea
3619 3474 3707 3514 rere

2169 3582 2242 3626 est
2267 3572 2430 3636 cibus,
2450 3578 2497 3624 et
2525 3568 2738 3638 sanguis
2758 3582 2900 3619 meus
2926 3579 3037 3617 vere
3063 3571 3138 3615 est
3158 3571 3315 3630 potus
3336 3558 3511 3628 (Joan.
3533 3553 3614 3624 ix).
3638 3549 3708 3604 Sic

2169 3677 2300 3732 ergo
2327 3659 2440 3730 jam
2482 3673 2622 3714 nunc
2664 3656 2872 3726 Moyses
2917 3653 3059 3724 apud
3099 3667 3200 3707 nos
3241 3652 3480 3721 positus,
3518 3654 3569 3701 et
3606 3641 3706 3697 huic

2170 3729 2517 3824 1Etliiopissze
2563 3748 2917 3818 conjunctus,
2967 3744 3052 3798 vel
3099 3745 3214 3813 ipse
3261 3745 3333 3798 ad
3379 3756 3506 3804 nos,
3542 3735 3615 3790 vel
3654 3729 3704 3784 ad

2170 3823 2638 3916 ipsumDominus
2685 3853 2793 3892 non
2839 3836 3075 3904 loquitur
3110 3835 3164 3888 in
3206 3833 3526 3904 aenigmate,
3558 3825 3638 3881 sed
3665 3823 3704 3875 in

2169 3912 2365 4002 specie.
2398 3929 2497 3984 Hic
2534 3937 2712 3982 autem
2755 3924 2974 3980 additur
3001 3943 3013 3977 :
3045 3923 3114 3977 Et
3140 3921 3392 3992 gloriam,
3423 3917 3600 3986 irquit,
3623 3912 3707 4002 Do:

2168 3999 2296 4074 mini
2331 4020 2478 4074 vidit.
2524 4018 2749 4084 Quando
2791 4016 2927 4070 vidit
2970 4013 3182 4083 Moyses
3223 4011 3453 4081 gloriam
3497 3999 3706 4062 Domini?

2169 4113 2281 4183 Ego
2312 4119 2440 4165 tunc
2470 4110 2623 4173 dico,
2654 4107 2872 4177 quando
2915 4102 3336 4159 transformatus
3371 4109 3448 4155 est
3491 4093 3708 4150 Dominus

2169 4181 2236 4258 in“
2258 4210 2470 4264 monte,
2507 4207 2561 4252 et
2590 4198 2780 4252 aderat
2821 4196 2893 4251 ibi
2928 4194 3138 4264 Moyses
3175 4208 3301 4247 cum
3329 4191 3444 4246 Elia
3464 4229 3479 4254 ,
3499 4196 3551 4241 et
3575 4181 3709 4238 collo-

2168 4297 2471 4366 quebantur
2507 4293 2577 4347 ei.
2622 4291 2689 4344 Et
2722 4288 2842 4344 ideo
2880 4295 3027 4342 recte
3061 4287 3115 4340 in
3155 4281 3598 4352 consequentibus
3627 4270 3706 4326 ad-

2163 4384 2362 4455 jungit,
2393 4392 2448 4437 et
2475 4395 2644 4452 quare
2671 4395 2776 4435 nou
2807 4377 3064 4433 timuistis
3088 4376 3377 4431 detrahere
3403 4367 3590 4425 famulo
3610 4374 3706 4418 meo

2169 4452 2370 4546 Moysi?
2399 4473 2551 4539 Quod
2579 4472 2855 4526 evidenter
2887 4469 3073 4537 utique
3107 4466 3176 4520 ad
3199 4481 3295 4520 eos
3332 4465 3529 4519 dictum
3553 4452 3707 4522 dirigi-

2167 4576 2278 4632 tur,
2309 4567 2400 4636 qui
2429 4563 2711 4633 Evangelia
2743 4561 2960 4630 quidem
2988 4559 3265 4627 suscipere
3290 4557 3552 4617 videntur,
3579 4548 3708 4601 dero-

2167 4667 2298 4730 gant
2339 4665 2516 4712 autem
2555 4654 2741 4726 Moysi.
2784 4654 2853 4707 Et
2889 4652 3086 4706 merito
3115 4657 3443 4720 arguuntur,
3471 4642 3585 4714 quia
3609 4649 3706 4692 cum

2167 4725 2381 4803 discant
2409 4761 2506 4816 per
2531 4725 2882 4813 Evangelium
2920 4740 3062 4809 quod
3094 4739 3304 4809 Moyses
3341 4752 3446 4790 una
3479 4746 3590 4788 cum
3614 4725 3706 4816 Elia

2165 4837 2299 4891 vidit
2326 4814 2549 4906 gloriam
2583 4831 2816 4896 Domini,
2848 4830 2950 4902 legi
2979 4839 3034 4883 et
3065 4826 3340 4898 prophetis
3366 4823 3479 4877 ausi
3503 4825 3615 4875 sunt
3634 4814 3708 4867 de-

2168 4903 2375 4995 rogare.
2410 4923 2473 4976 Et
2509 4922 2630 4976 ideo
2662 4936 2760 4974 nos
2792 4934 2899 4973 non
2930 4916 3275 4972 detrahamus
3304 4912 3497 4984 Moysi,
3523 4920 3610 4961 nec
3632 4903 3705 4955 de-

2167 5029 2419 5084 rogemus
2453 5012 2554 5081 legi
2577 5052 2592 5074 ,
2626 5012 2718 5065 sed
2752 5009 2915 5062 simus
2954 5025 3058 5061 non
3085 5005 3252 5059 solum
3283 5004 3544 5057 auditores
3579 4993 3700 5062 legit.

2165 5107 2255 5160 sed
2300 5105 2553 5174 factores,
2588 5111 2649 5156 ut
2682 5117 2806 5157 eum
2838 5101 2954 5170 ipso
2990 5098 3168 5170 Moyse
3205 5088 3587 5164 conglorilieari
3611 5097 3703 5138 mc-

2166 5213 2400 5250 rcaniur.
2431 5197 2541 5266 Ego
2573 5205 2752 5254 autem
2777 5203 2906 5264 puto
2931 5193 3073 5262 quod
3098 5200 3154 5246 et
3183 5189 3258 5245 illi
3289 5185 3566 5243 materiam
3591 5191 3701 5248 prii?-

2163 5295 2308 5340 stant
2355 5286 2420 5340 ad
2461 5287 2831 5358 derogandum
2869 5284 3066 5354 Moysi,
3105 5283 3196 5352 qui
3228 5279 3375 5336 verbi
3412 5290 3567 5333 causa
3600 5280 3698 5324 Cum

2163 5375 2359 5445 legitur
2396 5375 2533 5433 liber
2571 5376 2793 5435 Levitici
2817 5416 2831 5437 ,
2872 5375 2955 5427 vel
2998 5373 3155 5427 lectio
3198 5369 3576 5427 Numerorum,
3613 5368 3698 5412 ῐιοιι

2163 5466 2451 5520 ostendunt
2487 5467 2754 5533 quomodo
2800 5466 2913 5518 lucc
2955 5479 3076 5534 quae
3111 5463 3164 5515 in
3209 5461 3491 5528 aenigmate
3528 5448 3696 5514 scripta

2166 5568 2310 5622 sunt,
2343 5558 2564 5626 intelligi
2595 5575 2687 5628 per
2719 5557 2953 5628 speciem
2994 5554 3254 5622 debeant;
3284 5553 3334 5608 id
3361 5558 3464 5616 est,
3497 5544 3580 5620 qui
3611 5551 3697 5594 ιὶοη
