3932 6188
291 253 385 309 665

984 248 1520 306 ENARRATIONES
1563 250 1628 303 IN
1669 250 1927 308 LIBRUM
1970 250 2430 310 NUMERORUM.
2469 286 2541 296 -—
2571 257 2696 311 LIB.
2739 258 2801 312 11.
2884 292 2893 299 ι

3432 266 3536 322 6615

286 360 592 433 spiritaliter
613 374 676 413 ea
700 373 819 428 qum
839 357 893 413 in
920 357 1037 430 lege
1063 357 1313 430 leguntur
1336 368 1630 429 exponunt.
1660 357 1856 414 Ncecs—
1883 362 1933 422 Α
1958 362 2184 417 aborsus
2219 363 2412 418 bonus.
2452 362 2633 421 Bonus
2672 379 2852 423 autem
2893 370 3116 427 aborsus
3157 374 3373 442 dicitur,
3410 394 3533 435 cum

284 454 420 510 sario
445 451 588 506 enim
618 451 708 520 qui
737 449 961 504 audiunt
990 450 1148 503 ritum
1176 449 1595 517 sacrificiorum,
1620 451 1703 504 vel
1736 450 1858 505 sub.

284 551 557 618 batorum,
603 543 686 597 vel
729 541 985 597 similium
1023 541 1076 596 in
1117 541 1358 597 Ecclesia
1396 542 1649 605 recitari,
1689 540 1857 595 offen-

276 640 490 702 dantur,
522 642 577 689 et
604 633 788 690 dicant
808 618 831 686 ἐ
868 631 1003 700 Quid
1041 632 1145 686 hoc
1174 647 1393 687 necesse
1418 640 1502 687 est
1532 631 1585 685 in
1614 631 1854 686 Ecclesia

277 728 414 799 legi?
441 726 579 793 Quid
602 725 758 780 nobis
784 735 1011 795 prosunt
1038 731 1307 794 praecepta
1335 722 1582 790 Judaica,
1605 734 1657 779 et
1688 724 1854 792 spreti

275 817 452 887 populi
480 815 881 871 observanti-.2?
915 814 1041 869 Hmc
1068 812 1377 870 Judmorum
1410 824 1565 882 sunt,
1602 826 1657 870 et
1683 814 1853 871 Judaei

276 910 345 964 de
366 907 450 962 bis
480 906 733 962 viderint.
764 904 841 960 Ne
870 920 997 975 ergo
1024 904 1332 975 hujusmodi
1355 904 1673 961 offendicula
1702 906 1855 960 audi-

275 994 480 1049 toribus
521 994 815 1058 accedant,
849 991 1022 1048 danda
1052 1007 1218 1063 opera
1259 1000 1339 1047 est
1378 992 1445 1047 ad
1473 994 1753 1049 scientiam
1777 994 1852 1048 le-

272 1083 381 1153 gis;
411 1090 470 1139 et
494 1085 791 1138 secundum
821 1082 925 1136 hoc
947 1082 1088 1151 quod
1121 1081 1380 1152 spiritalis
1405 1092 1489 1137 est
1512 1083 1617 1148 lex,
1652 1084 1852 1139 intelli-

272 1172 438 1242 genda
479 1181 536 1227 et
575 1172 911 1243 explananda
948 1179 1076 1226 sunt
1110 1187 1230 1243 quae
1269 1172 1544 1244 leguntur,
1574 1191 1642 1229 ne
1668 1175 1851 1230 docto-

271 1282 384 1322 rum
408 1282 571 1321 causa
594 1307 608 1332 ,
636 1266 744 1321 imo
780 1264 983 1320 desidia
1012 1272 1065 1319 et
1104 1264 1456 1337 negligentia,
1487 1267 1555 1321 ab
1582 1266 1849 1337 imperitis

268 1366 321 1411 et
351 1357 583 1411 indoctis
610 1356 904 1426 derogetur
932 1354 1125 1427 Moysi.
1158 1354 1264 1411 Sed
1292 1365 1347 1410 et
1372 1364 1753 1411 convertamur
1780 1357 1846 1411 ad

268 1447 550 1501 Dominum
580 1455 638 1501 ut
664 1445 873 1501 auferat
902 1461 933 1498 a
958 1445 1116 1500 nobis
1144 1444 1387 1500 velamen
1417 1444 1709 1510 litterm,set
1741 1462 1847 1500 non

265 1537 418 1592 nobis
449 1536 708 1592 deformis
739 1536 920 1591 vultus
948 1535 1151 1608 Moysi,
1189 1535 1285 1592 sed
1314 1536 1579 1608 gloriosus
1609 1547 1665 1593 et
1689 1539 1853 1594 deco-

263 1643 354 1682 rus
382 1635 664 1699 appareat,
693 1628 768 1683 ita
794 1635 853 1681 ut
875 1642 980 1682 non
1012 1626 1184 1683 solum
1214 1627 1602 1695 obtrectemus,
1629 1630 1723 1686 sed
1746 1646 1845 1702 pro

1957 452 2079 507 aliis
2114 463 2501 523 comparatur:
2534 455 2674 510 sicut
2706 457 3061 514 Ecclesiastes
3102 462 3179 515 ait
3217 481 3230 515 :
3272 465 3339 519 Et
3367 468 3480 522 diri
3510 484 3528 523 :

1956 544 2135 598 Bonus
2167 555 2241 598 est
2280 544 2527 611 aborsus,
2556 549 2724 619 magis
2748 565 2905 618 quam
2933 550 3040 605 ille.
3080 552 3182 616 Qui
3209 554 3337 609 ille?
3358 561 3448 629 qui
3476 561 3529 616 in

1956 633 2203 699 uanitate,
2234 633 2427 703 inquit,
2459 636 2681 700 incedit,
2715 647 2764 689 et
2797 637 2851 691 in
2890 638 3112 694 tenebris
3142 643 3374 698 ambulat
3406 646 3530 718 (Ec-

1954 720 2076 775 cles.
2106 721 2204 789 vr).
2248 722 2366 777 Non
2401 738 2531 795 ergo
2568 726 2814 781 absolute
2855 727 3053 783 bonum
3095 730 3227 787 dicit
3255 735 3528 804 aborsum,

1954 813 2046 867 sed
2080 815 2280 869 bonum
2316 816 2490 886 magis
2514 833 2677 886 quam
2705 818 2816 872 vita
2844 835 2965 889 quae
2997 820 3049 875 in
3079 824 3406 881 vanitatibus
3434 827 3532 883 du-

1953 905 2108 968 citur,
2133 906 2262 962 etin
2290 908 2525 963 tenebris
2549 910 2886 979 ignorantia;
2916 912 2985 966 Et
3011 914 3349 984 proclamavit
3375 918 3527 991 May-

1951 1013 2031 1051 ses
2058 998 2126 1051 ad
2152 998 2433 1056 Dominum
2468 1000 2645 1056 dicens
2671 1021 2689 1056 :
2712 1002 2876 1070 Deus,
2904 1021 3089 1075 precor
3114 1017 3192 1073 te,
3220 1025 3352 1063 sana
3387 1028 3525 1066 eam.

1950 1086 2019 1142 Et
2042 1104 2202 1158 quem
2242 1091 2526 1161 oportebat
2567 1108 2726 1148 orare
2760 1111 2860 1165 pro
2899 1096 3132 1152 sanitate
3172 1101 3349 1169 pepuli
3384 1102 3528 1158 illius

1950 1179 2053 1234 nisi
2080 1179 2334 1251 Moysen?
2356 1179 2487 1237 Orat
2512 1181 2721 1254 Moyses
2741 1200 2839 1254 pro
2865 1184 2987 1249 illis,
3015 1193 3068 1241 ct
3091 1185 3229 1242 forte
3255 1189 3357 1245 hoc
3380 1202 3523 1255 orat,

1948 1270 2166 1340 quando
2216 1286 2341 1327 cum
2388 1271 2619 1328 Domino
2659 1272 2786 1328 Jesu
2830 1274 3049 1330 Christo
3094 1278 3525 1349 colloquebatur,

1948 1373 2071 1413 cum
2110 1359 2165 1415 in
2202 1368 2387 1415 monte
2429 1360 2847 1417 transformatus
2875 1372 2992 1430 est,
3033 1372 3224 1433 petens
3257 1368 3324 1424 ab
3352 1384 3437 1433 eo,
3468 1382 3531 1426 ut

1947 1465 2070 1503 cum
2097 1448 2368 1521 plenitudo
2408 1452 2638 1522 gentium
2677 1454 2967 1519 introisset,
3001 1464 3123 1510 tunc
3157 1458 3327 1512 omnis
3356 1458 3529 1514 Israel

1945 1542 2123 1599 salvus
2145 1545 2293 1614 fieret
2326 1544 2497 1618 (Rom.
2528 1545 2627 1617 ιι).

2017 1634 2087 1689 Et
2108 1634 2241 1689 dixit
2268 1633 2526 1690 Dominus
2548 1637 2617 1690 ad
2650 1636 2865 1708 Moysen
2895 1653 2908 1692 :
2943 1636 3002 1693 Si
3033 1648 3184 1710 pater
3206 1641 3321 1710 ejus
3355 1643 3527 1713 spuis-

263 1718 634 1788 magnitudine
667 1733 955 1783 sensuum,
990 1717 1203 1771 laudem
1233 1717 1281 1772 ei
1321 1725 1376 1774 et
1408 1717 1633 1788 gloriam
1663 1718 1845 1774 coufe-
1872 1722 1920 1783 B
1945 1734 2021 1780 set
2058 1725 2113 1778 in
2155 1724 2343 1796 faciem
2387 1726 2532 1796 ejus,
2579 1744 2681 1781 non
2735 1728 3054 1783 erubesceret
3093 1741 3283 1802 septem
3306 1732 3529 1787 diebus?

263 1825 465 1865 ramus.
500 1810 568 1863 Et
599 1809 677 1863 ira
722 1807 921 1863 furoris
960 1807 1173 1861 Domini
1205 1805 1346 1862 facta
1386 1816 1469 1863 est
1508 1824 1670 1879 super
1699 1809 1839 1877 illos,

260 1906 311 1953 et
336 1898 734 1964 discesserunt;
766 1905 821 1951 et
854 1897 1026 1951 nubes
1054 1896 1282 1951 recessit
1310 1911 1340 1951 a
1378 1898 1744 1953 tabernaculo.
1774 1898 1842 1953 Et

258 2004 371 2042 cccc
408 1985 586 2041 Maria
626 1987 770 2057 facta
811 1996 885 2041 est
930 1985 1135 2058 leprosa
1176 1987 1311 2041 sicut
1363 1988 1474 2042 nix.
1519 1988 1607 2043 Ira
1644 1988 1843 2045 furoris

261 2075 471 2130 Domini
495 2075 728 2131 efﬁcitur
755 2091 917 2146 super
941 2090 1035 2131 eos
1063 2077 1155 2146 qui
1180 2077 1320 2133 male
1344 2077 1639 2148 loquuntur
1667 2089 1724 2135 et
1747 2079 1842 2135 de-

262 2170 503 2223 trahunt.
549 2166 932 2223 Verumtamen
979 2168 1124 2238 quod
1168 2168 1301 2223 dicit
1352 2169 1511 2224 nubes
1554 2171 1762 2224 recessit
1810 2189 1844 2226 a

261 2257 623 2320 tabernaculo,
653 2267 701 2311 et
731 2274 847 2310 ecce
876 2256 1051 2310 Maria
1080 2256 1223 2328 facta
1251 2267 1325 2312 est
1349 2256 1552 2330 leprosa
1573 2262 1708 2314 sicut
1729 2260 1841 2326 nix,

259 2346 713 2402 considerandum
760 2346 1070 2417 diligentius
1111 2355 1226 2412 est,
1268 2349 1412 2418 quod
1448 2349 1599 2419 prius
1639 2349 1847 2405 recedit

259 2436 453 2499 nubes,
472 2442 526 2490 et
546 2435 619 2489 ita
641 2434 788 2504 lepra
817 2434 1053 2504 repletur
1076 2451 1090 2490 :
1118 2443 1178 2488 ut
1195 2437 1512 2491 ostendatur
1530 2438 1655 2507 quia
1677 2438 1842 2492 etiam

258 2525 300 2579 si
328 2533 416 2581 est
449 2525 502 2579 in
537 2525 717 2595 aliquo
739 2526 915 2595 gratia
946 2523 1182 2595 Spiritus
1208 2525 1379 2581 sancti
1404 2534 1459 2580 et
1481 2526 1751 2582 obtrectat
1779 2542 1843 2582 ac

258 2616 530 2681 detrahit,
559 2616 765 2671 recedit
801 2614 870 2670 ab
904 2630 970 2671 eo
1003 2625 1126 2686 post
1152 2617 1641 2683 obtrectationem;
1676 2626 1729 2671 et
1763 2617 1844 2672 sic

258 2706 401 2778 lepra
439 2706 684 2778 repletur
709 2706 888 2761 anima
916 2705 1051 2775 ejus.
1077 2706 1210 2760 Nam
1242 2715 1295 2761 et
1319 2705 1549 2776 populus
1580 2706 1668 2760 ille
1693 2708 1843 2776 prior

258 2797 449 2851 habuit
483 2798 536 2851 in
579 2812 637 2851 se
664 2797 893 2866 gratiam
923 2796 1057 2864 Dei;
1107 2797 1201 2851 sed
1242 2804 1529 2866 postquam
1564 2797 1616 2851 in
1653 2812 1841 2852 verum

258 2887 477 2960 Moysen
515 2888 798 2942 Dominum
839 2897 1084 2942 nostrum
1117 2885 1298 2941 Jesum
1341 2886 1617 2942 Christum
1653 2894 1843 2942 exten-

256 2982 456 3036 derunt
506 2980 717 3052 linguas
758 2980 1109 3050 blasphemia:
1146 2993 1289 3044 suae,
1330 2977 1579 3034 discessit
1626 2980 1695 3034 ab
1735 2978 1841 3034 illis

1946 1814 2232 1885 Separetur
2266 1826 2456 1887 septem
2499 1817 2679 1872 diebus
2723 1827 2873 1873 extra
2916 1828 3125 1885 castra,
3176 1831 3223 1875 et
3263 1832 3376 1891 post
3414 1824 3526 1878 Ittrc

1943 1907 2197 1962 introibit.
2230 1908 2370 1975 Quid
2406 1918 2490 1964 est
2512 1950 2526 1974 ,
2558 1909 2604 1964 si
2639 1920 2793 1980 pater
2818 1908 2933 1978 ejus
2969 1911 3205 1980 spuisset.
3239 1912 3292 1967 in
3332 1913 3525 1969 faciem

1943 1996 2074 2066 ejus,
2106 1998 2455 2054 erubesceret
2482 2009 2688 2069 septem
2725 1999 2948 2055 diebus?
2977 2000 3201 2077 Mariam
3237 2019 3525 2076 synagoga:

1942 2088 2061 2145 loco
2086 2090 2386 2161 posuimus.
2415 2090 2614 2160 Expuit
2638 2101 2792 2161 pater
2817 2091 2934 2162 ejus
2970 2092 3024 2146 in
3052 2092 3266 2148 faciem.
3301 2094 3525 2166 Signum

1943 2179 2152 2249 repudii
2180 2188 2264 2234 est
2292 2179 2347 2234 in
2375 2178 2570 2235 faciem
2608 2181 2851 2251 conspui.
2883 2182 3125 2252 Denique
3159 2182 3214 2236 in
3247 2184 3363 2255 lege
3391 2186 3526 2241 scri-

1941 2275 2095 2340 ptum
2124 2279 2237 2337 est,
2283 2271 2372 2326 ubi
2407 2269 2650 2340 iubetur,
2689 2281 2747 2327 ut
2783 2271 2963 2327 relicta
2990 2276 3252 2343 proximi,
3287 2279 3526 2347 proximo

1943 2361 2124 2416 nubat.
2165 2360 2227 2417 Si
2255 2362 2479 2416 voluerit
2497 2364 2769 2434 proximus
2804 2365 3082 2436 repudiare
3111 2367 3445 2439 conjugium,
3471 2380 3527 2424 ut

1941 2450 2272 2508 decalceatus
2303 2453 2359 2507 in
2389 2453 2579 2524 faciem
2603 2466 2924 2526 conspuatur
2948 2455 3128 2528 (Deut.
3154 2459 3282 2531 xxv)
3310 2478 3322 2514 :
3349 2470 3403 2516 et
3424 2462 3529 2518 hoc

1942 2545 2126 2600 datum
2152 2553 2237 2600 est
2265 2544 2411 2600 velut
2435 2545 2648 2617 signum
2672 2547 2905 2618 repudii.
2936 2546 3075 2603 Hinc
3097 2564 3227 2622 ergo
3252 2550 3443 2616 Maria,
3472 2551 3527 2605 id

1941 2644 2056 2703 est,
2098 2635 2329 2706 populus
2361 2636 2452 2693 ille
2486 2651 2610 2691 cum
2646 2637 2963 2708 repudiatur
2991 2655 3023 2694 a
3056 2640 3187 2707 Deo,
3219 2642 3443 2713 conspui
3472 2642 3527 2698 in

1941 2726 2135 2782 faciem
2174 2727 2391 2783 dicitur.
2444 2726 2717 2783 Habemus
2746 2738 2803 2784 et
2838 2729 2892 2784 in
2929 2728 3036 2785 alio
3069 2729 3190 2785 loco
3217 2732 3529 2803 signiﬁcan-

1942 2819 2075 2874 tiam
2111 2819 2288 2889 spuli,
2331 2834 2458 2874 cum
2501 2820 2633 2874 dicit
2669 2818 2836 2876 Isaias
2881 2840 2893 2875 :
2937 2820 3131 2878 Omnes
3171 2832 3344 2892 gentes
3385 2824 3521 2878 sicut

1940 2918 2100 2978 gutta:
2121 2908 2320 2975 titulis,
2350 2917 2401 2964 et
2418 2910 2555 2963 sicut
2579 2918 2789 2980 sputum
2819 2919 3072 2982 reputate:
3098 2920 3218 2965 sunt
3249 2910 3384 2983 (Isa.
3408 2911 3520 2980 XL).

1942 2997 2257 3055 Ostenditur
2296 3000 2350 3054 in
2386 2999 2490 3055 hoc
2519 2999 2670 3066 loco,
2703 2999 2845 3071 quod
2881 3000 3044 3056 etiam
3075 3001 3305 3071 populus
3333 3002 3423 3057 ille
3451 3002 3526 3058 si-

255 3072 445 3136 nubes,
470 3080 527 3126 et
551 3070 798 3125 transivit
828 3070 896 3124 ad
924 3083 1020 3123 nos
1044 3069 1098 3123 in
1125 3077 1363 3124 montem
1390 3068 1681 3134 excelsum,
1715 3084 1838 3123 cum

1947 3098 2034 3145 cut
2061 3097 2249 3160 gentes
2281 3098 2493 3146 caetera:
2524 3106 2645 3161 qua:
2672 3068 2737 3144 in—
2766 3100 2982 3161 sputum
3011 3068 3350 3161 reputantur,
3376 3092 3528 3164 abje-

255 3159 508 3215 Salvator
549 3169 733 3215 noster
773 3158 1193 3215 transformatus
1228 3166 1341 3224 est,
1379 3169 1435 3214 et
1467 3160 1635 3215 nubes
1676 3158 1841 3214 reful-

253 3267 379 3323 gens
423 3251 771 3306 obumbravit
810 3249 1104 3320 discipulos
1152 3251 1299 3321 ejus;
1349 3260 1405 3306 et
1445 3251 1595 3306 venit
1631 3266 1733 3305 vox
1775 3252 1841 3307 de

255 3343 391 3398 nube
437 3342 625 3397 dicens
668 3357 683 3396 :
714 3342 816 3396 Hic
854 3351 927 3396 est
967 3341 1145 3397 Filius
1180 3360 1328 3398 meus
1368 3344 1622 3410 dilectus,
1653 3345 1709 3399 in
1736 3361 1840 3413 quo

254 3435 375 3489 mihi
418 3436 546 3489 bene
580 3433 894 3505 complacuit
929 3434 1158 3506 (Matth.
1187 3435 1352 3510 xvn).
1397 3438 1527 3494 Post
1563 3439 1667 3494 hoc
1710 3455 1840 3509 ergo

254 3525 426 3580 Maria
454 3525 597 3580 facta
632 3533 717 3580 est
753 3525 965 3595 leprosa
995 3526 1135 3581 sicut
1169 3528 1279 3583 nix.
1316 3528 1494 3585 Donec
1527 3529 1714 3585 aderat
1744 3547 1841 3585 nu-

254 3618 365 3684 bes,
398 3617 573 3672 Maria
598 3632 705 3672 non
731 3626 852 3673 erat
879 3617 1116 3689 leprosa,
1148 3619 1243 3675 sed
1274 3637 1400 3676 cum
1430 3621 1699 3677 discessit.
1731 3621 1840 3678 Do-

254 3727 350 3765 nec
375 3711 529 3766 enim
559 3710 800 3765 visitatio
829 3709 927 3765 Dei
964 3719 1085 3767 erat
1121 3712 1175 3766 in
1213 3713 1407 3783 populo
1435 3713 1553 3776 illo,
1587 3729 1692 3768 non
1722 3721 1842 3767 erat

255 3805 523 3876 leprosns.
568 3804 668 3861 Ubi
704 3820 834 3860 vero
875 3805 1155 3872 discessit,
1193 3806 1483 3877 ignominia
1533 3808 1714 3863 vultus
1757 3808 1840 3863 sui

252 3897 497 3951 contexit
520 3913 664 3952 eum.
694 3896 803 3952 Sed
828 3913 930 3954 nos
967 3898 1257 3954 timeamus
1289 3914 1355 3953 ne
1382 3897 1521 3954 forte
1546 3897 1842 3971 ell'ugemus

266 3989 476 4044 anubis
514 3989 655 4044 hanc
691 3988 888 4044 nubem
930 3988 1069 4046 male
1096 3989 1400 4060 loquendo,
1436 3990 1579 4046 male
1611 3992 1840 4063 agendo,

253 4077 393 4132 male
443 4078 763 4150 cogitando,
810 4087 865 4134 et
903 4087 1029 4133 tunc
1073 4080 1357 4150 apparebit
1397 4081 1449 4136 in
1496 4080 1652 4137 nobis
1696 4081 1840 4151 lepra

252 4168 486 4237 peccati.
1834 4164 1857 4181 ’

320 4256 393 4311 Et
424 4259 647 4327 respexit
676 4259 857 4313 Aaron
889 4260 958 4314 ad
986 4257 1238 4327 Mariam,
1263 4271 1310 4315 et
1336 4276 1453 4315 ecce
1481 4271 1592 4315 erat
1614 4259 1839 4331 leprosa.

254 4347 322 4403 Et
352 4350 494 4402 dixit
522 4349 700 4404 Aaron
728 4351 798 4404 ad
828 4349 1046 4421 Moysen
1077 4365 1094 4403 :
1124 4348 1342 4418 Precor,
1366 4351 1608 4418 Domine,
1633 4368 1696 4406 ne
1716 4368 1843 4406 con-

1941 3188 2061 3235 ctus
2102 3189 2207 3235 est.
2258 3181 2326 3235 Et
2370 3195 2560 3236 revera
2610 3181 2655 3236 si
2709 3181 3022 3237 consideres
3065 3183 3328 3238 honorem
3373 3183 3523 3239 illum

1940 3271 2214 3342 priorem,
2245 3286 2372 3327 cum
2408 3271 2733 3342 pontiﬁcalis
2775 3274 2915 3344 apud
2958 3289 3053 3330 eos
3091 3274 3225 3331 ordo
3273 3274 3525 3342 ﬂorebat,

1941 3379 2065 3419 cum
2103 3363 2333 3435 insignia
2371 3364 2748 3430 sacerdotum,
2781 3380 2903 3419 cum
2931 3364 3172 3420 Levitica
3200 3365 3524 3431 ministeria,

1941 3470 2066 3511 cum
2104 3455 2362 3525 majestas
2390 3456 2605 3526 templi,
2634 3469 2759 3511 cum
2794 3458 3128 3527 prophetalis
3165 3458 3441 3529 splendor,
3471 3467 3529 3514 et

1941 3561 2066 3602 cum
2101 3547 2415 3602 caelestibus
2457 3562 2621 3617 super
2653 3557 2852 3602 terram
2888 3549 3176 3604 consortiis
3213 3551 3527 3623 utebantur,

1942 3636 2034 3706 qui
2072 3636 2246 3691 honor
2290 3635 2396 3692 fuit
2420 3636 2511 3693 ille
2531 3677 2546 3704 ,
2570 3652 2697 3707 qua:
2724 3636 2932 3707 gloria?
2965 3637 3034 3692 Et
3061 3654 3275 3694 rursum
3307 3640 3352 3695 si
3380 3657 3528 3698 nunc

1942 3729 2196 3800 aspicias,
2225 3736 2431 3800 quanto
2456 3729 2524 3784 de
2548 3728 2745 3785 decore
2774 3729 3115 3794 horrescant,
3146 3729 3265 3784 sine
3303 3730 3525 3800 templo,

1941 3820 2060 3876 sine
2089 3818 2284 3886 altari,
2317 3818 2435 3876 sine
2478 3817 2781 3886 sacrificio,
2825 3819 2944 3875 sine
2982 3820 3297 3890 prophetia,
3326 3832 3378 3875 et
3407 3820 3529 3880 sine

1941 3910 2247 3966 sacerdotio
2265 3948 2282 3976 ,
2317 3909 2436 3965 sine
2461 3908 2567 3965 ulla
2597 3909 2805 3965 caelesti
2832 3909 3146 3965 visitatione
3173 3909 3399 3980 dispersi
3425 3926 3525 3981 per

1941 4016 2156 4058 omnem
2190 4009 2395 4056 terram
2415 4040 2431 4067 ,
2456 3999 2683 4072 profuge
2708 4000 2982 4065 viventes,
3018 4000 3141 4071 quis
3164 4015 3269 4056 non
3301 4000 3526 4055 eviden-

1943 4102 2026 4149 ter
2044 4100 2324 4164 agnoscat,
2351 4092 2622 4163 quomodo
2644 4092 2896 4164 conspuit
2919 4101 3075 4162 pater
3099 4092 3218 4163 ejus
3245 4093 3299 4146 in
3331 4091 3525 4152 faciem

1941 4181 2088 4251 ejus,
2130 4190 2188 4238 et
2220 4181 2459 4253 perfudit
2494 4182 2675 4237 vultus
2712 4199 2901 4238 eorum
2938 4182 3269 4254 ignominia?
3308 4180 3527 4250 Septem

1942 4288 2072 4342 ergo
2104 4273 2292 4328 diebus
2327 4280 2611 4341 separatur
2637 4280 2793 4328 extra
2829 4281 3030 4328 castra.
3060 4272 3304 4326 Diximus
3326 4271 3439 4341 jam
3468 4270 3524 4325 in

1944 4363 2315 4432 superioribus
2337 4362 2483 4431 quod
2507 4369 2715 4432 septem
2739 4362 2857 4418 dies
2884 4361 2971 4416 isti
2993 4361 3351 4431 septimanam
3374 4376 3530 4414 mun-

251 4438 441 4493 tnlcris
474 4439 531 4492 in
562 4456 655 4494 nos
688 4451 956 4511 peccatum
975 4481 990 4507 ,
1021 4441 1267 4514 quoniam
1305 4442 1661 4521 ignorarimus
1700 4442 1841 4513 quod
1867 4412 1920 4472 Β
1944 4412 2205 4521 ἀίῐιιυίιιε
2255 4412 2595 4523 designent,t
2614 4453 2672 4507 ιη
2723 4452 3028 4523 septimana
3055 4412 3228 4507 renim
3281 4450 3526 4517 dierum,

253 4531 583 4584 peccavimus
608 4544 627 4582 :
654 4546 718 4585 ne
751 4531 846 4601 fiat
886 4531 1059 4587 simile
1096 4533 1274 4599 morti,
1314 4542 1362 4587 et
1398 4543 1454 4587 ut
1491 4533 1711 4589 aborsus
1738 4533 1844 4605 eje—

252 4631 366 4675 ctus
413 4621 479 4675 de
519 4620 668 4676 rulva
707 4624 912 4678 matris.
958 4624 1028 4678 Et
1078 4624 1300 4679 comedit
1344 4624 1624 4679 dimidium
1668 4626 1844 4681 carnis

252 4710 390 4780 ejus.
438 4710 564 4765 Vult
603 4711 657 4766 in
689 4713 791 4767 hoc
826 4713 1144 4778 ostendere,
1191 4714 1317 4782 quia
1358 4714 1584 4785 populus
1610 4714 1700 4770 ille
1730 4714 1843 4771 for-

253 4809 443 4857 matus
468 4800 524 4856 in
549 4802 705 4856 vulva
733 4802 951 4872 quidem
979 4802 1144 4858 fuerit
1174 4818 1284 4859 suae
1312 4804 1508 4859 matris
1537 4819 1840 4877 synagogas,

254 4908 361 4947 non
382 4904 561 4946 tamen
580 4894 861 4962 pervenire
880 4893 1119 4964 potuerit
1139 4891 1206 4948 ad
1228 4891 1477 4949 eﬂ‘ectum
1499 4901 1553 4949 et
1574 4893 1840 4967 integrum

256 4994 509 5055 partum;
550 4985 691 5040 sicut
727 4986 872 5040 enim
912 4985 1140 5040 aborsus
1176 4984 1526 5056 imperfectus
1551 4995 1605 5041 et
1637 4986 1844 5042 incom-

254 5075 469 5152 positus
490 5084 575 5130 est
601 5084 811 5145 partus,
840 5076 913 5130 ita
944 5084 1000 5130 et
1028 5074 1114 5130 ille
1148 5075 1379 5147 populus
1416 5077 1691 5146 aliquanto
1723 5080 1847 5149 qui-

255 5166 382 5221 dem
426 5175 668 5237 tempore
694 5165 849 5220 intra
885 5165 1099 5219 vulvam
1138 5165 1367 5231 matris,
1402 5167 1505 5222 hoc
1543 5176 1660 5231 est,
1702 5163 1845 5223 intra

254 5272 546 5329 synagoga:
581 5257 974 5313 institutionem
1004 5255 1212 5326 positus
1236 5264 1350 5322 est;
1381 5257 1476 5312 sed
1502 5258 1741 5328 peccatis
1768 5258 1846 5312 in-

256 5350 663 5405 tercedentibus
684 5348 911 5405 formari
936 5348 1003 5403 ad
1027 5349 1316 5417 integrum,
1342 5348 1445 5402 vivi
1455 5348 1715 5420 ticarique
1738 5366 1844 5405 non

254 5442 456 5511 potuit.
495 5444 561 5498 Et
600 5443 721 5499 ideo
758 5442 953 5514 abjecti
995 5450 1119 5497 sunt
1157 5441 1304 5495 velut
1330 5439 1557 5496 aborsus
1591 5441 1845 5513 imperfe-

257 5541 385 5586 ctus
414 5543 465 5586 et
491 5535 846 5598 immaturus,
880 5543 1104 5603 peccato
1140 5531 1345 5586 scilicet
1383 5541 1737 5587 consumente
1765 5532 1847 5586 di-

256 5626 519 5699 midium,
549 5636 607 5683 ut
636 5629 704 5683 ait
728 5670 741 5695 ,
784 5626 957 5681 carnis
999 5632 1129 5701 ej-zs.
1168 5623 1231 5676 Et
1263 5631 1443 5676 tamen
1483 5621 1752 5685 interdum
1792 5629 1845 5677 et

1940 4554 2209 4602 creatura:
2228 4545 2396 4601 totius
2423 4544 2654 4600 visibilis
2672 4545 2953 4616 productae
2978 4542 3231 4599 videntur
3250 4557 3376 4598 esse
3402 4540 3529 4597 sub.

1940 4636 2175 4694 stantis.
2212 4635 2367 4691 Tune
2403 4636 2549 4691 enim
2595 4651 2717 4705 qua:
2755 4651 2863 4691 non
2901 4642 3094 4699 erant,
3132 4632 3274 4689 facta
3301 4639 3445 4688 sunt.
3469 4630 3530 4688 In

1941 4727 2246 4799 scptimana
2282 4740 2413 4781 vero
2453 4725 2619 4781 totius
2659 4725 2882 4789 mundi,
2934 4730 3145 4779 secreta
3193 4722 3429 4793 quadam
3475 4730 3533 4777 et

1945 4817 2058 4872 Deo
2083 4815 2298 4887 cognita
2335 4814 2739 4883 dispensatione
2758 4855 2774 4880 ,
2803 4829 2925 4885 quae
2955 4822 3084 4869 tunc
3117 4815 3382 4885 producta
3404 4819 3534 4868 sunt

1948 4905 2308 4976 explicantur.
2350 4903 2573 4959 Interim
2614 4904 2670 4958 in
2711 4902 3151 4979 bac.septimana
3192 4916 3299 4971 qua
3340 4915 3534 4972 seque~

1948 5007 2122 5053 strata
2175 5006 2259 5052 est
2305 4996 2475 5052 Maria
2501 5036 2516 5061 ,
2568 5011 2674 5051 non
2728 5004 3015 5051 moventur
3060 5001 3247 5050 castra
3297 4993 3531 5049 filiorum

1946 5093 2143 5159 lsrael,
2172 5093 2266 5149 sed
2296 5100 2444 5148 stant
2465 5107 2574 5148 uno
2609 5091 2664 5148 in
2691 5092 2813 5148 loco
2851 5091 3124 5157 conclusi,
3153 5099 3211 5146 et
3245 5090 3423 5146 nullus
3447 5098 3534 5145 est

1947 5183 2030 5240 eis
2061 5183 2283 5239 omnino
2312 5182 2620 5252 profectus,
2644 5183 2816 5239 donec
2843 5183 3138 5239 mundetur
3179 5180 3345 5237 Maria
3384 5195 3417 5234 a
3454 5178 3522 5234 leo

1949 5291 2047 5347 pra
2067 5290 2187 5330 sua.

2572 5362 2800 5421 CAPUT
2840 5362 2909 5417 X.

1951 5458 2028 5514 De
2056 5457 2331 5513 duodecim
2372 5454 2790 5526 exploratoribus
2823 5453 3000 5526 missis
3025 5467 3070 5526 _a
3111 5446 3291 5526 Moyse
3316 5440 3384 5526 in
3420 5455 3530 5499 ter-

2083 5545 2196 5582 ram
2223 5521 2499 5591 Chanaan,
2530 5536 2575 5580 et
2606 5525 2670 5578 de
2695 5525 2774 5578 his
2795 5540 2913 5592 qua:
2943 5521 3063 5574 inde
3087 5525 3229 5587 gesta
3254 5523 3396 5568 sunt.

2023 5620 2175 5692 (tlsr.
2211 5618 2355 5691 xm.)
2387 5616 2661 5687 Profectus
2694 5622 2765 5669 est
2795 5610 3017 5682 populus
3043 5607 3107 5662 de
3145 5605 3384 5673 Aserotlt,
3411 5605 3535 5674 [ἔα-ιδ
