3932 6188
415 300 517 356 667

1067 268 1130 343 l3.
1165 285 1419 341 RABANI
1459 284 1672 341 MAURI
1712 281 2030 339 ARCHIEP.
2073 279 2378 337 MOGUNT.
2422 275 2703 334 OPERUM
2738 270 2918 328 PARS
2954 272 2995 328 Ι.

3521 276 3611 332 6ὺὸ

409 408 645 465 tentoriis
672 408 725 460 in
752 404 951 459 deserto
990 402 1223 455 Pharao.
1259 400 1339 454 Ibi
1381 399 1585 452 locutus
1624 407 1699 452 est
1726 398 1981 450 Dominus
2010 398 2058 452 A
2085 394 2229 447 enim
2268 402 2487 463 possent
2521 389 2678 444 facile
2719 387 3091 455 exploratores
3127 385 3371 455 intelligi,
3409 389 3489 442 ubi
3516 401 3615 444 tan-

409 502 479 554 ad
505 499 719 567 Moysen
743 495 916 548 dicens
942 508 959 546 :
983 491 1131 544 Mitte
1150 491 1305 556 riros,
1328 492 1417 560 qui
1439 488 1762 542 considerent
1792 497 1984 540 terram

408 591 688 652 Chanaan,
712 600 867 655 quant
899 583 1119 636 daturus
1143 598 1258 635 sum
1286 580 1409 648 [iliis
1441 577 1629 643 Israel,
1661 575 1895 647 singulos
1923 576 1986 628 de

410 680 630 751 singulis
653 676 886 731 tribubus
908 691 971 728 ex
985 672 1323 743 principibus.
1346 670 1577 724 Aseroth
1600 670 1987 738 interpretatur

416 781 601 825 domus
651 767 898 838 perfecta.
948 764 1315 817 Proﬁciscitur
1365 761 1527 831 igitur
1580 758 1843 827 populus,
1892 772 1984 826 po-

414 874 694 932 steaquam
734 858 899 912 Maria
945 863 1171 925 purgata
1206 865 1322 917 est,
1361 868 1392 905 a
1429 851 1676 907 domibus
1710 848 1984 920 perfectis,

416 963 473 1005 et
507 950 653 1005 venit
684 950 735 1001 iu
773 948 1024 1009 Pharan,
1067 944 1210 1013 quod
1253 943 1639 1012 interpretatur
1676 958 1731 994 os
1770 938 1984 993 uisibile.

417 1043 603 1096 Potest
638 1037 895 1106 intelligi,
933 1037 1073 1105 quod
1115 1034 1352 1089 Verbum
1389 1048 1517 1087 caro
1553 1031 1754 1086 factum
1794 1038 1906 1093 est,
1935 1037 1990 1083 et

422 1128 703 1185 invisibilis
748 1125 973 1180 visibilis
1010 1124 1230 1178 ell‘cctus
1270 1132 1381 1187 est;
1430 1130 1485 1176 et
1519 1122 1622 1175 hoc
1661 1119 1988 1190 signiﬁcari,

420 1229 771 1290 posteaquam
806 1217 928 1271 linis
958 1225 1013 1271 et
1043 1215 1302 1285 perfectio
1340 1215 1579 1268 omnium
1617 1229 1734 1282 quae
1763 1226 1890 1282 erga
1927 1209 1990 1262 il—

420 1312 529 1365 lum
558 1309 809 1379 populum
844 1307 1076 1377 gerenda
1108 1304 1355 1369 fuerunt,
1386 1304 1564 1367 venit;
1595 1312 1650 1355 et
1686 1310 1814 1355 tunc
1846 1310 1992 1354 tran-

420 1402 492 1457 sit
522 1409 577 1454 et
602 1399 751 1454 venit
783 1399 849 1451 ad
878 1412 999 1450 eum
1022 1437 1036 1461 ,
1065 1412 1225 1466 quem
1268 1396 1503 1449 Verbum
1543 1406 1758 1447 carnem
1794 1390 1993 1444 factum

422 1499 550 1545 ante
591 1505 695 1543 non
740 1488 982 1543 credidit.
1017 1486 1320 1541 Notandum
1358 1493 1534 1538 autem
1558 1524 1572 1547 ,
1611 1482 1754 1551 quod
1781 1481 1992 1534 Pharan

422 1600 530 1639 non
568 1581 800 1651 speciale
831 1596 1021 1633 nomen
1049 1589 1131 1632 est
1160 1576 1452 1631 mansionis
1478 1574 1724 1643 alicujus,
1754 1572 1847 1627 sed
1870 1570 1995 1625 soli-

428 1672 630 1727 tudinis
661 1687 779 1739 qme
802 1670 984 1738 plures
1009 1668 1321 1721 continebat
1344 1666 1395 1719 in
1423 1680 1480 1718 se
1508 1665 1833 1725 mansiones,
1859 1661 1999 1715 sicut

2087 497 2248 551 quam
2277 480 2682 551 peregrinantes
2709 478 2888 533 omnia
2924 475 3319 544 perquirebant.
3350 476 3469 531 Nam
3498 480 3536 533 si
3560 482 3617 536 dc

2088 572 2286 625 montis
2322 568 2522 625 vertice
2560 582 2654 622 eos
2690 566 3061 637 putaverimus
3087 567 3421 635 conspexisse
3445 577 3617 625 terram

2087 669 2141 716 et
2184 660 2497 730 explorare,
2547 656 2816 728 quomodo
2869 664 3089 727 possent
3132 656 3411 726 exquirere
3443 660 3614 723 omnia,

2087 767 2207 821 quae
2236 749 2446 821 Moyses
2472 747 2801 819 exquirenda
2831 745 3120 819 praecepit?
3150 745 3421 812 Quomodo
3448 748 3621 802 intrare

2088 841 2362 901 civitates,
2403 853 2541 909 quas
2577 853 2671 892 eos
2715 836 2996 905 Scriptura
3044 836 3179 890 dixit
3221 835 3472 889 intrasse?
3505 836 3624 902 Quo-

2092 930 2251 983 modo
2288 929 2353 983 de
2389 929 2491 981 alia
2532 926 2671 981 valle
2705 926 2921 980 botrum
2954 924 3140 979 tollere
3167 933 3384 996 propter
3409 940 3553 995 quem
3582 939 3625 981 et

2088 1020 2209 1075 loco
2241 1035 2438 1074 nomen
2468 1026 2550 1072 est
2575 1018 2802 1071 inditum
2831 1026 2891 1070 ut
2915 1016 3071 1070 vallis
3101 1016 3248 1071 Botri
3279 1017 3558 1071 diceretur?
3580 1019 3625 1072 In

2091 1110 2208 1178 ipso
2232 1116 2414 1163 monte
2440 1107 2827 1178 explorabatur
2853 1115 2997 1161 terra
3015 1146 3028 1170 ,
3061 1108 3186 1176 quia
3224 1107 3336 1177 ipse
3369 1117 3480 1162 erat
3507 1117 3628 1163 terra

2091 1215 2210 1269 quae
2238 1200 2643 1270 exploraretur;
2678 1206 2733 1253 et
2764 1198 2837 1252 ibi
2868 1207 2989 1253 erat
3014 1199 3229 1268 quidem
3255 1200 3540 1269 depressior
3569 1202 3632 1256 lo-
3723 1232 3729 1238 η

2093 1309 2209 1356 cus,
2234 1293 2302 1347 de
2328 1308 2433 1361 qua
2459 1292 2598 1348 valle
2624 1293 2812 1347 botrus
2836 1292 3049 1347 ablatus
3073 1302 3172 1347 est.

2165 1380 2395 1452 Cumque
2436 1381 2822 1444 ascendissent,
2853 1382 3254 1452 exploraverunt
3292 1394 3475 1438 terram
3500 1404 3527 1439 a
3553 1386 3633 1440 de-

2094 1484 2229 1528 serto
2262 1473 2388 1536 Sin,
2424 1489 2584 1541 usque
2613 1471 2790 1525 Robob
2821 1473 3139 1528 intrantibus
3170 1474 3376 1527 Emath.
3409 1476 3631 1531 Ascende-

2097 1548 2318 1633 r'untque
2351 1562 2419 1614 ad
2448 1561 2738 1623 meridiem,
2766 1571 2813 1614 et
2846 1572 3090 1615 venerunt
3131 1564 3186 1615 in
3217 1562 3408 1630 Ebron,
3439 1564 3516 1617 ubi
3539 1577 3633 1619 erat

2099 1657 2320 1710 Ahiman
2342 1665 2388 1708 et
2420 1653 2573 1709 Sesai
2601 1663 2647 1707 et
2672 1652 2932 1716 Tholmai,
2963 1653 3064 1721 ﬁlii
3091 1653 3291 1708 Enach.
3324 1654 3457 1708 Nam
3484 1655 3634 1711 Ebron

347 1781 357 1789 ο
427 1764 481 1817 in
520 1721 973 1828 consequentibus
1011 1758 1167 1812 istius
1205 1757 1362 1821 libri,
1404 1756 1491 1809 ubi
1536 1754 1813 1822 catalogus
1844 1767 1997 1805 man-
2026 1721 2070 1779 Β
2097 1756 2289 1816 septem
2334 1747 2487 1798 annis
2537 1754 2657 1797 ante
2704 1742 2925 1796 Thanim
2970 1744 3147 1797 urbem
3196 1743 3410 1814 {Egypti
3456 1746 3635 1798 condita

426 1853 637 1905 sionnm
680 1851 887 1919 integer
920 1857 1033 1912 est,
1076 1847 1493 1901 demonstratur.
1522 1844 1602 1897 lbi
1628 1844 1769 1897 enim
1811 1857 1998 1896 narra-

428 1949 539 2004 tur,
570 1940 709 2008 quod
732 1936 960 2007 profecti
994 1936 1087 1991 ﬁlii
1108 1936 1274 1991 Israel
1303 1936 1370 1989 de
1398 1934 1652 1997 Aseroth,
1680 1939 1859 1987 castra
1888 1946 1999 1985 me-

428 2033 524 2086 tati
566 2039 692 2086 sunt
729 2032 783 2084 in
832 2030 1093 2092 Rehtma;
1121 2028 1314 2083 deinde
1349 2026 1632 2080 Remmom
1671 2025 1904 2087 Phares;
1947 2031 2003 2078 ct

429 2120 622 2173 deinde
662 2120 715 2173 in
745 2120 956 2181 Lchna;
989 2126 1045 2171 et
1079 2118 1158 2171 sic
1191 2132 1380 2171 omnes
1415 2132 1511 2186 per
1544 2116 1791 2170 ordinem
1831 2129 2001 2183 usque

429 2208 499 2260 ad
526 2207 856 2276 Asiongaber
895 2225 907 2260 :
938 2207 988 2261 id
1015 2214 1116 2268 est,
1149 2222 1319 2274 usque
1348 2205 1415 2259 ad
1444 2204 1771 2259 tricesimam
1805 2219 2000 2258 secun-

430 2300 554 2350 dam
599 2297 971 2361 mansionem,
1030 2296 1129 2351 sub
1170 2296 1384 2350 Pharan
1439 2294 1743 2350 solitudinis
1790 2294 2004 2347 nomine

434 2386 744 2440 mansiones
782 2387 1181 2455 comprehensa
1218 2392 1361 2440 sunt.
1399 2384 1481 2439 Ab
1517 2385 1619 2438 hac
1640 2384 1821 2452 itaque
1846 2398 2002 2436 man-

348 2503 362 2514 ο
433 2476 622 2540 sione,
657 2476 758 2530 hoc
792 2483 893 2539 est,
926 2475 1186 2540 Rcthma,
1213 2490 1332 2544 qua:
1369 2474 1470 2528 fuit
1495 2474 1548 2527 in
1573 2474 1762 2528 ordine
1791 2472 2005 2541 quinta-

438 2569 668 2632 decima,
693 2583 862 2637 usque
897 2567 962 2621 ad
993 2567 1323 2622 tricesimam
1354 2566 1642 2621 secundam
1663 2606 1676 2631 ,
1706 2563 2006 2619 istiusmodi

435 2658 785 2713 continentur
828 2656 1089 2712 historiae.
1137 2657 1427 2712 Duodecim
1473 2656 1842 2726 exploratores
1884 2654 2007 2708 mit-

438 2755 622 2800 tuntur
663 2748 728 2800 ad
769 2756 967 2801 terram
1010 2755 1285 2812 sanctam,
1336 2746 1524 2801 botrus
1566 2744 1798 2801 refertur
1841 2745 1895 2799 in
1943 2745 2009 2799 li-

436 2851 543 2905 gno
568 2876 583 2901 ,
634 2844 690 2889 et
741 2835 940 2891 Christi
994 2836 1233 2890 breviter
1280 2836 1528 2907 passione
1584 2835 2005 2891 demonstratur.

441 2928 738 2983 Murmurat
776 2927 1005 2999 populus
1048 2924 1388 2991 Judaeorum,
1432 2926 1706 2995 gigantum
1749 2924 2008 2994 impetum

440 3019 815 3087 reformidans.
864 3018 1071 3088 Pugnat
1118 3025 1305 3072 contra
1349 3014 1602 3069 Amalech
1630 3055 1645 3079 ,
1693 3022 1748 3069 et
1798 3014 2009 3068 Chana-

438 3128 613 3167 nteum
655 3113 869 3167 nolente
904 3111 1046 3175 Deo,
1087 3118 1143 3163 et
1180 3109 1434 3163 vincitur.
1476 3107 1728 3176 Intelligit
1766 3120 1885 3174 qua:
1913 3105 2006 3159 de-

440 3201 569 3255 beat
609 3202 663 3254 in
695 3209 837 3254 terra
867 3207 1053 3253 sancta
1089 3212 1345 3252 exercere
1379 3196 1665 3250 sacriﬁcia.
1707 3194 1917 3248 Dathan
1953 3202 2008 3248 et

440 3289 640 3343 Ahiron
683 3296 738 3342 et
777 3288 869 3341 ﬁlii
910 3286 1087 3341 Chore
1120 3294 1455 3356 consurgunt
1486 3293 1676 3339 contra
1707 3283 1922 3355 Moysen
1954 3294 2010 3338 et

441 3379 654 3441 Aaron,
685 3386 740 3431 et
770 3385 927 3431 terrae
953 3376 1211 3446 voragine
1238 3375 1553 3446 glutiuntur.
1590 3374 1736 3428 Inter
1770 3385 2011 3429 mortuos

441 3474 499 3521 et
527 3466 771 3520 viventes
798 3463 1042 3535 pontifex
1082 3465 1320 3526 medius,
1351 3461 1624 3517 thurihulo
1659 3470 1900 3517 armatus
1931 3463 2010 3517 in-

441 3555 708 3624 greditur,
738 3562 795 3609 et
829 3569 1053 3609 currens
1088 3555 1168 3608 ira
1198 3554 1317 3619 Dei,
1347 3554 1644 3608 sacerdotis
1672 3569 1803 3608 voce
1828 3554 2012 3623 prohi-

442 3645 620 3699 betur.
660 3643 822 3713 Virga
857 3642 1037 3697 Aaron
1071 3650 1127 3697 et
1157 3640 1581 3711 florem-profert
1616 3650 1672 3696 et
1701 3639 1848 3706 folia,
1878 3643 2010 3696 etin

442 3742 701 3790 aeternam
728 3734 1045 3790 memoriam
1070 3735 1249 3788 virens
1273 3733 1488 3789 siccitas
1513 3742 1879 3789 consecratur.
1904 3734 2014 3789 Nec

444 3825 570 3877 dum
602 3824 859 3894 templum
884 3824 1048 3878 etiam
1078 3824 1292 3889 aeditui,
1325 3839 1425 3879 nec
1458 3826 1585 3879 dum
1617 3825 1923 3879 sacerdotes
1958 3834 2014 3879 et

441 3899 642 3967 Levita:
666 3913 976 3967 obtulerunt
1001 3913 1285 3977 sacriﬁcia,
1316 3921 1372 3967 et
1405 3922 1587 3981 partes
1613 3926 1799 3969 eorum
1829 3915 2012 3985 mysti-

446 4021 542 4059 cus
570 4019 748 4059 sermo
777 4004 1055 4059 describit.
1086 4003 1263 4058 Vitula
1306 4002 1425 4058 rufa
1462 4004 1515 4058 in
1543 4004 1853 4059 holocausta
1880 4020 2012 4061 con-

444 4102 747 4159 crematur;
778 4102 834 4149 et
858 4094 996 4148 cinis
1022 4093 1138 4163 ejus
1162 4094 1453 4163 piacularis
1478 4095 1720 4164 aspersio
1742 4103 1842 4150 est.
1873 4095 2015 4162 Quo-

443 4198 563 4236 rum
598 4183 840 4237 omnium
885 4181 1071 4254 ﬁgura:
1111 4183 1359 4252 proprias
1395 4181 1639 4253 flagitant
1676 4183 1968 4240 solutiones
1967 4204 2017 4263 ’,ξ

442 4288 567 4342 qua:
594 4272 645 4325 in
671 4272 785 4327 suis
813 4272 945 4327 locis
971 4273 1238 4328 dicentur.

2098 1849 2191 1892 est.
2237 1834 2516 1905 Pergentes
2551 1852 2712 1906 usque
2748 1835 2817 1888 ad
2847 1844 3127 1889 torrentem
3153 1834 3318 1898 Botri,
3343 1835 3636 1888 absciderunt

2097 1927 2364 1999 palmitem
2395 1944 2513 1981 cum
2539 1944 2637 1980 uva
2659 1945 2779 1992 sua,
2801 1943 2948 1997 quem
2973 1936 3306 1995 portaverant
3333 1927 3383 1979 in
3405 1936 3528 1981 recte
3551 1926 3637 1978 duo

2100 2020 2217 2073 viri.
2249 2017 2326 2073 De
2360 2018 2513 2072 malis
2550 2036 2751 2090 quoque
2776 2018 3033 2088 'granatis
3054 2059 3069 2082 ,
3101 2028 3146 2071 et
3163 2018 3229 2071 de
3243 2019 3354 2086 ﬁcis
3392 2017 3484 2071 loci
3519 2017 3638 2070 illius

2100 2109 2351 2175 tulerunt,
2375 2111 2464 2181 qui
2489 2109 2777 2180 appellatus
2803 2118 2877 2163 est
2904 2107 3081 2162 Nahal
3102 2107 3240 2161 escol
3262 2090 3436 2168 θυωκ
3458 2092 3564 2168 "tm,
3594 2108 3636 2159 id

2104 2208 2202 2265 est,
2234 2210 2435 2252 torrens
2467 2199 2603 2252 botri
2629 2215 2689 2252 eo
2719 2198 2859 2269 quod
2884 2197 3087 2251 botrum
3117 2198 3239 2250 inde
3265 2207 3536 2267 portassent
3559 2196 3640 2266 ﬁlii

2104 2289 2293 2344 Israel.
2323 2291 2615 2345 Duodecim
2639 2289 3008 2359 exploratores
3033 2289 3173 2343 mitti
3201 2289 3269 2342 ad
3295 2289 3640 2358 explorandam

2105 2390 2304 2436 terram
2327 2382 2571 2447 uberem,
2588 2383 2680 2453 qui
2705 2388 3017 2437 terruerunt
3034 2380 3287 2451 populum
3311 2397 3375 2435 ue
3396 2381 3643 2435 crederent

2105 2488 2262 2542 posse
2292 2475 2538 2543 accipere
2566 2490 2596 2528 a
2626 2474 2855 2530 Domino
2876 2480 3077 2527 terram
3108 2474 3499 2543 repromissum,
3521 2471 3643 2527 Scri-

2105 2567 2295 2621 barum
2324 2576 2377 2621 et
2414 2566 2812 2622 Pharisaeorum
2838 2566 3195 2637 praetulerunt
3221 2568 3486 2622 indicium.
3514 2567 3643 2620 Sicut

2106 2657 2250 2711 enim
2294 2656 2367 2710 illi
2410 2671 2506 2727 per
2545 2656 2759 2728 Moysen
2796 2656 2945 2711 missi
2975 2664 3131 2721 sunt,
3164 2665 3221 2710 ut
3261 2656 3355 2711 soli
3386 2656 3644 2711 fecundita-

2108 2756 2217 2803 tem
2246 2747 2473 2802 sollicita
2501 2748 2930 2803 consideratione
2956 2756 3279 2813 tractarent,
3303 2748 3373 2802 ita
3394 2756 3444 2801 et
3473 2746 3546 2801 isti
3567 2760 3645 2815 per

2109 2837 2279 2906 legem
2308 2845 2364 2891 et
2387 2837 2676 2907 prophetas
2701 2836 2837 2907 jussi
2870 2844 3023 2902 sunt,
3052 2844 3112 2890 ut
3140 2853 3242 2906 per
3279 2837 3643 2908 vestigationcm

2112 2925 2541 2996 Scripturarum,
2572 2927 2910 2982 Dominicum
2940 2926 3352 2997 specularentur
3374 2926 3644 2984 adventum,

2114 3017 2168 3070 in
2205 3031 2314 3085 quo
2354 3025 2472 3071 erat
2516 3025 2688 3079 terra,
2726 3017 2778 3071 id
2808 3024 2918 3080 est,
2954 3026 3095 3072 terra
3133 3026 3353 3081 sancta,
3379 3017 3547 3087 inqua
3575 3029 3646 3069 re—

2111 3124 2273 3177 gnum
2302 3108 2397 3163 Dei
2427 3116 2481 3162 et
2511 3108 2813 3163 ubertatem
2854 3108 3121 3163 fructuum
3153 3108 3468 3176 spiritalium
3501 3115 3549 3161 et
3578 3105 3647 3160 vi-

2109 3207 2218 3252 tam
2262 3205 2521 3253 mternam
2570 3199 2828 3268 consequi
2874 3208 3114 3268 possent.
3159 3198 3272 3254 Sed
3313 3200 3447 3254 sicut
3478 3198 3544 3252 illi
3578 3198 3651 3252 de-

2106 3287 2412 3357 speratione
2443 3295 2751 3342 terruerunt
2793 3288 3081 3357 populum,
3118 3303 3189 3343 ne
3233 3289 3299 3345 de
3328 3289 3418 3344 Dei
3455 3287 3650 3357 promis-

2107 3390 2261 3433 snone
2304 3376 2635 3442 conﬁderet,
2692 3377 2767 3431 ita
2824 3386 2879 3431 et
2930 3378 3019 3433 isti
3069 3377 3280 3434 Scribat
3323 3388 3378 3434 et
3426 3376 3648 3432 Pharisni

2109 3478 2398 3523 suaserunt
2422 3469 2616 3538 populo
2637 3468 2967 3535 Iudaeorum,
2994 3484 3060 3523 ne
3081 3471 3369 3525 crederent
3391 3470 3650 3531 Christum,

2109 3559 2176 3613 ad
2219 3557 2514 3631 Egyptum
2546 3560 2729 3615 saeculi
2765 3561 2924 3630 hujus
2959 3561 3134 3615 redire
3174 3563 3484 3633 cupientes,
3520 3574 3651 3628 repu—

2111 3650 2320 3705 diantes
2364 3666 2563 3705 manna
2613 3650 2768 3716 ﬁdei,
2814 3658 3119 3721 quaerentes
3163 3652 3305 3707 ollas
3350 3659 3649 3722 peccaton

2111 3740 2323 3810 nigras,
2353 3748 2408 3795 et
2432 3754 2607 3810 capas
2629 3740 3082 3810 blasphemiarum
3111 3742 3352 3810 putidas,
3379 3750 3429 3796 et
3450 3752 3652 3810 peponcs
3706 3730 3709 3733 ’

2111 3830 2367 3885 vitiorum
2394 3846 2457 3885 ac
2477 3830 2757 3885 libidinum
2786 3832 3129 3900 corruptione
3155 3838 3558 3887 marcescentes.
3576 3827 3652 3884 lllc

2113 3928 2291 3976 autem
2318 3923 2511 3977 botrus
2536 3938 2653 3977 uvae
2682 3938 2842 3992 quem
2872 3924 2926 3977 in
2958 3923 3099 3994 ligno
3125 3924 3193 3979 de
3226 3932 3366 3979 terra
3396 3921 3651 3993 repromis-

2114 4011 2282 4066 sionis
2311 4012 2416 4065 duo
2452 4012 2720 4066 advexere
2749 4020 3029 4077 vectores,
3067 4012 3260 4067 lotrus
3294 4012 3521 4082 pendens
3546 4025 3574 4063 a
3602 4006 3653 4059 li-

2116 4115 2243 4171 gno,
2279 4102 2467 4170 utique
2491 4100 2741 4156 Christus
2768 4117 2832 4156 ex
2858 4100 3006 4171 ligno
3034 4102 3217 4157 crucis
3245 4101 3527 4173 promissus
3547 4111 3653 4168 geu-

2115 4187 2260 4243 tibus
2300 4189 2367 4243 de
2407 4196 2553 4243 terra
2583 4188 2862 4258 genitricis
2892 4189 3104 4254 Mariae,
3132 4191 3428 4246 secundum
3462 4200 3651 4245 carnem

2116 4284 2276 4332 terra:
2306 4277 2493 4347 stirpis
2521 4278 2825 4333 visceribus
2850 4278 3073 4334 effusus.
3121 4280 3239 4334 Duo
3281 4280 3441 4349 bajuli
3466 4278 3548 4349 qui
3572 4273 3652 4329 sub

515 4360 659 4415 Misit
676 4378 798 4433 ergo
818 4377 905 4416 eos
923 4361 1128 4432 Moyses
1145 4362 1215 4415 ad
1234 4362 1870 4420 considerandamterram
1885 4365 2012 4420 Cha-
2032 4383 2091 4452 υ
2116 4382 2280 4422 onere
2310 4366 2463 4422 botri'
2485 4366 2627 4421 illius
2652 4366 3003 4432 incedebant,
3044 4369 3272 4438 populus
3304 4377 3519 4439 uterque
3544 4372 3613 4418 est
3639 4379 3648 4412 ε

445 4467 604 4516 naan,
631 4462 679 4506 et
705 4452 835 4506 dixit
862 4451 931 4505 ad
958 4469 1044 4506 eos
1069 4469 1088 4506 :
1113 4452 1384 4506 Ascendite
1412 4470 1502 4523 per
1531 4455 2012 4526 meridianam-pla-

443 4556 562 4609 gam
578 4557 597 4605 ;
617 4558 835 4613 cumque
855 4542 1089 4624 ueneritis
1111 4541 1179 4595 ad
1210 4551 1432 4608 montes,
1460 4545 1781 4598 considerate
1821 4554 2013 4598 terram

443 4631 615 4700 qualis
643 4635 743 4697 sit,
782 4642 831 4687 et
856 4633 1104 4704 populum
1142 4634 1231 4704 qui
1267 4635 1532 4688 habitator
1560 4644 1633 4687 est
1664 4635 1777 4703 ejus
1796 4674 1811 4698 ,
1839 4626 2014 4689 utrum

446 4723 597 4791 {ortis
618 4740 686 4775 an
712 4724 973 4791 infirmus,
999 4725 1155 4795 pauci
1177 4741 1390 4778 numero
1411 4740 1479 4777 an
1502 4722 1715 4793 plures;
1741 4725 1855 4792 ipsa
1878 4733 2016 4777 terra

443 4812 577 4866 bona
598 4828 665 4866 an
694 4813 867 4876 mala;
889 4816 1038 4869 urbes
1058 4815 1259 4885 quales,
1276 4825 1497 4869 murata:
1517 4832 1586 4869 an
1607 4816 1800 4885 absque
1819 4817 2018 4881 muris;

446 4902 634 4955 humus
662 4902 867 4971 pinguis
901 4920 968 4956 an
997 4904 1219 4969 sterilis;
1251 4921 1522 4959 nemorosa
1552 4922 1621 4959 an
1649 4905 1840 4976 absque
1866 4908 2017 4961 arbo-

443 4990 604 5043 ribus.
629 4988 1006 5057 Confortamini
1027 5000 1073 5043 et
1096 4992 1277 5059 afferte
1303 4992 1448 5045 nobis
1474 4991 1537 5044 de
1565 4992 1817 5061 fructibus
1842 5004 2013 5049 terra'.

444 5080 564 5151 (Ea:
600 5076 950 5150 Augustino.)
996 5079 1319 5148 Exposuisse
1362 5080 1679 5152 intelligitur
1722 5085 2013 5139 secundum

442 5170 572 5239 quid
595 5168 791 5225 dixerit
816 5185 828 5219 :
856 5167 913 5220 Si
933 5174 1123 5236 potens
1145 5176 1239 5223 aut
1256 5168 1524 5233 inﬁrmus,
1549 5171 1649 5225 hoc
1667 5179 1769 5237 est,
1795 5173 1838 5226 si
1860 5176 2016 5242 pauci

443 5268 569 5317 sunt
594 5266 687 5314 aut
715 5256 888 5312 multi.
936 5257 1070 5312 Nam
1106 5260 1365 5328 quaeritur
1403 5261 1668 5328 quomodo
1696 5272 1916 5331 possent
1948 5264 2015 5319 de

444 5363 627 5408 monte
652 5351 1041 5423 prospicientes
1068 5351 1269 5406 sentire
1294 5352 1649 5405 humanarum
1677 5354 1872 5408 virium
1900 5353 2006 5409 for-

445 5445 748 5501 titudinem.
794 5445 974 5501 Potest
1014 5454 1068 5501 et
1110 5445 1246 5500 alius
1287 5461 1477 5501 sensus
1520 5462 1639 5502 esse
1682 5449 1848 5503 utulto
1887 5464 2012 5504 con-

445 5538 720 5605 gruentior
749 5538 983 5591 veritati.
1023 5536 1176 5603 Quod
1212 5537 1317 5601 ait,
1352 5537 1645 5591 ascendens
1676 5538 1725 5591 in
1753 5549 2007 5604 montem,

446 5623 500 5675 in
530 5624 693 5693 ipsam
721 5635 919 5681 terram
948 5627 1081 5682 dixit
1110 5641 1268 5695 quam
1297 5627 1576 5696 explorare
1604 5627 1867 5685 volebant.
1897 5630 2007 5686 Non

2118 4458 2272 4528 cujus
2313 4460 2463 4529 prior
2503 4458 2792 4525 Iudaicus,
2837 4475 3013 4515 emcus
3044 4469 3099 4515 et
3143 4462 3431 4525 adversus,
3466 4460 3653 4529 ignarus

2118 4550 2399 4619 pendentis
2421 4550 2628 4621 gratiae,
2657 4557 2712 4603 et
2736 4564 2957 4619 pressus
2981 4565 3146 4605 onere
3170 4550 3434 4621 suspensi,
3456 4547 3531 4602 cui
3554 4545 3653 4599 sub-

2115 4636 2593 4709 jiciturjudicanti.
2619 4639 2695 4693 De
2714 4639 2908 4707 quibus
2928 4639 3127 4694 dicitur
3146 4655 3160 4693 :
3178 4639 3521 4695 Obscnrentur
3538 4631 3653 4687 oculi

2121 4744 2300 4783 eorum
2327 4747 2388 4784 ne
2416 4730 2621 4784 videant
2642 4770 2656 4792 ,
2686 4739 2734 4783 et
2759 4730 2974 4784 dorsum
3009 4729 3225 4784 illorum.
3248 4745 3445 4799 semper
3468 4728 3651 4780 incurro

2125 4814 2307 4887 (Psal.
2350 4834 2513 4873 vam
2533 4817 2572 4888 ).
2603 4817 2703 4884 Qui
2735 4833 2864 4873 vero
2897 4818 3167 4888 posterior
3194 4818 3469 4879 veniebat,
3501 4810 3647 4883 popul‘

2122 4906 2359 4974 gentium
2389 4906 2609 4976 gerebat
2638 4906 2861 4976 ﬁguram
2899 4925 2909 4960 :
2949 4908 3039 4976 qui
3071 4908 3297 4962 credens
3330 4916 3383 4960 et
3414 4903 3650 4960 Christum

2122 5003 2246 5050 ante
2281 4996 2466 5051 oculos
2506 4997 2743 5059 habens,
2788 5012 3000 5067 semper
3036 5012 3157 5051 eum
3184 5006 3406 5066 portans
3429 4992 3587 5053 videt,
3609 4995 3653 5041 et

2120 5087 2273 5155 quasi
2301 5102 2490 5142 servus
2517 5087 2823 5153 Dominum,
2854 5096 2908 5142 et
2938 5089 3232 5157 discipulus
3262 5087 3559 5156 magistrum
3584 5095 3653 5134 se-

2120 5177 2326 5246 quitur,
2357 5178 2497 5232 sicut
2524 5178 2637 5249 ipse
2666 5180 2925 5234 Dominus
2947 5179 2999 5233 in
3037 5178 3322 5247 Evangelio
3350 5176 3426 5230 ait
3450 5192 3462 5229 :
3488 5174 3540 5228 Si
3556 5169 3649 5242 quis

2120 5266 2227 5319 vult
2246 5276 2359 5336 post
2380 5284 2460 5321 me
2489 5270 2679 5332 venire,
2702 5267 2849 5322 tollat
2873 5285 3077 5323 crucem
3099 5285 3248 5324 suam
3271 5278 3317 5322 et
3341 5275 3573 5336 sequatur
3586 5274 3651 5313 me

2118 5354 2333 5427 (Matth.
2360 5356 2494 5429 3m).
2519 5357 2619 5413 ilic
2645 5367 2822 5413 autem
2850 5369 2935 5415 est
2967 5360 3155 5415 botrus
3179 5374 3335 5430 quem
3367 5357 3527 5410 malus
3550 5366 3649 5424 gra-

2117 5456 2243 5502 uata
2269 5450 2492 5513 sociata,
2518 5450 2814 5506 innumeris
2833 5452 3015 5521 granis
3039 5461 3220 5506 secuta
3245 5458 3346 5512 est,
3373 5457 3540 5501 nostra
3563 5441 3648 5495 sci-

2116 5539 2241 5594 licet
2274 5539 2512 5594 Ecclesia
2549 5550 2741 5605 mater,
2776 5542 2979 5596 habens
3009 5542 3147 5595 intra
3174 5556 3231 5596 se
3262 5555 3357 5608 per
3394 5543 3647 5605 granorum

2119 5646 2430 5694 numerum,
2470 5631 2865 5687 multitudinem
2908 5633 3254 5704 populorum,
3297 5645 3391 5699 per
3430 5627 3647 5681 ruborem
