3932 6188
284 281 385 336 669

990 278 1518 335 ENARRATIONES
1559 279 1625 332 IN
1664 277 1918 333 LIBRUM
1961 275 2419 335 NUMERORUM.
2459 307 2529 316 -—-—
2565 276 2691 331 LIB.
2734 276 2796 332 ll.

3422 280 3526 333 6ἷο

280 395 563 464 sanguinis
599 388 1108 464 Christi'signaculo
1136 403 1529 449 cor-iiscautcm.
1562 394 1856 449 llabeutem
1887 397 1931 453 Α
1963 392 2174 463 (Matth.
2202 393 2320 463 xu.)
2346 393 2458 449 Nisi
2483 395 2628 448 enim
2648 403 2793 448 esset
2811 394 3006 463 quibus
3026 394 3105 447 vis
3128 393 3300 459 ﬁeret,
3324 395 3423 450 nisi
3444 409 3527 450 es-

277 487 449 540 etiam
494 485 643 538 intus
690 484 942 538 distincta
991 500 1188 553 grana,
1231 486 1372 537 sicut
1415 483 1701 552 Apostolus
1747 485 1855 547 ait,

274 576 453 630 divisa
478 576 794 629 charismata
817 585 863 627 et
885 575 1025 628 dona
1049 574 1279 644 Spiritus
1300 576 1466 645 sancti
1485 577 1656 643 gratia
1680 575 1859 627 distri-

274 661 408 713 buta
438 658 489 731 (1
515 661 637 713 Cor.
666 657 787 728 xu).
811 659 1017 726 Quibus
1043 660 1293 713 omnibus
1321 659 1569 728 indignos
1602 675 1660 714 se
1686 660 1859 714 incre-

276 749 394 804 duli
418 749 724 819 judicantes
743 790 758 814 ,
786 759 985 804 terram
1005 751 1187 804 carnis
1210 747 1412 803 Christi
1447 749 1699 804 ﬂuentem
1723 750 1860 804 lacte

275 848 339 893 ct
371 839 557 903 melle,
592 839 837 908 accipere
866 853 970 891 non
1009 845 1353 900 meruerunt,
1378 853 1538 906 quam
1570 854 1666 907 per
1699 838 1856 892 ﬁdem

274 931 428 985 servi
459 930 605 998 ejus,
635 930 686 985 id
713 939 828 995 est,
859 928 1148 985 Christiani
1178 930 1357 998 populi
1398 931 1673 985 consecuti
1710 939 1855 984 sunt.

275 1021 528 1090 Deeujus
541 1022 783 1077 doctrina
803 1021 1042 1091 quotidie
1065 1020 1442 1075 dicitEcclesia
1459 1039 1471 1074 :
1489 1021 1661 1085 Quam
1683 1021 1856 1075 dulcia

278 1113 527 1183 faucibus
551 1114 679 1166 meis
702 1111 905 1183 eloquia
929 1120 1043 1176 tua,
1066 1127 1223 1179 super
1241 1110 1341 1164 mel
1369 1120 1415 1163 et
1441 1109 1619 1178 favum
1647 1112 1728 1164 ori
1745 1127 1858 1164 meo

279 1203 460 1274 (Psal.
482 1201 695 1273 cxvui).
720 1202 904 1257 Ficum
927 1210 1107 1255 autem
1129 1215 1287 1269 quem
1306 1215 1430 1254 cum
1451 1200 1610 1255 botro
1629 1201 1694 1255 de
1716 1209 1859 1254 terra

280 1293 725 1362 repromissionis
766 1292 1091 1354 attulerunt,
1135 1290 1419 1360 imaginem
1448 1290 1583 1360 legis
1614 1289 1859 1344 attulisse

276 1381 612 1451 erangelicis
650 1381 943 1436 edocemur
987 1378 1247 1448 exemplis
1292 1396 1306 1431 :
1357 1378 1497 1433 sicut
1544 1386 1600 1433 et
1644 1379 1858 1433 botrum

276 1477 501 1525 constat
550 1468 776 1539 ﬁguram
822 1467 1122 1522 Salvatoris
1168 1469 1482 1533 ostendere,
1509 1469 1858 1537 quemadmo—

276 1561 412 1614 dum
449 1561 503 1614 in
536 1560 776 1615 Canticis
800 1561 1135 1614 canticorum
1161 1560 1403 1614 Ecclesia
1443 1558 1577 1614 dicit
1603 1560 1670 1614 de
1699 1558 1858 1613 Chri-

274 1662 368 1707 sto
404 1666 420 1706 :
462 1650 655 1705 Frater
679 1668 823 1705 meus
852 1659 909 1704 ut
935 1651 1112 1705 botrus
1137 1651 1280 1721 cypri
1310 1649 1487 1720 (Cant.
1517 1650 1578 1721 ι).
1602 1648 1737 1716 Quia
1763 1662 1861 1704 nec

1959 495 2082 539 sent
2101 487 2192 553 qui
2226 488 2348 540 inde
2374 486 2498 555 pelli
2521 494 2577 539 et
2599 486 2809 540 excludi
2842 482 3126 550 deberent,
3154 504 3423 557 nunquam
3451 494 3535 544 di-

1958 582 2175 628 ceretur
2200 591 2299 645 per
2323 575 2431 629 vim
2461 575 2821 645 diripiendum
2847 589 2968 629 esse
2997 590 3217 644 regnum
3247 577 3530 634 emtorum.

1958 666 2026 719 Et
2054 666 2157 720 nisi
2200 675 2383 722 essent
2423 681 2547 720 cum
2582 665 2780 734 quibus
2825 664 2981 719 nobis
3004 673 3275 719 certamen
3303 676 3445 721 esset
3477 680 3532 722 et

1957 757 2230 825 przetium,
2270 772 2546 825 nunquam
2577 756 2778 809 diceret
2806 754 3091 823 Apostolus
3129 773 3141 809 :
3185 755 3306 809 Non
3334 768 3408 810 est
3440 775 3532 811 no-

1959 846 2035 901 bis
2073 844 2373 900 colluctatio
2410 847 2662 901 adversus
2702 862 2913 899 carnem
2950 856 2998 898 et
3044 848 3351 916 sanguinem
3377 887 3391 911 ,
3440 849 3532 902 sed

1958 936 2206 990 adversus
2241 938 2563 1006 principatus
2603 946 2649 988 et
2689 945 2997 1005 potestates,
3036 935 3308 989 adversum
3352 938 3534 990 mundi

1957 1022 2116 1092 hujus
2164 1033 2387 1077 rectores
2428 1023 2758 1077 tenebrarum
2801 1024 3008 1086 harum,
3035 1024 3281 1078 adversus
3325 1026 3538 1095 spirita-

1959 1111 2032 1166 lia
2071 1113 2311 1182 nequitia:
2340 1113 2395 1166 in
2424 1112 2730 1166 caelestibus.
2762 1112 2839 1166 De
2868 1112 3063 1181 quibus
3090 1113 3253 1167 etiam
3281 1113 3408 1167 illud
3435 1114 3532 1167 Dei

1959 1202 2183 1266 dictum,
2234 1217 2332 1272 per
2373 1202 2692 1272 prophetam
2733 1202 3133 1272 intelligendum
3187 1203 3412 1269 videtur,
3444 1205 3536 1257 ubi

1961 1292 2066 1346 ait:
2088 1292 2154 1346 Et
2176 1293 2463 1347 inebriatus
2477 1302 2549 1347 est
2563 1292 2770 1363 gladius
2793 1310 2936 1346 meus
2957 1294 3011 1345 in
3034 1292 3158 1347 coelo
3174 1293 3307 1363 (Isa.
3327 1292 3533 1363 xxxw).

1961 1381 2195 1437 Necesse
2237 1391 2322 1437 est
2365 1382 2510 1437 enim
2560 1381 2830 1452 spiritales
2878 1382 3162 1452 nequitias,
3191 1398 3309 1451 qua:
3340 1383 3392 1437 in
3420 1397 3535 1436 c03-

1961 1471 2187 1527 lestibus
2211 1487 2335 1527 esse
2356 1473 2627 1537 dicuntur,
2651 1474 2740 1542 qui
2772 1482 2898 1527 sunt
2923 1474 3034 1528 veri
3064 1474 3371 1537 Chananmi,
3396 1474 3537 1528 vinci

1962 1574 1994 1613 a
2023 1566 2098 1624 te,
2126 1568 2180 1615 et
2205 1560 2397 1631 expelli
2421 1561 2487 1616 de
2509 1561 2821 1616 cmlestibus
2848 1561 3004 1627 locis,
3029 1571 3086 1615 ut
3112 1571 3167 1616 tu
3198 1578 3295 1631 pro
3318 1564 3421 1617 illis
3442 1564 3539 1617 ha-

1962 1646 2102 1702 bites
2124 1647 2216 1702 ibi.
2250 1647 2377 1703 Scio
2406 1648 2584 1703 tamen
2603 1650 2848 1720 gigantes
2868 1666 2960 1704 eos
2989 1665 3128 1705 esse.
3154 1650 3317 1721 Gigas
3345 1652 3547 1707 dicitur

271 1742 536 1798 Christus
563 1741 680 1797 sine
706 1741 821 1811 lege
841 1781 856 1805 ,
879 1756 981 1795 nec
1005 1740 1092 1795 lex
1113 1740 1231 1795 sine
1255 1739 1472 1796 Christo
1500 1754 1619 1794 esse
1643 1738 1858 1803 poterit.
1891 1733 1937 1791 B
1965 1738 2161 1801 omnis,
2190 1740 2280 1807 qui
2302 1740 2588 1794 adversum
2614 1740 2783 1795 Deum
2821 1740 3049 1795 resistit.
3074 1740 3390 1810 Quicunque
3410 1759 3540 1813 ergo

277 1833 598 1902 Reversique
625 1834 978 1902 exploratores
1009 1841 1193 1898 terrm,
1232 1839 1347 1900 post
1374 1829 1725 1900 quadraginta
1753 1829 1863 1882 dies

276 1934 535 1977 venerunt
576 1922 644 1976 ad
670 1921 887 1992 Moysen
918 1932 965 1976 et
992 1922 1167 1975 Aaron
1187 1962 1202 1981 .
1228 1931 1276 1976 et
1310 1921 1380 1975 ad
1409 1937 1611 1975 omnem
1634 1920 1864 1989 ﬁliorum

277 2014 459 2068 Israel
491 2014 775 2068 exercitum
803 2014 859 2067 in
887 2013 1147 2068 desertum
1175 2011 1394 2068 Pharon
1416 2014 1556 2085 quod
1581 2021 1655 2067 est
1678 2014 1735 2066 in
1762 2013 1866 2067 Ca-

278 2104 398 2157 des.
438 2102 686 2158 Solitudo
722 2103 937 2157 Pharao
969 2102 1156 2158 decem
1188 2111 1244 2158 et
1273 2112 1398 2160 octo
1435 2104 1678 2160 continet
1712 2119 1866 2158 man-

279 2198 501 2259 siones,
544 2196 595 2249 in
639 2210 869 2264 quarum
917 2194 1104 2248 ultima
1150 2194 1353 2250 reversi
1391 2194 1760 2264 exploratores
1796 2194 1865 2248 ad

280 2286 533 2357 Moysen,
563 2286 1008 2340 renuntiaverunt
1033 2300 1154 2356 quae
1178 2287 1233 2341 in
1263 2294 1406 2341 terra
1432 2286 1867 2356 repromissionis

280 2384 719 2446 conspexerant,
750 2383 1087 2443 reportantes
1113 2376 1239 2430 inde
1263 2375 1476 2430 botrum
1506 2377 1559 2430 in
1585 2386 1762 2441 vecte,
1793 2376 1869 2433 si-

282 2467 397 2521 mul
430 2484 553 2521 eum
590 2466 974 2535 malogranatis
1000 2474 1053 2520 et
1085 2466 1198 2521 ﬁcis
1232 2468 1333 2522 loci
1371 2467 1530 2522 illius.
1566 2467 1695 2523 lude
1723 2478 1777 2523 et
1809 2468 1865 2522 in

280 2560 638 2630 sequentibus
675 2560 935 2627 scriptum
974 2569 1054 2614 est
1097 2577 1109 2612 :
1156 2557 1388 2628 Profecti
1422 2561 1486 2614 dc
1526 2559 1864 2630 Asiongaber,

281 2656 650 2710 castrametati
671 2652 793 2709 sunt
816 2657 871 2710 in
892 2656 1093 2710 deserto
1118 2655 1236 2720 Sin,
1258 2656 1355 2708 hoc
1373 2664 1469 2719 est,
1492 2653 1679 2707 Gades.
1695 2653 1868 2708 Cadcs

282 2757 469 2802 autem
488 2789 504 2813 ,
531 2765 637 2804 nou
668 2756 728 2803 ut
753 2748 994 2818 plerique
1018 2749 1289 2803 instituant
1311 2755 1496 2801 sancta
1526 2746 1745 2812 dicitur,
1773 2747 1868 2801 sed

284 2847 493 2892 mutata
522 2838 636 2893 sive
663 2837 939 2893 translata.
967 2837 1025 2892 ln
1056 2839 1157 2893 hac
1188 2837 1466 2891 mansione
1492 2836 1723 2890 moritur
1754 2835 1866 2889 Ma-

285 2931 368 2984 ria
409 2938 469 2984 et
506 2929 792 3000 sepelitur;
837 2939 893 2984 et
926 2939 1150 2999 propter
1188 2944 1359 2998 aquas
1391 2927 1867 2998 contradictionis,

285 3020 503 3091 Moyses
522 3029 578 3076 et
600 3021 783 3075 Aaron
807 3020 1087 3076 olfendunt
1109 3021 1413 3085 Dominum,
1441 3027 1497 3076 et
1515 3019 1870 3089 prohibentur

286 3112 525 3166 transire
550 3110 862 3166 Iordanem.

892 3201 1119 3273 CAPUT
1157 3200 1251 3255 ιιι.

283 3293 368 3350 De
396 3311 666 3348 murmure
690 3292 869 3363 populi
902 3301 951 3346 et
977 3293 1205 3346 vindicta
1235 3292 1298 3345 ob
1328 3292 1425 3346 hoc
1448 3293 1505 3345 in
1531 3307 1618 3346 eos
1640 3290 1866 3362 prolata.

362 3384 541 3458 (ῐιιιυ.)
581 3385 864 3455 Locutique
901 3386 975 3438 eis
998 3392 1048 3438 et
1084 3385 1225 3437 omni
1249 3383 1599 3448 multitudini,
1635 3383 1871 3438 ostende-

290 3486 413 3530 runt
440 3477 644 3545 {ructus
672 3484 849 3540 terra',
877 3486 925 3529 et
953 3484 1297 3529 narraverunt
1326 3475 1554 3529 dicentes
1576 3488 1595 3525 :
1630 3472 1871 3528 Venimus

288 3566 346 3619 in
372 3576 570 3619 terram
601 3565 669 3618 ad
690 3582 848 3636 quam
882 3564 1071 3618 misisti
1099 3580 1214 3628 nos,
1245 3579 1362 3635 qua:
1391 3580 1569 3618 revera
1594 3564 1713 3632 fluit
1740 3563 1873 3618 lacte

208 3724 215 3730 θ
288 3666 337 3711 et
364 3654 541 3719 melle,
569 3663 626 3708 ut
651 3670 716 3709 ex
742 3654 823 3708 his
854 3653 1107 3724 fructibus
1142 3654 1384 3722 cognosci
1409 3662 1596 3722 potest.
1627 3652 1733 3707 Sed
1758 3650 1872 3705 cul-

291 3758 430 3801 tores
463 3745 780 3816 fortissimos
812 3745 1000 3809 habet,
1029 3754 1077 3798 et
1105 3744 1258 3797 urbes
1284 3742 1508 3812 grandes
1535 3741 1690 3795 nimis
1721 3750 1876 3812 atque

289 3823 804 3905 muratas.‘Stirpcm
835 3834 1015 3888 Enach
1046 3834 1272 3888 vidimus
1306 3831 1412 3897 ibi,
1442 3839 1499 3885 et
1527 3831 1754 3901 reliqua.
1799 3831 1876 3886 De

292 3928 730 4000 exploratoribus
786 3936 942 3983 terra:
986 3935 1270 3991 narratur,
1310 3926 1403 3995 qui
1426 3925 1575 3980 missi
1601 3924 1878 3978 renuntia-

291 4032 443 4088 rent,
489 4021 635 4091 quod
674 4029 820 4075 terra
859 4020 1077 4089 quidem
1118 4019 1190 4074 sit
1230 4019 1369 4073 bona
1414 4024 1469 4072 et
1512 4014 1873 4078 admirabilis,

292 4114 544 4169 habitent
580 4119 761 4166 autem
802 4111 855 4164 in
904 4124 967 4164 ea
1014 4110 1109 4163 ﬁlii
1155 4109 1452 4180 gigantum.
1494 4106 1651 4162 Jesus
1696 4116 1877 4161 tamen

291 4222 399 4260 non
436 4204 718 4273 desperat,
766 4202 860 4258 sed
905 4201 1188 4257 conﬁrmat
1222 4200 1404 4270 populi
1442 4198 1599 4254 ﬁdem
1627 4214 1751 4253 cum
1777 4196 1881 4252 Ca-

290 4297 418 4368 leph
435 4335 452 4362 ,
489 4296 583 4366 qui
608 4303 691 4350 est
717 4295 783 4349 de
806 4295 948 4349 tribu
973 4292 1108 4348 Juda
1127 4334 1142 4358 ,
1168 4302 1224 4346 ct
1259 4292 1464 4347 dicunt.
1499 4289 1557 4345 Si
1585 4290 1755 4361 diligit
1786 4305 1879 4343 nos

290 4389 439 4442 Deus
460 4429 477 4453 ,
509 4386 803 4441 introducet
834 4384 929 4439 nos
974 4386 1031 4439 in
1063 4393 1256 4437 terram
1291 4382 1446 4436 hanc.
1483 4382 1613 4448 Quae
1643 4396 1771 4450 ergo
1797 4388 1881 4435 est

291 4488 445 4535 terra
494 4478 602 4532 ista
649 4476 942 4532 secundum
995 4472 1291 4543 spiritalem
1341 4470 1668 4526 intellectum
1695 4510 1710 4533 ,
1762 4486 1883 4538 qum

294 4581 445 4625 terra
497 4569 713 4637 quidem
758 4575 945 4623 sancta
992 4573 1076 4621 est
1117 4574 1173 4620 et
1215 4573 1359 4619 terra
1405 4565 1587 4628 bona,
1640 4562 1735 4617 sed
1783 4563 1881 4616 im.

291 4663 423 4733 pius
455 4660 762 4715 habitator?
788 4659 892 4727 Qui
925 4665 1051 4713 sunt
1079 4672 1209 4727 ergo
1236 4656 1325 4711 isti
1354 4657 1559 4717 hostes,
1595 4655 1686 4724 qui
1730 4653 1883 4708 habi-

297 4759 421 4808 tant
451 4751 505 4804 in
536 4759 679 4804 terra
710 4757 1047 4813 sanctorum,
1075 4755 1131 4801 et
1157 4746 1427 4816 quomodo
1460 4743 1709 4813 ejiciendi
1735 4754 1880 4810 sunt,

299 4852 360 4896 ut
408 4842 519 4901 illis
548 4841 769 4911 ejectis,
820 4841 993 4896 sancti
1033 4838 1327 4895 succedant
1359 4839 1412 4892 in
1443 4838 1622 4893 locum
1664 4838 1885 4892 eorum?

302 4932 615 4988 Redeamus
653 4931 723 4986 ad
764 4931 1084 5001 Evangelia,
1128 4930 1414 4986 redeamus
1449 4929 1515 4984 ad
1546 4928 1881 4999 Apostolum.

305 5022 599 5093 Evangelia
629 5022 833 5078 sanctis
868 5022 1193 5092 promittunt
1225 5034 1390 5089 regna
1427 5019 1709 5074 caelorum.
1745 5017 1889 5087 Apo-

306 5114 480 5172 stolus
516 5113 647 5168 dicit
689 5132 702 5167 :
739 5113 939 5167 Nostra
980 5122 1154 5167 autem
1193 5111 1514 5166 conversatio
1551 5110 1606 5163 in
1637 5108 1776 5163 ctelis
1810 5117 1887 5161 est

308 5204 534 5277 (Philip.
566 5203 671 5277 ιιι).
695 5204 752 5259 ln
776 5203 928 5259 cmlis
949 5217 1078 5274 ergo
1099 5202 1250 5256 locus
1274 5200 1625 5262 hau-edimus,
1654 5198 1745 5267 qui
1771 5211 1890 5267 pro-

310 5295 547 5350 mittitur
571 5295 806 5359 sanetis;
834 5303 891 5348 et
926 5293 1053 5362 quid
1077 5298 1352 5362 putamus,
1384 5290 1526 5358 quod
1555 5289 1608 5342 in
1644 5288 1730 5343 his
1756 5287 1891 5342 locis

313 5402 433 5455 qua:
450 5392 544 5440 tibi
572 5368 968 5456 promittuntur
993 5382 1172 5438 nullus
1195 5397 1302 5436 non
1325 5381 1600 5435 habitator
1619 5379 1703 5440 sit,
1731 5394 1892 5447 quem

319 5494 372 5534 tu
392 5478 590 5534 debeas
613 5478 738 5533 inde
757 5477 1045 5548 pugnando
1064 5474 1364 5545 depellere?
1384 5472 1452 5526 Et
1476 5471 1746 5541 quomodo
1764 5486 1895 5555 ergo

319 5567 447 5622 dicit
482 5566 746 5622 Dominus
788 5585 801 5619 :
846 5567 890 5620 Α
922 5564 1103 5618 diebus
1138 5562 1362 5616 Joannis
1395 5559 1647 5629 Baptista:
1682 5576 1895 5629 regnum

321 5659 561 5714 talorum
588 5658 686 5714 vim
712 5658 932 5730 patitur,
962 5668 1007 5712 et
1039 5657 1135 5710 vim
1165 5648 1409 5723 facientes
1438 5651 1689 5721 diripiunt
1729 5649 1898 5708 illud?

1965 1828 2282 1881 adversatur
2301 1826 2412 1883 Deo
2430 1836 2483 1883 et
2513 1829 2817 1883 contrarius
2856 1838 2941 1883 est
2989 1830 3225 1893 veritati,
3275 1831 3414 1899 quod
3463 1831 3541 1884 illi

1962 1917 2336 1987 principaliter
2389 1916 2613 1983 faciunt,
2659 1919 2853 1973 merito
2881 1920 3030 1990 gigas
3068 1920 3389 1989 appellatur.
3420 1920 3542 1975 Tibi

1963 2023 2092 2079 ergo
2118 2016 2427 2079 prmstatur,
2450 2018 2511 2063 ut
2543 2010 2727 2078 ejicias
2769 2011 3033 2080 gigantes,
3063 2022 3117 2067 et
3172 2012 3339 2068 intres
3368 2013 3420 2065 in
3458 2028 3542 2066 re-

1963 2118 2125 2173 gnum
2153 2118 2365 2159 eorum.
2387 2103 2471 2157 An
2502 2119 2610 2158 non
2649 2104 2713 2158 de
2743 2105 2972 2173 quodam
2996 2122 3064 2159 ex
3109 2105 3238 2175 ipsis
3281 2106 3540 2174 scriptum

1963 2199 2077 2246 est:
2106 2191 2210 2257 Qui
2236 2192 2455 2261 accipiet
2475 2209 2508 2245 a
2534 2193 2745 2262 gigante
2768 2190 2937 2258 spolia
2956 2192 2980 2245 1’
3000 2191 3077 2247 De
3099 2208 3205 2262 quo
3225 2193 3386 2247 etiam
3411 2192 3543 2247 dicit

1965 2279 2227 2336 Dominus
2256 2280 2309 2336 in
2336 2281 2626 2352 Evangelio
2655 2296 2670 2335 :
2701 2280 2870 2335 Nemo
2895 2290 3062 2352 potest
3090 2282 3308 2336 introire
3352 2282 3409 2335 in
3454 2282 3546 2335 do-

1964 2390 2108 2427 mum
2139 2374 2312 2443 fortis,
2345 2384 2392 2429 et
2413 2374 2641 2445 diripere
2667 2392 2792 2429 vasa
2821 2375 2959 2444 ejus,
3002 2373 3102 2429 nisi
3122 2375 3269 2444 prius
3292 2373 3543 2444 alligave—

1966 2466 2035 2519 rit
2064 2467 2251 2536 fortem
2277 2467 2471 2538 (Marc.
2495 2467 2600 2539 ιιι).
2626 2466 2779 2523 Nunc
2793 2482 2921 2538 ergo
2947 2467 3001 2521 in
3029 2474 3285 2535 quantum
3318 2466 3370 2519 in
3396 2481 3545 2531 com—

1965 2558 2301 2625 parationem
2351 2558 2602 2612 humana:
2653 2565 2708 2612 et
2763 2556 3107 2611 daemoniaca:
3157 2562 3384 2620 natura},
3444 2570 3545 2609 nos

1963 2647 2189 2703 locustae
2216 2664 2422 2713 sumus,
2442 2656 2495 2702 et
2524 2647 2597 2701 illi
2627 2647 2904 2719 gigantes;
2934 2654 2991 2702 et
3022 2646 3288 2717 prmeipue
3316 2646 3362 2701 si
3382 2645 3545 2701 dubia

1968 2737 2039 2792 sit
2083 2738 2216 2792 ﬁdes
2244 2744 2435 2793 nostra
2483 2746 2537 2793 et
2570 2738 2617 2793 si
2664 2753 2764 2793 nos
2792 2744 3094 2808 perterrent
3124 2736 3434 2801 inﬁdelitas,
3466 2735 3546 2792 illi

1970 2844 2099 2884 vere
2123 2830 2367 2899 gigantes
2391 2837 2573 2894 erunt,
2602 2836 2658 2883 et
2679 2844 2780 2883 nos
2826 2828 3047 2883 locustae
3085 2842 3286 2882 sumus.
3333 2826 3389 2880 Si
3416 2842 3545 2881 vero

1969 2934 2258 2989 sequamur
2282 2918 2486 2984 Jesum,
2508 2926 2564 2974 et
2589 2917 2859 2973 credimus
2885 2917 3066 2972 verbis
3080 2916 3197 2986 ejus
3215 2932 3278 2971 ac
3304 2915 3405 2970 ﬁde
3427 2915 3545 2985 ejus

1972 3010 2298 3080 repleamur,
2355 3019 2612 3079 tanquam
2671 3008 2806 3064 nihil
2856 3017 3016 3063 erunt
3058 3016 3303 3079 respectu
3353 3009 3543 3063 nostri.

1894 3080 1939 3142 (ἶ
1970 3100 2107 3154 Audi
2129 3101 2273 3155 enim
2300 3100 2568 3169 quomodo
2589 3114 2688 3154 nos
2729 3099 2979 3153 hortatur
3008 3107 3059 3153 et
3091 3098 3219 3155 dicit
3248 3116 3260 3151 :
3298 3097 3359 3153 Si
3403 3108 3546 3152 amat

1970 3207 2064 3246 nos
2090 3191 2371 3256 Dominus,
2402 3190 2694 3244 introducel
2742 3206 2835 3243 nos
2864 3189 3006 3243 Deus
3052 3189 3106 3241 in
3161 3196 3352 3242 terram
3388 3188 3546 3253 hanc,

1968 3296 2086 3350 quin
2135 3279 2271 3333 bona
2324 3289 2419 3346 est,
2466 3288 2514 3333 et
2564 3279 2769 3349 fructus
2825 3278 2938 3349 ejus
2980 3276 3255 3331 mirabilis.
3288 3277 3468 3348 Typus
3491 3285 3546 3330 et

1972 3370 2168 3439 ﬁgura,
2197 3385 2316 3439 quae
2341 3368 2619 3439 praecessit
2641 3369 2695 3423 in
2723 3368 2989 3439 patribus,
3018 3354 3319 3436 completur
3358 3366 3411 3419 in
3452 3379 3553 3421 no-

1972 3410 2006 3424 ..
2049 3410 2168 3435 .....,
2237 3410 2316 3424 ...δυ
2381 3410 2695 3424 ,υνννυυη
2762 3410 2989 3433 ...........,
3454 3410 3523 3421 ..ν

1972 3410 2076 3515 ιιξι.
2109 3410 2402 3527 Eje‘t‘mrur’it
2429 3457 2502 3512 illi
2524 3410 2757 3527 gentes,r
2756 3465 2813 3512 et
2829 3410 3305 3513 consecutzersunt
3324 3455 3553 3510 Incredi-

1977 3556 2141 3604 tatem
2167 3564 2386 3613 eorum;
2417 3549 2693 3603 consecuti
2729 3556 2853 3602 sunt
2883 3562 3099 3602 omnem
3126 3554 3326 3599 terram
3354 3544 3551 3599 .ludteae

1974 3647 2030 3693 et
2052 3636 2374 3703 Jerusalem,
2398 3643 2451 3690 et
2475 3636 2751 3690 civitatem
2779 3644 2832 3691 et
2863 3644 3101 3690 montem
3134 3634 3285 3688 Sion.
3328 3633 3454 3686 llaec
3497 3633 3553 3685 in

1977 3727 2082 3782 illis
2107 3726 2327 3796 impleta
2351 3735 2497 3781 sunt.
2542 3725 2624 3781 Ad
2670 3734 2723 3779 te
2766 3731 2948 3778 autem
2993 3722 3122 3792 quid
3159 3721 3391 3775 dicitur:
3428 3718 3552 3771 Non

1976 3817 2137 3883 enim,
2161 3816 2353 3886 inquit,
2385 3816 2675 3870 accessistis
2707 3813 2776 3867 ad
2798 3830 2879 3877 ea,
2904 3828 3021 3883 qua:
3041 3808 3266 3865 visibilia
3288 3816 3432 3872 sunt,
3463 3806 3552 3859 sed

1978 3911 2046 3965 ad
2074 3910 2375 3965 invisibilia.
2430 3909 2733 3964 Accessistis
2775 3907 2931 3969 enim,
2980 3904 3180 3975 inquit,
3230 3903 3298 3957 ad
3330 3911 3553 3957 montem

1980 4000 2075 4054 Dei
2100 4001 2330 4065 viventis,
2356 4010 2403 4053 et
2429 3999 2498 4053 ad
2523 4000 2779 4053 civitatem
2796 3994 3113 4061 Jerusalem,
3135 4003 3183 4048 et
3222 3993 3291 4046 ad
3320 3990 3556 4046 multitu-

1980 4091 2155 4146 dinem
2177 4088 2483 4160 angelorum
2508 4087 2694 4161 (Hebr.
2726 4088 2847 4159 xu).
2887 4086 2994 4142 Sed
3014 4094 3069 4140 et
3097 4084 3224 4139 alibi
3248 4084 3389 4138 idem
3414 4082 3556 4149 Apo-

1981 4181 2150 4236 stolus
2173 4181 2305 4234 dicit
2330 4198 2341 4232 :
2373 4177 2670 4232 Jerusalem
2697 4185 2890 4241 autem,
2917 4190 3034 4246 qua:
3054 4187 3262 4227 sursum
3297 4180 3369 4223 est
3392 4167 3556 4220 libera

1981 4254 2238 4340 est,'quaz
2290 4278 2363 4322 est
2411 4277 2578 4321 mater
2625 4266 2856 4319 omnium
2915 4271 3212 4316 nostrorum
3261 4255 3403 4330 (Gal.
3457 4255 3586 4334 Iv)._

1939 4383 1943 4387 ’
1986 4354 2042 4408 Si
2071 4355 2193 4424 quis
2213 4354 2392 4407 verbis
2416 4351 2658 4422 Apostoli
2688 4350 2919 4404 dicentis
2972 4344 3274 4401 Jerusalem
3298 4356 3418 4396 esse
3443 4354 3555 4395 cte-

1906 4420 1959 4479 Ῑ)
1987 4420 2175 4499 lestem
2199 4457 2305 4495 non
2332 4420 2707 4494 accommodat
2734 4436 2912 4497 ﬁdem,
2946 4440 3127 4504 potest
3167 4440 3223 4485 et
3250 4431 3364 4484 haec
3393 4427 3559 4483 verba

1985 4544 2173 4591 nostra
2206 4547 2481 4587 recusare.
2507 4529 2566 4584 Si
2595 4544 2725 4584 vero
2751 4526 2932 4582 verbis
2958 4523 3107 4578 Pauli
3135 4522 3267 4576 ﬁdes
3295 4517 3559 4573 adhiben-

1985 4628 2051 4683 da
2089 4636 2190 4690 est,
2235 4632 2289 4679 et
2334 4622 2635 4677 Jerusalem
2676 4618 2952 4674 emlestem
2999 4622 3121 4669 esse
3163 4610 3450 4673 credimus,
3492 4607 3562 4661 ad

1987 4731 2171 4791 typum
2214 4725 2443 4771 terrena:
2473 4711 2656 4781 hujus.
2708 4711 2776 4765 Et
2816 4723 2937 4779 qua:
2975 4705 3177 4775 scripta
3223 4703 3473 4757 videntur
3496 4700 3565 4791 de

1987 4789 2090 4865 hac
2118 4816 2331 4862 terrena
2362 4806 2428 4859 ad
2456 4803 2601 4857 illam
2631 4800 2907 4856 cmlestem
2931 4795 3132 4851 rectius
3161 4791 3388 4864 spiritali
3408 4789 3565 4845 intel-

1991 4898 2210 4969 ligentia
2263 4893 2628 4951 conferemus.
2673 4888 3016 4945 Aecessimus
3044 4899 3174 4955 ergo
3204 4885 3344 4939 sicut
3367 4879 3567 4935 Paulus

1991 4989 2122 5043 dicit
2141 4987 2210 5041 ad
2230 4985 2507 5040 caelestem
2530 4979 2856 5043 Jerusalem,
2873 4977 2989 5032 sine
3011 4974 3175 5030 dubio
3200 4972 3268 5027 ad
3290 4969 3563 5025 cmlestem

1991 5077 2251 5133 Indicam.
2297 5074 2363 5128 Et
2388 5073 2529 5127 sicut
2554 5071 2630 5125 illi
2673 5070 2738 5124 de
2787 5065 3035 5123 terrestri
3085 5063 3266 5118 Iudaea
3290 5058 3568 5128 ejeceruut

1992 5166 2329 5222 Chananecos
2355 5172 2411 5218 et
2436 5163 2624 5216 Evaeos
2648 5169 2704 5215 et
2739 5159 2978 5229 reliquas
3006 5163 3213 5227 gentes,
3232 5152 3323 5223 .ita
3365 5155 3420 5201 et
3443 5159 3564 5210 nos,

1995 5260 2086 5329 qui
2113 5256 2441 5312 accessimus
2460 5255 2529 5308 ad
2546 5260 2783 5307 montem
2806 5251 2924 5316 Dei,
2947 5258 3003 5303 et
3024 5247 3091 5301 ad
3114 5257 3277 5313 regna
3300 5235 3565 5300 cmlestia,

1994 5362 2215 5404 necesse
2241 5356 2324 5402 est
2348 5354 2408 5401 ut
2430 5345 2762 5415 expellamus
2791 5343 2858 5397 de
2883 5342 2963 5395 eis
3000 5345 3187 5391 contra
3198 5346 3305 5385 ruas
3326 5333 3570 5397 potesta-

1997 5452 2101 5507 tes,
2128 5451 2182 5497 et
2202 5439 2465 5511 spiritalia
2499 5436 2752 5506 nequitia:
2784 5435 2837 5487 in
2868 5428 3200 5487 cmlestibus.
3233 5423 3301 5476 Et
3327 5415 3569 5511 sicutilli

1996 5507 2270 5605 ejeceruut
2286 5530 2589 5586 Jebuszeum
2608 5529 2673 5584 de
2693 5525 3016 5585 Jerusalem,
3033 5526 3088 5572 et
3105 5529 3224 5585 quae
3239 5512 3388 5605 prius
3404 5507 3570 5564 Jehus

2001 5600 2224 5679 vocitata
2255 5622 2449 5685 fuerat,
2477 5617 2815 5688 postmodum
2855 5607 3148 5666 Jerusalem
3173 5600 3436 5675 appellata
3463 5605 3569 5664 est,
