3932 6188
415 308 515 365 671
1074 304 1134 359 Β.
1177 303 1432 359 RA‘BANI
1472 302 1687 359 MAUBI
1728 299 2053 356 ARCHIEP.
2095 300 2399 360 MOGUNT.
2438 298 2726 362 OPERUM
2764 306 2944 363 PARS
2982 310 3023 364 l.
3571 314 3679 369 672

411 425 490 478 ita
518 430 575 477 et
599 435 701 477 nos
722 426 936 490 oportet
957 418 1227 487 expellere
1248 415 1553 471 Jebuszeum
1576 417 1643 470 de
1668 413 1991 476 Jerusalem,
2024 413 2071 473 A
2098 429 2226 483 ceps
2254 416 2450 486 agitur,
2481 425 2538 470 et
2559 418 2625 471 ad
2656 417 2970 488 lapidandos
2991 437 3107 487 eos,
3123 424 3213 492 qui
3239 424 3377 479 bona
3403 430 3673 495 nuntiant,

411 521 467 567 et
515 512 596 566 sic
642 509 1010 565 btercditatem
1055 507 1172 576 ejus
1219 505 1496 575 consequi.
1537 504 1643 561 Sed
1667 505 1742 559 illi
1772 504 1992 573 quidem
2094 506 2342 574 prosilit:
2376 507 2625 576 Majestas
2670 510 2882 564 Domini
2937 526 3064 567 vero
3096 516 3331 584 protegit
3362 532 3455 572 eos
3492 518 3546 573 in
3575 537 3676 574 nu-

413 603 686 658 faciehant
711 603 827 655 haec
855 601 1024 656 armis
1047 599 1371 665 visibilibus,
1404 614 1507 653 nos
1536 606 1717 653 autem
1748 597 1993 651 invisibi-
2094 595 2266 660 bibus,
2298 605 2353 653 et
2373 600 2510 654 dixit
2528 600 2788 657 Dominus
2801 603 2867 657 ad
2890 603 3106 675 Moysen
3134 624 3145 659 :
3177 604 3385 660 Feriam
3400 625 3487 663 eos
3509 622 3674 665 morte

411 692 571 746 libus.
600 690 681 744 Illi
711 689 1002 744 vincebant
1027 687 1400 757 corporalibus
1436 686 1660 756 przeliis,
1689 701 1790 741 nos
1811 694 1991 739 autem
2091 694 2140 737 et
2168 686 2465 741 interimam
2485 706 2590 754 eos,
2622 700 2670 744 et
2697 692 2891 761 faciam
2914 703 2964 746 te
2984 703 3031 748 et
3057 695 3269 749 domum
3311 700 3477 767 patris
3506 702 3585 752 tui
3615 703 3672 755 in

408 780 644 852 spiritali
691 780 991 835 certamine
1038 793 1339 849 speramus.
1383 776 1540 843 Quod
1571 778 1615 831 si
1656 777 1738 831 vis
1777 776 1988 841 audire,
2093 775 2354 829 nationem
2378 795 2642 848 magnam,
2665 792 2713 835 et
2740 781 2904 836 multo
2926 787 3292 857 magis,quam
3316 790 3427 842 lucc
3460 802 3557 845 est.
3586 792 3672 847 Fit

408 874 631 939 Paulus,
660 874 750 942 qui
780 888 887 928 non
912 871 1085 927 solum
1112 871 1372 942 magister
1400 870 1659 941 gentium,
1688 869 1784 924 sed
1809 878 1867 923 et
1891 870 1992 923 mi-
2004 914 2067 951 ελ
2093 880 2220 934 ergo
2250 873 2398 921 tanta
2429 869 2544 923 haec
2564 872 2914 927 comminatio
2940 890 2971 928 a
3006 876 3256 943 Domino,
3282 894 3388 932 non
3411 890 3469 934 ut
3500 883 3667 951 passi-

410 966 542 1020 litize
569 953 726 1032 hujus
752 963 1010 1032 magister
1033 970 1134 1025 est,
1161 961 1431 1030 quomodo
1468 959 1791 1030 pugnaverit
1815 959 1986 1029 prior,
2038 953 2069 969 ’³
2089 953 2213 1009 bilis
2231 961 2288 1010 et
2314 956 2608 1013 iracundia:
2631 960 2762 1016 vitio
2803 961 3088 1031 subjacens
3132 969 3438 1022 ostenditur
3489 972 3666 1026 divina

407 1055 534 1109 audi
558 1053 687 1124 quid
716 1053 831 1122 ipse
860 1052 1157 1115 describat,
1181 1051 1322 1106 sicut
1345 1050 1511 1104 etiam
1531 1065 1693 1118 supra
1724 1064 1990 1104 memora-
2088 1053 2303 1113 natura,
2330 1048 2425 1103 sed
2454 1058 2515 1104 ut
2558 1066 2658 1121 per
2678 1052 2796 1108 htec
2821 1062 2876 1108 et
2902 1054 3069 1126 Moysi
3094 1058 3333 1114 charitas
3355 1076 3517 1131 quam
3542 1079 3666 1135 erga

405 1146 583 1201 vimus
613 1162 627 1200 :
666 1142 790 1198 Non
840 1152 936 1210 est,
988 1143 1181 1214 inquit,
1232 1142 1379 1196 nobis
1410 1142 1709 1196 colluctatio
1741 1141 1988 1195 adversus
2088 1136 2344 1207 populum
2374 1139 2627 1206 habebat,
2644 1150 2700 1198 et
2722 1142 2816 1198 Dei
2848 1143 3086 1209 bonitas,
3116 1163 3238 1218 qua:
3262 1165 3422 1219 supra
3450 1167 3666 1208 omnem

404 1254 618 1292 carnem
642 1246 688 1290 et
715 1237 1042 1306 sanguinem,
1071 1234 1162 1289 sed
1191 1234 1442 1289 adversus
1465 1233 1793 1304 principatus
1817 1242 1864 1286 et
1895 1247 1990 1303 po-

407 1337 641 1392 testates,
667 1327 915 1381 adversus
945 1335 1167 1381 rectores
1192 1326 1377 1380 mundi
1420 1325 1581 1396 hujus
1632 1325 1984 1390 tenebrarum,

405 1418 681 1481 adversum
701 1416 965 1487 spiritalia
988 1416 1230 1487 nequitia:
1254 1415 1307 1468 in
1335 1413 1624 1469 caelestibus
1651 1413 1865 1485 (Ephes.
1882 1412 1981 1484 γι).

401 1507 700 1578 Pmpterea
721 1516 777 1562 et
801 1509 942 1563 hanc
970 1521 1203 1578 pugnam
1235 1504 1530 1577 Spiritalem
1557 1513 1718 1575 atque
1743 1504 1986 1560 invisibi-

404 1598 510 1652 lem
559 1598 899 1668 pugnaturis,
949 1596 1212 1668 spiritalia
1256 1611 1407 1651 arma
1440 1605 1495 1652 et
1548 1596 1837 1651 invisibilia
1877 1595 1985 1651 tela

2086 1236 2323 1281 mentem
2335 1230 2850 1287 estinnotescerent.
2869 1232 3141 1291 Scribitur
3160 1239 3305 1293 enim
3338 1240 3502 1296 irasci
3527 1242 3669 1298 Deus

2085 1324 2140 1370 et
2163 1318 2480 1372 comminari
2513 1319 2788 1376 interitum
2814 1325 3033 1393 populo,
3075 1341 3184 1396 quo
3221 1328 3484 1385 doceatur
3508 1333 3666 1387 homo

2086 1413 2296 1461 tantum
2322 1408 2425 1463 sibi
2449 1424 2570 1464 esse
2598 1412 2739 1480 apud
2763 1412 2930 1468 Deum
2958 1413 3060 1471 loci
3090 1424 3405 1490 tantumque
3432 1421 3661 1489 ﬁduciae,

2085 1505 2145 1550 ut
2166 1497 2329 1552 etiam
2360 1500 2406 1554 si
2428 1500 2498 1555 sit
2525 1500 2702 1571 aliqua
2735 1503 2790 1558 in
2830 1504 2942 1561 Deo
2988 1506 3303 1579 indignatio,
3334 1512 3665 1571 obsecratio-

2083 1584 2243 1640 nibus
2264 1587 2543 1658 mitigetur
2565 1591 2837 1658 humanis,
2863 1602 3177 1667 tantumque
3203 1599 3270 1655 de
3285 1615 3351 1656 eo
3373 1602 3663 1673 impetrare

402 1689 679 1758 componit
702 1696 760 1743 et
798 1688 930 1743 dicit
963 1705 976 1741 :
1014 1685 1229 1741 Induite
1252 1703 1339 1741 vos
1365 1686 1585 1740 loricam
1637 1685 1908 1739 charitatis
1932 1695 1983 1739 et
2007 1748 2051 1758 ᾤ
2081 1689 2242 1745 Posse
2290 1677 2588 1747 hominem:
2637 1690 2698 1737 ιιι
2742 1691 2801 1738 εί
2843 1687 3059 1756 Propria
3090 1689 3332 1746 ίηεῑίῑυιδ
3358 1706 3656 1752 convertat-

400 1748 603 1849 galeam
625 1778 832 1845 salutis,
865 1787 1184 1832 assumentcs
1236 1785 1443 1831 scutum
1470 1775 1620 1845 ﬁdei,
1656 1776 1711 1829 in
1731 1791 1833 1846 quo
1856 1791 1977 1846 pos—
2007 1748 2058 1812 Β
2086 1768 2309 1859 Bonitas
2326 1771 2471 1826 enim
2493 1788 2613 1843 quae
2642 1777 2992 1848 subsecuntur
3022 1781 3381 1849 iracundiam,
3408 1794 3465 1840 el
3492 1787 3655 1859 Moysi

399 1870 513 1925 sitis
532 1871 707 1924 omnia
736 1869 839 1923 tela
860 1867 1075 1939 maligni
1103 1867 1267 1938 ignita
1290 1868 1637 1937 exstinguere.
1669 1864 1776 1921 Sed
1795 1874 1842 1919 et
1866 1864 1980 1936 gla-

398 1962 545 2015 dium
575 1962 813 2032 spiritus,
842 1961 1033 2030 inquit,
1060 1961 1330 2024 assumite,
1375 1959 1514 2029 quod
1544 1968 1618 2013 est
1644 1960 1857 2013 verbum
1881 1957 1976 2013 Dei

398 2050 608 2123 (lbid.).
634 2050 770 2106 Cum
791 2065 920 2121 ergo
949 2049 1144 2105 talibus
1169 2058 1223 2103 te
1245 2049 1545 2103 armaveris
1581 2047 1721 2114 telis,
1745 2062 1977 2119 sequens

393 2139 813 2205 Jesumaducem,
844 2156 951 2195 non
988 2140 1231 2195 verearis
1273 2140 1517 2211 gigantes
1560 2139 1701 2196 illos.
1758 2139 1977 2196 Videbis

394 2229 537 2285 enim
565 2231 833 2299 quomodo
860 2246 955 2287 eos
979 2231 1073 2287 tibi
1103 2230 1352 2302 subiiciet
1377 2229 1554 2286 Jesus.
1590 2231 1657 2285 Et
1688 2231 1830 2286 sicut
1875 2228 1976 2284 Pa-

395 2330 507 2375 tres
526 2321 877 2377 calcaverunt
903 2321 1149 2387 cervices
1169 2322 1433 2393 gentium,
1472 2322 1546 2376 ita
1566 2330 1621 2377 et
1650 2329 1709 2376 tu
1738 2321 1975 2377 calcabis

394 2424 557 2479 super
581 2411 823 2465 cervices
846 2411 1146 2465 hominum.
1171 2410 1289 2481 lpse
1305 2411 1449 2466 enim
1477 2411 1608 2465 dicit
1630 2411 1714 2467 his
1736 2412 1827 2481 qui
1849 2425 1971 2466 eum

395 2498 627 2554 ﬁdeliter
653 2509 954 2569 sequuntur
980 2519 994 2554 :
1019 2500 1152 2555 Ecce
1181 2501 1318 2555 enim
1346 2501 1467 2554 dedi
1494 2502 1634 2555 vobis
1668 2510 1971 2571 potestatem

392 2586 634 2643 calcandi
659 2607 815 2659 super
834 2599 1093 2660 serpentes
1114 2599 1161 2644 et
1185 2591 1506 2660 scorpiones,
1529 2599 1576 2644 et
1592 2607 1749 2660 super
1768 2606 1971 2644 omnem

390 2679 631 2734 virtutem
656 2679 854 2733 inimici
912 2679 1066 2752 (Luc.
1097 2680 1174 2750 χ).
1218 2680 1343 2737 Vult
1378 2681 1523 2736 enim
1573 2679 1731 2736 Jesus
1758 2695 1974 2750 semper

389 2783 480 2823 res
502 2769 781 2824 mirabiles
805 2769 1015 2836 facere;
1066 2771 1180 2825 vult
1229 2771 1296 2827 de
1324 2772 1549 2828 locustis
1581 2772 1826 2844 gigantes
1853 2772 1973 2827 vin-

389 2873 543 2926 cere;
576 2869 632 2915 et
660 2864 723 2915 de
745 2860 833 2916 his
853 2863 943 2931 qui
972 2863 1025 2918 in
1058 2863 1220 2919 terris
1261 2872 1387 2919 sunt
1430 2864 1681 2921 caelestes
1706 2880 1970 2935 superare

393 2950 680 3017 nequitias.
709 2951 775 3005 Et
801 2952 1030 3008 fortasse
1056 2953 1160 3009 hoc
1179 2961 1316 3019 erat,
1331 2954 1473 3025 quod
1489 2955 1703 3011 dicebat
1719 2956 1772 3010 in
1798 2955 1971 3011 Evan-

388 3039 543 3108 geliis
563 3057 575 3092 :
595 3039 733 3106 Quia
749 3044 837 3110 qui
852 3042 1012 3096 credit
1028 3043 1081 3097 in
1094 3058 1233 3109 eum,
1249 3061 1351 3099 non
1368 3043 1535 3098 solum
1550 3044 1707 3116 faciet
1720 3043 1833 3110 illa,
1849 3062 1968 3116 qute

386 3131 496 3199 ipse
507 3130 655 3200 facit,
671 3130 763 3184 sed
784 3133 1013 3201 majora.
1034 3133 1229 3203 inquit,
1245 3136 1431 3188 horum
1453 3135 1607 3205 faciet
1630 3134 1809 3207 (Joan.
1829 3135 1960 3207 xrv).
1992 3118 2039 3180 (ἶ

389 3221 531 3275 Vere
557 3223 700 3277 enim
735 3223 908 3292 majus
940 3225 1068 3278 mihi
1129 3226 1357 3289 videtur,
1390 3226 1437 3280 si
1488 3227 1650 3281 homo
1703 3227 1755 3280 in
1798 3240 1964 3282 carne

388 3312 618 3380 positus,
645 3311 850 3382 fragilis
880 3321 934 3366 et
963 3314 1220 3379 caducus,
1268 3315 1372 3370 ﬁde
1422 3324 1629 3396 tantum
1680 3315 1882 3371 Christi
1910 3325 1965 3372 et

388 3402 556 3456 verbo
579 3401 695 3472 ejus
722 3412 980 3469 armatus,
1009 3420 1172 3475 super
1197 3407 1443 3478 gigantes
1471 3408 1774 3463 daemonum
1804 3409 1960 3481 legis,

374 3492 641 3560 quamvis
663 3493 776 3562 ipse
801 3493 869 3547 sit
893 3494 987 3563 qui
1015 3494 1182 3549 vincit
1207 3496 1257 3550 in
1282 3496 1456 3562 nobis,
1482 3497 1602 3568 plus
1628 3506 1807 3553 tamen
1832 3500 1963 3561 dicit

386 3596 526 3641 esse.
558 3582 699 3651 quod
730 3597 827 3652 per
849 3599 947 3638 nos
972 3584 1137 3640 vincit
1165 3602 1326 3657 quam
1356 3588 1500 3657 quod
1543 3603 1641 3658 per
1685 3603 1743 3643 se
1770 3589 1957 3644 vincit.

388 3671 623 3727 Tantum
649 3680 733 3728 est
752 3682 812 3727 ut
837 3690 936 3729 nos
961 3675 1127 3731 armis
1155 3677 1272 3732 istis
1305 3691 1521 3748 semper
1546 3678 1716 3735 simus
1743 3681 1959 3746 armati,

382 3771 442 3818 et
461 3764 800 3821 conversatio
824 3775 1009 3820 nostra
1038 3783 1252 3838 semper
1278 3769 1330 3822 in
1380 3771 1534 3825 cmlis
1557 3771 1649 3835 sit,
1676 3772 1759 3826 vel
1784 3773 1961 3827 omnis

381 3863 563 3908 motus
592 3864 796 3920 noster,
826 3858 1003 3912 omnis
1048 3867 1222 3925 actus,
1274 3861 1451 3916 omnis
1480 3861 1757 3932 cogitatio,
1783 3864 1960 3918 omnis

385 3956 568 3997 sermo
597 3945 838 3999 caelestis
858 3947 946 4001 sit.
972 3947 1185 4015 Quanto
1216 3951 1359 4004 enim
1388 3967 1487 4006 nos
1525 3952 1653 4007 illuc
1682 3954 1960 4010 ardentius

378 4034 747 4101 ascendimus,
778 4044 927 4091 tanto
953 4038 1027 4092 illi
1057 4040 1363 4109 pnecipites
1382 4042 1509 4096 inde
1530 4043 1961 4101 descendent.Et

377 4132 582 4194 quanto
609 4141 706 4182 nos
735 4144 1017 4200 augentur,
1065 4139 1213 4186 tanto
1240 4131 1317 4187 illi
1365 4132 1649 4192 inferiores
1690 4137 1954 4194 eﬂiciunt.

376 4219 531 4291 (Car.
569 4222 706 4290 xtv.)
730 4219 962 4294 Cumque
988 4223 1235 4281 clamaret
1260 4230 1429 4283 omnis
1468 4229 1773 4297 multitudo,
1801 4241 1849 4285 et
1878 4230 1958 4286 la-

375 4310 585 4378 pidibus
611 4312 759 4367 vellet
785 4331 871 4369 eos
899 4316 1205 4385 opprimere,
1254 4322 1497 4390 apparuit
1547 4322 1718 4393 gloria
1744 4325 1957 4382 Domini

375 4419 533 4472 super
560 4413 751 4459 tectum
777 4405 1009 4476 foederis,
1058 4411 1258 4465 cunctis
1307 4412 1593 4471 videntibus
1640 4415 1830 4473 Israel.
1884 4418 1953 4473 Et

377 4490 511 4544 dixit
562 4493 804 4547 dominus
832 4498 903 4548 ad
946 4496 1162 4567 Moysen
1197 4498 1517 4574 :Usquequo
1555 4505 1789 4561 detrahet
1828 4508 1955 4562 mihi

377 4580 599 4648 populus
626 4582 761 4638 istc?
789 4583 1067 4658 Quousque
1096 4604 1199 4642 non
1242 4592 1450 4645 credent
1481 4595 1607 4647 mihi
1639 4596 1692 4648 in
1718 4596 1955 4650 omnibus

378 4667 561 4735 signis,
587 4687 703 4737 qua:
731 4672 831 4741 feci
856 4691 1032 4730 coram
1055 4677 1169 4732 eis?
1188 4677 1400 4733 Feriam
1420 4681 1585 4750 igitur
1606 4701 1693 4737 eos
1708 4684 1953 4755 pestilen-

378 4758 454 4810 tia
476 4768 628 4829 atqne
643 4778 979 4831 consumam;
1006 4776 1054 4820 te
1069 4778 1242 4823 autem
1268 4768 1464 4837 faciam
1484 4773 1771 4843 principem
1799 4792 1955 4846 super

378 4858 578 4928 gentem
625 4866 890 4921 magnam,
915 4866 964 4910 et
992 4856 1263 4926 fortiorem
1305 4875 1462 4929 quam
1495 4861 1606 4916 Itwc
1646 4872 1741 4928 est,
1770 4873 1823 4919 et
1853 4867 1949 4921 rel.

379 4939 670 4997 Duodecim
715 4943 864 4999 missi
914 4954 1043 5001 sunt
1090 4947 1479 5018 inspectatores
1508 4967 1574 5007 ex
1608 4953 1730 5008 liliis
1765 4955 1947 5023 lsrael,

379 5030 444 5089 ad
468 5030 912 5088 considerandam
945 5043 1168 5101 terram,
1199 5054 1319 5106 quae
1347 5040 1429 5095 eis
1460 5039 1631 5115 fuerat
1664 5046 1950 5113 repromis-

378 5139 459 5179 sa.
483 5122 548 5177 lli
577 5139 790 5195 quoque
807 5136 930 5197 post
949 5129 1302 5201 quadraginta
1331 5132 1448 5187 dies
1471 5135 1721 5204 regressi,
1736 5137 1948 5193 diversa

378 5217 711 5271 renuntiant.
740 5217 874 5272 Nam
890 5234 958 5274 ex
989 5220 1075 5275 bis
1093 5222 1146 5275 in
1168 5224 1598 5294 desperationem
1622 5228 1841 5284 mittunt
1862 5247 1953 5301 po-

375 5310 583 5382 pulum.
612 5310 685 5364 ita
718 5320 779 5365 ut
807 5311 974 5367 velint
1026 5311 1235 5381 abjecto
1286 5315 1488 5388 Moyse,
1537 5317 1737 5390 eligere
1783 5321 1946 5377 alium

376 5406 597 5468 ducem,
625 5408 682 5456 et
705 5402 905 5457 reverti
932 5402 985 5457 in
1021 5402 1344 5476 Egyptum;
1375 5406 1466 5462 alii
1490 5423 1618 5464 vero
1655 5409 1760 5466 duo
1805 5411 1945 5466 bona

376 5493 643 5559 nuntiant,
669 5500 724 5548 et
746 5493 1098 5549 cohortantur
1120 5498 1371 5566 populum
1401 5514 1721 5570 permanere
1763 5500 1815 5554 in
1844 5500 1947 5556 ﬁde

375 5585 616 5642 dicentes
649 5605 661 5641 :
696 5586 756 5641 Si
780 5587 951 5659 diligit
980 5606 1073 5643 nos
1112 5588 1268 5657 Deus,
1324 5591 1614 5646 introducct
1647 5607 1736 5646 nos
1763 5592 1816 5645 in
1847 5602 1949 5646 ter—

380 5689 487 5729 ram
508 5677 661 5729 hanc.
691 5680 795 5733 Sed
814 5682 1036 5749 populus
1060 5681 1389 5739 inﬁdelitatis
1413 5683 1787 5753 desperatione
1809 5698 1945 5753 prac-

2079 1858 2331 1915 lldueiam
2350 1864 2587 1919 ostendit
2614 1868 2755 1935 apud
2778 1867 2971 1933 Deum,
2994 1879 3048 1924 et
3071 1871 3304 1928 alienam
3348 1876 3416 1931 ab
3445 1858 3657 1934 iracun—

2077 1948 2181 2004 dia:
2225 1951 2362 2006 vitio
2402 1953 2640 2009 divinam
2690 1955 2852 2012 docet
2895 1974 3017 2015 esse
3058 1972 3306 2018 naturam
3339 1982 3352 2018 :
3386 1967 3547 2020 simul
3605 1979 3659 2023 et

2077 2042 2398 2111 mysterium
2428 2044 2483 2098 in
2507 2045 2690 2102 saeculi
2714 2046 2912 2104 futuris
2931 2051 3253 2121 explendum
3281 2058 3525 2113 continet
3546 2077 3656 2114 scr-

2076 2145 2186 2197 mo,
2210 2146 2307 2201 per
2327 2149 2490 2203 quem
2518 2138 2788 2206 promittit
2809 2138 2951 2195 Deus
2963 2143 3108 2211 quod
3128 2143 3291 2199 alium
3316 2148 3420 2202 hoc
3445 2148 3657 2219 alzjectn

2076 2224 2385 2279 resuscitet.
2416 2223 2510 2279 Ait
2530 2227 2677 2281 enim
2704 2242 2719 2282 :
2743 2225 3047 2284 Percutiam
3069 2248 3156 2286 eos
3178 2245 3342 2289 morte
3370 2247 3416 2291 et
3440 2239 3654 2307 perdam

2074 2308 2184 2377 eos,
2206 2321 2255 2366 et
2278 2313 2474 2383 faciam
2499 2324 2550 2371 te
2569 2327 2620 2371 et
2642 2318 2856 2373 domum
2875 2323 3043 2391 patris
3067 2324 3147 2377 tui
3172 2325 3225 2379 in
3254 2328 3519 2381 nationem
3543 2346 3656 2383 nm-

2072 2419 2252 2474 gnam,
2283 2404 2448 2460 multo
2470 2410 2639 2479 magis
2658 2427 2818 2481 quam
2843 2413 2954 2467 Iuro
2979 2424 3076 2468 est.
3120 2415 3484 2474 Comminatio
3509 2423 3652 2476 enim

2073 2491 2211 2558 haec,
2241 2508 2350 2549 non
2395 2503 2479 2551 est
2525 2497 2824 2565 iracundia,
2861 2502 2955 2556 sed
2984 2505 3285 2574 prophetia.
3316 2506 3652 2564 Assnmenda

2073 2598 2308 2654 namque
2345 2598 2465 2642 erat
2493 2588 2599 2643 alia
2636 2592 2807 2658 natio,
2833 2593 2886 2647 id
2924 2602 3031 2660 cst,
3078 2598 3307 2667 populus
3348 2600 3452 2654 iste
3481 2604 3655 2657 natio-

2071 2692 2225 2743 num,
2251 2678 2347 2733 sed
2392 2694 2499 2734 non
2545 2695 2645 2750 per
2680 2682 2921 2754 Moysen.
2982 2685 3278 2742 Excusavit
3322 2705 3383 2744 se
3422 2707 3654 2762 namque

2072 2767 2305 2839 Moyses.
2336 2768 2556 2827 Sciebat
2583 2788 2818 2844 namque
2845 2777 2970 2846 quia
3002 2793 3135 2849 gens
3169 2780 3257 2834 illa
3287 2797 3506 2851 magna,
3531 2800 3651 2853 quae

2070 2858 2487 2927 repromittitur,
2507 2876 2613 2917 non
2635 2879 2735 2933 per
2754 2864 2975 2937 Moysen
2997 2870 3236 2924 vocanda
3263 2875 3404 2936 erat,
3437 2875 3530 2929 sed
3554 2892 3651 2945 per

2066 2944 2255 3003 Iesum
2280 2948 2575 3017 Christum,
2600 2962 2656 3008 et
2686 2970 2792 3009 non
2829 2955 3114 3022 Mosaicus,
3166 2960 3259 3015 sed
3307 2944 3649 3022 Christianus

2068 3047 2190 3093 erat
2234 3041 2463 3110 populus
2503 3045 2871 3113 appellandus.
2927 3047 3134 3104 Idcirco
3195 3052 3361 3121 igitur
3404 3055 3649 3123 pluribus

2068 3129 2388 3186 exhortatur
2436 3133 2646 3203 Moyses
2682 3152 2780 3205 pro
2810 3138 3005 3208 populo
3050 3138 3172 3205 illo;
3212 3141 3475 3199 Dominus
3518 3161 3647 3200 vero

2063 3222 2423 3291 correptionis
2448 3224 2665 3280 modum
2702 3226 2898 3283 librata
2937 3231 3331 3299 moderatione,
3367 3236 3646 3307 dispensat

2062 3317 2117 3364 et
2138 3309 2272 3365 dicit
2298 3330 2311 3366 :

2134 3399 2275 3465 Quia
2304 3403 2404 3456 viri
2430 3404 2657 3474 quidem,
2685 3408 2776 3477 qui
2796 3410 3034 3464 exierunt
3071 3413 3137 3467 de
3182 3414 3435 3486 zEgypto,
3463 3429 3512 3472 et
3533 3430 3646 3472 ωη-

2061 3501 2302 3547 taverunt
2331 3511 2412 3548 me
2442 3506 2598 3567 atque
2636 3499 2894 3555 increduli
2916 3518 3339 3573 permanserunt,
3366 3510 3553 3564 cadent
3588 3514 3643 3565 in

2060 3583 2265 3638 deserto
2315 3586 2413 3641 hoc
2444 3601 2461 3639 :
2490 3588 2559 3642 Et
2590 3606 2691 3644 non
2717 3592 2984 3660 videbunt,
3014 3596 3208 3666 inquit,
3240 3609 3454 3665 terram,
3483 3620 3641 3673 quam

2052 3675 2238 3744 juravi
2259 3678 2495 3747 patribus
2518 3695 2697 3734 eorum
2712 3699 2731 3747 ;
2748 3684 2838 3736 sed
2863 3685 2962 3753 ﬁlii
2978 3691 3283 3760 corum,qui
3295 3701 3417 3744 sunt
3441 3709 3638 3745 mecum

2058 3769 2161 3833 hic,
2183 3771 2476 3841 quicunque
2503 3774 2744 3843 ignorant
2763 3775 2953 3831 bonum
2982 3779 3060 3832 vel
3082 3780 3303 3835 malum.
3329 3781 3415 3836 Sit
3442 3782 3616 3837 l‘ortas

2060 3857 2135 3911 sis
2165 3859 2367 3929 aliquid
2389 3862 2555 3916 etiam
2604 3865 2801 3918 secreti
2847 3869 3090 3939 mysterii
3128 3870 3180 3924 in
3213 3872 3396 3926 verbis
3426 3872 3637 3927 Domini

2061 3948 2291 4004 dicentis
2321 3967 2334 4003 :
2364 3948 2493 4005 Filii
2524 3952 2777 4021 ipsorum,
2828 3957 2919 4024 qui
2974 3968 3093 4012 sunt
3123 3976 3327 4014 mecum
3370 3962 3478 4015 hic.
3535 3962 3638 4017 Ubi

2058 4053 2260 4092 mecum
2280 4041 2410 4094 hic?
2433 4041 2540 4095 Aut
2567 4046 2838 4113 quomodo
2864 4050 3105 4102 mecum?
3148 4050 3249 4117 Qui
3283 4052 3449 4107 habet
3478 4070 3640 4109 aures

2058 4128 2262 4183 audiat.
2296 4129 2405 4185 Nos
2433 4131 2652 4187 interim
2679 4135 2928 4202 dicimus,
2952 4138 3078 4207 quia
3112 4150 3296 4210 patres
3328 4145 3498 4197 nostri
3530 4144 3643 4198 l'nc-

2060 4227 2184 4273 runt
2203 4221 2432 4291 populus
2458 4222 2547 4278 ille
2574 4225 2752 4294 prior;
2786 4243 2885 4282 nos
2924 4237 3104 4284 autem
3134 4231 3228 4286 lilii
3267 4233 3511 4303 ipsorum
3535 4251 3637 4305 pro

2060 4310 2164 4366 illis
2188 4312 2524 4368 surreximus
2564 4322 2621 4368 et
2658 4317 2825 4371 erecti
2873 4333 3078 4385 sumus,
3126 4321 3217 4390 qui
3257 4324 3636 4381 nesciebamus

2058 4403 2260 4457 bonum
2285 4403 2369 4457 vel
2406 4404 2626 4459 malum.
2660 4406 2735 4459 Ex
2775 4409 3024 4477 gentibus
3062 4412 3207 4465 enim
3251 4427 3462 4479 sumus,
3508 4417 3635 4485 quia

2062 4509 2237 4565 neque
2262 4493 2424 4559 bona,
2451 4510 2572 4565 qua:
2601 4511 2664 4550 ex
2693 4497 2801 4552 Deo
2828 4501 3052 4555 veniunt
3083 4516 3430 4571 noveramus,
3460 4521 3637 4576 neque

2060 4585 2221 4650 mala,
2250 4601 2371 4655 quae
2394 4600 2461 4641 ex
2488 4597 2713 4655 peccato
2740 4599 3088 4658 generantur.
3129 4591 3185 4646 Si
3218 4600 3400 4649 tamen
3448 4612 3636 4652 succo.

2056 4674 2244 4730 dentes
2274 4677 2327 4730 in
2354 4676 2531 4730 locum
2549 4692 2758 4742 eorum,
2783 4679 2873 4747 qui
2902 4678 3096 4747 abjecti
3130 4692 3272 4747 sunt,
3298 4688 3435 4740 tanti
3453 4687 3637 4757 lapsus

2058 4765 2343 4820 timeamus
2405 4768 2711 4837 exemplum
2736 4808 2752 4833 ,
2818 4769 3098 4828 audientes
3152 4779 3634 4834 commonitionem

2056 4853 2206 4909 l‘anli
2237 4857 2503 4912 dicentis:
2543 4856 2669 4912 Vide
2691 4868 2868 4914 autem
2904 4865 3226 4919 severitatem
3268 4878 3319 4921 et
3347 4868 3633 4926 bonitatem

2052 4944 2169 5001 Dei.
2202 4946 2269 5000 In
2289 4964 2375 5001 eos
2404 4957 2577 5003 autem
2602 4949 2694 5019 qui
2735 4951 3053 5018 ceciderunt,
3083 4958 3444 5027 severitatem;
3480 4961 3535 5015 in
3584 4972 3635 5016 te

2048 5036 2257 5107 quidem
2284 5038 2584 5105 bonitatem,
2626 5040 2672 5094 si
2707 5050 2879 5095 tamen
2920 5048 3267 5112 permanseris
3296 5051 3350 5103 in
3380 5050 3631 5109 bonitate.

2050 5135 2259 5206 Alioqui
2284 5145 2332 5190 et
2356 5148 2412 5191 tu
2438 5138 2716 5205 excideris,
2743 5148 2791 5194 et
2835 5140 2915 5195 illi
2957 5143 3001 5196 si
3026 5160 3129 5198 non
3153 5145 3537 5214 permanserint
3576 5144 3633 5197 in

2049 5225 2434 5292 incredulitate,
2463 5228 2758 5283 iacerentur
2791 5230 2972 5301 (Rom.
3024 5234 3125 5303 ιι).
3176 5232 3402 5289 Addidit
3452 5243 3631 5289 autem

2052 5324 2175 5385 post
2197 5317 2311 5371 haec
2335 5315 2595 5373 Dominus
2617 5328 2674 5373 et
2692 5320 2823 5376 dicit
2854 5339 2867 5375 :
2898 5321 3023 5376 Filii
3051 5324 3208 5377 vestri
3242 5334 3396 5378 erunt
3444 5323 3631 5378 incola:

2050 5409 2398 5479 quadraginta
2468 5413 2622 5467 annis
2687 5414 2742 5469 in
2793 5414 3016 5469 deserto.
3088 5415 3157 5470 Et
3212 5416 3343 5485 quid
3401 5417 3633 5471 haberet

2053 5502 2293 5571 mysterii
2337 5518 2594 5558 numerus
2639 5504 2775 5569 istc,
2825 5505 3063 5560 declarat
3111 5505 3296 5560 dicens
3356 5524 3370 5559 :
3423 5504 3625 5560 Secun-

2052 5591 2198 5658 dum,
2240 5593 2432 5662 inquit,
2471 5610 2742 5648 numerum
2789 5596 2993 5651 dierum
3029 5598 3216 5668 quibus
3259 5597 3630 5651 considerastis

2054 5694 2244 5738 (errant
2300 5682 2645 5753 quadraginta
2702 5684 2915 5752 diebus,
2974 5704 3067 5755 pro
3128 5688 3211 5741 die
3267 5704 3363 5757 per
3417 5702 3629 5740 annum
