  <div class='ocr_page' id='page_1' title='image "/cluster/home/n/w/nwhite01/storage/ocr_20150623/108/hvd.32044054759733/342.png"; bbox 0 0 3932 6188; ppageno 0'>
   <div class='ocr_carea' id='block_1_1' title="bbox 215 220 326 276">
    <p class='ocr_par' dir='ltr' id='par_1_1' title="bbox 215 220 326 276">
     <span class='ocr_line' id='line_1_1' title="bbox 215 220 326 276; baseline 0.027 -3"><span class='ocrx_word' id='word_1_1' title='bbox 215 220 326 276; x_wconf 78' lang='lat'><strong>673</strong></span> 
     </span>
    </p>
   </div>
   <div class='ocr_carea' id='block_1_2' title="bbox 924 200 2740 265">
    <p class='ocr_par' dir='ltr' id='par_1_2' title="bbox 924 200 2740 265">
     <span class='ocr_line' id='line_1_2' title="bbox 924 200 2740 265; baseline -0.002 0"><span class='ocrx_word' id='word_1_2' title='bbox 924 208 1461 265; x_wconf 76' lang='lat' dir='ltr'><strong>ENARRATIONES</strong></span> <span class='ocrx_word' id='word_1_3' title='bbox 1499 207 1565 262; x_wconf 58' lang='lat' dir='ltr'><strong>[iV</strong></span> <span class='ocrx_word' id='word_1_4' title='bbox 1603 204 1859 261; x_wconf 75' lang='lat' dir='ltr'><strong>LIBRUM</strong></span> <span class='ocrx_word' id='word_1_5' title='bbox 1902 200 2366 259; x_wconf 75' lang='lat' dir='ltr'><strong>NUMERORUM.</strong></span> <span class='ocrx_word' id='word_1_6' title='bbox 2404 235 2471 243; x_wconf 82' lang='lat'><strong>-</strong></span> <span class='ocrx_word' id='word_1_7' title='bbox 2513 205 2637 262; x_wconf 85' lang='lat' dir='ltr'><strong>LIB.</strong></span> <span class='ocrx_word' id='word_1_8' title='bbox 2678 206 2740 262; x_wconf 87' lang='grc'><strong>11.</strong></span> 
     </span>
    </p>
   </div>
   <div class='ocr_carea' id='block_1_3' title="bbox 3371 211 3475 266">
    <p class='ocr_par' dir='ltr' id='par_1_3' title="bbox 3371 211 3475 266">
     <span class='ocr_line' id='line_1_3' title="bbox 3371 211 3475 266; baseline 0.01 -1"><span class='ocrx_word' id='word_1_9' title='bbox 3371 211 3475 266; x_wconf 69' lang='grc' dir='ltr'><strong>θη</strong></span> 
     </span>
    </p>
   </div>
   <div class='ocr_carea' id='block_1_4' title="bbox 215 311 3480 394">
    <p class='ocr_par' dir='ltr' id='par_1_4' title="bbox 215 311 3480 394">
     <span class='ocr_line' id='line_1_4' title="bbox 215 311 3480 394; baseline 0.007 -38"><span class='ocrx_word' id='word_1_10' title='bbox 215 318 480 394; x_wconf 52' lang='lat' dir='ltr'><strong>reﬂ-piem</strong></span> <span class='ocrx_word' id='word_1_11' title='bbox 526 324 740 390; x_wconf 74' lang='grc' dir='ltr'><strong>ρεσεαια</strong></span> <span class='ocrx_word' id='word_1_12' title='bbox 778 325 946 371; x_wconf 76' lang='lat' dir='ltr'><strong>ucstra</strong></span> <span class='ocrx_word' id='word_1_13' title='bbox 991 317 1340 387; x_wconf 78' lang='lat' dir='ltr'><strong>quadraginta</strong></span> <span class='ocrx_word' id='word_1_14' title='bbox 1392 316 1563 370; x_wconf 80' lang='lat' dir='ltr'><strong>annis.</strong></span> <span class='ocrx_word' id='word_1_15' title='bbox 1612 315 1799 369; x_wconf 97' lang='lat' dir='ltr'><strong>Timeo</strong></span> <span class='ocrx_word' id='word_1_16' title='bbox 1830 319 1873 376; x_wconf 68' lang='grc' dir='ltr'>Α</span> <span class='ocrx_word' id='word_1_17' title='bbox 1904 313 2130 384; x_wconf 78' lang='lat' dir='ltr'><strong>peccati.</strong></span> <span class='ocrx_word' id='word_1_18' title='bbox 2164 311 2294 381; x_wconf 75' lang='lat' dir='ltr'><strong>Qua:</strong></span> <span class='ocrx_word' id='word_1_19' title='bbox 2315 312 2359 367; x_wconf 95' lang='lat' dir='ltr'><strong>si</strong></span> <span class='ocrx_word' id='word_1_20' title='bbox 2386 315 2565 370; x_wconf 80' lang='lat' dir='ltr'><strong>omnia</strong></span> <span class='ocrx_word' id='word_1_21' title='bbox 2589 315 2771 371; x_wconf 87' lang='lat' dir='ltr'><strong>videre</strong></span> <span class='ocrx_word' id='word_1_22' title='bbox 2789 319 3082 388; x_wconf 86' lang='lat' dir='ltr'><strong>possimus,</strong></span> <span class='ocrx_word' id='word_1_23' title='bbox 3109 330 3165 376; x_wconf 88' lang='lat' dir='ltr'><strong>et</strong></span> <span class='ocrx_word' id='word_1_24' title='bbox 3184 322 3480 379; x_wconf 67' lang='lat' dir='ltr'><strong>vulnerata:</strong></span> 
     </span>
    </p>
   </div>
   <div class='ocr_carea' id='block_1_5' title="bbox 212 406 1795 486">
    <p class='ocr_par' dir='ltr' id='par_1_5' title="bbox 212 406 1795 486">
     <span class='ocr_line' id='line_1_5' title="bbox 212 406 1795 486; baseline -0.006 -18"><span class='ocrx_word' id='word_1_25' title='bbox 212 429 348 486; x_wconf 87' lang='lat' dir='ltr'><strong>ergo</strong></span> <span class='ocrx_word' id='word_1_26' title='bbox 379 410 624 482; x_wconf 84' lang='lat' dir='ltr'><strong>mysterii</strong></span> <span class='ocrx_word' id='word_1_27' title='bbox 659 406 818 477; x_wconf 85' lang='lat' dir='ltr'><strong>hujus</strong></span> <span class='ocrx_word' id='word_1_28' title='bbox 855 416 1062 462; x_wconf 87' lang='lat' dir='ltr'><strong>secreta</strong></span> <span class='ocrx_word' id='word_1_29' title='bbox 1103 408 1389 462; x_wconf 90' lang='lat' dir='ltr'><strong>discutere.</strong></span> <span class='ocrx_word' id='word_1_30' title='bbox 1437 406 1603 461; x_wconf 84' lang='lat' dir='ltr'><strong>Video</strong></span> <span class='ocrx_word' id='word_1_31' title='bbox 1651 407 1795 462; x_wconf 88' lang='lat' dir='ltr'><strong>enim</strong></span> 
     </span>
    </p>
   </div>
   <div class='ocr_carea' id='block_1_6' title="bbox 212 497 1801 576">
    <p class='ocr_par' dir='ltr' id='par_1_6' title="bbox 212 497 1801 576">
     <span class='ocr_line' id='line_1_6' title="bbox 212 497 1801 576; baseline -0.007 -15"><span class='ocrx_word' id='word_1_32' title='bbox 212 505 366 576; x_wconf 89' lang='lat' dir='ltr'><strong>quod</strong></span> <span class='ocrx_word' id='word_1_33' title='bbox 391 511 744 575; x_wconf 74' lang='lat' dir='ltr'><strong>peccatorum</strong></span> <span class='ocrx_word' id='word_1_34' title='bbox 790 500 845 553; x_wconf 91' lang='lat' dir='ltr'><strong>in</strong></span> <span class='ocrx_word' id='word_1_35' title='bbox 883 499 987 554; x_wconf 84' lang='lat' dir='ltr'><strong>hoc</strong></span> <span class='ocrx_word' id='word_1_36' title='bbox 1034 499 1172 553; x_wconf 89' lang='lat' dir='ltr'><strong>ratio</strong></span> <span class='ocrx_word' id='word_1_37' title='bbox 1209 497 1704 567; x_wconf 76' lang='lat' dir='ltr'><strong>comprehenditur,</strong></span> <span class='ocrx_word' id='word_1_38' title='bbox 1743 505 1801 550; x_wconf 92' lang='lat' dir='ltr'><strong>et</strong></span> 
     </span>
    </p>
   </div>
   <div class='ocr_carea' id='block_1_7' title="bbox 212 590 1799 669">
    <p class='ocr_par' dir='ltr' id='par_1_7' title="bbox 212 590 1799 669">
     <span class='ocr_line' id='line_1_7' title="bbox 212 590 1799 669; baseline -0.006 -18"><span class='ocrx_word' id='word_1_39' title='bbox 212 610 526 669; x_wconf 71' lang='lat' dir='ltr'><strong>poenarum.</strong></span> <span class='ocrx_word' id='word_1_40' title='bbox 580 591 639 648; x_wconf 90' lang='lat' dir='ltr'><strong>Si</strong></span> <span class='ocrx_word' id='word_1_41' title='bbox 674 591 822 647; x_wconf 88' lang='lat' dir='ltr'><strong>enim</strong></span> <span class='ocrx_word' id='word_1_42' title='bbox 873 590 1165 661; x_wconf 87' lang='lat' dir='ltr'><strong>unicuique</strong></span> <span class='ocrx_word' id='word_1_43' title='bbox 1222 596 1567 660; x_wconf 81' lang='lat' dir='ltr'><strong>peccatorum</strong></span> <span class='ocrx_word' id='word_1_44' title='bbox 1624 604 1799 644; x_wconf 90' lang='lat' dir='ltr'><strong>annus</strong></span> 
     </span>
    </p>
   </div>
   <div class='ocr_carea' id='block_1_8' title="bbox 209 680 1799 752">
    <p class='ocr_par' dir='ltr' id='par_1_8' title="bbox 209 680 1799 752">
     <span class='ocr_line' id='line_1_8' title="bbox 209 680 1799 752; baseline -0.006 -10"><span class='ocrx_word' id='word_1_45' title='bbox 209 685 518 744; x_wconf 77' lang='lat' dir='ltr'><strong>ascribitur</strong></span> <span class='ocrx_word' id='word_1_46' title='bbox 544 682 612 737; x_wconf 91' lang='lat' dir='ltr'><strong>ad</strong></span> <span class='ocrx_word' id='word_1_47' title='bbox 633 696 824 752; x_wconf 65' lang='lat' dir='ltr'><strong>poenas</strong></span> <span class='ocrx_word' id='word_1_48' title='bbox 844 695 943 751; x_wconf 89' lang='lat' dir='ltr'><strong>pro</strong></span> <span class='ocrx_word' id='word_1_49' title='bbox 963 681 1127 735; x_wconf 88' lang='lat' dir='ltr'><strong>unius</strong></span> <span class='ocrx_word' id='word_1_50' title='bbox 1172 680 1281 735; x_wconf 90' lang='lat' dir='ltr'><strong>diei</strong></span> <span class='ocrx_word' id='word_1_51' title='bbox 1321 688 1563 751; x_wconf 89' lang='lat' dir='ltr'><strong>peccato,</strong></span> <span class='ocrx_word' id='word_1_52' title='bbox 1615 687 1670 733; x_wconf 87' lang='lat' dir='ltr'><strong>et</strong></span> <span class='ocrx_word' id='word_1_53' title='bbox 1715 692 1799 733; x_wconf 87' lang='lat' dir='ltr'><strong>se-</strong></span> 
     </span>
    </p>
   </div>
   <div class='ocr_carea' id='block_1_9' title="bbox 214 770 1798 841">
    <p class='ocr_par' dir='ltr' id='par_1_9' title="bbox 214 770 1798 841">
     <span class='ocr_line' id='line_1_9' title="bbox 214 770 1798 841; baseline -0.007 -8"><span class='ocrx_word' id='word_1_54' title='bbox 214 776 460 833; x_wconf 87' lang='lat' dir='ltr'><strong>cundum</strong></span> <span class='ocrx_word' id='word_1_55' title='bbox 481 771 746 829; x_wconf 88' lang='lat' dir='ltr'><strong>rationem</strong></span> <span class='ocrx_word' id='word_1_56' title='bbox 775 772 987 826; x_wconf 87' lang='lat' dir='ltr'><strong>dierum</strong></span> <span class='ocrx_word' id='word_1_57' title='bbox 1011 770 1208 840; x_wconf 84' lang='lat' dir='ltr'><strong>quibus</strong></span> <span class='ocrx_word' id='word_1_58' title='bbox 1231 779 1506 841; x_wconf 86' lang='lat' dir='ltr'><strong>peccatur,</strong></span> <span class='ocrx_word' id='word_1_59' title='bbox 1535 785 1798 825; x_wconf 88' lang='lat' dir='ltr'><strong>annorum</strong></span> 
     </span>
    </p>
   </div>
   <div class='ocr_carea' id='block_1_10' title="bbox 212 859 1802 931">
    <p class='ocr_par' dir='ltr' id='par_1_10' title="bbox 212 859 1802 931">
     <span class='ocr_line' id='line_1_10' title="bbox 212 859 1802 931; baseline -0.006 -8"><span class='ocrx_word' id='word_1_60' title='bbox 212 866 446 923; x_wconf 76' lang='lat' dir='ltr'><strong>totidem</strong></span> <span class='ocrx_word' id='word_1_61' title='bbox 472 877 732 918; x_wconf 90' lang='lat' dir='ltr'><strong>numerus</strong></span> <span class='ocrx_word' id='word_1_62' title='bbox 758 861 813 915; x_wconf 93' lang='lat' dir='ltr'><strong>in</strong></span> <span class='ocrx_word' id='word_1_63' title='bbox 839 859 1118 931; x_wconf 86' lang='lat' dir='ltr'><strong>suppliciis</strong></span> <span class='ocrx_word' id='word_1_64' title='bbox 1149 860 1547 915; x_wconf 88' lang='lat' dir='ltr'><strong>consumendus</strong></span> <span class='ocrx_word' id='word_1_65' title='bbox 1571 866 1677 923; x_wconf 90' lang='lat' dir='ltr'><strong>est,</strong></span> <span class='ocrx_word' id='word_1_66' title='bbox 1708 874 1802 914; x_wconf 90' lang='lat' dir='ltr'><strong>ve-</strong></span> 
     </span>
    </p>
   </div>
   <div class='ocr_carea' id='block_1_11' title="bbox 215 950 1801 1025">
    <p class='ocr_par' dir='ltr' id='par_1_11' title="bbox 215 950 1801 1025">
     <span class='ocr_line' id='line_1_11' title="bbox 215 950 1801 1025; baseline -0.009 -8"><span class='ocrx_word' id='word_1_67' title='bbox 215 976 349 1016; x_wconf 88' lang='lat' dir='ltr'><strong>reor</strong></span> <span class='ocrx_word' id='word_1_68' title='bbox 381 974 453 1015; x_wconf 91' lang='lat' dir='ltr'><strong>ne</strong></span> <span class='ocrx_word' id='word_1_69' title='bbox 477 956 622 1014; x_wconf 88' lang='lat' dir='ltr'><strong>forte</strong></span> <span class='ocrx_word' id='word_1_70' title='bbox 652 954 934 1025; x_wconf 80' lang='lat' dir='ltr'><strong>nobisqui</strong></span> <span class='ocrx_word' id='word_1_71' title='bbox 978 952 1219 1023; x_wconf 87' lang='lat' dir='ltr'><strong>quotidie</strong></span> <span class='ocrx_word' id='word_1_72' title='bbox 1264 967 1574 1023; x_wconf 82' lang='lat' dir='ltr'><strong>peccamus,</strong></span> <span class='ocrx_word' id='word_1_73' title='bbox 1599 960 1654 1006; x_wconf 89' lang='lat' dir='ltr'><strong>et</strong></span> <span class='ocrx_word' id='word_1_74' title='bbox 1683 950 1801 1005; x_wconf 88' lang='lat' dir='ltr'><strong>nul-</strong></span> 
     </span>
    </p>
   </div>
   <div class='ocr_carea' id='block_1_12' title="bbox 214 1045 1843 1113">
    <p class='ocr_par' dir='ltr' id='par_1_12' title="bbox 214 1045 1843 1113">
     <span class='ocr_line' id='line_1_12' title="bbox 214 1045 1843 1113; baseline -0.007 -7"><span class='ocrx_word' id='word_1_75' title='bbox 214 1052 331 1106; x_wconf 91' lang='lat' dir='ltr'><strong>lum</strong></span> <span class='ocrx_word' id='word_1_76' title='bbox 360 1049 503 1106; x_wconf 88' lang='lat' dir='ltr'><strong>forte</strong></span> <span class='ocrx_word' id='word_1_77' title='bbox 525 1049 653 1104; x_wconf 68' lang='lat' dir='ltr'><strong>vita:</strong></span> <span class='ocrx_word' id='word_1_78' title='bbox 682 1045 1052 1102; x_wconf 66' lang='lat' dir='ltr'><strong>nostrasdiem</strong></span> <span class='ocrx_word' id='word_1_79' title='bbox 1080 1045 1284 1113; x_wconf 83' lang='lat' dir='ltr'><strong>absque</strong></span> <span class='ocrx_word' id='word_1_80' title='bbox 1330 1050 1556 1112; x_wconf 89' lang='lat' dir='ltr'><strong>peccato</strong></span> <span class='ocrx_word' id='word_1_81' title='bbox 1596 1051 1804 1096; x_wconf 88' lang='lat' dir='ltr'><strong>transe-</strong></span> <span class='ocrx_word' id='word_1_82' title='bbox 1839 1068 1843 1073; x_wconf 66' lang='grc' dir='ltr'><strong><em>ο</em></strong></span> 
     </span>
    </p>
   </div>
   <div class='ocr_carea' id='block_1_13' title="bbox 215 1132 1804 1215">
    <p class='ocr_par' dir='ltr' id='par_1_13' title="bbox 215 1132 1804 1215">
     <span class='ocr_line' id='line_1_13' title="bbox 215 1132 1804 1215; baseline -0.009 -16"><span class='ocrx_word' id='word_1_83' title='bbox 215 1146 419 1215; x_wconf 84' lang='lat' dir='ltr'><strong>gimus,</strong></span> <span class='ocrx_word' id='word_1_84' title='bbox 451 1157 521 1203; x_wconf 87' lang='lat' dir='ltr'><strong>ne</strong></span> <span class='ocrx_word' id='word_1_85' title='bbox 540 1141 655 1211; x_wconf 89' lang='lat' dir='ltr'><strong>ipsa</strong></span> <span class='ocrx_word' id='word_1_86' title='bbox 686 1136 828 1193; x_wconf 86' lang='lat' dir='ltr'><strong>forte</strong></span> <span class='ocrx_word' id='word_1_87' title='bbox 849 1136 1045 1193; x_wconf 65' lang='lat' dir='ltr'><strong>smeula</strong></span> <span class='ocrx_word' id='word_1_88' title='bbox 1072 1135 1393 1191; x_wconf 76' lang='lat' dir='ltr'><strong>smculorum</strong></span> <span class='ocrx_word' id='word_1_89' title='bbox 1417 1132 1659 1188; x_wconf 73' lang='lat' dir='ltr'><strong>sufﬁcere</strong></span> <span class='ocrx_word' id='word_1_90' title='bbox 1680 1146 1804 1201; x_wconf 89' lang='lat' dir='ltr'><strong>pos-</strong></span> 
     </span>
    </p>
   </div>
   <div class='ocr_carea' id='block_1_14' title="bbox 214 1222 1803 1304">
    <p class='ocr_par' dir='ltr' id='par_1_14' title="bbox 214 1222 1803 1304">
     <span class='ocr_line' id='line_1_14' title="bbox 214 1222 1803 1304; baseline -0.009 -16"><span class='ocrx_word' id='word_1_91' title='bbox 214 1236 328 1289; x_wconf 86' lang='lat' dir='ltr'><strong>sint</strong></span> <span class='ocrx_word' id='word_1_92' title='bbox 357 1233 427 1288; x_wconf 89' lang='lat' dir='ltr'><strong>ad</strong></span> <span class='ocrx_word' id='word_1_93' title='bbox 446 1245 637 1304; x_wconf 64' lang='lat' dir='ltr'><strong>poenas</strong></span> <span class='ocrx_word' id='word_1_94' title='bbox 664 1229 907 1285; x_wconf 85' lang='lat' dir='ltr'><strong>luendas.</strong></span> <span class='ocrx_word' id='word_1_95' title='bbox 938 1226 997 1281; x_wconf 86' lang='lat' dir='ltr'><strong>In</strong></span> <span class='ocrx_word' id='word_1_96' title='bbox 1022 1241 1087 1282; x_wconf 92' lang='lat' dir='ltr'><strong>eo</strong></span> <span class='ocrx_word' id='word_1_97' title='bbox 1113 1226 1258 1281; x_wconf 91' lang='lat' dir='ltr'><strong>enim</strong></span> <span class='ocrx_word' id='word_1_98' title='bbox 1303 1222 1447 1294; x_wconf 90' lang='lat' dir='ltr'><strong>quod</strong></span> <span class='ocrx_word' id='word_1_99' title='bbox 1465 1222 1693 1295; x_wconf 87' lang='lat' dir='ltr'><strong>populus</strong></span> <span class='ocrx_word' id='word_1_100' title='bbox 1713 1222 1803 1275; x_wconf 91' lang='lat' dir='ltr'><strong>illo</strong></span> 
     </span>
    </p>
   </div>
   <div class='ocr_carea' id='block_1_15' title="bbox 214 1313 1803 1396">
    <p class='ocr_par' dir='ltr' id='par_1_15' title="bbox 214 1313 1803 1396">
     <span class='ocr_line' id='line_1_15' title="bbox 214 1313 1803 1396; baseline -0.009 -16"><span class='ocrx_word' id='word_1_101' title='bbox 214 1323 585 1396; x_wconf 80' lang='lat' dir='ltr'><strong>quadraginta</strong></span> <span class='ocrx_word' id='word_1_102' title='bbox 607 1321 823 1376; x_wconf 89' lang='lat' dir='ltr'><strong>dierum</strong></span> <span class='ocrx_word' id='word_1_103' title='bbox 853 1318 1073 1384; x_wconf 87' lang='lat' dir='ltr'><strong>delicto,</strong></span> <span class='ocrx_word' id='word_1_104' title='bbox 1114 1316 1470 1387; x_wconf 68' lang='lat' dir='ltr'><strong>quadraginta</strong></span> <span class='ocrx_word' id='word_1_105' title='bbox 1495 1313 1650 1368; x_wconf 89' lang='lat' dir='ltr'><strong>annis</strong></span> <span class='ocrx_word' id='word_1_106' title='bbox 1679 1328 1803 1367; x_wconf 90' lang='lat' dir='ltr'><strong>cru-</strong></span> 
     </span>
    </p>
   </div>
   <div class='ocr_carea' id='block_1_16' title="bbox 211 1403 1805 1477">
    <p class='ocr_par' dir='ltr' id='par_1_16' title="bbox 211 1403 1805 1477">
     <span class='ocr_line' id='line_1_16' title="bbox 211 1403 1805 1477; baseline -0.009 -6"><span class='ocrx_word' id='word_1_107' title='bbox 211 1417 398 1471; x_wconf 88' lang='lat' dir='ltr'><strong>ciatur</strong></span> <span class='ocrx_word' id='word_1_108' title='bbox 424 1415 483 1470; x_wconf 90' lang='lat' dir='ltr'><strong>in</strong></span> <span class='ocrx_word' id='word_1_109' title='bbox 506 1412 740 1477; x_wconf 87' lang='lat' dir='ltr'><strong>deserto,</strong></span> <span class='ocrx_word' id='word_1_110' title='bbox 770 1423 870 1465; x_wconf 90' lang='lat' dir='ltr'><strong>nec</strong></span> <span class='ocrx_word' id='word_1_111' title='bbox 900 1408 1125 1463; x_wconf 86' lang='lat' dir='ltr'><strong>Terram</strong></span> <span class='ocrx_word' id='word_1_112' title='bbox 1152 1406 1407 1462; x_wconf 82' lang='lat' dir='ltr'><strong>Sanctam</strong></span> <span class='ocrx_word' id='word_1_113' title='bbox 1440 1403 1667 1459; x_wconf 84' lang='lat' dir='ltr'><strong>introire</strong></span> <span class='ocrx_word' id='word_1_114' title='bbox 1684 1418 1805 1473; x_wconf 88' lang='lat' dir='ltr'><strong>per-</strong></span> 
     </span>
    </p>
   </div>
   <div class='ocr_carea' id='block_1_17' title="bbox 214 1493 1806 1571">
    <p class='ocr_par' dir='ltr' id='par_1_17' title="bbox 214 1493 1806 1571">
     <span class='ocr_line' id='line_1_17' title="bbox 214 1493 1806 1571; baseline -0.011 -10"><span class='ocrx_word' id='word_1_115' title='bbox 214 1506 487 1571; x_wconf 85' lang='lat' dir='ltr'><strong>mittitur,</strong></span> <span class='ocrx_word' id='word_1_116' title='bbox 510 1499 1104 1571; x_wconf 69' lang='lat' dir='ltr'><strong>similitudoquaadam</strong></span> <span class='ocrx_word' id='word_1_117' title='bbox 1164 1496 1330 1552; x_wconf 91' lang='lat' dir='ltr'><strong>futuri</strong></span> <span class='ocrx_word' id='word_1_118' title='bbox 1371 1493 1564 1566; x_wconf 90' lang='lat' dir='ltr'><strong>judicii</strong></span> <span class='ocrx_word' id='word_1_119' title='bbox 1592 1493 1806 1547; x_wconf 88' lang='lat' dir='ltr'><strong>videtur</strong></span> 
     </span>
    </p>
   </div>
   <div class='ocr_carea' id='block_1_18' title="bbox 212 1581 1801 1664">
    <p class='ocr_par' dir='ltr' id='par_1_18' title="bbox 212 1581 1801 1664">
     <span class='ocr_line' id='line_1_18' title="bbox 212 1581 1801 1664; baseline -0.012 -9"><span class='ocrx_word' id='word_1_120' title='bbox 212 1597 460 1663; x_wconf 86' lang='lat' dir='ltr'><strong>ostendi,</strong></span> <span class='ocrx_word' id='word_1_121' title='bbox 490 1595 584 1650; x_wconf 90' lang='lat' dir='ltr'><strong>ubi</strong></span> <span class='ocrx_word' id='word_1_122' title='bbox 617 1600 966 1664; x_wconf 89' lang='lat' dir='ltr'><strong>peccatorum</strong></span> <span class='ocrx_word' id='word_1_123' title='bbox 1007 1589 1149 1646; x_wconf 85' lang='lat' dir='ltr'><strong>ratio</strong></span> <span class='ocrx_word' id='word_1_124' title='bbox 1177 1586 1517 1644; x_wconf 87' lang='lat' dir='ltr'><strong>discutienda</strong></span> <span class='ocrx_word' id='word_1_125' title='bbox 1566 1591 1669 1647; x_wconf 90' lang='lat' dir='ltr'><strong>est,</strong></span> <span class='ocrx_word' id='word_1_126' title='bbox 1699 1581 1801 1637; x_wconf 90' lang='lat' dir='ltr'><strong>nisi</strong></span> 
     </span>
    </p>
   </div>
   <div class='ocr_carea' id='block_1_19' title="bbox 1904 405 3477 486">
    <p class='ocr_par' dir='ltr' id='par_1_19' title="bbox 1904 405 3477 486">
     <span class='ocr_line' id='line_1_19' title="bbox 1904 405 3477 486; baseline 0.01 -27"><span class='ocrx_word' id='word_1_127' title='bbox 1904 406 2097 460; x_wconf 63' lang='lat' dir='ltr'><strong>animae</strong></span> <span class='ocrx_word' id='word_1_128' title='bbox 2122 405 2325 462; x_wconf 90' lang='lat' dir='ltr'><strong>sentire</strong></span> <span class='ocrx_word' id='word_1_129' title='bbox 2352 407 2656 475; x_wconf 87' lang='lat' dir='ltr'><strong>cicatrices,</strong></span> <span class='ocrx_word' id='word_1_130' title='bbox 2686 419 2894 466; x_wconf 86' lang='lat' dir='ltr'><strong>eertum</strong></span> <span class='ocrx_word' id='word_1_131' title='bbox 2922 421 3025 478; x_wconf 89' lang='lat' dir='ltr'><strong>est,</strong></span> <span class='ocrx_word' id='word_1_132' title='bbox 3051 417 3194 484; x_wconf 84' lang='lat' dir='ltr'><strong>quod</strong></span> <span class='ocrx_word' id='word_1_133' title='bbox 3218 433 3388 486; x_wconf 86' lang='lat' dir='ltr'><strong>usque</strong></span> <span class='ocrx_word' id='word_1_134' title='bbox 3409 419 3477 475; x_wconf 74' lang='lat' dir='ltr'><strong>ad</strong></span> 
     </span>
    </p>
   </div>
   <div class='ocr_carea' id='block_1_20' title="bbox 1902 501 3480 575">
    <p class='ocr_par' dir='ltr' id='par_1_20' title="bbox 1902 501 3480 575">
     <span class='ocr_line' id='line_1_20' title="bbox 1902 501 3480 575; baseline 0.009 -21"><span class='ocrx_word' id='word_1_135' title='bbox 1902 510 2134 561; x_wconf 90' lang='lat' dir='ltr'><strong>mortem</strong></span> <span class='ocrx_word' id='word_1_136' title='bbox 2160 501 2541 559; x_wconf 86' lang='lat' dir='ltr'><strong>resisteremus</strong></span> <span class='ocrx_word' id='word_1_137' title='bbox 2562 505 2849 559; x_wconf 86' lang='lat' dir='ltr'><strong>adversum</strong></span> <span class='ocrx_word' id='word_1_138' title='bbox 2879 516 3186 575; x_wconf 87' lang='lat' dir='ltr'><strong>peccatum.</strong></span> <span class='ocrx_word' id='word_1_139' title='bbox 3230 509 3289 564; x_wconf 91' lang='lat' dir='ltr'><strong>Si</strong></span> <span class='ocrx_word' id='word_1_140' title='bbox 3335 528 3480 568; x_wconf 89' lang='lat' dir='ltr'><strong>nunc</strong></span> 
     </span>
    </p>
   </div>
   <div class='ocr_carea' id='block_1_21' title="bbox 1903 592 3480 666">
    <p class='ocr_par' dir='ltr' id='par_1_21' title="bbox 1903 592 3480 666">
     <span class='ocr_line' id='line_1_21' title="bbox 1903 592 3480 666; baseline 0.008 -20"><span class='ocrx_word' id='word_1_141' title='bbox 1903 592 2044 647; x_wconf 91' lang='lat' dir='ltr'><strong>sicut</strong></span> <span class='ocrx_word' id='word_1_142' title='bbox 2073 592 2127 646; x_wconf 87' lang='lat' dir='ltr'><strong>bi</strong></span> <span class='ocrx_word' id='word_1_143' title='bbox 2150 592 2243 662; x_wconf 91' lang='lat' dir='ltr'><strong>qui</strong></span> <span class='ocrx_word' id='word_1_144' title='bbox 2268 593 2353 647; x_wconf 89' lang='lat' dir='ltr'><strong>vel</strong></span> <span class='ocrx_word' id='word_1_145' title='bbox 2371 594 2611 650; x_wconf 57' lang='lat' dir='ltr'><strong>daemone</strong></span> <span class='ocrx_word' id='word_1_146' title='bbox 2636 595 2851 666; x_wconf 86' lang='lat' dir='ltr'><strong>repleti,</strong></span> <span class='ocrx_word' id='word_1_147' title='bbox 2893 598 2979 653; x_wconf 92' lang='lat' dir='ltr'><strong>vel</strong></span> <span class='ocrx_word' id='word_1_148' title='bbox 3025 608 3204 656; x_wconf 84' lang='lat' dir='ltr'><strong>mente</strong></span> <span class='ocrx_word' id='word_1_149' title='bbox 3256 602 3480 659; x_wconf 89' lang='lat' dir='ltr'><strong>alienati</strong></span> 
     </span>
    </p>
   </div>
   <div class='ocr_carea' id='block_1_22' title="bbox 1903 683 3486 757">
    <p class='ocr_par' dir='ltr' id='par_1_22' title="bbox 1903 683 3486 757">
     <span class='ocr_line' id='line_1_22' title="bbox 1903 683 3486 757; baseline 0.009 -23"><span class='ocrx_word' id='word_1_150' title='bbox 1903 688 2048 747; x_wconf 91' lang='lat' dir='ltr'><strong>sunt,</strong></span> <span class='ocrx_word' id='word_1_151' title='bbox 2080 696 2186 736; x_wconf 88' lang='lat' dir='ltr'><strong>non</strong></span> <span class='ocrx_word' id='word_1_152' title='bbox 2216 684 2457 737; x_wconf 89' lang='lat' dir='ltr'><strong>sentiunt</strong></span> <span class='ocrx_word' id='word_1_153' title='bbox 2485 684 2533 739; x_wconf 93' lang='lat' dir='ltr'><strong>si</strong></span> <span class='ocrx_word' id='word_1_154' title='bbox 2578 683 2953 753; x_wconf 84' lang='lat' dir='ltr'><strong>vulnerantur,</strong></span> <span class='ocrx_word' id='word_1_155' title='bbox 2987 688 3115 757; x_wconf 89' lang='lat' dir='ltr'><strong>quia</strong></span> <span class='ocrx_word' id='word_1_156' title='bbox 3141 692 3486 748; x_wconf 83' lang='lat' dir='ltr'><strong>naturalibus</strong></span> 
     </span>
    </p>
   </div>
   <div class='ocr_carea' id='block_1_23' title="bbox 1904 772 3475 848">
    <p class='ocr_par' dir='ltr' id='par_1_23' title="bbox 1904 772 3475 848">
     <span class='ocr_line' id='line_1_23' title="bbox 1904 772 3475 848; baseline 0.008 -23"><span class='ocrx_word' id='word_1_157' title='bbox 1904 772 2152 826; x_wconf 86' lang='lat' dir='ltr'><strong>sensibus</strong></span> <span class='ocrx_word' id='word_1_158' title='bbox 2185 782 2388 838; x_wconf 91' lang='lat' dir='ltr'><strong>carent,</strong></span> <span class='ocrx_word' id='word_1_159' title='bbox 2416 774 2493 828; x_wconf 89' lang='lat' dir='ltr'><strong>ita</strong></span> <span class='ocrx_word' id='word_1_160' title='bbox 2539 783 2595 829; x_wconf 93' lang='lat' dir='ltr'><strong>et</strong></span> <span class='ocrx_word' id='word_1_161' title='bbox 2622 790 2723 831; x_wconf 90' lang='lat' dir='ltr'><strong>nos</strong></span> <span class='ocrx_word' id='word_1_162' title='bbox 2747 777 2833 831; x_wconf 85' lang='lat' dir='ltr'><strong>vel</strong></span> <span class='ocrx_word' id='word_1_163' title='bbox 2870 779 3262 848; x_wconf 87' lang='lat' dir='ltr'><strong>cupiditatibus</strong></span> <span class='ocrx_word' id='word_1_164' title='bbox 3288 783 3475 838; x_wconf 67' lang='lat' dir='ltr'><strong>smculi</strong></span> 
     </span>
    </p>
   </div>
   <div class='ocr_carea' id='block_1_24' title="bbox 1904 861 3484 942">
    <p class='ocr_par' dir='ltr' id='par_1_24' title="bbox 1904 861 3484 942">
     <span class='ocr_line' id='line_1_24' title="bbox 1904 861 3484 942; baseline 0.009 -27"><span class='ocrx_word' id='word_1_165' title='bbox 1904 870 2147 917; x_wconf 89' lang='lat' dir='ltr'><strong>amentes</strong></span> <span class='ocrx_word' id='word_1_166' title='bbox 2175 861 2351 918; x_wconf 82' lang='lat' dir='ltr'><strong>effecti</strong></span> <span class='ocrx_word' id='word_1_167' title='bbox 2373 864 2459 919; x_wconf 85' lang='lat' dir='ltr'><strong>vel</strong></span> <span class='ocrx_word' id='word_1_168' title='bbox 2491 865 2765 932; x_wconf 89' lang='lat' dir='ltr'><strong>inebriati,</strong></span> <span class='ocrx_word' id='word_1_169' title='bbox 2808 869 3011 925; x_wconf 90' lang='lat' dir='ltr'><strong>sentire</strong></span> <span class='ocrx_word' id='word_1_170' title='bbox 3052 887 3161 926; x_wconf 88' lang='lat' dir='ltr'><strong>non</strong></span> <span class='ocrx_word' id='word_1_171' title='bbox 3192 888 3484 942; x_wconf 87' lang='lat' dir='ltr'><strong>possumus</strong></span> 
     </span>
    </p>
   </div>
   <div class='ocr_carea' id='block_1_25' title="bbox 1904 956 3493 1035">
    <p class='ocr_par' dir='ltr' id='par_1_25' title="bbox 1904 956 3493 1035">
     <span class='ocr_line' id='line_1_25' title="bbox 1904 956 3493 1035; baseline 0.009 -27"><span class='ocrx_word' id='word_1_172' title='bbox 1904 964 2105 1024; x_wconf 86' lang='lat' dir='ltr'><strong>quanta</strong></span> <span class='ocrx_word' id='word_1_173' title='bbox 2131 956 2377 1023; x_wconf 85' lang='lat' dir='ltr'><strong>vulnera,</strong></span> <span class='ocrx_word' id='word_1_174' title='bbox 2406 967 2637 1027; x_wconf 89' lang='lat' dir='ltr'><strong>quantas</strong></span> <span class='ocrx_word' id='word_1_175' title='bbox 2664 961 3022 1017; x_wconf 87' lang='lat' dir='ltr'><strong>contritiones</strong></span> <span class='ocrx_word' id='word_1_176' title='bbox 3042 964 3239 1019; x_wconf 78' lang='lat' dir='ltr'><strong>animae</strong></span> <span class='ocrx_word' id='word_1_177' title='bbox 3258 981 3493 1035; x_wconf 80' lang='lat' dir='ltr'><strong>peccan-</strong></span> 
     </span>
    </p>
   </div>
   <div class='ocr_carea' id='block_1_26' title="bbox 1906 1046 3485 1121">
    <p class='ocr_par' dir='ltr' id='par_1_26' title="bbox 1906 1046 3485 1121">
     <span class='ocr_line' id='line_1_26' title="bbox 1906 1046 3485 1121; baseline 0.007 -21"><span class='ocrx_word' id='word_1_178' title='bbox 1906 1046 1973 1101; x_wconf 91' lang='lat' dir='ltr'><strong>do</strong></span> <span class='ocrx_word' id='word_1_179' title='bbox 1994 1047 2383 1115; x_wconf 86' lang='lat' dir='ltr'><strong>conquirimus.</strong></span> <span class='ocrx_word' id='word_1_180' title='bbox 2410 1047 2479 1102; x_wconf 85' lang='lat' dir='ltr'><strong>Et</strong></span> <span class='ocrx_word' id='word_1_181' title='bbox 2500 1047 2621 1102; x_wconf 89' lang='lat' dir='ltr'><strong>ideo</strong></span> <span class='ocrx_word' id='word_1_182' title='bbox 2641 1052 3166 1121; x_wconf 89' lang='lat' dir='ltr'><strong>consequentissima</strong></span> <span class='ocrx_word' id='word_1_183' title='bbox 3198 1056 3338 1109; x_wconf 90' lang='lat' dir='ltr'><strong>ratio</strong></span> <span class='ocrx_word' id='word_1_184' title='bbox 3377 1066 3485 1119; x_wconf 88' lang='lat' dir='ltr'><strong>est,</strong></span> 
     </span>
    </p>
   </div>
   <div class='ocr_carea' id='block_1_27' title="bbox 1906 1137 3489 1213">
    <p class='ocr_par' dir='ltr' id='par_1_27' title="bbox 1906 1137 3489 1213">
     <span class='ocr_line' id='line_1_27' title="bbox 1906 1137 3489 1213; baseline 0.006 -24"><span class='ocrx_word' id='word_1_185' title='bbox 1906 1150 2101 1204; x_wconf 62' lang='lat' dir='ltr'><strong>paena},</strong></span> <span class='ocrx_word' id='word_1_186' title='bbox 2124 1137 2177 1190; x_wconf 89' lang='lat' dir='ltr'><strong>id</strong></span> <span class='ocrx_word' id='word_1_187' title='bbox 2206 1144 2310 1202; x_wconf 87' lang='lat' dir='ltr'><strong>est,</strong></span> <span class='ocrx_word' id='word_1_188' title='bbox 2330 1152 2476 1192; x_wconf 69' lang='lat' dir='ltr'><strong>cura:</strong></span> <span class='ocrx_word' id='word_1_189' title='bbox 2497 1153 2562 1193; x_wconf 87' lang='lat' dir='ltr'><strong>ac</strong></span> <span class='ocrx_word' id='word_1_190' title='bbox 2593 1140 2973 1196; x_wconf 84' lang='lat' dir='ltr'><strong>medicationis</strong></span> <span class='ocrx_word' id='word_1_191' title='bbox 2994 1150 3208 1213; x_wconf 85' lang='lat' dir='ltr'><strong>tempus</strong></span> <span class='ocrx_word' id='word_1_192' title='bbox 3228 1146 3489 1211; x_wconf 75' lang='lat' dir='ltr'><strong>extendi;</strong></span> 
     </span>
    </p>
   </div>
   <div class='ocr_carea' id='block_1_28' title="bbox 1907 1230 3486 1306">
    <p class='ocr_par' dir='ltr' id='par_1_28' title="bbox 1907 1230 3486 1306">
     <span class='ocr_line' id='line_1_28' title="bbox 1907 1230 3486 1306; baseline 0.006 -24"><span class='ocrx_word' id='word_1_193' title='bbox 1907 1236 1964 1283; x_wconf 90' lang='lat' dir='ltr'><strong>et</strong></span> <span class='ocrx_word' id='word_1_194' title='bbox 1992 1244 2090 1297; x_wconf 87' lang='lat' dir='ltr'><strong>per</strong></span> <span class='ocrx_word' id='word_1_195' title='bbox 2129 1230 2550 1299; x_wconf 88' lang='lat' dir='ltr'><strong>unumquodque</strong></span> <span class='ocrx_word' id='word_1_196' title='bbox 2588 1231 2782 1286; x_wconf 87' lang='lat' dir='ltr'><strong>vulnus</strong></span> <span class='ocrx_word' id='word_1_197' title='bbox 2838 1248 2938 1303; x_wconf 88' lang='lat' dir='ltr'><strong>pro</strong></span> <span class='ocrx_word' id='word_1_198' title='bbox 2988 1235 3251 1303; x_wconf 86' lang='lat' dir='ltr'><strong>qualitate</strong></span> <span class='ocrx_word' id='word_1_199' title='bbox 3289 1237 3486 1306; x_wconf 78' lang='lat' dir='ltr'><strong>plagae,</strong></span> 
     </span>
    </p>
   </div>
   <div class='ocr_carea' id='block_1_29' title="bbox 1908 1319 3490 1395">
    <p class='ocr_par' dir='ltr' id='par_1_29' title="bbox 1908 1319 3490 1395">
     <span class='ocr_line' id='line_1_29' title="bbox 1908 1319 3490 1395; baseline 0.004 -23"><span class='ocrx_word' id='word_1_200' title='bbox 1908 1319 2158 1374; x_wconf 89' lang='lat' dir='ltr'><strong>medendi</strong></span> <span class='ocrx_word' id='word_1_201' title='bbox 2197 1334 2413 1389; x_wconf 90' lang='lat' dir='ltr'><strong>quoque</strong></span> <span class='ocrx_word' id='word_1_202' title='bbox 2455 1321 2629 1390; x_wconf 88' lang='lat' dir='ltr'><strong>spatia</strong></span> <span class='ocrx_word' id='word_1_203' title='bbox 2677 1324 2989 1393; x_wconf 79' lang='lat' dir='ltr'><strong>propagari.</strong></span> <span class='ocrx_word' id='word_1_204' title='bbox 3020 1324 3111 1379; x_wconf 89' lang='lat' dir='ltr'><strong>Sic</strong></span> <span class='ocrx_word' id='word_1_205' title='bbox 3135 1341 3264 1395; x_wconf 88' lang='lat' dir='ltr'><strong>ergo</strong></span> <span class='ocrx_word' id='word_1_206' title='bbox 3288 1335 3343 1381; x_wconf 93' lang='lat' dir='ltr'><strong>et</strong></span> <span class='ocrx_word' id='word_1_207' title='bbox 3366 1328 3374 1343; x_wconf 95' lang='lat'><em>’</em></span> <span class='ocrx_word' id='word_1_208' title='bbox 3394 1326 3490 1381; x_wconf 89' lang='lat' dir='ltr'><strong>Dei</strong></span> 
     </span>
    </p>
   </div>
   <div class='ocr_carea' id='block_1_30' title="bbox 1907 1400 3494 1485">
    <p class='ocr_par' dir='ltr' id='par_1_30' title="bbox 1907 1400 3494 1485">
     <span class='ocr_line' id='line_1_30' title="bbox 1907 1400 3494 1485; baseline 0.003 -21"><span class='ocrx_word' id='word_1_209' title='bbox 1907 1410 2138 1480; x_wconf 75' lang='lat' dir='ltr'><strong>zequitas</strong></span> <span class='ocrx_word' id='word_1_210' title='bbox 2165 1425 2229 1465; x_wconf 90' lang='lat' dir='ltr'><strong>ac</strong></span> <span class='ocrx_word' id='word_1_211' title='bbox 2256 1400 2559 1480; x_wconf 81' lang='lat' dir='ltr'><strong>benignitas</strong></span> <span class='ocrx_word' id='word_1_212' title='bbox 2581 1412 2743 1467; x_wconf 89' lang='lat' dir='ltr'><strong>etiam</strong></span> <span class='ocrx_word' id='word_1_213' title='bbox 2768 1413 2820 1466; x_wconf 92' lang='lat' dir='ltr'><strong>in</strong></span> <span class='ocrx_word' id='word_1_214' title='bbox 2836 1412 2969 1483; x_wconf 89' lang='lat' dir='ltr'><strong>ipsis</strong></span> <span class='ocrx_word' id='word_1_215' title='bbox 2992 1414 3186 1468; x_wconf 81' lang='lat' dir='ltr'><strong>anima.-</strong></span> <span class='ocrx_word' id='word_1_216' title='bbox 3212 1415 3494 1485; x_wconf 87' lang='lat' dir='ltr'><strong>suppliciis</strong></span> 
     </span>
    </p>
   </div>
   <div class='ocr_carea' id='block_1_31' title="bbox 1909 1500 3492 1575">
    <p class='ocr_par' dir='ltr' id='par_1_31' title="bbox 1909 1500 3492 1575">
     <span class='ocr_line' id='line_1_31' title="bbox 1909 1500 3492 1575; baseline 0.001 -19"><span class='ocrx_word' id='word_1_217' title='bbox 1909 1501 2132 1557; x_wconf 80' lang='lat' dir='ltr'><strong>evidens</strong></span> <span class='ocrx_word' id='word_1_218' title='bbox 2157 1500 2273 1567; x_wconf 89' lang='lat' dir='ltr'><strong>fiat,</strong></span> <span class='ocrx_word' id='word_1_219' title='bbox 2295 1509 2356 1555; x_wconf 92' lang='lat' dir='ltr'><strong>ut</strong></span> <span class='ocrx_word' id='word_1_220' title='bbox 2380 1501 2496 1556; x_wconf 65' lang='lat' dir='ltr'><strong>haec</strong></span> <span class='ocrx_word' id='word_1_221' title='bbox 2518 1502 2760 1565; x_wconf 88' lang='lat' dir='ltr'><strong>audiens,</strong></span> <span class='ocrx_word' id='word_1_222' title='bbox 2790 1503 2884 1572; x_wconf 91' lang='lat' dir='ltr'><strong>qui</strong></span> <span class='ocrx_word' id='word_1_223' title='bbox 2909 1506 3156 1573; x_wconf 87' lang='lat' dir='ltr'><strong>peccavit</strong></span> <span class='ocrx_word' id='word_1_224' title='bbox 3181 1505 3492 1575; x_wconf 85' lang='lat' dir='ltr'><strong>resipiscat,</strong></span> 
     </span>
    </p>
   </div>
   <div class='ocr_carea' id='block_1_32' title="bbox 1913 1591 3495 1665">
    <p class='ocr_par' dir='ltr' id='par_1_32' title="bbox 1913 1591 3495 1665">
     <span class='ocr_line' id='line_1_32' title="bbox 1913 1591 3495 1665; baseline 0.003 -18"><span class='ocrx_word' id='word_1_225' title='bbox 1913 1599 1968 1647; x_wconf 90' lang='lat' dir='ltr'><strong>et</strong></span> <span class='ocrx_word' id='word_1_226' title='bbox 1994 1591 2132 1654; x_wconf 75' lang='lat' dir='ltr'><strong>ultra</strong></span> <span class='ocrx_word' id='word_1_227' title='bbox 2155 1607 2262 1646; x_wconf 91' lang='lat' dir='ltr'><strong>non</strong></span> <span class='ocrx_word' id='word_1_228' title='bbox 2285 1600 2491 1661; x_wconf 88' lang='lat' dir='ltr'><strong>peccet.</strong></span> <span class='ocrx_word' id='word_1_229' title='bbox 2516 1592 2812 1648; x_wconf 85' lang='lat' dir='ltr'><strong>Conversio</strong></span> <span class='ocrx_word' id='word_1_230' title='bbox 2839 1595 2980 1649; x_wconf 88' lang='lat' dir='ltr'><strong>enim</strong></span> <span class='ocrx_word' id='word_1_231' title='bbox 3007 1595 3060 1649; x_wconf 92' lang='lat' dir='ltr'><strong>in</strong></span> <span class='ocrx_word' id='word_1_232' title='bbox 3087 1597 3344 1665; x_wconf 61' lang='lat' dir='ltr'><strong>praesenti</strong></span> <span class='ocrx_word' id='word_1_233' title='bbox 3382 1597 3495 1652; x_wconf 84' lang='lat' dir='ltr'><strong>vita</strong></span> 
     </span>
    </p>
   </div>
   <div class='ocr_carea' id='block_1_33' title="bbox 211 1659 3496 1758">
    <p class='ocr_par' dir='ltr' id='par_1_33' title="bbox 211 1659 3496 1758">
     <span class='ocr_line' id='line_1_33' title="bbox 211 1659 3496 1758; baseline -0.001 -12"><span class='ocrx_word' id='word_1_234' title='bbox 211 1690 330 1746; x_wconf 87' lang='lat' dir='ltr'><strong>erit</strong></span> <span class='ocrx_word' id='word_1_235' title='bbox 349 1659 533 1758; x_wconf 87' lang='lat' dir='ltr'><strong>aliqua</strong></span> <span class='ocrx_word' id='word_1_236' title='bbox 554 1659 785 1740; x_wconf 73' lang='lat' dir='ltr'><strong>fortasse</strong></span> <span class='ocrx_word' id='word_1_237' title='bbox 814 1682 978 1737; x_wconf 89' lang='lat' dir='ltr'><strong>etiam</strong></span> <span class='ocrx_word' id='word_1_238' title='bbox 1005 1682 1271 1739; x_wconf 88' lang='lat' dir='ltr'><strong>bonorum</strong></span> <span class='ocrx_word' id='word_1_239' title='bbox 1305 1693 1529 1750; x_wconf 90' lang='lat' dir='ltr'><strong>operum</strong></span> <span class='ocrx_word' id='word_1_240' title='bbox 1556 1690 1811 1746; x_wconf 81' lang='lat' dir='ltr'><strong>compen-</strong></span> <span class='ocrx_word' id='word_1_241' title='bbox 1836 1659 1885 1719; x_wconf 72' lang='grc' dir='ltr'><strong><em>Β</em></strong></span> <span class='ocrx_word' id='word_1_242' title='bbox 1912 1692 1968 1740; x_wconf 84' lang='lat' dir='ltr'><strong>et</strong></span> <span class='ocrx_word' id='word_1_243' title='bbox 1986 1659 2307 1755; x_wconf 78' lang='lat' dir='ltr'><strong>pmnitentia</strong></span> <span class='ocrx_word' id='word_1_244' title='bbox 2330 1683 2610 1740; x_wconf 78' lang='lat' dir='ltr'><strong>fructuosa</strong></span> <span class='ocrx_word' id='word_1_245' title='bbox 2651 1693 2802 1755; x_wconf 87' lang='lat' dir='ltr'><strong>gesta</strong></span> <span class='ocrx_word' id='word_1_246' title='bbox 2845 1659 3105 1741; x_wconf 46' lang='lat' dir='ltr'><strong>celerem-</strong></span> <span class='ocrx_word' id='word_1_247' title='bbox 3124 1687 3369 1743; x_wconf 86' lang='lat' dir='ltr'><strong>conferet</strong></span> <span class='ocrx_word' id='word_1_248' title='bbox 3392 1690 3496 1742; x_wconf 82' lang='lat' dir='ltr'><strong>hu-</strong></span> 
     </span>
    </p>
   </div>
   <div class='ocr_carea' id='block_1_34' title="bbox 214 1770 3494 1848">
    <p class='ocr_par' dir='ltr' id='par_1_34' title="bbox 214 1770 3494 1848">
     <span class='ocr_line' id='line_1_34' title="bbox 214 1770 3494 1848; baseline -0 -11"><span class='ocrx_word' id='word_1_249' title='bbox 214 1782 389 1847; x_wconf 85' lang='lat' dir='ltr'><strong>satio,</strong></span> <span class='ocrx_word' id='word_1_250' title='bbox 417 1778 506 1834; x_wconf 89' lang='lat' dir='ltr'><strong>vel</strong></span> <span class='ocrx_word' id='word_1_251' title='bbox 525 1778 687 1833; x_wconf 86' lang='lat' dir='ltr'><strong>etiam</strong></span> <span class='ocrx_word' id='word_1_252' title='bbox 712 1790 926 1841; x_wconf 91' lang='lat' dir='ltr'><strong>eorum,</strong></span> <span class='ocrx_word' id='word_1_253' title='bbox 951 1788 1072 1844; x_wconf 60' lang='lat' dir='ltr'><strong>quae</strong></span> <span class='ocrx_word' id='word_1_254' title='bbox 1099 1773 1154 1828; x_wconf 93' lang='lat' dir='ltr'><strong>in</strong></span> <span class='ocrx_word' id='word_1_255' title='bbox 1175 1773 1284 1827; x_wconf 88' lang='lat' dir='ltr'><strong>vita</strong></span> <span class='ocrx_word' id='word_1_256' title='bbox 1315 1787 1411 1827; x_wconf 91' lang='lat' dir='ltr'><strong>sua</strong></span> <span class='ocrx_word' id='word_1_257' title='bbox 1438 1770 1811 1840; x_wconf 85' lang='lat' dir='ltr'><strong>unusquisque</strong></span> <span class='ocrx_word' id='word_1_258' title='bbox 1902 1775 2141 1844; x_wconf 88' lang='lat' dir='ltr'><strong>jusmodi</strong></span> <span class='ocrx_word' id='word_1_259' title='bbox 2170 1776 2486 1832; x_wconf 87' lang='lat' dir='ltr'><strong>vulneribus</strong></span> <span class='ocrx_word' id='word_1_260' title='bbox 2509 1778 2855 1840; x_wconf 84' lang='lat' dir='ltr'><strong>medicinam,</strong></span> <span class='ocrx_word' id='word_1_261' title='bbox 2878 1780 3003 1848; x_wconf 91' lang='lat' dir='ltr'><strong>quia</strong></span> <span class='ocrx_word' id='word_1_262' title='bbox 3039 1781 3358 1848; x_wconf 74' lang='lat' dir='ltr'><strong>poenitentia</strong></span> <span class='ocrx_word' id='word_1_263' title='bbox 3388 1797 3494 1838; x_wconf 90' lang='lat' dir='ltr'><strong>non</strong></span> 
     </span>
    </p>
   </div>
   <div class='ocr_carea' id='block_1_35' title="bbox 216 1858 1806 1940">
    <p class='ocr_par' dir='ltr' id='par_1_35' title="bbox 216 1858 1806 1940">
     <span class='ocr_line' id='line_1_35' title="bbox 216 1858 1806 1940; baseline -0.009 -12"><span class='ocrx_word' id='word_1_264' title='bbox 216 1872 372 1928; x_wconf 84' lang='lat' dir='ltr'><strong>mala</strong></span> <span class='ocrx_word' id='word_1_265' title='bbox 392 1870 607 1940; x_wconf 87' lang='lat' dir='ltr'><strong>recipit,</strong></span> <span class='ocrx_word' id='word_1_266' title='bbox 626 1867 972 1923; x_wconf 80' lang='lat' dir='ltr'><strong>utAbraltam</strong></span> <span class='ocrx_word' id='word_1_267' title='bbox 993 1866 1061 1921; x_wconf 90' lang='lat' dir='ltr'><strong>dc</strong></span> <span class='ocrx_word' id='word_1_268' title='bbox 1078 1865 1287 1921; x_wconf 85' lang='lat' dir='ltr'><strong>Lazaro</strong></span> <span class='ocrx_word' id='word_1_269' title='bbox 1305 1865 1487 1921; x_wconf 88' lang='lat' dir='ltr'><strong>docuit</strong></span> <span class='ocrx_word' id='word_1_270' title='bbox 1504 1861 1655 1935; x_wconf 79' lang='lat' dir='ltr'><strong>(Luc.</strong></span> <span class='ocrx_word' id='word_1_271' title='bbox 1672 1858 1806 1931; x_wconf 79' lang='lat' dir='ltr'><strong>xvi).</strong></span> 
     </span>
    </p>
   </div>
   <div class='ocr_carea' id='block_1_36' title="bbox 218 1951 1812 2035">
    <p class='ocr_par' dir='ltr' id='par_1_36' title="bbox 218 1951 1812 2035">
     <span class='ocr_line' id='line_1_36' title="bbox 218 1951 1812 2035; baseline -0.01 -14"><span class='ocrx_word' id='word_1_272' title='bbox 218 1966 335 2022; x_wconf 87' lang='lat' dir='ltr'><strong>Sed</strong></span> <span class='ocrx_word' id='word_1_273' title='bbox 360 1965 481 2020; x_wconf 63' lang='lat' dir='ltr'><strong>hare</strong></span> <span class='ocrx_word' id='word_1_274' title='bbox 504 1962 683 2018; x_wconf 89' lang='lat' dir='ltr'><strong>nullus</strong></span> <span class='ocrx_word' id='word_1_275' title='bbox 708 1969 796 2017; x_wconf 92' lang='lat' dir='ltr'><strong>est</strong></span> <span class='ocrx_word' id='word_1_276' title='bbox 821 1974 982 2016; x_wconf 90' lang='lat' dir='ltr'><strong>nosse</strong></span> <span class='ocrx_word' id='word_1_277' title='bbox 1008 1959 1076 2014; x_wconf 90' lang='lat' dir='ltr'><strong>ad</strong></span> <span class='ocrx_word' id='word_1_278' title='bbox 1106 1956 1520 2035; x_wconf 85' lang='lat' dir='ltr'><strong>integrum,nisi</strong></span> <span class='ocrx_word' id='word_1_279' title='bbox 1554 1954 1696 2010; x_wconf 87' lang='lat' dir='ltr'><strong>illius</strong></span> <span class='ocrx_word' id='word_1_280' title='bbox 1724 1951 1812 2008; x_wconf 90' lang='lat' dir='ltr'><strong>cui</strong></span> 
     </span>
    </p>
   </div>
   <div class='ocr_carea' id='block_1_37' title="bbox 216 2043 1811 2127">
    <p class='ocr_par' dir='ltr' id='par_1_37' title="bbox 216 2043 1811 2127">
     <span class='ocr_line' id='line_1_37' title="bbox 216 2043 1811 2127; baseline -0.01 -15"><span class='ocrx_word' id='word_1_281' title='bbox 216 2069 390 2112; x_wconf 87' lang='lat' dir='ltr'><strong>omne</strong></span> <span class='ocrx_word' id='word_1_282' title='bbox 427 2053 695 2127; x_wconf 83' lang='lat' dir='ltr'><strong>judicium</strong></span> <span class='ocrx_word' id='word_1_283' title='bbox 751 2051 914 2106; x_wconf 85' lang='lat' dir='ltr'><strong>tradit</strong></span> <span class='ocrx_word' id='word_1_284' title='bbox 959 2049 1142 2106; x_wconf 86' lang='lat' dir='ltr'><strong>Pater.</strong></span> <span class='ocrx_word' id='word_1_285' title='bbox 1194 2048 1348 2116; x_wconf 84' lang='lat' dir='ltr'><strong>Quod</strong></span> <span class='ocrx_word' id='word_1_286' title='bbox 1378 2048 1494 2104; x_wconf 87' lang='lat' dir='ltr'><strong>dies</strong></span> <span class='ocrx_word' id='word_1_287' title='bbox 1517 2046 1727 2116; x_wconf 87' lang='lat' dir='ltr'><strong>peccati</strong></span> <span class='ocrx_word' id='word_1_288' title='bbox 1756 2043 1811 2097; x_wconf 90' lang='lat' dir='ltr'><strong>in</strong></span> 
     </span>
    </p>
   </div>
   <div class='ocr_carea' id='block_1_38' title="bbox 218 2140 1813 2216">
    <p class='ocr_par' dir='ltr' id='par_1_38' title="bbox 218 2140 1813 2216">
     <span class='ocr_line' id='line_1_38' title="bbox 218 2140 1813 2216; baseline -0.003 -14"><span class='ocrx_word' id='word_1_289' title='bbox 218 2162 433 2202; x_wconf 88' lang='lat' dir='ltr'><strong>annum</strong></span> <span class='ocrx_word' id='word_1_290' title='bbox 459 2159 625 2216; x_wconf 67' lang='lat' dir='ltr'><strong>penna</strong></span> <span class='ocrx_word' id='word_1_291' title='bbox 647 2149 953 2213; x_wconf 87' lang='lat' dir='ltr'><strong>reputatur,</strong></span> <span class='ocrx_word' id='word_1_292' title='bbox 984 2156 1094 2197; x_wconf 90' lang='lat' dir='ltr'><strong>non</strong></span> <span class='ocrx_word' id='word_1_293' title='bbox 1120 2140 1295 2197; x_wconf 93' lang='lat' dir='ltr'><strong>solum</strong></span> <span class='ocrx_word' id='word_1_294' title='bbox 1342 2140 1397 2195; x_wconf 94' lang='lat' dir='ltr'><strong>in</strong></span> <span class='ocrx_word' id='word_1_295' title='bbox 1428 2140 1533 2195; x_wconf 82' lang='lat' dir='ltr'><strong>hoc</strong></span> <span class='ocrx_word' id='word_1_296' title='bbox 1561 2140 1720 2206; x_wconf 85' lang='lat' dir='ltr'><strong>libro,</strong></span> <span class='ocrx_word' id='word_1_297' title='bbox 1754 2142 1813 2198; x_wconf 91' lang='lat' dir='ltr'><strong>in</strong></span> 
     </span>
    </p>
   </div>
   <div class='ocr_carea' id='block_1_39' title="bbox 218 2231 1814 2310">
    <p class='ocr_par' dir='ltr' id='par_1_39' title="bbox 218 2231 1814 2310">
     <span class='ocr_line' id='line_1_39' title="bbox 218 2231 1814 2310; baseline -0.006 -16"><span class='ocrx_word' id='word_1_298' title='bbox 218 2255 336 2310; x_wconf 87' lang='lat' dir='ltr'><strong>quo</strong></span> <span class='ocrx_word' id='word_1_299' title='bbox 366 2236 505 2292; x_wconf 91' lang='lat' dir='ltr'><strong>nibil</strong></span> <span class='ocrx_word' id='word_1_300' title='bbox 531 2236 753 2292; x_wconf 88' lang='lat' dir='ltr'><strong>omnino</strong></span> <span class='ocrx_word' id='word_1_301' title='bbox 778 2241 864 2289; x_wconf 90' lang='lat' dir='ltr'><strong>est</strong></span> <span class='ocrx_word' id='word_1_302' title='bbox 892 2234 1037 2303; x_wconf 79' lang='lat' dir='ltr'><strong>quod</strong></span> <span class='ocrx_word' id='word_1_303' title='bbox 1083 2232 1318 2287; x_wconf 88' lang='lat' dir='ltr'><strong>dubitari</strong></span> <span class='ocrx_word' id='word_1_304' title='bbox 1354 2232 1547 2302; x_wconf 87' lang='lat' dir='ltr'><strong>possit,</strong></span> <span class='ocrx_word' id='word_1_305' title='bbox 1574 2231 1814 2287; x_wconf 84' lang='lat' dir='ltr'><strong>ostendi-</strong></span> 
     </span>
    </p>
   </div>
   <div class='ocr_carea' id='block_1_40' title="bbox 222 2322 1813 2395">
    <p class='ocr_par' dir='ltr' id='par_1_40' title="bbox 222 2322 1813 2395">
     <span class='ocr_line' id='line_1_40' title="bbox 222 2322 1813 2395; baseline -0.003 -12"><span class='ocrx_word' id='word_1_306' title='bbox 222 2340 343 2395; x_wconf 88' lang='lat' dir='ltr'><strong>tur,</strong></span> <span class='ocrx_word' id='word_1_307' title='bbox 367 2326 463 2383; x_wconf 87' lang='lat' dir='ltr'><strong>sed</strong></span> <span class='ocrx_word' id='word_1_308' title='bbox 490 2335 545 2381; x_wconf 91' lang='lat' dir='ltr'><strong>et</strong></span> <span class='ocrx_word' id='word_1_309' title='bbox 571 2325 627 2380; x_wconf 91' lang='lat' dir='ltr'><strong>in</strong></span> <span class='ocrx_word' id='word_1_310' title='bbox 650 2324 832 2381; x_wconf 90' lang='lat' dir='ltr'><strong>libello</strong></span> <span class='ocrx_word' id='word_1_311' title='bbox 857 2323 1120 2388; x_wconf 87' lang='lat' dir='ltr'><strong>Pastoris,</strong></span> <span class='ocrx_word' id='word_1_312' title='bbox 1153 2323 1199 2378; x_wconf 87' lang='lat' dir='ltr'><strong>si</strong></span> <span class='ocrx_word' id='word_1_313' title='bbox 1224 2322 1310 2377; x_wconf 89' lang='lat' dir='ltr'><strong>cui</strong></span> <span class='ocrx_word' id='word_1_314' title='bbox 1335 2331 1516 2378; x_wconf 83' lang='lat' dir='ltr'><strong>tamen</strong></span> <span class='ocrx_word' id='word_1_315' title='bbox 1544 2322 1813 2393; x_wconf 87' lang='lat' dir='ltr'><strong>scriptura</strong></span> 
     </span>
    </p>
   </div>
   <div class='ocr_carea' id='block_1_41' title="bbox 222 2410 1816 2488">
    <p class='ocr_par' dir='ltr' id='par_1_41' title="bbox 222 2410 1816 2488">
     <span class='ocr_line' id='line_1_41' title="bbox 222 2410 1816 2488; baseline -0.005 -15"><span class='ocrx_word' id='word_1_316' title='bbox 222 2416 548 2488; x_wconf 85' lang='lat' dir='ltr'><strong>recipienda</strong></span> <span class='ocrx_word' id='word_1_317' title='bbox 571 2415 807 2480; x_wconf 88' lang='lat' dir='ltr'><strong>videtur,</strong></span> <span class='ocrx_word' id='word_1_318' title='bbox 831 2413 1028 2469; x_wconf 87' lang='lat' dir='ltr'><strong>similia</strong></span> <span class='ocrx_word' id='word_1_319' title='bbox 1058 2412 1430 2482; x_wconf 79' lang='lat' dir='ltr'><strong>designantur.</strong></span> <span class='ocrx_word' id='word_1_320' title='bbox 1448 2410 1555 2466; x_wconf 89' lang='lat' dir='ltr'><strong>Sed</strong></span> <span class='ocrx_word' id='word_1_321' title='bbox 1585 2410 1816 2466; x_wconf 78' lang='lat' dir='ltr'><strong>fortasse</strong></span> 
     </span>
    </p>
   </div>
   <div class='ocr_carea' id='block_1_42' title="bbox 222 2500 1816 2578">
    <p class='ocr_par' dir='ltr' id='par_1_42' title="bbox 222 2500 1816 2578">
     <span class='ocr_line' id='line_1_42' title="bbox 222 2500 1816 2578; baseline -0.003 -17"><span class='ocrx_word' id='word_1_322' title='bbox 222 2505 428 2578; x_wconf 85' lang='lat' dir='ltr'><strong>aliquis</strong></span> <span class='ocrx_word' id='word_1_323' title='bbox 459 2511 618 2576; x_wconf 85' lang='lat' dir='ltr'><strong>neget</strong></span> <span class='ocrx_word' id='word_1_324' title='bbox 660 2502 895 2558; x_wconf 86' lang='lat' dir='ltr'><strong>bonitati</strong></span> <span class='ocrx_word' id='word_1_325' title='bbox 939 2502 1036 2557; x_wconf 88' lang='lat' dir='ltr'><strong>Dei</strong></span> <span class='ocrx_word' id='word_1_326' title='bbox 1090 2501 1407 2566; x_wconf 89' lang='lat' dir='ltr'><strong>convenire,</strong></span> <span class='ocrx_word' id='word_1_327' title='bbox 1438 2512 1499 2555; x_wconf 86' lang='lat' dir='ltr'><strong>ut</strong></span> <span class='ocrx_word' id='word_1_328' title='bbox 1531 2516 1630 2570; x_wconf 90' lang='lat' dir='ltr'><strong>pro</strong></span> <span class='ocrx_word' id='word_1_329' title='bbox 1656 2500 1816 2556; x_wconf 84' lang='lat' dir='ltr'><strong>unius</strong></span> 
     </span>
    </p>
   </div>
   <div class='ocr_carea' id='block_1_43' title="bbox 222 2591 1815 2667">
    <p class='ocr_par' dir='ltr' id='par_1_43' title="bbox 222 2591 1815 2667">
     <span class='ocr_line' id='line_1_43' title="bbox 222 2591 1815 2667; baseline -0.006 -13"><span class='ocrx_word' id='word_1_330' title='bbox 222 2599 337 2653; x_wconf 88' lang='lat' dir='ltr'><strong>diei</strong></span> <span class='ocrx_word' id='word_1_331' title='bbox 361 2605 609 2667; x_wconf 88' lang='lat' dir='ltr'><strong>peccato,</strong></span> <span class='ocrx_word' id='word_1_332' title='bbox 636 2609 838 2649; x_wconf 88' lang='lat' dir='ltr'><strong>annum</strong></span> <span class='ocrx_word' id='word_1_333' title='bbox 857 2593 1244 2664; x_wconf 89' lang='lat' dir='ltr'><strong>suppliciorum</strong></span> <span class='ocrx_word' id='word_1_334' title='bbox 1263 2593 1544 2663; x_wconf 87' lang='lat' dir='ltr'><strong>rependat.</strong></span> <span class='ocrx_word' id='word_1_335' title='bbox 1570 2591 1675 2652; x_wconf 89' lang='lat' dir='ltr'><strong>Sed</strong></span> <span class='ocrx_word' id='word_1_336' title='bbox 1704 2592 1815 2645; x_wconf 86' lang='lat' dir='ltr'><strong>for-</strong></span> 
     </span>
    </p>
   </div>
   <div class='ocr_carea' id='block_1_44' title="bbox 228 2682 1814 2757">
    <p class='ocr_par' dir='ltr' id='par_1_44' title="bbox 228 2682 1814 2757">
     <span class='ocr_line' id='line_1_44' title="bbox 228 2682 1814 2757; baseline -0.006 -12"><span class='ocrx_word' id='word_1_337' title='bbox 228 2702 384 2745; x_wconf 83' lang='lat' dir='ltr'><strong>tasse</strong></span> <span class='ocrx_word' id='word_1_338' title='bbox 413 2687 611 2757; x_wconf 87' lang='lat' dir='ltr'><strong>aliquis</strong></span> <span class='ocrx_word' id='word_1_339' title='bbox 641 2686 787 2740; x_wconf 91' lang='lat' dir='ltr'><strong>dicet</strong></span> <span class='ocrx_word' id='word_1_340' title='bbox 813 2685 978 2740; x_wconf 87' lang='lat' dir='ltr'><strong>etiam</strong></span> <span class='ocrx_word' id='word_1_341' title='bbox 1010 2701 1023 2737; x_wconf 92' lang='lat'><strong>:</strong></span> <span class='ocrx_word' id='word_1_342' title='bbox 1056 2682 1115 2738; x_wconf 87' lang='lat' dir='ltr'><strong>Si</strong></span> <span class='ocrx_word' id='word_1_343' title='bbox 1149 2683 1294 2740; x_wconf 89' lang='lat' dir='ltr'><strong>diem</strong></span> <span class='ocrx_word' id='word_1_344' title='bbox 1322 2698 1422 2754; x_wconf 90' lang='lat' dir='ltr'><strong>pro</strong></span> <span class='ocrx_word' id='word_1_345' title='bbox 1469 2682 1558 2736; x_wconf 88' lang='lat' dir='ltr'><strong>die</strong></span> <span class='ocrx_word' id='word_1_346' title='bbox 1605 2682 1814 2745; x_wconf 86' lang='lat' dir='ltr'><strong>reddat,</strong></span> 
     </span>
    </p>
   </div>
   <div class='ocr_carea' id='block_1_45' title="bbox 229 2774 1819 2849">
    <p class='ocr_par' dir='ltr' id='par_1_45' title="bbox 229 2774 1819 2849">
     <span class='ocr_line' id='line_1_45' title="bbox 229 2774 1819 2849; baseline -0.003 -16"><span class='ocrx_word' id='word_1_347' title='bbox 229 2779 490 2848; x_wconf 86' lang='lat' dir='ltr'><strong>quamvis</strong></span> <span class='ocrx_word' id='word_1_348' title='bbox 530 2778 762 2849; x_wconf 91' lang='lat' dir='ltr'><strong>justum,</strong></span> <span class='ocrx_word' id='word_1_349' title='bbox 807 2792 914 2831; x_wconf 90' lang='lat' dir='ltr'><strong>non</strong></span> <span class='ocrx_word' id='word_1_350' title='bbox 968 2784 1148 2831; x_wconf 82' lang='lat' dir='ltr'><strong>tamen</strong></span> <span class='ocrx_word' id='word_1_351' title='bbox 1198 2775 1441 2830; x_wconf 87' lang='lat' dir='ltr'><strong>clemens</strong></span> <span class='ocrx_word' id='word_1_352' title='bbox 1485 2774 1698 2829; x_wconf 85' lang='lat' dir='ltr'><strong>videtur</strong></span> <span class='ocrx_word' id='word_1_353' title='bbox 1725 2783 1819 2829; x_wconf 88' lang='lat' dir='ltr'><strong>aut</strong></span> 
     </span>
    </p>
   </div>
   <div class='ocr_carea' id='block_1_46' title="bbox 230 2861 1819 2941">
    <p class='ocr_par' dir='ltr' id='par_1_46' title="bbox 230 2861 1819 2941">
     <span class='ocr_line' id='line_1_46' title="bbox 230 2861 1819 2941; baseline -0.004 -17"><span class='ocrx_word' id='word_1_354' title='bbox 230 2868 548 2941; x_wconf 85' lang='lat' dir='ltr'><strong>benignum.</strong></span> <span class='ocrx_word' id='word_1_355' title='bbox 580 2867 722 2922; x_wconf 83' lang='lat' dir='ltr'><strong>Audi</strong></span> <span class='ocrx_word' id='word_1_356' title='bbox 746 2880 876 2937; x_wconf 89' lang='lat' dir='ltr'><strong>ergo</strong></span> <span class='ocrx_word' id='word_1_357' title='bbox 909 2864 1118 2928; x_wconf 75' lang='lat' dir='ltr'><strong>adhaec,</strong></span> <span class='ocrx_word' id='word_1_358' title='bbox 1144 2866 1192 2920; x_wconf 90' lang='lat' dir='ltr'><strong>si</strong></span> <span class='ocrx_word' id='word_1_359' title='bbox 1221 2864 1361 2920; x_wconf 87' lang='lat' dir='ltr'><strong>forte</strong></span> <span class='ocrx_word' id='word_1_360' title='bbox 1386 2865 1658 2934; x_wconf 88' lang='lat' dir='ltr'><strong>possimus</strong></span> <span class='ocrx_word' id='word_1_361' title='bbox 1683 2861 1819 2919; x_wconf 75' lang='lat' dir='ltr'><strong>ditii-</strong></span> 
     </span>
    </p>
   </div>
   <div class='ocr_carea' id='block_1_47' title="bbox 230 2953 1815 3026">
    <p class='ocr_par' dir='ltr' id='par_1_47' title="bbox 230 2953 1815 3026">
     <span class='ocr_line' id='line_1_47' title="bbox 230 2953 1815 3026; baseline -0.004 -13"><span class='ocrx_word' id='word_1_362' title='bbox 230 2957 496 3013; x_wconf 88' lang='lat' dir='ltr'><strong>cultatem</strong></span> <span class='ocrx_word' id='word_1_363' title='bbox 522 2956 598 3010; x_wconf 91' lang='lat' dir='ltr'><strong>rei</strong></span> <span class='ocrx_word' id='word_1_364' title='bbox 618 2955 882 3025; x_wconf 77' lang='lat' dir='ltr'><strong>exemplis</strong></span> <span class='ocrx_word' id='word_1_365' title='bbox 897 2954 1250 3011; x_wconf 89' lang='lat' dir='ltr'><strong>lucidioribus</strong></span> <span class='ocrx_word' id='word_1_366' title='bbox 1269 2954 1584 3026; x_wconf 80' lang='lat' dir='ltr'><strong>explanare.</strong></span> <span class='ocrx_word' id='word_1_367' title='bbox 1614 2953 1675 3009; x_wconf 91' lang='lat' dir='ltr'><strong>Si</strong></span> <span class='ocrx_word' id='word_1_368' title='bbox 1700 2953 1815 3009; x_wconf 88' lang='lat' dir='ltr'><strong>vul-</strong></span> 
     </span>
    </p>
   </div>
   <div class='ocr_carea' id='block_1_48' title="bbox 230 3044 1815 3117">
    <p class='ocr_par' dir='ltr' id='par_1_48' title="bbox 230 3044 1815 3117">
     <span class='ocr_line' id='line_1_48' title="bbox 230 3044 1815 3117; baseline -0.003 -13"><span class='ocrx_word' id='word_1_369' title='bbox 230 3064 337 3104; x_wconf 87' lang='lat' dir='ltr'><strong>nus</strong></span> <span class='ocrx_word' id='word_1_370' title='bbox 364 3046 583 3117; x_wconf 75' lang='lat' dir='ltr'><strong>corpori</strong></span> <span class='ocrx_word' id='word_1_371' title='bbox 613 3044 904 3117; x_wconf 81' lang='lat' dir='ltr'><strong>iulligatur,</strong></span> <span class='ocrx_word' id='word_1_372' title='bbox 926 3053 1021 3100; x_wconf 91' lang='lat' dir='ltr'><strong>aut</strong></span> <span class='ocrx_word' id='word_1_373' title='bbox 1039 3060 1329 3101; x_wconf 85' lang='lat' dir='ltr'><strong>nervorum</strong></span> <span class='ocrx_word' id='word_1_374' title='bbox 1359 3046 1615 3116; x_wconf 89' lang='lat' dir='ltr'><strong>junctura</strong></span> <span class='ocrx_word' id='word_1_375' title='bbox 1644 3045 1815 3101; x_wconf 87' lang='lat' dir='ltr'><strong>resol-</strong></span> 
     </span>
    </p>
   </div>
   <div class='ocr_carea' id='block_1_49' title="bbox 235 3135 1818 3207">
    <p class='ocr_par' dir='ltr' id='par_1_49' title="bbox 235 3135 1818 3207">
     <span class='ocr_line' id='line_1_49' title="bbox 235 3135 1818 3207; baseline -0.003 -15"><span class='ocrx_word' id='word_1_376' title='bbox 235 3148 418 3201; x_wconf 81' lang='lat' dir='ltr'><strong>vatur,</strong></span> <span class='ocrx_word' id='word_1_377' title='bbox 466 3137 570 3192; x_wconf 88' lang='lat' dir='ltr'><strong>sub</strong></span> <span class='ocrx_word' id='word_1_378' title='bbox 589 3136 752 3191; x_wconf 91' lang='lat' dir='ltr'><strong>unius</strong></span> <span class='ocrx_word' id='word_1_379' title='bbox 780 3136 930 3190; x_wconf 65' lang='lat' dir='ltr'><strong>hora:</strong></span> <span class='ocrx_word' id='word_1_380' title='bbox 956 3135 1132 3207; x_wconf 89' lang='lat' dir='ltr'><strong>spatio</strong></span> <span class='ocrx_word' id='word_1_381' title='bbox 1162 3135 1336 3206; x_wconf 37' lang='lat' dir='ltr'><strong>.hujus</strong></span> <span class='ocrx_word' id='word_1_382' title='bbox 1373 3135 1559 3191; x_wconf 87' lang='lat' dir='ltr'><strong>mundi</strong></span> <span class='ocrx_word' id='word_1_383' title='bbox 1595 3135 1818 3189; x_wconf 88' lang='lat' dir='ltr'><strong>vulnera</strong></span> 
     </span>
    </p>
   </div>
   <div class='ocr_carea' id='block_1_50' title="bbox 236 3225 1823 3297">
    <p class='ocr_par' dir='ltr' id='par_1_50' title="bbox 236 3225 1823 3297">
     <span class='ocr_line' id='line_1_50' title="bbox 236 3225 1823 3297; baseline -0.002 -14"><span class='ocrx_word' id='word_1_384' title='bbox 236 3229 425 3284; x_wconf 86' lang='lat' dir='ltr'><strong>solent</strong></span> <span class='ocrx_word' id='word_1_385' title='bbox 453 3227 774 3296; x_wconf 88' lang='lat' dir='ltr'><strong>corporibus</strong></span> <span class='ocrx_word' id='word_1_386' title='bbox 798 3226 1068 3291; x_wconf 88' lang='lat' dir='ltr'><strong>accidere,</strong></span> <span class='ocrx_word' id='word_1_387' title='bbox 1093 3234 1150 3280; x_wconf 91' lang='lat' dir='ltr'><strong>et</strong></span> <span class='ocrx_word' id='word_1_388' title='bbox 1172 3227 1539 3297; x_wconf 85' lang='lat' dir='ltr'><strong>postmodum,</strong></span> <span class='ocrx_word' id='word_1_389' title='bbox 1570 3225 1823 3281; x_wconf 88' lang='lat' dir='ltr'><strong>cruciati-</strong></span> 
     </span>
    </p>
   </div>
   <div class='ocr_carea' id='block_1_51' title="bbox 236 3317 1819 3387">
    <p class='ocr_par' dir='ltr' id='par_1_51' title="bbox 236 3317 1819 3387">
     <span class='ocr_line' id='line_1_51' title="bbox 236 3317 1819 3387; baseline -0.002 -12"><span class='ocrx_word' id='word_1_390' title='bbox 236 3320 343 3375; x_wconf 85' lang='lat' dir='ltr'><strong>bus</strong></span> <span class='ocrx_word' id='word_1_391' title='bbox 378 3334 445 3374; x_wconf 88' lang='lat' dir='ltr'><strong>ac</strong></span> <span class='ocrx_word' id='word_1_392' title='bbox 491 3317 767 3373; x_wconf 87' lang='lat' dir='ltr'><strong>doloribus</strong></span> <span class='ocrx_word' id='word_1_393' title='bbox 791 3317 1020 3382; x_wconf 83' lang='lat' dir='ltr'><strong>exactis,</strong></span> <span class='ocrx_word' id='word_1_394' title='bbox 1047 3317 1218 3373; x_wconf 90' lang='lat' dir='ltr'><strong>multo</strong></span> <span class='ocrx_word' id='word_1_395' title='bbox 1242 3319 1330 3372; x_wconf 82' lang='lat' dir='ltr'><strong>vix</strong></span> <span class='ocrx_word' id='word_1_396' title='bbox 1355 3326 1596 3387; x_wconf 91' lang='lat' dir='ltr'><strong>tempore</strong></span> <span class='ocrx_word' id='word_1_397' title='bbox 1616 3318 1819 3374; x_wconf 89' lang='lat' dir='ltr'><strong>sanari.</strong></span> 
     </span>
    </p>
   </div>
   <div class='ocr_carea' id='block_1_52' title="bbox 238 3407 1826 3481">
    <p class='ocr_par' dir='ltr' id='par_1_52' title="bbox 238 3407 1826 3481">
     <span class='ocr_line' id='line_1_52' title="bbox 238 3407 1826 3481; baseline 0.001 -17"><span class='ocrx_word' id='word_1_398' title='bbox 238 3410 442 3478; x_wconf 83' lang='lat' dir='ltr'><strong>Quanti</strong></span> <span class='ocrx_word' id='word_1_399' title='bbox 468 3410 613 3465; x_wconf 89' lang='lat' dir='ltr'><strong>enim</strong></span> <span class='ocrx_word' id='word_1_400' title='bbox 637 3409 859 3465; x_wconf 87' lang='lat' dir='ltr'><strong>timores</strong></span> <span class='ocrx_word' id='word_1_401' title='bbox 884 3409 938 3463; x_wconf 89' lang='lat' dir='ltr'><strong>in</strong></span> <span class='ocrx_word' id='word_1_402' title='bbox 966 3407 1109 3475; x_wconf 92' lang='lat' dir='ltr'><strong>loco,</strong></span> <span class='ocrx_word' id='word_1_403' title='bbox 1138 3418 1341 3479; x_wconf 90' lang='lat' dir='ltr'><strong>quanta</strong></span> <span class='ocrx_word' id='word_1_404' title='bbox 1371 3418 1637 3465; x_wconf 88' lang='lat' dir='ltr'><strong>tormenta</strong></span> <span class='ocrx_word' id='word_1_405' title='bbox 1663 3425 1826 3481; x_wconf 75' lang='lat' dir='ltr'><strong>gene-</strong></span> 
     </span>
    </p>
   </div>
   <div class='ocr_carea' id='block_1_53' title="bbox 240 3496 1825 3554">
    <p class='ocr_par' dir='ltr' id='par_1_53' title="bbox 240 3496 1825 3554">
     <span class='ocr_line' id='line_1_53' title="bbox 240 3496 1825 3554; baseline 0.001 -2"><span class='ocrx_word' id='word_1_406' title='bbox 240 3507 461 3553; x_wconf 85' lang='lat' dir='ltr'><strong>rantur.</strong></span> <span class='ocrx_word' id='word_1_407' title='bbox 485 3496 608 3553; x_wconf 85' lang='lat' dir='ltr'><strong>Jam</strong></span> <span class='ocrx_word' id='word_1_408' title='bbox 639 3513 766 3553; x_wconf 86' lang='lat' dir='ltr'><strong>vero</strong></span> <span class='ocrx_word' id='word_1_409' title='bbox 790 3498 837 3553; x_wconf 92' lang='lat' dir='ltr'><strong>si</strong></span> <span class='ocrx_word' id='word_1_410' title='bbox 863 3497 1074 3553; x_wconf 87' lang='lat' dir='ltr'><strong>accidat</strong></span> <span class='ocrx_word' id='word_1_411' title='bbox 1095 3506 1155 3552; x_wconf 92' lang='lat' dir='ltr'><strong>ut</strong></span> <span class='ocrx_word' id='word_1_412' title='bbox 1176 3499 1230 3553; x_wconf 90' lang='lat' dir='ltr'><strong>in</strong></span> <span class='ocrx_word' id='word_1_413' title='bbox 1266 3500 1457 3554; x_wconf 88' lang='lat' dir='ltr'><strong>eodem</strong></span> <span class='ocrx_word' id='word_1_414' title='bbox 1497 3499 1720 3554; x_wconf 90' lang='lat' dir='ltr'><strong>vulnere</strong></span> <span class='ocrx_word' id='word_1_415' title='bbox 1740 3499 1825 3554; x_wconf 90' lang='lat' dir='ltr'><strong>vel</strong></span> 
     </span>
    </p>
   </div>
   <div class='ocr_carea' id='block_1_54' title="bbox 238 3587 1823 3659">
    <p class='ocr_par' dir='ltr' id='par_1_54' title="bbox 238 3587 1823 3659">
     <span class='ocr_line' id='line_1_54' title="bbox 238 3587 1823 3659; baseline -0.002 -14"><span class='ocrx_word' id='word_1_416' title='bbox 238 3591 295 3645; x_wconf 91' lang='lat' dir='ltr'><strong>in</strong></span> <span class='ocrx_word' id='word_1_417' title='bbox 320 3587 514 3644; x_wconf 89' lang='lat' dir='ltr'><strong>eadem</strong></span> <span class='ocrx_word' id='word_1_418' title='bbox 544 3587 803 3654; x_wconf 80' lang='lat' dir='ltr'><strong>fractura,</strong></span> <span class='ocrx_word' id='word_1_419' title='bbox 822 3589 1019 3643; x_wconf 87' lang='lat' dir='ltr'><strong>iterum</strong></span> <span class='ocrx_word' id='word_1_420' title='bbox 1038 3597 1092 3643; x_wconf 89' lang='lat' dir='ltr'><strong>et</strong></span> <span class='ocrx_word' id='word_1_421' title='bbox 1120 3589 1316 3658; x_wconf 56' lang='lat' dir='ltr'><strong>saepius</strong></span> <span class='ocrx_word' id='word_1_422' title='bbox 1341 3590 1463 3659; x_wconf 89' lang='lat' dir='ltr'><strong>quis</strong></span> <span class='ocrx_word' id='word_1_423' title='bbox 1487 3590 1823 3653; x_wconf 86' lang='lat' dir='ltr'><strong>vulneretur,</strong></span> 
     </span>
    </p>
   </div>
   <div class='ocr_carea' id='block_1_55' title="bbox 240 3678 1824 3752">
    <p class='ocr_par' dir='ltr' id='par_1_55' title="bbox 240 3678 1824 3752">
     <span class='ocr_line' id='line_1_55' title="bbox 240 3678 1824 3752; baseline -0.003 -15"><span class='ocrx_word' id='word_1_424' title='bbox 240 3681 696 3752; x_wconf 77' lang='lat' dir='ltr'><strong>frequentiusque</strong></span> <span class='ocrx_word' id='word_1_425' title='bbox 722 3678 1025 3750; x_wconf 79' lang='lat' dir='ltr'><strong>frangatur,</strong></span> <span class='ocrx_word' id='word_1_426' title='bbox 1047 3679 1266 3749; x_wconf 90' lang='lat' dir='ltr'><strong>quantis</strong></span> <span class='ocrx_word' id='word_1_427' title='bbox 1290 3680 1395 3734; x_wconf 86' lang='lat' dir='ltr'><strong>hoc</strong></span> <span class='ocrx_word' id='word_1_428' title='bbox 1420 3679 1600 3751; x_wconf 73' lang='lat' dir='ltr'><strong>pmnis</strong></span> <span class='ocrx_word' id='word_1_429' title='bbox 1622 3679 1824 3746; x_wconf 89' lang='lat' dir='ltr'><strong>curari,</strong></span> 
     </span>
    </p>
   </div>
   <div class='ocr_carea' id='block_1_56' title="bbox 245 3769 1828 3843">
    <p class='ocr_par' dir='ltr' id='par_1_56' title="bbox 245 3769 1828 3843">
     <span class='ocr_line' id='line_1_56' title="bbox 245 3769 1828 3843; baseline -0.002 -18"><span class='ocrx_word' id='word_1_430' title='bbox 245 3771 475 3843; x_wconf 87' lang='lat' dir='ltr'><strong>quantis</strong></span> <span class='ocrx_word' id='word_1_431' title='bbox 500 3779 679 3841; x_wconf 88' lang='lat' dir='ltr'><strong>potest</strong></span> <span class='ocrx_word' id='word_1_432' title='bbox 705 3769 1037 3824; x_wconf 87' lang='lat' dir='ltr'><strong>cruciatibus</strong></span> <span class='ocrx_word' id='word_1_433' title='bbox 1084 3769 1367 3833; x_wconf 87' lang='lat' dir='ltr'><strong>medicari,</strong></span> <span class='ocrx_word' id='word_1_434' title='bbox 1416 3776 1621 3839; x_wconf 90' lang='lat' dir='ltr'><strong>quanto</strong></span> <span class='ocrx_word' id='word_1_435' title='bbox 1644 3777 1828 3823; x_wconf 88' lang='lat' dir='ltr'><strong>autem</strong></span> 
     </span>
    </p>
   </div>
   <div class='ocr_carea' id='block_1_57' title="bbox 248 3856 1824 3931">
    <p class='ocr_par' dir='ltr' id='par_1_57' title="bbox 248 3856 1824 3931">
     <span class='ocr_line' id='line_1_57' title="bbox 248 3856 1824 3931; baseline -0.004 -14"><span class='ocrx_word' id='word_1_436' title='bbox 248 3872 520 3931; x_wconf 88' lang='lat' dir='ltr'><strong>tempore,</strong></span> <span class='ocrx_word' id='word_1_437' title='bbox 538 3859 586 3914; x_wconf 92' lang='lat' dir='ltr'><strong>si</strong></span> <span class='ocrx_word' id='word_1_438' title='bbox 613 3868 792 3914; x_wconf 87' lang='lat' dir='ltr'><strong>tamen</strong></span> <span class='ocrx_word' id='word_1_439' title='bbox 815 3858 1071 3927; x_wconf 89' lang='lat' dir='ltr'><strong>potuerit,</strong></span> <span class='ocrx_word' id='word_1_440' title='bbox 1096 3857 1165 3913; x_wconf 88' lang='lat' dir='ltr'><strong>ad</strong></span> <span class='ocrx_word' id='word_1_441' title='bbox 1182 3857 1472 3913; x_wconf 88' lang='lat' dir='ltr'><strong>sanitatem</strong></span> <span class='ocrx_word' id='word_1_442' title='bbox 1493 3856 1824 3927; x_wconf 88' lang='lat' dir='ltr'><strong>perducitur.</strong></span> 
     </span>
    </p>
   </div>
   <div class='ocr_carea' id='block_1_58' title="bbox 246 3952 1828 4025">
    <p class='ocr_par' dir='ltr' id='par_1_58' title="bbox 246 3952 1828 4025">
     <span class='ocr_line' id='line_1_58' title="bbox 246 3952 1828 4025; baseline -0.001 -15"><span class='ocrx_word' id='word_1_443' title='bbox 246 3956 316 4010; x_wconf 80' lang='lat' dir='ltr'><strong>Et</strong></span> <span class='ocrx_word' id='word_1_444' title='bbox 363 3955 454 4008; x_wconf 77' lang='lat' dir='ltr'><strong>vix</strong></span> <span class='ocrx_word' id='word_1_445' title='bbox 494 3952 790 4025; x_wconf 88' lang='lat' dir='ltr'><strong>aliquando</strong></span> <span class='ocrx_word' id='word_1_446' title='bbox 823 3952 897 4006; x_wconf 91' lang='lat' dir='ltr'><strong>ita</strong></span> <span class='ocrx_word' id='word_1_447' title='bbox 923 3952 1226 4018; x_wconf 85' lang='lat' dir='ltr'><strong>curabitur,</strong></span> <span class='ocrx_word' id='word_1_448' title='bbox 1274 3960 1335 4007; x_wconf 92' lang='lat' dir='ltr'><strong>ut</strong></span> <span class='ocrx_word' id='word_1_449' title='bbox 1382 3952 1469 4008; x_wconf 90' lang='lat' dir='ltr'><strong>vel</strong></span> <span class='ocrx_word' id='word_1_450' title='bbox 1497 3952 1828 4011; x_wconf 87' lang='lat' dir='ltr'><strong>debilitatem</strong></span> 
     </span>
    </p>
   </div>
   <div class='ocr_carea' id='block_1_59' title="bbox 251 4039 1831 4116">
    <p class='ocr_par' dir='ltr' id='par_1_59' title="bbox 251 4039 1831 4116">
     <span class='ocr_line' id='line_1_59' title="bbox 251 4039 1831 4116; baseline -0.001 -15"><span class='ocrx_word' id='word_1_451' title='bbox 251 4045 523 4116; x_wconf 88' lang='lat' dir='ltr'><strong>corporis,</strong></span> <span class='ocrx_word' id='word_1_452' title='bbox 567 4042 653 4098; x_wconf 87' lang='lat' dir='ltr'><strong>vel</strong></span> <span class='ocrx_word' id='word_1_453' title='bbox 704 4042 1008 4098; x_wconf 74' lang='lat' dir='ltr'><strong>fteditatem</strong></span> <span class='ocrx_word' id='word_1_454' title='bbox 1057 4041 1328 4098; x_wconf 83' lang='lat' dir='ltr'><strong>cicatricis</strong></span> <span class='ocrx_word' id='word_1_455' title='bbox 1365 4039 1603 4113; x_wconf 82' lang='lat' dir='ltr'><strong>eﬂ&#39;ugiat.</strong></span> <span class='ocrx_word' id='word_1_456' title='bbox 1636 4042 1831 4099; x_wconf 86' lang='lat' dir='ltr'><strong>Transi</strong></span> 
     </span>
    </p>
   </div>
   <div class='ocr_carea' id='block_1_60' title="bbox 254 4132 1831 4204">
    <p class='ocr_par' dir='ltr' id='par_1_60' title="bbox 254 4132 1831 4204">
     <span class='ocr_line' id='line_1_60' title="bbox 254 4132 1831 4204; baseline -0.002 -13"><span class='ocrx_word' id='word_1_457' title='bbox 254 4150 397 4191; x_wconf 87' lang='lat' dir='ltr'><strong>nunc</strong></span> <span class='ocrx_word' id='word_1_458' title='bbox 425 4135 497 4190; x_wconf 91' lang='lat' dir='ltr'><strong>ab</strong></span> <span class='ocrx_word' id='word_1_459' title='bbox 513 4133 760 4204; x_wconf 78' lang='lat' dir='ltr'><strong>exemplo</strong></span> <span class='ocrx_word' id='word_1_460' title='bbox 785 4132 1030 4204; x_wconf 87' lang='lat' dir='ltr'><strong>corporis</strong></span> <span class='ocrx_word' id='word_1_461' title='bbox 1060 4133 1126 4187; x_wconf 91' lang='lat' dir='ltr'><strong>ad</strong></span> <span class='ocrx_word' id='word_1_462' title='bbox 1152 4132 1346 4187; x_wconf 68' lang='lat' dir='ltr'><strong>anima:</strong></span> <span class='ocrx_word' id='word_1_463' title='bbox 1371 4132 1615 4188; x_wconf 86' lang='lat' dir='ltr'><strong>vulnera.</strong></span> <span class='ocrx_word' id='word_1_464' title='bbox 1636 4132 1831 4188; x_wconf 83' lang='lat' dir='ltr'><strong>Anima</strong></span> 
     </span>
    </p>
   </div>
   <div class='ocr_carea' id='block_1_61' title="bbox 258 4222 1836 4297">
    <p class='ocr_par' dir='ltr' id='par_1_61' title="bbox 258 4222 1836 4297">
     <span class='ocr_line' id='line_1_61' title="bbox 258 4222 1836 4297; baseline -0.003 -15"><span class='ocrx_word' id='word_1_465' title='bbox 258 4227 481 4297; x_wconf 90' lang='lat' dir='ltr'><strong>quoties</strong></span> <span class='ocrx_word' id='word_1_466' title='bbox 505 4232 722 4297; x_wconf 90' lang='lat' dir='ltr'><strong>peccat,</strong></span> <span class='ocrx_word' id='word_1_467' title='bbox 756 4225 919 4279; x_wconf 84' lang='lat' dir='ltr'><strong>toties</strong></span> <span class='ocrx_word' id='word_1_468' title='bbox 947 4222 1280 4279; x_wconf 83' lang='lat' dir='ltr'><strong>vulneratur.</strong></span> <span class='ocrx_word' id='word_1_469' title='bbox 1295 4223 1363 4278; x_wconf 85' lang='lat' dir='ltr'><strong>Et</strong></span> <span class='ocrx_word' id='word_1_470' title='bbox 1382 4239 1453 4280; x_wconf 92' lang='lat' dir='ltr'><strong>ne</strong></span> <span class='ocrx_word' id='word_1_471' title='bbox 1477 4224 1692 4279; x_wconf 85' lang='lat' dir='ltr'><strong>dubites</strong></span> <span class='ocrx_word' id='word_1_472' title='bbox 1709 4239 1836 4294; x_wconf 89' lang='lat' dir='ltr'><strong>pec-</strong></span> 
     </span>
    </p>
   </div>
   <div class='ocr_carea' id='block_1_62' title="bbox 258 4310 1832 4385">
    <p class='ocr_par' dir='ltr' id='par_1_62' title="bbox 258 4310 1832 4385">
     <span class='ocr_line' id='line_1_62' title="bbox 258 4310 1832 4385; baseline -0.004 -11"><span class='ocrx_word' id='word_1_473' title='bbox 258 4318 396 4374; x_wconf 85' lang='lat' dir='ltr'><strong>catis</strong></span> <span class='ocrx_word' id='word_1_474' title='bbox 414 4332 541 4373; x_wconf 88' lang='lat' dir='ltr'><strong>eam</strong></span> <span class='ocrx_word' id='word_1_475' title='bbox 565 4315 712 4371; x_wconf 88' lang='lat' dir='ltr'><strong>velut</strong></span> <span class='ocrx_word' id='word_1_476' title='bbox 733 4314 854 4369; x_wconf 91' lang='lat' dir='ltr'><strong>telis</strong></span> <span class='ocrx_word' id='word_1_477' title='bbox 867 4320 923 4368; x_wconf 90' lang='lat' dir='ltr'><strong>et</strong></span> <span class='ocrx_word' id='word_1_478' title='bbox 941 4312 1134 4385; x_wconf 75' lang='lat' dir='ltr'><strong>gladiis</strong></span> <span class='ocrx_word' id='word_1_479' title='bbox 1154 4312 1445 4377; x_wconf 90' lang='lat' dir='ltr'><strong>vulnerari,</strong></span> <span class='ocrx_word' id='word_1_480' title='bbox 1462 4313 1588 4368; x_wconf 88' lang='lat' dir='ltr'><strong>audi</strong></span> <span class='ocrx_word' id='word_1_481' title='bbox 1601 4310 1832 4384; x_wconf 85' lang='lat' dir='ltr'><strong>Aposto-</strong></span> 
     </span>
    </p>
   </div>
   <div class='ocr_carea' id='block_1_63' title="bbox 254 4402 1834 4473">
    <p class='ocr_par' dir='ltr' id='par_1_63' title="bbox 254 4402 1834 4473">
     <span class='ocr_line' id='line_1_63' title="bbox 254 4402 1834 4473; baseline -0.003 -13"><span class='ocrx_word' id='word_1_482' title='bbox 254 4407 364 4462; x_wconf 90' lang='lat' dir='ltr'><strong>lum</strong></span> <span class='ocrx_word' id='word_1_483' title='bbox 391 4413 705 4461; x_wconf 87' lang='lat' dir='ltr'><strong>monentem</strong></span> <span class='ocrx_word' id='word_1_484' title='bbox 740 4421 754 4458; x_wconf 87' lang='lat'><strong>:</strong></span> <span class='ocrx_word' id='word_1_485' title='bbox 780 4404 1043 4458; x_wconf 81' lang='lat' dir='ltr'><strong>Assumite</strong></span> <span class='ocrx_word' id='word_1_486' title='bbox 1069 4412 1274 4457; x_wconf 87' lang='lat' dir='ltr'><strong>scutum</strong></span> <span class='ocrx_word' id='word_1_487' title='bbox 1298 4402 1444 4473; x_wconf 77' lang='lat' dir='ltr'><strong>ﬁdei,</strong></span> <span class='ocrx_word' id='word_1_488' title='bbox 1467 4404 1523 4456; x_wconf 87' lang='lat' dir='ltr'><strong>in</strong></span> <span class='ocrx_word' id='word_1_489' title='bbox 1548 4418 1650 4473; x_wconf 85' lang='lat' dir='ltr'><strong>quo</strong></span> <span class='ocrx_word' id='word_1_490' title='bbox 1669 4402 1834 4472; x_wconf 83' lang='lat' dir='ltr'><strong>possi-</strong></span> 
     </span>
    </p>
   </div>
   <div class='ocr_carea' id='block_1_64' title="bbox 256 4489 1830 4566">
    <p class='ocr_par' dir='ltr' id='par_1_64' title="bbox 256 4489 1830 4566">
     <span class='ocr_line' id='line_1_64' title="bbox 256 4489 1830 4566; baseline -0.003 -14"><span class='ocrx_word' id='word_1_491' title='bbox 256 4499 322 4552; x_wconf 89' lang='lat' dir='ltr'><strong>tis</strong></span> <span class='ocrx_word' id='word_1_492' title='bbox 334 4496 514 4551; x_wconf 84' lang='lat' dir='ltr'><strong>omnia</strong></span> <span class='ocrx_word' id='word_1_493' title='bbox 536 4493 721 4565; x_wconf 78' lang='lat' dir='ltr'><strong>jacula</strong></span> <span class='ocrx_word' id='word_1_494' title='bbox 743 4492 961 4564; x_wconf 80' lang='lat' dir='ltr'><strong>maligni</strong></span> <span class='ocrx_word' id='word_1_495' title='bbox 984 4493 1136 4564; x_wconf 88' lang='lat' dir='ltr'><strong>ignea</strong></span> <span class='ocrx_word' id='word_1_496' title='bbox 1161 4493 1489 4564; x_wconf 76' lang='lat' dir='ltr'><strong>exstinguere</strong></span> <span class='ocrx_word' id='word_1_497' title='bbox 1505 4489 1717 4565; x_wconf 79' lang='lat' dir='ltr'><strong>(Epltes.</strong></span> <span class='ocrx_word' id='word_1_498' title='bbox 1733 4492 1830 4566; x_wconf 86' lang='lat' dir='ltr'><strong>v1).</strong></span> 
     </span>
    </p>
   </div>
   <div class='ocr_carea' id='block_1_65' title="bbox 264 4583 1834 4659">
    <p class='ocr_par' dir='ltr' id='par_1_65' title="bbox 264 4583 1834 4659">
     <span class='ocr_line' id='line_1_65' title="bbox 264 4583 1834 4659; baseline -0.003 -15"><span class='ocrx_word' id='word_1_499' title='bbox 264 4590 422 4645; x_wconf 73' lang='lat' dir='ltr'><strong>Vides</strong></span> <span class='ocrx_word' id='word_1_500' title='bbox 435 4602 570 4659; x_wconf 87' lang='lat' dir='ltr'><strong>ergo</strong></span> <span class='ocrx_word' id='word_1_501' title='bbox 583 4593 802 4656; x_wconf 84' lang='lat' dir='ltr'><strong>peccata</strong></span> <span class='ocrx_word' id='word_1_502' title='bbox 827 4585 1044 4655; x_wconf 86' lang='lat' dir='ltr'><strong>maligni</strong></span> <span class='ocrx_word' id='word_1_503' title='bbox 1059 4599 1178 4640; x_wconf 90' lang='lat' dir='ltr'><strong>esse</strong></span> <span class='ocrx_word' id='word_1_504' title='bbox 1192 4583 1373 4654; x_wconf 85' lang='lat' dir='ltr'><strong>jacula</strong></span> <span class='ocrx_word' id='word_1_505' title='bbox 1386 4599 1507 4655; x_wconf 73' lang='lat' dir='ltr'><strong>qua:</strong></span> <span class='ocrx_word' id='word_1_506' title='bbox 1530 4585 1585 4638; x_wconf 90' lang='lat' dir='ltr'><strong>in</strong></span> <span class='ocrx_word' id='word_1_507' title='bbox 1598 4585 1834 4640; x_wconf 87' lang='lat' dir='ltr'><strong>animam</strong></span> 
     </span>
    </p>
   </div>
   <div class='ocr_carea' id='block_1_66' title="bbox 256 4674 1843 4748">
    <p class='ocr_par' dir='ltr' id='par_1_66' title="bbox 256 4674 1843 4748">
     <span class='ocr_line' id='line_1_66' title="bbox 256 4674 1843 4748; baseline -0.004 -14"><span class='ocrx_word' id='word_1_508' title='bbox 256 4679 587 4748; x_wconf 77' lang='lat' dir='ltr'><strong>diriguntur.</strong></span> <span class='ocrx_word' id='word_1_509' title='bbox 610 4676 820 4731; x_wconf 88' lang='lat' dir='ltr'><strong>Patitur</strong></span> <span class='ocrx_word' id='word_1_510' title='bbox 841 4684 1021 4731; x_wconf 91' lang='lat' dir='ltr'><strong>autem</strong></span> <span class='ocrx_word' id='word_1_511' title='bbox 1056 4675 1238 4729; x_wconf 86' lang='lat' dir='ltr'><strong>anima</strong></span> <span class='ocrx_word' id='word_1_512' title='bbox 1286 4690 1393 4729; x_wconf 90' lang='lat' dir='ltr'><strong>non</strong></span> <span class='ocrx_word' id='word_1_513' title='bbox 1416 4674 1592 4728; x_wconf 86' lang='lat' dir='ltr'><strong>solum</strong></span> <span class='ocrx_word' id='word_1_514' title='bbox 1614 4674 1843 4738; x_wconf 79' lang='lat' dir='ltr'><strong>vulnera.</strong></span> 
     </span>
    </p>
   </div>
   <div class='ocr_carea' id='block_1_67' title="bbox 252 4765 1838 4841">
    <p class='ocr_par' dir='ltr' id='par_1_67' title="bbox 252 4765 1838 4841">
     <span class='ocr_line' id='line_1_67' title="bbox 252 4765 1838 4841; baseline -0.003 -16"><span class='ocrx_word' id='word_1_515' title='bbox 252 4770 580 4841; x_wconf 71' lang='lat' dir='ltr'><strong>iaculorum,</strong></span> <span class='ocrx_word' id='word_1_516' title='bbox 606 4768 703 4824; x_wconf 86' lang='lat' dir='ltr'><strong>sed</strong></span> <span class='ocrx_word' id='word_1_517' title='bbox 724 4777 779 4823; x_wconf 91' lang='lat' dir='ltr'><strong>et</strong></span> <span class='ocrx_word' id='word_1_518' title='bbox 806 4765 1078 4822; x_wconf 86' lang='lat' dir='ltr'><strong>fracturas</strong></span> <span class='ocrx_word' id='word_1_519' title='bbox 1117 4766 1334 4837; x_wconf 86' lang='lat' dir='ltr'><strong>pedum,</strong></span> <span class='ocrx_word' id='word_1_520' title='bbox 1382 4781 1506 4820; x_wconf 90' lang='lat' dir='ltr'><strong>cum</strong></span> <span class='ocrx_word' id='word_1_521' title='bbox 1533 4766 1710 4835; x_wconf 87' lang='lat' dir='ltr'><strong>laquei</strong></span> <span class='ocrx_word' id='word_1_522' title='bbox 1741 4783 1838 4837; x_wconf 89' lang='lat' dir='ltr'><strong>pa-</strong></span> 
     </span>
    </p>
   </div>
   <div class='ocr_carea' id='block_1_68' title="bbox 266 4856 1837 4932">
    <p class='ocr_par' dir='ltr' id='par_1_68' title="bbox 266 4856 1837 4932">
     <span class='ocr_line' id='line_1_68' title="bbox 266 4856 1837 4932; baseline -0.003 -16"><span class='ocrx_word' id='word_1_523' title='bbox 266 4868 459 4916; x_wconf 84' lang='lat' dir='ltr'><strong>rantur</strong></span> <span class='ocrx_word' id='word_1_524' title='bbox 483 4860 713 4932; x_wconf 86' lang='lat' dir='ltr'><strong>pedibus</strong></span> <span class='ocrx_word' id='word_1_525' title='bbox 740 4856 880 4928; x_wconf 86' lang='lat' dir='ltr'><strong>ejus,</strong></span> <span class='ocrx_word' id='word_1_526' title='bbox 915 4867 972 4912; x_wconf 89' lang='lat' dir='ltr'><strong>ct</strong></span> <span class='ocrx_word' id='word_1_527' title='bbox 1014 4857 1430 4928; x_wconf 89' lang='lat' dir='ltr'><strong>supplantantur</strong></span> <span class='ocrx_word' id='word_1_528' title='bbox 1455 4871 1673 4927; x_wconf 78' lang='lat' dir='ltr'><strong>gressus</strong></span> <span class='ocrx_word' id='word_1_529' title='bbox 1700 4856 1837 4925; x_wconf 79' lang='lat' dir='ltr'><strong>ejus.-</strong></span> 
     </span>
    </p>
   </div>
   <div class='ocr_carea' id='block_1_69' title="bbox 266 4946 1843 5021">
    <p class='ocr_par' dir='ltr' id='par_1_69' title="bbox 266 4946 1843 5021">
     <span class='ocr_line' id='line_1_69' title="bbox 266 4946 1843 5021; baseline -0.002 -17"><span class='ocrx_word' id='word_1_530' title='bbox 266 4952 391 5006; x_wconf 74' lang='lat' dir='ltr'><strong>llzec</strong></span> <span class='ocrx_word' id='word_1_531' title='bbox 431 4965 563 5021; x_wconf 90' lang='lat' dir='ltr'><strong>ergo</strong></span> <span class='ocrx_word' id='word_1_532' title='bbox 607 4957 665 5004; x_wconf 87' lang='lat' dir='ltr'><strong>et</strong></span> <span class='ocrx_word' id='word_1_533' title='bbox 708 4947 1015 5020; x_wconf 85' lang='lat' dir='ltr'><strong>bujusmodi</strong></span> <span class='ocrx_word' id='word_1_534' title='bbox 1056 4946 1302 5012; x_wconf 85' lang='lat' dir='ltr'><strong>vulnera,</strong></span> <span class='ocrx_word' id='word_1_535' title='bbox 1356 4955 1560 5018; x_wconf 87' lang='lat' dir='ltr'><strong>quanto</strong></span> <span class='ocrx_word' id='word_1_536' title='bbox 1598 4955 1843 5016; x_wconf 85' lang='lat' dir='ltr'><strong>tempore</strong></span> 
     </span>
    </p>
   </div>
   <div class='ocr_carea' id='block_1_70' title="bbox 262 5035 1848 5114">
    <p class='ocr_par' dir='ltr' id='par_1_70' title="bbox 262 5035 1848 5114">
     <span class='ocr_line' id='line_1_70' title="bbox 262 5035 1848 5114; baseline -0.003 -18"><span class='ocrx_word' id='word_1_537' title='bbox 262 5049 423 5114; x_wconf 86' lang='lat' dir='ltr'><strong>putas</strong></span> <span class='ocrx_word' id='word_1_538' title='bbox 447 5055 606 5112; x_wconf 86' lang='lat' dir='ltr'><strong>posse</strong></span> <span class='ocrx_word' id='word_1_539' title='bbox 631 5040 850 5094; x_wconf 86' lang='lat' dir='ltr'><strong>curari?</strong></span> <span class='ocrx_word' id='word_1_540' title='bbox 879 5035 923 5093; x_wconf 90' lang='lat'><strong>0</strong></span> <span class='ocrx_word' id='word_1_541' title='bbox 946 5039 991 5093; x_wconf 91' lang='lat' dir='ltr'><strong>si</strong></span> <span class='ocrx_word' id='word_1_542' title='bbox 1012 5038 1283 5108; x_wconf 86' lang='lat' dir='ltr'><strong>possimus</strong></span> <span class='ocrx_word' id='word_1_543' title='bbox 1306 5050 1405 5107; x_wconf 90' lang='lat' dir='ltr'><strong>per</strong></span> <span class='ocrx_word' id='word_1_544' title='bbox 1425 5039 1848 5108; x_wconf 81' lang='lat' dir='ltr'><strong>unumquodque</strong></span> 
     </span>
    </p>
   </div>
   <div class='ocr_carea' id='block_1_71' title="bbox 266 5129 1845 5204">
    <p class='ocr_par' dir='ltr' id='par_1_71' title="bbox 266 5129 1845 5204">
     <span class='ocr_line' id='line_1_71' title="bbox 266 5129 1845 5204; baseline -0.004 -14"><span class='ocrx_word' id='word_1_545' title='bbox 266 5142 546 5204; x_wconf 84' lang='lat' dir='ltr'><strong>peccatum</strong></span> <span class='ocrx_word' id='word_1_546' title='bbox 574 5132 759 5187; x_wconf 86' lang='lat' dir='ltr'><strong>videre</strong></span> <span class='ocrx_word' id='word_1_547' title='bbox 788 5132 1057 5202; x_wconf 89' lang='lat' dir='ltr'><strong>quomodo</strong></span> <span class='ocrx_word' id='word_1_548' title='bbox 1085 5131 1248 5187; x_wconf 84' lang='lat' dir='ltr'><strong>homo</strong></span> <span class='ocrx_word' id='word_1_549' title='bbox 1271 5138 1457 5185; x_wconf 84' lang='lat' dir='ltr'><strong>noster</strong></span> <span class='ocrx_word' id='word_1_550' title='bbox 1480 5130 1705 5185; x_wconf 89' lang='lat' dir='ltr'><strong>interior</strong></span> <span class='ocrx_word' id='word_1_551' title='bbox 1728 5129 1845 5185; x_wconf 87' lang='lat' dir='ltr'><strong>vul-</strong></span> 
     </span>
    </p>
   </div>
   <div class='ocr_carea' id='block_1_72' title="bbox 268 5222 1842 5297">
    <p class='ocr_par' dir='ltr' id='par_1_72' title="bbox 268 5222 1842 5297">
     <span class='ocr_line' id='line_1_72' title="bbox 268 5222 1842 5297; baseline -0.004 -13"><span class='ocrx_word' id='word_1_552' title='bbox 268 5240 512 5294; x_wconf 89' lang='lat' dir='ltr'><strong>neratur,</strong></span> <span class='ocrx_word' id='word_1_553' title='bbox 537 5227 808 5297; x_wconf 89' lang='lat' dir='ltr'><strong>quomodo</strong></span> <span class='ocrx_word' id='word_1_554' title='bbox 832 5240 1013 5283; x_wconf 87' lang='lat' dir='ltr'><strong>sermo</strong></span> <span class='ocrx_word' id='word_1_555' title='bbox 1044 5224 1221 5279; x_wconf 91' lang='lat' dir='ltr'><strong>malus</strong></span> <span class='ocrx_word' id='word_1_556' title='bbox 1246 5223 1443 5279; x_wconf 89' lang='lat' dir='ltr'><strong>vulnus</strong></span> <span class='ocrx_word' id='word_1_557' title='bbox 1484 5222 1696 5294; x_wconf 84' lang='lat' dir='ltr'><strong>infligit.</strong></span> <span class='ocrx_word' id='word_1_558' title='bbox 1725 5222 1842 5278; x_wconf 85' lang='lat' dir='ltr'><strong>Non</strong></span> 
     </span>
    </p>
   </div>
   <div class='ocr_carea' id='block_1_73' title="bbox 266 5312 1844 5390">
    <p class='ocr_par' dir='ltr' id='par_1_73' title="bbox 266 5312 1844 5390">
     <span class='ocr_line' id='line_1_73' title="bbox 266 5312 1844 5390; baseline -0.004 -18"><span class='ocrx_word' id='word_1_559' title='bbox 266 5318 477 5390; x_wconf 80' lang='lat' dir='ltr'><strong>legistis</strong></span> <span class='ocrx_word' id='word_1_560' title='bbox 499 5319 712 5383; x_wconf 79' lang='lat' dir='ltr'><strong>dicunt,</strong></span> <span class='ocrx_word' id='word_1_561' title='bbox 738 5316 868 5386; x_wconf 85' lang='lat' dir='ltr'><strong>quia</strong></span> <span class='ocrx_word' id='word_1_562' title='bbox 915 5314 1334 5371; x_wconf 81' lang='lat' dir='ltr'><strong>volneraverant</strong></span> <span class='ocrx_word' id='word_1_563' title='bbox 1383 5312 1570 5384; x_wconf 88' lang='lat' dir='ltr'><strong>gladii,</strong></span> <span class='ocrx_word' id='word_1_564' title='bbox 1615 5312 1709 5367; x_wconf 86' lang='lat' dir='ltr'><strong>sed</strong></span> <span class='ocrx_word' id='word_1_565' title='bbox 1736 5326 1844 5365; x_wconf 90' lang='lat' dir='ltr'><strong>non</strong></span> 
     </span>
    </p>
   </div>
   <div class='ocr_carea' id='block_1_74' title="bbox 270 5401 1845 5479">
    <p class='ocr_par' dir='ltr' id='par_1_74' title="bbox 270 5401 1845 5479">
     <span class='ocr_line' id='line_1_74' title="bbox 270 5401 1845 5479; baseline -0.005 -15"><span class='ocrx_word' id='word_1_566' title='bbox 270 5410 347 5464; x_wconf 84' lang='lat' dir='ltr'><strong>ita</strong></span> <span class='ocrx_word' id='word_1_567' title='bbox 372 5417 432 5463; x_wconf 91' lang='lat' dir='ltr'><strong>ut</strong></span> <span class='ocrx_word' id='word_1_568' title='bbox 459 5406 680 5479; x_wconf 84' lang='lat' dir='ltr'><strong>lingua?</strong></span> <span class='ocrx_word' id='word_1_569' title='bbox 715 5406 1038 5460; x_wconf 82' lang='lat' dir='ltr'><strong>Vulneratur</strong></span> <span class='ocrx_word' id='word_1_570' title='bbox 1085 5419 1215 5473; x_wconf 83' lang='lat' dir='ltr'><strong>ergo</strong></span> <span class='ocrx_word' id='word_1_571' title='bbox 1255 5412 1311 5459; x_wconf 93' lang='lat' dir='ltr'><strong>et</strong></span> <span class='ocrx_word' id='word_1_572' title='bbox 1334 5418 1432 5473; x_wconf 90' lang='lat' dir='ltr'><strong>per</strong></span> <span class='ocrx_word' id='word_1_573' title='bbox 1457 5402 1696 5472; x_wconf 86' lang='lat' dir='ltr'><strong>linguam</strong></span> <span class='ocrx_word' id='word_1_574' title='bbox 1721 5401 1845 5456; x_wconf 86' lang='lat' dir='ltr'><strong>ani-</strong></span> 
     </span>
    </p>
   </div>
   <div class='ocr_carea' id='block_1_75' title="bbox 272 5495 1843 5567">
    <p class='ocr_par' dir='ltr' id='par_1_75' title="bbox 272 5495 1843 5567">
     <span class='ocr_line' id='line_1_75' title="bbox 272 5495 1843 5567; baseline -0.002 -13"><span class='ocrx_word' id='word_1_575' title='bbox 272 5514 392 5564; x_wconf 84' lang='lat' dir='ltr'><strong>ma;</strong></span> <span class='ocrx_word' id='word_1_576' title='bbox 418 5499 735 5553; x_wconf 81' lang='lat' dir='ltr'><strong>vulneratur</strong></span> <span class='ocrx_word' id='word_1_577' title='bbox 760 5505 814 5551; x_wconf 88' lang='lat' dir='ltr'><strong>et</strong></span> <span class='ocrx_word' id='word_1_578' title='bbox 844 5512 946 5565; x_wconf 90' lang='lat' dir='ltr'><strong>per</strong></span> <span class='ocrx_word' id='word_1_579' title='bbox 984 5496 1343 5567; x_wconf 81' lang='lat' dir='ltr'><strong>cogitationes</strong></span> <span class='ocrx_word' id='word_1_580' title='bbox 1369 5503 1425 5550; x_wconf 91' lang='lat' dir='ltr'><strong>et</strong></span> <span class='ocrx_word' id='word_1_581' title='bbox 1451 5495 1843 5566; x_wconf 86' lang='lat' dir='ltr'><strong>concupiscen-</strong></span> 
     </span>
    </p>
   </div>
   <div class='ocr_carea' id='block_1_76' title="bbox 274 5587 1843 5661">
    <p class='ocr_par' dir='ltr' id='par_1_76' title="bbox 274 5587 1843 5661">
     <span class='ocr_line' id='line_1_76' title="bbox 274 5587 1843 5661; baseline 0 -20"><span class='ocrx_word' id='word_1_582' title='bbox 274 5589 379 5645; x_wconf 85' lang='lat' dir='ltr'><strong>tias</strong></span> <span class='ocrx_word' id='word_1_583' title='bbox 403 5589 605 5657; x_wconf 77' lang='lat' dir='ltr'><strong>malas;</strong></span> <span class='ocrx_word' id='word_1_584' title='bbox 632 5589 903 5661; x_wconf 76' lang='lat' dir='ltr'><strong>frangitur</strong></span> <span class='ocrx_word' id='word_1_585' title='bbox 930 5596 1117 5643; x_wconf 78' lang='lat' dir='ltr'><strong>autem</strong></span> <span class='ocrx_word' id='word_1_586' title='bbox 1138 5596 1196 5643; x_wconf 86' lang='lat' dir='ltr'><strong>et</strong></span> <span class='ocrx_word' id='word_1_587' title='bbox 1216 5587 1538 5655; x_wconf 85' lang='lat' dir='ltr'><strong>conteritur,</strong></span> <span class='ocrx_word' id='word_1_588' title='bbox 1559 5601 1658 5657; x_wconf 90' lang='lat' dir='ltr'><strong>per</strong></span> <span class='ocrx_word' id='word_1_589' title='bbox 1677 5601 1843 5656; x_wconf 86' lang='lat' dir='ltr'><strong>opera</strong></span> 
     </span>
    </p>
   </div>
   <div class='ocr_carea' id='block_1_77' title="bbox 1911 1868 3495 1939">
    <p class='ocr_par' dir='ltr' id='par_1_77' title="bbox 1911 1868 3495 1939">
     <span class='ocr_line' id='line_1_77' title="bbox 1911 1868 3495 1939; baseline 0.003 -15"><span class='ocrx_word' id='word_1_590' title='bbox 1911 1868 2084 1924; x_wconf 88' lang='lat' dir='ltr'><strong>solum</strong></span> <span class='ocrx_word' id='word_1_591' title='bbox 2101 1868 2295 1924; x_wconf 88' lang='lat' dir='ltr'><strong>vulnus</strong></span> <span class='ocrx_word' id='word_1_592' title='bbox 2314 1870 2647 1939; x_wconf 75' lang='lat' dir='ltr'><strong>praeteritum</strong></span> <span class='ocrx_word' id='word_1_593' title='bbox 2671 1878 2847 1934; x_wconf 86' lang='lat' dir='ltr'><strong>sanat,</strong></span> <span class='ocrx_word' id='word_1_594' title='bbox 2878 1872 2971 1926; x_wconf 88' lang='lat' dir='ltr'><strong>sed</strong></span> <span class='ocrx_word' id='word_1_595' title='bbox 2991 1882 3047 1927; x_wconf 89' lang='lat' dir='ltr'><strong>et</strong></span> <span class='ocrx_word' id='word_1_596' title='bbox 3069 1872 3211 1927; x_wconf 88' lang='lat' dir='ltr'><strong>ultra</strong></span> <span class='ocrx_word' id='word_1_597' title='bbox 3257 1874 3495 1928; x_wconf 87' lang='lat' dir='ltr'><strong>animam</strong></span> 
     </span>
    </p>
   </div>
   <div class='ocr_carea' id='block_1_78' title="bbox 1911 1958 3494 2032">
    <p class='ocr_par' dir='ltr' id='par_1_78' title="bbox 1911 1958 3494 2032">
     <span class='ocr_line' id='line_1_78' title="bbox 1911 1958 3494 2032; baseline 0.003 -19"><span class='ocrx_word' id='word_1_598' title='bbox 1911 1966 2138 2029; x_wconf 86' lang='lat' dir='ltr'><strong>peccato</strong></span> <span class='ocrx_word' id='word_1_599' title='bbox 2165 1972 2273 2013; x_wconf 90' lang='lat' dir='ltr'><strong>non</strong></span> <span class='ocrx_word' id='word_1_600' title='bbox 2313 1958 2445 2014; x_wconf 87' lang='lat' dir='ltr'><strong>sinit</strong></span> <span class='ocrx_word' id='word_1_601' title='bbox 2475 1958 2768 2014; x_wconf 82' lang='lat' dir='ltr'><strong>vulnerari.</strong></span> <span class='ocrx_word' id='word_1_602' title='bbox 2799 1958 2911 2013; x_wconf 88' lang='lat' dir='ltr'><strong>lmo</strong></span> <span class='ocrx_word' id='word_1_603' title='bbox 2951 1968 3008 2015; x_wconf 89' lang='lat' dir='ltr'><strong>et</strong></span> <span class='ocrx_word' id='word_1_604' title='bbox 3055 1961 3185 2017; x_wconf 92' lang='lat' dir='ltr'><strong>illud</strong></span> <span class='ocrx_word' id='word_1_605' title='bbox 3241 1962 3494 2032; x_wconf 88' lang='lat' dir='ltr'><strong>adjiciam</strong></span> 
     </span>
    </p>
   </div>
   <div class='ocr_carea' id='block_1_79' title="bbox 1913 2049 3499 2121">
    <p class='ocr_par' dir='ltr' id='par_1_79' title="bbox 1913 2049 3499 2121">
     <span class='ocr_line' id='line_1_79' title="bbox 1913 2049 3499 2121; baseline 0.001 -15"><span class='ocrx_word' id='word_1_606' title='bbox 1913 2052 2064 2106; x_wconf 85' lang='lat' dir='ltr'><strong>verbi</strong></span> <span class='ocrx_word' id='word_1_607' title='bbox 2089 2065 2294 2106; x_wconf 74' lang='lat' dir='ltr'><strong>caiisa:</strong></span> <span class='ocrx_word' id='word_1_608' title='bbox 2328 2049 2387 2106; x_wconf 89' lang='lat' dir='ltr'><strong>Si</strong></span> <span class='ocrx_word' id='word_1_609' title='bbox 2420 2058 2676 2120; x_wconf 89' lang='lat' dir='ltr'><strong>peccator</strong></span> <span class='ocrx_word' id='word_1_610' title='bbox 2696 2066 2837 2115; x_wconf 88' lang='lat' dir='ltr'><strong>sum,</strong></span> <span class='ocrx_word' id='word_1_611' title='bbox 2894 2053 3141 2121; x_wconf 89' lang='lat' dir='ltr'><strong>nunquid</strong></span> <span class='ocrx_word' id='word_1_612' title='bbox 3173 2054 3364 2109; x_wconf 87' lang='lat' dir='ltr'><strong>eadem</strong></span> <span class='ocrx_word' id='word_1_613' title='bbox 3391 2054 3499 2108; x_wconf 89' lang='lat' dir='ltr'><strong>erit</strong></span> 
     </span>
    </p>
   </div>
   <div class='ocr_carea' id='block_1_80' title="bbox 1913 2139 3500 2211">
    <p class='ocr_par' dir='ltr' id='par_1_80' title="bbox 1913 2139 3500 2211">
     <span class='ocr_line' id='line_1_80' title="bbox 1913 2139 3500 2211; baseline -0.001 -14"><span class='ocrx_word' id='word_1_614' title='bbox 1913 2141 2044 2197; x_wconf 73' lang='lat' dir='ltr'><strong>milii</strong></span> <span class='ocrx_word' id='word_1_615' title='bbox 2066 2154 2224 2211; x_wconf 60' lang='lat' dir='ltr'><strong>paena</strong></span> <span class='ocrx_word' id='word_1_616' title='bbox 2245 2141 2290 2196; x_wconf 92' lang='lat' dir='ltr'><strong>si</strong></span> <span class='ocrx_word' id='word_1_617' title='bbox 2316 2140 2483 2196; x_wconf 90' lang='lat' dir='ltr'><strong>semel</strong></span> <span class='ocrx_word' id='word_1_618' title='bbox 2504 2139 2749 2210; x_wconf 88' lang='lat' dir='ltr'><strong>peccavi,</strong></span> <span class='ocrx_word' id='word_1_619' title='bbox 2765 2155 2885 2209; x_wconf 78' lang='lat' dir='ltr'><strong>qua:</strong></span> <span class='ocrx_word' id='word_1_620' title='bbox 2906 2140 3023 2195; x_wconf 89' lang='lat' dir='ltr'><strong>etsi</strong></span> <span class='ocrx_word' id='word_1_621' title='bbox 3045 2141 3284 2197; x_wconf 88' lang='lat' dir='ltr'><strong>secundo</strong></span> <span class='ocrx_word' id='word_1_622' title='bbox 3303 2149 3359 2196; x_wconf 92' lang='lat' dir='ltr'><strong>et</strong></span> <span class='ocrx_word' id='word_1_623' title='bbox 3390 2150 3500 2196; x_wconf 84' lang='lat' dir='ltr'><strong>ter-</strong></span> 
     </span>
    </p>
   </div>
   <div class='ocr_carea' id='block_1_81' title="bbox 1914 2230 3502 2304">
    <p class='ocr_par' dir='ltr' id='par_1_81' title="bbox 1914 2230 3502 2304">
     <span class='ocr_line' id='line_1_81' title="bbox 1914 2230 3502 2304; baseline 0 -17"><span class='ocrx_word' id='word_1_624' title='bbox 1914 2232 2014 2298; x_wconf 90' lang='lat' dir='ltr'><strong>tio,</strong></span> <span class='ocrx_word' id='word_1_625' title='bbox 2038 2241 2094 2288; x_wconf 88' lang='lat' dir='ltr'><strong>et</strong></span> <span class='ocrx_word' id='word_1_626' title='bbox 2120 2233 2165 2288; x_wconf 90' lang='lat' dir='ltr'><strong>si</strong></span> <span class='ocrx_word' id='word_1_627' title='bbox 2197 2231 2537 2302; x_wconf 89' lang='lat' dir='ltr'><strong>frequentius</strong></span> <span class='ocrx_word' id='word_1_628' title='bbox 2556 2232 2810 2301; x_wconf 85' lang='lat' dir='ltr'><strong>peccem?</strong></span> <span class='ocrx_word' id='word_1_629' title='bbox 2838 2230 2955 2287; x_wconf 88' lang='lat' dir='ltr'><strong>Non</strong></span> <span class='ocrx_word' id='word_1_630' title='bbox 3005 2233 3077 2287; x_wconf 89' lang='lat' dir='ltr'><strong>ita</strong></span> <span class='ocrx_word' id='word_1_631' title='bbox 3104 2234 3232 2298; x_wconf 87' lang='lat' dir='ltr'><strong>erit,</strong></span> <span class='ocrx_word' id='word_1_632' title='bbox 3266 2235 3360 2289; x_wconf 86' lang='lat' dir='ltr'><strong>sed</strong></span> <span class='ocrx_word' id='word_1_633' title='bbox 3402 2249 3502 2304; x_wconf 91' lang='lat' dir='ltr'><strong>pro</strong></span> 
     </span>
    </p>
   </div>
   <div class='ocr_carea' id='block_1_82' title="bbox 1914 2325 3503 2398">
    <p class='ocr_par' dir='ltr' id='par_1_82' title="bbox 1914 2325 3503 2398">
     <span class='ocr_line' id='line_1_82' title="bbox 1914 2325 3503 2398; baseline 0.001 -19"><span class='ocrx_word' id='word_1_634' title='bbox 1914 2325 2097 2389; x_wconf 91' lang='lat' dir='ltr'><strong>modo,</strong></span> <span class='ocrx_word' id='word_1_635' title='bbox 2127 2333 2183 2380; x_wconf 92' lang='lat' dir='ltr'><strong>et</strong></span> <span class='ocrx_word' id='word_1_636' title='bbox 2209 2338 2458 2388; x_wconf 90' lang='lat' dir='ltr'><strong>numero,</strong></span> <span class='ocrx_word' id='word_1_637' title='bbox 2494 2333 2548 2380; x_wconf 92' lang='lat' dir='ltr'><strong>et</strong></span> <span class='ocrx_word' id='word_1_638' title='bbox 2582 2340 2835 2380; x_wconf 79' lang='lat' dir='ltr'><strong>mensura</strong></span> <span class='ocrx_word' id='word_1_639' title='bbox 2860 2327 3092 2397; x_wconf 86' lang='lat' dir='ltr'><strong>peccati,</strong></span> <span class='ocrx_word' id='word_1_640' title='bbox 3139 2327 3303 2381; x_wconf 87' lang='lat' dir='ltr'><strong>etiam</strong></span> <span class='ocrx_word' id='word_1_641' title='bbox 3329 2342 3503 2398; x_wconf 59' lang='lat' dir='ltr'><strong>poma:</strong></span> 
     </span>
    </p>
   </div>
   <div class='ocr_carea' id='block_1_83' title="bbox 1914 2415 3503 2487">
    <p class='ocr_par' dir='ltr' id='par_1_83' title="bbox 1914 2415 3503 2487">
     <span class='ocr_line' id='line_1_83' title="bbox 1914 2415 3503 2487; baseline 0.002 -18"><span class='ocrx_word' id='word_1_642' title='bbox 1914 2416 2191 2484; x_wconf 85' lang='lat' dir='ltr'><strong>quantitas</strong></span> <span class='ocrx_word' id='word_1_643' title='bbox 2211 2415 2478 2470; x_wconf 88' lang='lat' dir='ltr'><strong>metienda</strong></span> <span class='ocrx_word' id='word_1_644' title='bbox 2509 2423 2614 2470; x_wconf 87' lang='lat' dir='ltr'><strong>est.</strong></span> <span class='ocrx_word' id='word_1_645' title='bbox 2630 2416 2773 2471; x_wconf 84' lang='lat' dir='ltr'><strong>Deus</strong></span> <span class='ocrx_word' id='word_1_646' title='bbox 2797 2416 2941 2471; x_wconf 92' lang='lat' dir='ltr'><strong>enim</strong></span> <span class='ocrx_word' id='word_1_647' title='bbox 2962 2416 3109 2470; x_wconf 87' lang='lat' dir='ltr'><strong>dabit</strong></span> <span class='ocrx_word' id='word_1_648' title='bbox 3130 2417 3286 2472; x_wconf 91' lang='lat' dir='ltr'><strong>nobis</strong></span> <span class='ocrx_word' id='word_1_649' title='bbox 3305 2432 3503 2487; x_wconf 89' lang='lat' dir='ltr'><strong>panem</strong></span> 
     </span>
    </p>
   </div>
   <div class='ocr_carea' id='block_1_84' title="bbox 1916 2504 3501 2577">
    <p class='ocr_par' dir='ltr' id='par_1_84' title="bbox 1916 2504 3501 2577">
     <span class='ocr_line' id='line_1_84' title="bbox 1916 2504 3501 2577; baseline 0.002 -18"><span class='ocrx_word' id='word_1_650' title='bbox 1916 2504 2298 2577; x_wconf 84' lang='lat' dir='ltr'><strong>lacrymarum,</strong></span> <span class='ocrx_word' id='word_1_651' title='bbox 2327 2513 2382 2559; x_wconf 91' lang='lat' dir='ltr'><strong>et</strong></span> <span class='ocrx_word' id='word_1_652' title='bbox 2407 2504 2616 2574; x_wconf 90' lang='lat' dir='ltr'><strong>potabit</strong></span> <span class='ocrx_word' id='word_1_653' title='bbox 2638 2520 2738 2561; x_wconf 90' lang='lat' dir='ltr'><strong>nos</strong></span> <span class='ocrx_word' id='word_1_654' title='bbox 2758 2504 2813 2558; x_wconf 94' lang='lat' dir='ltr'><strong>in</strong></span> <span class='ocrx_word' id='word_1_655' title='bbox 2839 2505 3117 2576; x_wconf 82' lang='lat' dir='ltr'><strong>lacrymis,</strong></span> <span class='ocrx_word' id='word_1_656' title='bbox 3141 2507 3233 2562; x_wconf 91' lang='lat' dir='ltr'><strong>sed</strong></span> <span class='ocrx_word' id='word_1_657' title='bbox 3261 2507 3316 2561; x_wconf 91' lang='lat' dir='ltr'><strong>in</strong></span> <span class='ocrx_word' id='word_1_658' title='bbox 3347 2524 3501 2562; x_wconf 90' lang='lat' dir='ltr'><strong>men-</strong></span> 
     </span>
    </p>
   </div>
   <div class='ocr_carea' id='block_1_85' title="bbox 1915 2595 3504 2665">
    <p class='ocr_par' dir='ltr' id='par_1_85' title="bbox 1915 2595 3504 2665">
     <span class='ocr_line' id='line_1_85' title="bbox 1915 2595 3504 2665; baseline 0.001 -16"><span class='ocrx_word' id='word_1_659' title='bbox 1915 2610 2063 2649; x_wconf 85' lang='lat' dir='ltr'><strong>sura.</strong></span> <span class='ocrx_word' id='word_1_660' title='bbox 2096 2595 2348 2651; x_wconf 79' lang='lat' dir='ltr'><strong>Mensura</strong></span> <span class='ocrx_word' id='word_1_661' title='bbox 2377 2604 2559 2650; x_wconf 83' lang='lat' dir='ltr'><strong>aulem</strong></span> <span class='ocrx_word' id='word_1_662' title='bbox 2584 2595 2702 2650; x_wconf 71' lang='lat' dir='ltr'><strong>haec</strong></span> <span class='ocrx_word' id='word_1_663' title='bbox 2727 2595 2853 2661; x_wconf 88' lang='lat' dir='ltr'><strong>erit,</strong></span> <span class='ocrx_word' id='word_1_664' title='bbox 2878 2611 3040 2665; x_wconf 91' lang='lat' dir='ltr'><strong>quam</strong></span> <span class='ocrx_word' id='word_1_665' title='bbox 3064 2596 3166 2650; x_wconf 91' lang='lat' dir='ltr'><strong>sibi</strong></span> <span class='ocrx_word' id='word_1_666' title='bbox 3189 2597 3245 2651; x_wconf 93' lang='lat' dir='ltr'><strong>in</strong></span> <span class='ocrx_word' id='word_1_667' title='bbox 3267 2598 3370 2652; x_wconf 83' lang='lat' dir='ltr'><strong>hac</strong></span> <span class='ocrx_word' id='word_1_668' title='bbox 3398 2598 3504 2651; x_wconf 81' lang='lat' dir='ltr'><strong>vita</strong></span> 
     </span>
    </p>
   </div>
   <div class='ocr_carea' id='block_1_86' title="bbox 1916 2684 3507 2757">
    <p class='ocr_par' dir='ltr' id='par_1_86' title="bbox 1916 2684 3507 2757">
     <span class='ocr_line' id='line_1_86' title="bbox 1916 2684 3507 2757; baseline 0 -16"><span class='ocrx_word' id='word_1_669' title='bbox 1916 2686 2294 2757; x_wconf 88' lang='lat' dir='ltr'><strong>unusquisque</strong></span> <span class='ocrx_word' id='word_1_670' title='bbox 2320 2686 2404 2740; x_wconf 90' lang='lat' dir='ltr'><strong>vel</strong></span> <span class='ocrx_word' id='word_1_671' title='bbox 2428 2684 2626 2754; x_wconf 87' lang='lat' dir='ltr'><strong>majus,</strong></span> <span class='ocrx_word' id='word_1_672' title='bbox 2648 2685 2736 2740; x_wconf 91' lang='lat' dir='ltr'><strong>vel</strong></span> <span class='ocrx_word' id='word_1_673' title='bbox 2786 2686 3022 2757; x_wconf 87' lang='lat' dir='ltr'><strong>amplius</strong></span> <span class='ocrx_word' id='word_1_674' title='bbox 3055 2688 3331 2756; x_wconf 90' lang='lat' dir='ltr'><strong>peccando</strong></span> <span class='ocrx_word' id='word_1_675' title='bbox 3357 2702 3507 2757; x_wconf 81' lang='lat' dir='ltr'><strong>quzr-</strong></span> 
     </span>
    </p>
   </div>
   <div class='ocr_carea' id='block_1_87' title="bbox 1918 2774 3501 2847">
    <p class='ocr_par' dir='ltr' id='par_1_87' title="bbox 1918 2774 3501 2847">
     <span class='ocr_line' id='line_1_87' title="bbox 1918 2774 3501 2847; baseline 0.001 -17"><span class='ocrx_word' id='word_1_676' title='bbox 1918 2775 2096 2830; x_wconf 87' lang='lat' dir='ltr'><strong>sierit.</strong></span> <span class='ocrx_word' id='word_1_677' title='bbox 2140 2774 2251 2830; x_wconf 88' lang='lat' dir='ltr'><strong>Sed</strong></span> <span class='ocrx_word' id='word_1_678' title='bbox 2277 2782 2334 2830; x_wconf 89' lang='lat' dir='ltr'><strong>et</strong></span> <span class='ocrx_word' id='word_1_679' title='bbox 2355 2774 2495 2829; x_wconf 83' lang='lat' dir='ltr'><strong>calix</strong></span> <span class='ocrx_word' id='word_1_680' title='bbox 2524 2775 2578 2829; x_wconf 89' lang='lat' dir='ltr'><strong>in</strong></span> <span class='ocrx_word' id='word_1_681' title='bbox 2613 2790 2776 2829; x_wconf 85' lang='lat' dir='ltr'><strong>manu</strong></span> <span class='ocrx_word' id='word_1_682' title='bbox 2810 2776 3044 2840; x_wconf 88' lang='lat' dir='ltr'><strong>Domini,</strong></span> <span class='ocrx_word' id='word_1_683' title='bbox 3072 2776 3182 2831; x_wconf 89' lang='lat' dir='ltr'><strong>vini</strong></span> <span class='ocrx_word' id='word_1_684' title='bbox 3233 2778 3367 2831; x_wconf 88' lang='lat' dir='ltr'><strong>meri</strong></span> <span class='ocrx_word' id='word_1_685' title='bbox 3390 2778 3501 2847; x_wconf 88' lang='lat' dir='ltr'><strong>ple-</strong></span> 
     </span>
    </p>
   </div>
   <div class='ocr_carea' id='block_1_88' title="bbox 1919 2864 3502 2935">
    <p class='ocr_par' dir='ltr' id='par_1_88' title="bbox 1919 2864 3502 2935">
     <span class='ocr_line' id='line_1_88' title="bbox 1919 2864 3502 2935; baseline 0.002 -16"><span class='ocrx_word' id='word_1_686' title='bbox 1919 2880 2020 2919; x_wconf 84' lang='lat' dir='ltr'><strong>nus</strong></span> <span class='ocrx_word' id='word_1_687' title='bbox 2044 2865 2208 2920; x_wconf 91' lang='lat' dir='ltr'><strong>misto</strong></span> <span class='ocrx_word' id='word_1_688' title='bbox 2231 2864 2430 2920; x_wconf 91' lang='lat' dir='ltr'><strong>dicitur</strong></span> <span class='ocrx_word' id='word_1_689' title='bbox 2452 2880 2592 2920; x_wconf 88' lang='lat' dir='ltr'><strong>esse.</strong></span> <span class='ocrx_word' id='word_1_690' title='bbox 2623 2865 2877 2919; x_wconf 77' lang='lat' dir='ltr'><strong>Miscetur</strong></span> <span class='ocrx_word' id='word_1_691' title='bbox 2903 2880 3034 2935; x_wconf 85' lang='lat' dir='ltr'><strong>ergo</strong></span> <span class='ocrx_word' id='word_1_692' title='bbox 3053 2865 3170 2920; x_wconf 90' lang='lat' dir='ltr'><strong>sine</strong></span> <span class='ocrx_word' id='word_1_693' title='bbox 3191 2867 3354 2922; x_wconf 91' lang='lat' dir='ltr'><strong>dubio</strong></span> <span class='ocrx_word' id='word_1_694' title='bbox 3380 2868 3502 2922; x_wconf 77' lang='lat' dir='ltr'><strong>uni~</strong></span> 
     </span>
    </p>
   </div>
   <div class='ocr_carea' id='block_1_89' title="bbox 1918 2952 3505 3027">
    <p class='ocr_par' dir='ltr' id='par_1_89' title="bbox 1918 2952 3505 3027">
     <span class='ocr_line' id='line_1_89' title="bbox 1918 2952 3505 3027; baseline 0.002 -18"><span class='ocrx_word' id='word_1_695' title='bbox 1918 2954 2115 3023; x_wconf 85' lang='lat' dir='ltr'><strong>cuique</strong></span> <span class='ocrx_word' id='word_1_696' title='bbox 2144 2961 2198 3009; x_wconf 92' lang='lat' dir='ltr'><strong>et</strong></span> <span class='ocrx_word' id='word_1_697' title='bbox 2219 2953 2312 3009; x_wconf 87' lang='lat' dir='ltr'><strong>ﬁet</strong></span> <span class='ocrx_word' id='word_1_698' title='bbox 2333 2952 2597 3021; x_wconf 88' lang='lat' dir='ltr'><strong>judicium</strong></span> <span class='ocrx_word' id='word_1_699' title='bbox 2624 2954 2762 3024; x_wconf 88' lang='lat' dir='ltr'><strong>ejus,</strong></span> <span class='ocrx_word' id='word_1_700' title='bbox 2793 2968 2900 3008; x_wconf 90' lang='lat' dir='ltr'><strong>non</strong></span> <span class='ocrx_word' id='word_1_701' title='bbox 2923 2954 3095 3009; x_wconf 92' lang='lat' dir='ltr'><strong>solum</strong></span> <span class='ocrx_word' id='word_1_702' title='bbox 3119 2955 3185 3010; x_wconf 90' lang='lat' dir='ltr'><strong>de</strong></span> <span class='ocrx_word' id='word_1_703' title='bbox 3206 2955 3364 3011; x_wconf 89' lang='lat' dir='ltr'><strong>malis</strong></span> <span class='ocrx_word' id='word_1_704' title='bbox 3384 2973 3505 3027; x_wconf 73' lang='lat' dir='ltr'><strong>qua:</strong></span> 
     </span>
    </p>
   </div>
   <div class='ocr_carea' id='block_1_90' title="bbox 1924 3038 3510 3118">
    <p class='ocr_par' dir='ltr' id='par_1_90' title="bbox 1924 3038 3510 3118">
     <span class='ocr_line' id='line_1_90' title="bbox 1924 3038 3510 3118; baseline 0.003 -19"><span class='ocrx_word' id='word_1_705' title='bbox 1924 3047 2114 3116; x_wconf 87' lang='lat' dir='ltr'><strong>gessit,</strong></span> <span class='ocrx_word' id='word_1_706' title='bbox 2147 3045 2241 3100; x_wconf 89' lang='lat' dir='ltr'><strong>sed</strong></span> <span class='ocrx_word' id='word_1_707' title='bbox 2295 3045 2458 3100; x_wconf 88' lang='lat' dir='ltr'><strong>etiam</strong></span> <span class='ocrx_word' id='word_1_708' title='bbox 2484 3061 2553 3099; x_wconf 82' lang='lat' dir='ltr'><strong>ex</strong></span> <span class='ocrx_word' id='word_1_709' title='bbox 2604 3038 2789 3110; x_wconf 84' lang='lat' dir='ltr'><strong>bonis;</strong></span> <span class='ocrx_word' id='word_1_710' title='bbox 2823 3052 2881 3100; x_wconf 91' lang='lat' dir='ltr'><strong>et</strong></span> <span class='ocrx_word' id='word_1_711' title='bbox 2900 3052 3081 3099; x_wconf 86' lang='lat' dir='ltr'><strong>tamen</strong></span> <span class='ocrx_word' id='word_1_712' title='bbox 3110 3060 3231 3100; x_wconf 92' lang='lat' dir='ltr'><strong>cum</strong></span> <span class='ocrx_word' id='word_1_713' title='bbox 3275 3057 3510 3118; x_wconf 88' lang='lat' dir='ltr'><strong>utraque</strong></span> 
     </span>
    </p>
   </div>
   <div class='ocr_carea' id='block_1_91' title="bbox 1928 3128 3510 3212">
    <p class='ocr_par' dir='ltr' id='par_1_91' title="bbox 1928 3128 3510 3212">
     <span class='ocr_line' id='line_1_91' title="bbox 1928 3128 3510 3212; baseline 0.002 -19"><span class='ocrx_word' id='word_1_714' title='bbox 1928 3139 2282 3201; x_wconf 89' lang='lat' dir='ltr'><strong>misceantur,</strong></span> <span class='ocrx_word' id='word_1_715' title='bbox 2298 3138 2387 3191; x_wconf 81' lang='lat' dir='ltr'><strong>fex</strong></span> <span class='ocrx_word' id='word_1_716' title='bbox 2407 3128 2526 3208; x_wconf 72' lang='lat' dir='ltr'><strong>ejtis</strong></span> <span class='ocrx_word' id='word_1_717' title='bbox 2541 3153 2702 3207; x_wconf 84' lang='lat' dir='ltr'><strong>quam</strong></span> <span class='ocrx_word' id='word_1_718' title='bbox 2727 3152 2828 3210; x_wconf 88' lang='lat' dir='ltr'><strong>ego</strong></span> <span class='ocrx_word' id='word_1_719' title='bbox 2848 3147 2979 3209; x_wconf 90' lang='lat' dir='ltr'><strong>puto</strong></span> <span class='ocrx_word' id='word_1_720' title='bbox 3000 3139 3265 3196; x_wconf 90' lang='lat' dir='ltr'><strong>malorum</strong></span> <span class='ocrx_word' id='word_1_721' title='bbox 3295 3151 3510 3212; x_wconf 84' lang='lat' dir='ltr'><strong>partem</strong></span> 
     </span>
    </p>
   </div>
   <div class='ocr_carea' id='block_1_92' title="bbox 1924 3227 3516 3298">
    <p class='ocr_par' dir='ltr' id='par_1_92' title="bbox 1924 3227 3516 3298">
     <span class='ocr_line' id='line_1_92' title="bbox 1924 3227 3516 3298; baseline 0.003 -16"><span class='ocrx_word' id='word_1_722' title='bbox 1924 3227 2055 3292; x_wconf 90' lang='lat' dir='ltr'><strong>dici,</strong></span> <span class='ocrx_word' id='word_1_723' title='bbox 2082 3243 2193 3282; x_wconf 89' lang='lat' dir='ltr'><strong>non</strong></span> <span class='ocrx_word' id='word_1_724' title='bbox 2219 3228 2284 3282; x_wconf 90' lang='lat' dir='ltr'><strong>ad</strong></span> <span class='ocrx_word' id='word_1_725' title='bbox 2316 3228 2591 3298; x_wconf 83' lang='lat' dir='ltr'><strong>integrum</strong></span> <span class='ocrx_word' id='word_1_726' title='bbox 2618 3228 2982 3294; x_wconf 82' lang='lat' dir='ltr'><strong>exinauietur,</strong></span> <span class='ocrx_word' id='word_1_727' title='bbox 3014 3229 3108 3285; x_wconf 89' lang='lat' dir='ltr'><strong>sed</strong></span> <span class='ocrx_word' id='word_1_728' title='bbox 3126 3230 3262 3296; x_wconf 74' lang='lat' dir='ltr'><strong>limc,</strong></span> <span class='ocrx_word' id='word_1_729' title='bbox 3292 3240 3352 3286; x_wconf 92' lang='lat' dir='ltr'><strong>ut</strong></span> <span class='ocrx_word' id='word_1_730' title='bbox 3377 3233 3516 3287; x_wconf 82' lang='lat' dir='ltr'><strong>dixi-</strong></span> 
     </span>
    </p>
   </div>
   <div class='ocr_carea' id='block_1_93' title="bbox 1923 3318 3514 3386">
    <p class='ocr_par' dir='ltr' id='par_1_93' title="bbox 1923 3318 3514 3386">
     <span class='ocr_line' id='line_1_93' title="bbox 1923 3318 3514 3386; baseline 0.001 -11"><span class='ocrx_word' id='word_1_731' title='bbox 1923 3336 2066 3386; x_wconf 90' lang='lat' dir='ltr'><strong>mus,</strong></span> <span class='ocrx_word' id='word_1_732' title='bbox 2090 3320 2143 3375; x_wconf 91' lang='lat' dir='ltr'><strong>in</strong></span> <span class='ocrx_word' id='word_1_733' title='bbox 2164 3335 2328 3375; x_wconf 89' lang='lat' dir='ltr'><strong>manu</strong></span> <span class='ocrx_word' id='word_1_734' title='bbox 2354 3320 2448 3375; x_wconf 88' lang='lat' dir='ltr'><strong>Dei</strong></span> <span class='ocrx_word' id='word_1_735' title='bbox 2473 3327 2620 3377; x_wconf 88' lang='lat' dir='ltr'><strong>sunt.</strong></span> <span class='ocrx_word' id='word_1_736' title='bbox 2644 3318 2899 3374; x_wconf 86' lang='lat' dir='ltr'><strong>Nostrum</strong></span> <span class='ocrx_word' id='word_1_737' title='bbox 2921 3329 3007 3376; x_wconf 91' lang='lat' dir='ltr'><strong>est</strong></span> <span class='ocrx_word' id='word_1_738' title='bbox 3034 3328 3217 3376; x_wconf 90' lang='lat' dir='ltr'><strong>autem</strong></span> <span class='ocrx_word' id='word_1_739' title='bbox 3239 3322 3306 3376; x_wconf 90' lang='lat' dir='ltr'><strong>ad</strong></span> <span class='ocrx_word' id='word_1_740' title='bbox 3330 3338 3514 3379; x_wconf 84' lang='lat' dir='ltr'><strong>emen-</strong></span> 
     </span>
    </p>
   </div>
   <div class='ocr_carea' id='block_1_94' title="bbox 1908 3410 3591 3487">
    <p class='ocr_par' dir='ltr' id='par_1_94' title="bbox 1908 3410 3591 3487">
     <span class='ocr_line' id='line_1_94' title="bbox 1908 3410 3591 3487; baseline 0.004 -24"><span class='ocrx_word' id='word_1_741' title='bbox 1908 3414 2201 3470; x_wconf 87' lang='lat' dir='ltr'><strong>dationem</strong></span> <span class='ocrx_word' id='word_1_742' title='bbox 2232 3412 2396 3468; x_wconf 89' lang='lat' dir='ltr'><strong>citius</strong></span> <span class='ocrx_word' id='word_1_743' title='bbox 2419 3410 2701 3476; x_wconf 88' lang='lat' dir='ltr'><strong>festinare,</strong></span> <span class='ocrx_word' id='word_1_744' title='bbox 2726 3412 2791 3466; x_wconf 86' lang='lat' dir='ltr'><strong>ad</strong></span> <span class='ocrx_word' id='word_1_745' title='bbox 2840 3412 3213 3480; x_wconf 78' lang='lat' dir='ltr'><strong>paenitentiam</strong></span> <span class='ocrx_word' id='word_1_746' title='bbox 3251 3413 3371 3470; x_wconf 90' lang='lat' dir='ltr'><strong>sine</strong></span> <span class='ocrx_word' id='word_1_747' title='bbox 3399 3415 3514 3470; x_wconf 91' lang='lat' dir='ltr'><strong>dis-</strong></span> <span class='ocrx_word' id='word_1_748' title='bbox 3582 3484 3591 3487; x_wconf 90' lang='lat'>_</span> 
     </span>
    </p>
   </div>
   <div class='ocr_carea' id='block_1_95' title="bbox 1930 3503 3513 3571">
    <p class='ocr_par' dir='ltr' id='par_1_95' title="bbox 1930 3503 3513 3571">
     <span class='ocr_line' id='line_1_95' title="bbox 1930 3503 3513 3571; baseline -0.001 -11"><span class='ocrx_word' id='word_1_749' title='bbox 1930 3504 2275 3560; x_wconf 89' lang='lat' dir='ltr'><strong>simulatione</strong></span> <span class='ocrx_word' id='word_1_750' title='bbox 2297 3503 2562 3566; x_wconf 88' lang='lat' dir='ltr'><strong>converti,</strong></span> <span class='ocrx_word' id='word_1_751' title='bbox 2576 3503 2760 3571; x_wconf 87' lang='lat' dir='ltr'><strong>lugere</strong></span> <span class='ocrx_word' id='word_1_752' title='bbox 2784 3503 3077 3571; x_wconf 70' lang='lat' dir='ltr'><strong>pneterita,</strong></span> <span class='ocrx_word' id='word_1_753' title='bbox 3092 3517 3286 3559; x_wconf 89' lang='lat' dir='ltr'><strong>cavere</strong></span> <span class='ocrx_word' id='word_1_754' title='bbox 3309 3504 3361 3558; x_wconf 91' lang='lat' dir='ltr'><strong>fu</strong></span> <span class='ocrx_word' id='word_1_755' title='bbox 3369 3513 3422 3559; x_wconf 90' lang='lat' dir='ltr'><strong>tu</strong></span> <span class='ocrx_word' id='word_1_756' title='bbox 3430 3521 3513 3566; x_wconf 85' lang='lat' dir='ltr'><strong>ra.</strong></span> 
     </span>
    </p>
   </div>
   <div class='ocr_carea' id='block_1_96' title="bbox 1932 3590 3519 3650">
    <p class='ocr_par' dir='ltr' id='par_1_96' title="bbox 1932 3590 3519 3650">
     <span class='ocr_line' id='line_1_96' title="bbox 1932 3590 3519 3650; baseline -0.001 0"><span class='ocrx_word' id='word_1_757' title='bbox 1932 3596 2188 3650; x_wconf 86' lang='lat' dir='ltr'><strong>invocare</strong></span> <span class='ocrx_word' id='word_1_758' title='bbox 2218 3591 2478 3647; x_wconf 76' lang='lat' dir='ltr'><strong>auxilium</strong></span> <span class='ocrx_word' id='word_1_759' title='bbox 2492 3590 2609 3646; x_wconf 86' lang='lat' dir='ltr'><strong>Dei.</strong></span> <span class='ocrx_word' id='word_1_760' title='bbox 2643 3590 2841 3645; x_wconf 87' lang='lat' dir='ltr'><strong>Statim</strong></span> <span class='ocrx_word' id='word_1_761' title='bbox 2862 3592 3007 3644; x_wconf 90' lang='lat' dir='ltr'><strong>enim</strong></span> <span class='ocrx_word' id='word_1_762' title='bbox 3032 3600 3092 3645; x_wconf 93' lang='lat' dir='ltr'><strong>ut</strong></span> <span class='ocrx_word' id='word_1_763' title='bbox 3112 3607 3411 3648; x_wconf 88' lang='lat' dir='ltr'><strong>conversus</strong></span> <span class='ocrx_word' id='word_1_764' title='bbox 3436 3595 3519 3648; x_wconf 82' lang='lat' dir='ltr'><strong>in-</strong></span> 
     </span>
    </p>
   </div>
   <div class='ocr_carea' id='block_1_97' title="bbox 1933 3679 3514 3756">
    <p class='ocr_par' dir='ltr' id='par_1_97' title="bbox 1933 3679 3514 3756">
     <span class='ocr_line' id='line_1_97' title="bbox 1933 3679 3514 3756; baseline -0.001 -18"><span class='ocrx_word' id='word_1_765' title='bbox 1933 3684 2229 3756; x_wconf 88' lang='lat' dir='ltr'><strong>gemueris,</strong></span> <span class='ocrx_word' id='word_1_766' title='bbox 2253 3681 2436 3736; x_wconf 85' lang='lat' dir='ltr'><strong>salvus</strong></span> <span class='ocrx_word' id='word_1_767' title='bbox 2461 3682 2591 3737; x_wconf 73' lang='lat' dir='ltr'><strong>eris.</strong></span> <span class='ocrx_word' id='word_1_768' title='bbox 2624 3679 2870 3734; x_wconf 84' lang='lat' dir='ltr'><strong>Invenies</strong></span> <span class='ocrx_word' id='word_1_769' title='bbox 2883 3679 3027 3734; x_wconf 89' lang='lat' dir='ltr'><strong>enim</strong></span> <span class='ocrx_word' id='word_1_770' title='bbox 3055 3679 3396 3746; x_wconf 86' lang='lat' dir='ltr'><strong>advocatum,</strong></span> <span class='ocrx_word' id='word_1_771' title='bbox 3421 3685 3514 3750; x_wconf 88' lang='lat' dir='ltr'><strong>qui</strong></span> 
     </span>
    </p>
   </div>
   <div class='ocr_carea' id='block_1_98' title="bbox 1927 3768 3521 3843">
    <p class='ocr_par' dir='ltr' id='par_1_98' title="bbox 1927 3768 3521 3843">
     <span class='ocr_line' id='line_1_98' title="bbox 1927 3768 3521 3843; baseline -0.001 -17"><span class='ocrx_word' id='word_1_772' title='bbox 1927 3787 2029 3843; x_wconf 90' lang='lat' dir='ltr'><strong>pro</strong></span> <span class='ocrx_word' id='word_1_773' title='bbox 2074 3780 2126 3825; x_wconf 89' lang='lat' dir='ltr'><strong>te</strong></span> <span class='ocrx_word' id='word_1_774' title='bbox 2182 3770 2488 3841; x_wconf 89' lang='lat' dir='ltr'><strong>interpellat</strong></span> <span class='ocrx_word' id='word_1_775' title='bbox 2533 3769 2774 3832; x_wconf 88' lang='lat' dir='ltr'><strong>Patrem,</strong></span> <span class='ocrx_word' id='word_1_776' title='bbox 2821 3768 3107 3824; x_wconf 88' lang='lat' dir='ltr'><strong>Dominum</strong></span> <span class='ocrx_word' id='word_1_777' title='bbox 3132 3768 3313 3825; x_wconf 79' lang='lat' dir='ltr'><strong>lesum</strong></span> <span class='ocrx_word' id='word_1_778' title='bbox 3347 3771 3521 3825; x_wconf 87' lang='lat' dir='ltr'><strong>multo</strong></span> 
     </span>
    </p>
   </div>
   <div class='ocr_carea' id='block_1_99' title="bbox 1928 3860 3519 3932">
    <p class='ocr_par' dir='ltr' id='par_1_99' title="bbox 1928 3860 3519 3932">
     <span class='ocr_line' id='line_1_99' title="bbox 1928 3860 3519 3932; baseline -0.003 -11"><span class='ocrx_word' id='word_1_779' title='bbox 1928 3862 2365 3932; x_wconf 71' lang='lat' dir='ltr'><strong>pmstantiorem</strong></span> <span class='ocrx_word' id='word_1_780' title='bbox 2382 3876 2546 3932; x_wconf 89' lang='lat' dir='ltr'><strong>quam</strong></span> <span class='ocrx_word' id='word_1_781' title='bbox 2579 3860 2681 3916; x_wconf 87' lang='lat' dir='ltr'><strong>fuit</strong></span> <span class='ocrx_word' id='word_1_782' title='bbox 2722 3860 2959 3930; x_wconf 78' lang='lat' dir='ltr'><strong>Moyses;</strong></span> <span class='ocrx_word' id='word_1_783' title='bbox 2990 3862 3082 3930; x_wconf 90' lang='lat' dir='ltr'><strong>qui</strong></span> <span class='ocrx_word' id='word_1_784' title='bbox 3111 3869 3290 3917; x_wconf 90' lang='lat' dir='ltr'><strong>tamen</strong></span> <span class='ocrx_word' id='word_1_785' title='bbox 3339 3863 3519 3916; x_wconf 87' lang='lat' dir='ltr'><strong>oravit</strong></span> 
     </span>
    </p>
   </div>
   <div class='ocr_carea' id='block_1_100' title="bbox 1929 3949 3516 4025">
    <p class='ocr_par' dir='ltr' id='par_1_100' title="bbox 1929 3949 3516 4025">
     <span class='ocr_line' id='line_1_100' title="bbox 1929 3949 3516 4025; baseline -0.003 -18"><span class='ocrx_word' id='word_1_786' title='bbox 1929 3970 2032 4025; x_wconf 87' lang='lat' dir='ltr'><strong>pro</strong></span> <span class='ocrx_word' id='word_1_787' title='bbox 2051 3953 2144 4009; x_wconf 91' lang='lat' dir='ltr'><strong>illo</strong></span> <span class='ocrx_word' id='word_1_788' title='bbox 2164 3952 2365 4023; x_wconf 89' lang='lat' dir='ltr'><strong>populo</strong></span> <span class='ocrx_word' id='word_1_789' title='bbox 2388 3959 2446 4008; x_wconf 91' lang='lat' dir='ltr'><strong>et</strong></span> <span class='ocrx_word' id='word_1_790' title='bbox 2468 3951 2756 4007; x_wconf 81' lang='lat' dir='ltr'><strong>exauditus</strong></span> <span class='ocrx_word' id='word_1_791' title='bbox 2774 3960 2879 4006; x_wconf 90' lang='lat' dir='ltr'><strong>est.</strong></span> <span class='ocrx_word' id='word_1_792' title='bbox 2898 3949 2966 4005; x_wconf 87' lang='lat' dir='ltr'><strong>Et</strong></span> <span class='ocrx_word' id='word_1_793' title='bbox 2986 3949 3215 4007; x_wconf 87' lang='lat' dir='ltr'><strong>fortasse</strong></span> <span class='ocrx_word' id='word_1_794' title='bbox 3232 3961 3516 4021; x_wconf 86' lang='lat' dir='ltr'><strong>propterea</strong></span> 
     </span>
    </p>
   </div>
   <div class='ocr_carea' id='block_1_101' title="bbox 1932 4040 3515 4116">
    <p class='ocr_par' dir='ltr' id='par_1_101' title="bbox 1932 4040 3515 4116">
     <span class='ocr_line' id='line_1_101' title="bbox 1932 4040 3515 4116; baseline -0.004 -16"><span class='ocrx_word' id='word_1_795' title='bbox 1932 4045 2146 4116; x_wconf 81' lang='lat' dir='ltr'><strong>Moyses</strong></span> <span class='ocrx_word' id='word_1_796' title='bbox 2194 4043 2456 4099; x_wconf 89' lang='lat' dir='ltr'><strong>scribitur</strong></span> <span class='ocrx_word' id='word_1_797' title='bbox 2504 4042 2862 4098; x_wconf 87' lang='lat' dir='ltr'><strong>intervenisse</strong></span> <span class='ocrx_word' id='word_1_798' title='bbox 2910 4056 3011 4111; x_wconf 90' lang='lat' dir='ltr'><strong>pro</strong></span> <span class='ocrx_word' id='word_1_799' title='bbox 3058 4042 3297 4110; x_wconf 88' lang='lat' dir='ltr'><strong>peccatis</strong></span> <span class='ocrx_word' id='word_1_800' title='bbox 3333 4040 3515 4112; x_wconf 87' lang='lat' dir='ltr'><strong>populi</strong></span> 
     </span>
    </p>
   </div>
   <div class='ocr_carea' id='block_1_102' title="bbox 1931 4132 3525 4206">
    <p class='ocr_par' dir='ltr' id='par_1_102' title="bbox 1931 4132 3525 4206">
     <span class='ocr_line' id='line_1_102' title="bbox 1931 4132 3525 4206; baseline -0.004 -15"><span class='ocrx_word' id='word_1_801' title='bbox 1931 4136 2130 4206; x_wconf 88' lang='lat' dir='ltr'><strong>prioris</strong></span> <span class='ocrx_word' id='word_1_802' title='bbox 2156 4142 2212 4190; x_wconf 90' lang='lat' dir='ltr'><strong>et</strong></span> <span class='ocrx_word' id='word_1_803' title='bbox 2238 4135 2561 4205; x_wconf 86' lang='lat' dir='ltr'><strong>impetrasse</strong></span> <span class='ocrx_word' id='word_1_804' title='bbox 2606 4132 2844 4196; x_wconf 88' lang='lat' dir='ltr'><strong>veniam,</strong></span> <span class='ocrx_word' id='word_1_805' title='bbox 2888 4140 2950 4186; x_wconf 92' lang='lat' dir='ltr'><strong>ut</strong></span> <span class='ocrx_word' id='word_1_806' title='bbox 2988 4132 3158 4186; x_wconf 89' lang='lat' dir='ltr'><strong>multo</strong></span> <span class='ocrx_word' id='word_1_807' title='bbox 3212 4132 3385 4202; x_wconf 87' lang='lat' dir='ltr'><strong>magis</strong></span> <span class='ocrx_word' id='word_1_808' title='bbox 3418 4146 3525 4185; x_wconf 83' lang='lat' dir='ltr'><strong>nos</strong></span> 
     </span>
    </p>
   </div>
   <div class='ocr_carea' id='block_1_103' title="bbox 1934 4220 3523 4295">
    <p class='ocr_par' dir='ltr' id='par_1_103' title="bbox 1934 4220 3523 4295">
     <span class='ocr_line' id='line_1_103' title="bbox 1934 4220 3523 4295; baseline -0.004 -12"><span class='ocrx_word' id='word_1_809' title='bbox 1934 4226 2289 4291; x_wconf 86' lang='lat' dir='ltr'><strong>confidamus,</strong></span> <span class='ocrx_word' id='word_1_810' title='bbox 2305 4225 2449 4295; x_wconf 89' lang='lat' dir='ltr'><strong>quod</strong></span> <span class='ocrx_word' id='word_1_811' title='bbox 2463 4225 2757 4280; x_wconf 88' lang='lat' dir='ltr'><strong>advocatus</strong></span> <span class='ocrx_word' id='word_1_812' title='bbox 2780 4234 2967 4278; x_wconf 88' lang='lat' dir='ltr'><strong>noster</strong></span> <span class='ocrx_word' id='word_1_813' title='bbox 2983 4220 3139 4278; x_wconf 85' lang='lat' dir='ltr'><strong>Jesus</strong></span> <span class='ocrx_word' id='word_1_814' title='bbox 3161 4223 3523 4277; x_wconf 86' lang='lat' dir='ltr'><strong>indubitatam</strong></span> 
     </span>
    </p>
   </div>
   <div class='ocr_carea' id='block_1_104' title="bbox 1935 4314 3521 4387">
    <p class='ocr_par' dir='ltr' id='par_1_104' title="bbox 1935 4314 3521 4387">
     <span class='ocr_line' id='line_1_104' title="bbox 1935 4314 3521 4387; baseline -0.004 -12"><span class='ocrx_word' id='word_1_815' title='bbox 1935 4319 2094 4375; x_wconf 81' lang='lat' dir='ltr'><strong>nobis</strong></span> <span class='ocrx_word' id='word_1_816' title='bbox 2119 4318 2334 4375; x_wconf 88' lang='lat' dir='ltr'><strong>veniam</strong></span> <span class='ocrx_word' id='word_1_817' title='bbox 2361 4316 2648 4387; x_wconf 67' lang='lat' dir='ltr'><strong>praestabit</strong></span> <span class='ocrx_word' id='word_1_818' title='bbox 2675 4329 2704 4369; x_wconf 87' lang='lat' dir='ltr'><strong>a</strong></span> <span class='ocrx_word' id='word_1_819' title='bbox 2728 4314 2909 4380; x_wconf 90' lang='lat' dir='ltr'><strong>Patre,</strong></span> <span class='ocrx_word' id='word_1_820' title='bbox 2935 4314 2981 4369; x_wconf 87' lang='lat' dir='ltr'><strong>si</strong></span> <span class='ocrx_word' id='word_1_821' title='bbox 3027 4322 3210 4368; x_wconf 87' lang='lat' dir='ltr'><strong>tamen</strong></span> <span class='ocrx_word' id='word_1_822' title='bbox 3234 4322 3521 4369; x_wconf 88' lang='lat' dir='ltr'><strong>converta-</strong></span> 
     </span>
    </p>
   </div>
   <div class='ocr_carea' id='block_1_105' title="bbox 1940 4398 3523 4473">
    <p class='ocr_par' dir='ltr' id='par_1_105' title="bbox 1940 4398 3523 4473">
     <span class='ocr_line' id='line_1_105' title="bbox 1940 4398 3523 4473; baseline -0.003 -10"><span class='ocrx_word' id='word_1_823' title='bbox 1940 4398 2062 4464; x_wconf 88' lang='lat' dir='ltr'><strong>mur</strong></span> <span class='ocrx_word' id='word_1_824' title='bbox 2081 4409 2150 4463; x_wconf 87' lang='lat' dir='ltr'><strong>ad</strong></span> <span class='ocrx_word' id='word_1_825' title='bbox 2179 4422 2329 4473; x_wconf 89' lang='lat' dir='ltr'><strong>cum,</strong></span> <span class='ocrx_word' id='word_1_826' title='bbox 2350 4415 2407 4462; x_wconf 90' lang='lat' dir='ltr'><strong>et</strong></span> <span class='ocrx_word' id='word_1_827' title='bbox 2433 4422 2540 4462; x_wconf 90' lang='lat' dir='ltr'><strong>non</strong></span> <span class='ocrx_word' id='word_1_828' title='bbox 2566 4405 2788 4462; x_wconf 85' lang='lat' dir='ltr'><strong>recedat</strong></span> <span class='ocrx_word' id='word_1_829' title='bbox 2809 4412 2955 4459; x_wconf 91' lang='lat' dir='ltr'><strong>retro</strong></span> <span class='ocrx_word' id='word_1_830' title='bbox 2974 4419 3071 4459; x_wconf 92' lang='lat' dir='ltr'><strong>cor</strong></span> <span class='ocrx_word' id='word_1_831' title='bbox 3093 4412 3362 4470; x_wconf 81' lang='lat' dir='ltr'><strong>nostrum,</strong></span> <span class='ocrx_word' id='word_1_832' title='bbox 3380 4404 3523 4459; x_wconf 90' lang='lat' dir='ltr'><strong>sicut</strong></span> 
     </span>
    </p>
   </div>
   <div class='ocr_carea' id='block_1_106' title="bbox 1936 4496 3519 4570">
    <p class='ocr_par' dir='ltr' id='par_1_106' title="bbox 1936 4496 3519 4570">
     <span class='ocr_line' id='line_1_106' title="bbox 1936 4496 3519 4570; baseline -0.004 -14"><span class='ocrx_word' id='word_1_833' title='bbox 1936 4500 2175 4556; x_wconf 85' lang='lat' dir='ltr'><strong>Joannes</strong></span> <span class='ocrx_word' id='word_1_834' title='bbox 2194 4500 2250 4554; x_wconf 90' lang='lat' dir='ltr'><strong>in</strong></span> <span class='ocrx_word' id='word_1_835' title='bbox 2265 4499 2505 4570; x_wconf 85' lang='lat' dir='ltr'><strong>Epistola</strong></span> <span class='ocrx_word' id='word_1_836' title='bbox 2518 4513 2616 4553; x_wconf 90' lang='lat' dir='ltr'><strong>sua</strong></span> <span class='ocrx_word' id='word_1_837' title='bbox 2640 4498 2774 4553; x_wconf 89' lang='lat' dir='ltr'><strong>dicit</strong></span> <span class='ocrx_word' id='word_1_838' title='bbox 2799 4516 2810 4551; x_wconf 94' lang='lat'><strong>:</strong></span> <span class='ocrx_word' id='word_1_839' title='bbox 2836 4496 2966 4552; x_wconf 75' lang='grc' dir='ltr'><strong>Ηαιε</strong></span> <span class='ocrx_word' id='word_1_840' title='bbox 2979 4505 3156 4550; x_wconf 82' lang='lat' dir='ltr'><strong>autem</strong></span> <span class='ocrx_word' id='word_1_841' title='bbox 3177 4496 3318 4561; x_wconf 84' lang='lat' dir='ltr'><strong>dico,</strong></span> <span class='ocrx_word' id='word_1_842' title='bbox 3342 4496 3519 4565; x_wconf 78' lang='lat' dir='ltr'><strong>ﬁlioli,</strong></span> 
     </span>
    </p>
   </div>
   <div class='ocr_carea' id='block_1_107' title="bbox 1939 4586 3523 4661">
    <p class='ocr_par' dir='ltr' id='par_1_107' title="bbox 1939 4586 3523 4661">
     <span class='ocr_line' id='line_1_107' title="bbox 1939 4586 3523 4661; baseline -0.003 -15"><span class='ocrx_word' id='word_1_843' title='bbox 1939 4601 1997 4646; x_wconf 85' lang='lat' dir='ltr'><strong>ut</strong></span> <span class='ocrx_word' id='word_1_844' title='bbox 2031 4607 2136 4646; x_wconf 89' lang='lat' dir='ltr'><strong>non</strong></span> <span class='ocrx_word' id='word_1_845' title='bbox 2156 4590 2374 4661; x_wconf 76' lang='lat' dir='ltr'><strong>peccetis</strong></span> <span class='ocrx_word' id='word_1_846' title='bbox 2400 4588 2581 4661; x_wconf 76' lang='lat' dir='ltr'><strong>(Joan.</strong></span> <span class='ocrx_word' id='word_1_847' title='bbox 2614 4588 2699 4657; x_wconf 85' lang='lat' dir='ltr'><strong>ll).</strong></span> <span class='ocrx_word' id='word_1_848' title='bbox 2738 4588 2855 4654; x_wconf 84' lang='lat' dir='ltr'><strong>Quo</strong></span> <span class='ocrx_word' id='word_1_849' title='bbox 2902 4588 2948 4643; x_wconf 89' lang='lat' dir='ltr'><strong>si</strong></span> <span class='ocrx_word' id='word_1_850' title='bbox 2990 4587 3299 4657; x_wconf 89' lang='lat' dir='ltr'><strong>peccaverit</strong></span> <span class='ocrx_word' id='word_1_851' title='bbox 3325 4586 3523 4658; x_wconf 88' lang='lat' dir='ltr'><strong>aliquis</strong></span> 
     </span>
    </p>
   </div>
   <div class='ocr_carea' id='block_1_108' title="bbox 1941 4676 3522 4748">
    <p class='ocr_par' dir='ltr' id='par_1_108' title="bbox 1941 4676 3522 4748">
     <span class='ocr_line' id='line_1_108' title="bbox 1941 4676 3522 4748; baseline -0.003 -11"><span class='ocrx_word' id='word_1_852' title='bbox 1941 4690 2210 4745; x_wconf 85' lang='lat' dir='ltr'><strong>vestrum,</strong></span> <span class='ocrx_word' id='word_1_853' title='bbox 2237 4681 2502 4736; x_wconf 88' lang='lat' dir='ltr'><strong>habemus</strong></span> <span class='ocrx_word' id='word_1_854' title='bbox 2531 4678 2847 4734; x_wconf 87' lang='lat' dir='ltr'><strong>advocatum</strong></span> <span class='ocrx_word' id='word_1_855' title='bbox 2877 4679 3021 4748; x_wconf 88' lang='lat' dir='ltr'><strong>apud</strong></span> <span class='ocrx_word' id='word_1_856' title='bbox 3059 4678 3275 4732; x_wconf 88' lang='lat' dir='ltr'><strong>Patrem</strong></span> <span class='ocrx_word' id='word_1_857' title='bbox 3291 4676 3522 4745; x_wconf 82' lang='lat' dir='ltr'><strong>justum,</strong></span> 
     </span>
    </p>
   </div>
   <div class='ocr_carea' id='block_1_109' title="bbox 1943 4768 3015 4842">
    <p class='ocr_par' dir='ltr' id='par_1_109' title="bbox 1943 4768 3015 4842">
     <span class='ocr_line' id='line_1_109' title="bbox 1943 4768 3015 4842; baseline -0.004 -16"><span class='ocrx_word' id='word_1_858' title='bbox 1943 4771 2036 4842; x_wconf 91' lang='lat' dir='ltr'><strong>qui</strong></span> <span class='ocrx_word' id='word_1_859' title='bbox 2063 4769 2373 4840; x_wconf 87' lang='lat' dir='ltr'><strong>interpellat</strong></span> <span class='ocrx_word' id='word_1_860' title='bbox 2399 4784 2500 4839; x_wconf 91' lang='lat' dir='ltr'><strong>pro</strong></span> <span class='ocrx_word' id='word_1_861' title='bbox 2525 4768 2765 4838; x_wconf 85' lang='lat' dir='ltr'><strong>peccatis</strong></span> <span class='ocrx_word' id='word_1_862' title='bbox 2789 4768 3015 4823; x_wconf 88' lang='lat' dir='ltr'><strong>nostris.</strong></span> 
     </span>
    </p>
   </div>
   <div class='ocr_carea' id='block_1_110' title="bbox 2017 4857 3526 4930">
    <p class='ocr_par' dir='ltr' id='par_1_110' title="bbox 2017 4857 3526 4930">
     <span class='ocr_line' id='line_1_110' title="bbox 2017 4857 3526 4930; baseline 0 -15"><span class='ocrx_word' id='word_1_863' title='bbox 2017 4860 2349 4930; x_wconf 84' lang='lat' dir='ltr'><strong>Locutusque</strong></span> <span class='ocrx_word' id='word_1_864' title='bbox 2367 4868 2443 4913; x_wconf 81' lang='lat' dir='ltr'><strong>est</strong></span> <span class='ocrx_word' id='word_1_865' title='bbox 2476 4857 2683 4928; x_wconf 77' lang='lat' dir='ltr'><strong>Moyses</strong></span> <span class='ocrx_word' id='word_1_866' title='bbox 2720 4858 2962 4913; x_wconf 85' lang='lat' dir='ltr'><strong>universa</strong></span> <span class='ocrx_word' id='word_1_867' title='bbox 2989 4858 3140 4913; x_wconf 79' lang='lat' dir='ltr'><strong>verba</strong></span> <span class='ocrx_word' id='word_1_868' title='bbox 3169 4859 3281 4913; x_wconf 77' lang='lat' dir='ltr'><strong>Iure</strong></span> <span class='ocrx_word' id='word_1_869' title='bbox 3315 4859 3386 4915; x_wconf 89' lang='lat' dir='ltr'><strong>ad</strong></span> <span class='ocrx_word' id='word_1_870' title='bbox 3410 4876 3526 4915; x_wconf 59' lang='lat' dir='ltr'><strong>om»</strong></span> 
     </span>
    </p>
   </div>
   <div class='ocr_carea' id='block_1_111' title="bbox 1946 4949 3523 5021">
    <p class='ocr_par' dir='ltr' id='par_1_111' title="bbox 1946 4949 3523 5021">
     <span class='ocr_line' id='line_1_111' title="bbox 1946 4949 3523 5021; baseline 0 -15"><span class='ocrx_word' id='word_1_871' title='bbox 1946 4969 2035 5006; x_wconf 83' lang='lat' dir='ltr'><strong>nes</strong></span> <span class='ocrx_word' id='word_1_872' title='bbox 2059 4953 2199 5021; x_wconf 71' lang='lat' dir='ltr'><strong>ﬁtios</strong></span> <span class='ocrx_word' id='word_1_873' title='bbox 2220 4950 2411 5016; x_wconf 85' lang='lat' dir='ltr'><strong>Israel,</strong></span> <span class='ocrx_word' id='word_1_874' title='bbox 2437 4958 2484 5004; x_wconf 90' lang='lat' dir='ltr'><strong>et</strong></span> <span class='ocrx_word' id='word_1_875' title='bbox 2511 4949 2642 5004; x_wconf 72' lang='lat' dir='ltr'><strong>luxit</strong></span> <span class='ocrx_word' id='word_1_876' title='bbox 2672 4950 2895 5021; x_wconf 86' lang='lat' dir='ltr'><strong>populus</strong></span> <span class='ocrx_word' id='word_1_877' title='bbox 2922 4951 3097 5005; x_wconf 85' lang='lat' dir='ltr'><strong>nimis.</strong></span> <span class='ocrx_word' id='word_1_878' title='bbox 3134 4951 3203 5005; x_wconf 79' lang='lat' dir='ltr'><strong>Et</strong></span> <span class='ocrx_word' id='word_1_879' title='bbox 3228 4969 3344 5007; x_wconf 79' lang='lat' dir='ltr'><strong>ecce</strong></span> <span class='ocrx_word' id='word_1_880' title='bbox 3370 4969 3523 5006; x_wconf 81' lang='lat' dir='ltr'><strong>mane</strong></span> 
     </span>
    </p>
   </div>
   <div class='ocr_carea' id='block_1_112' title="bbox 1945 5040 3526 5113">
    <p class='ocr_par' dir='ltr' id='par_1_112' title="bbox 1945 5040 3526 5113">
     <span class='ocr_line' id='line_1_112' title="bbox 1945 5040 3526 5113; baseline 0.001 -18"><span class='ocrx_word' id='word_1_881' title='bbox 1945 5043 2113 5112; x_wconf 85' lang='lat' dir='ltr'><strong>primo</strong></span> <span class='ocrx_word' id='word_1_882' title='bbox 2137 5048 2432 5110; x_wconf 81' lang='lat' dir='ltr'><strong>surgentes,</strong></span> <span class='ocrx_word' id='word_1_883' title='bbox 2468 5040 2815 5095; x_wconf 83' lang='lat' dir='ltr'><strong>ascenderunt</strong></span> <span class='ocrx_word' id='word_1_884' title='bbox 2857 5043 3097 5097; x_wconf 77' lang='lat' dir='ltr'><strong>verticem</strong></span> <span class='ocrx_word' id='word_1_885' title='bbox 3149 5043 3340 5097; x_wconf 81' lang='lat' dir='ltr'><strong>montis</strong></span> <span class='ocrx_word' id='word_1_886' title='bbox 3369 5052 3526 5113; x_wconf 81' lang='lat' dir='ltr'><strong>atque</strong></span> 
     </span>
    </p>
   </div>
   <div class='ocr_carea' id='block_1_113' title="bbox 1945 5128 3521 5202">
    <p class='ocr_par' dir='ltr' id='par_1_113' title="bbox 1945 5128 3521 5202">
     <span class='ocr_line' id='line_1_113' title="bbox 1945 5128 3521 5202; baseline -0.001 -15"><span class='ocrx_word' id='word_1_887' title='bbox 1945 5133 2190 5187; x_wconf 72' lang='lat' dir='ltr'><strong>dixerunt</strong></span> <span class='ocrx_word' id='word_1_888' title='bbox 2220 5145 2241 5184; x_wconf 89' lang='lat'><strong><em>:</em></strong></span> <span class='ocrx_word' id='word_1_889' title='bbox 2272 5128 2463 5185; x_wconf 84' lang='lat' dir='ltr'><strong>Parati</strong></span> <span class='ocrx_word' id='word_1_890' title='bbox 2491 5148 2674 5186; x_wconf 84' lang='lat' dir='ltr'><strong>sumus</strong></span> <span class='ocrx_word' id='word_1_891' title='bbox 2712 5133 2992 5187; x_wconf 81' lang='lat' dir='ltr'><strong>ascendere</strong></span> <span class='ocrx_word' id='word_1_892' title='bbox 3016 5132 3086 5187; x_wconf 85' lang='lat' dir='ltr'><strong>ad</strong></span> <span class='ocrx_word' id='word_1_893' title='bbox 3114 5132 3389 5197; x_wconf 82' lang='lat' dir='ltr'><strong>locum,de</strong></span> <span class='ocrx_word' id='word_1_894' title='bbox 3417 5148 3521 5202; x_wconf 73' lang='lat' dir='ltr'><strong>quo</strong></span> 
     </span>
    </p>
   </div>
   <div class='ocr_carea' id='block_1_114' title="bbox 1952 5220 3522 5292">
    <p class='ocr_par' dir='ltr' id='par_1_114' title="bbox 1952 5220 3522 5292">
     <span class='ocr_line' id='line_1_114' title="bbox 1952 5220 3522 5292; baseline -0.001 -16"><span class='ocrx_word' id='word_1_895' title='bbox 1952 5222 2209 5278; x_wconf 80' lang='lat' dir='ltr'><strong>Dominus</strong></span> <span class='ocrx_word' id='word_1_896' title='bbox 2229 5220 2434 5276; x_wconf 81' lang='lat' dir='ltr'><strong>locutus</strong></span> <span class='ocrx_word' id='word_1_897' title='bbox 2451 5230 2549 5286; x_wconf 86' lang='lat' dir='ltr'><strong>est,</strong></span> <span class='ocrx_word' id='word_1_898' title='bbox 2561 5221 2685 5292; x_wconf 85' lang='lat' dir='ltr'><strong>quia</strong></span> <span class='ocrx_word' id='word_1_899' title='bbox 2704 5222 3047 5292; x_wconf 80' lang='lat' dir='ltr'><strong>peccavimus.</strong></span> <span class='ocrx_word' id='word_1_900' title='bbox 3065 5220 3265 5287; x_wconf 82' lang='lat' dir='ltr'><strong>Quibus</strong></span> <span class='ocrx_word' id='word_1_901' title='bbox 3283 5220 3522 5289; x_wconf 77' lang='lat' dir='ltr'><strong>Moyses:</strong></span> 
     </span>
    </p>
   </div>
   <div class='ocr_carea' id='block_1_115' title="bbox 1951 5309 3526 5384">
    <p class='ocr_par' dir='ltr' id='par_1_115' title="bbox 1951 5309 3526 5384">
     <span class='ocr_line' id='line_1_115' title="bbox 1951 5309 3526 5384; baseline -0.006 -15"><span class='ocrx_word' id='word_1_902' title='bbox 1951 5311 2083 5380; x_wconf 87' lang='lat' dir='ltr'><strong>Cur,</strong></span> <span class='ocrx_word' id='word_1_903' title='bbox 2113 5313 2315 5384; x_wconf 84' lang='lat' dir='ltr'><strong>inquit,</strong></span> <span class='ocrx_word' id='word_1_904' title='bbox 2345 5312 2771 5383; x_wconf 85' lang='lat' dir='ltr'><strong>transgredimini</strong></span> <span class='ocrx_word' id='word_1_905' title='bbox 2800 5312 3008 5366; x_wconf 73' lang='lat' dir='ltr'><strong>verbum</strong></span> <span class='ocrx_word' id='word_1_906' title='bbox 3033 5309 3263 5374; x_wconf 84' lang='lat' dir='ltr'><strong>Domini,</strong></span> <span class='ocrx_word' id='word_1_907' title='bbox 3275 5309 3417 5378; x_wconf 82' lang='lat' dir='ltr'><strong>quod</strong></span> <span class='ocrx_word' id='word_1_908' title='bbox 3437 5325 3526 5362; x_wconf 70' lang='lat' dir='ltr'><strong>ue-</strong></span> 
     </span>
    </p>
   </div>
   <div class='ocr_carea' id='block_1_116' title="bbox 1951 5397 3523 5472">
    <p class='ocr_par' dir='ltr' id='par_1_116' title="bbox 1951 5397 3523 5472">
     <span class='ocr_line' id='line_1_116' title="bbox 1951 5397 3523 5472; baseline -0.003 -14"><span class='ocrx_word' id='word_1_909' title='bbox 1951 5404 2028 5458; x_wconf 83' lang='lat' dir='ltr'><strong>bis</strong></span> <span class='ocrx_word' id='word_1_910' title='bbox 2058 5418 2160 5458; x_wconf 83' lang='lat' dir='ltr'><strong>non</strong></span> <span class='ocrx_word' id='word_1_911' title='bbox 2190 5402 2332 5458; x_wconf 85' lang='lat' dir='ltr'><strong>cedet</strong></span> <span class='ocrx_word' id='word_1_912' title='bbox 2385 5404 2442 5457; x_wconf 84' lang='lat' dir='ltr'><strong>in</strong></span> <span class='ocrx_word' id='word_1_913' title='bbox 2478 5401 2825 5472; x_wconf 75' lang='lat' dir='ltr'><strong>prosperum?</strong></span> <span class='ocrx_word' id='word_1_914' title='bbox 2864 5402 3043 5456; x_wconf 76' lang='lat' dir='ltr'><strong>Nolite</strong></span> <span class='ocrx_word' id='word_1_915' title='bbox 3070 5399 3365 5454; x_wconf 81' lang='lat' dir='ltr'><strong>ascendere.</strong></span> <span class='ocrx_word' id='word_1_916' title='bbox 3400 5397 3523 5453; x_wconf 84' lang='lat' dir='ltr'><strong>Non</strong></span> 
     </span>
    </p>
   </div>
   <div class='ocr_carea' id='block_1_117' title="bbox 1949 5489 3526 5557">
    <p class='ocr_par' dir='ltr' id='par_1_117' title="bbox 1949 5489 3526 5557">
     <span class='ocr_line' id='line_1_117' title="bbox 1949 5489 3526 5557; baseline -0.005 -7"><span class='ocrx_word' id='word_1_917' title='bbox 1949 5495 2088 5550; x_wconf 87' lang='lat' dir='ltr'><strong>enim</strong></span> <span class='ocrx_word' id='word_1_918' title='bbox 2108 5493 2366 5549; x_wconf 86' lang='lat' dir='ltr'><strong>Dominus</strong></span> <span class='ocrx_word' id='word_1_919' title='bbox 2387 5503 2462 5548; x_wconf 88' lang='lat' dir='ltr'><strong>est</strong></span> <span class='ocrx_word' id='word_1_920' title='bbox 2483 5493 2764 5557; x_wconf 80' lang='lat' dir='ltr'><strong>uobiscum,</strong></span> <span class='ocrx_word' id='word_1_921' title='bbox 2785 5510 2847 5548; x_wconf 87' lang='lat' dir='ltr'><strong>ne</strong></span> <span class='ocrx_word' id='word_1_922' title='bbox 2868 5491 3127 5547; x_wconf 84' lang='lat' dir='ltr'><strong>corruatis</strong></span> <span class='ocrx_word' id='word_1_923' title='bbox 3150 5504 3328 5543; x_wconf 87' lang='lat' dir='ltr'><strong>coram</strong></span> <span class='ocrx_word' id='word_1_924' title='bbox 3352 5489 3526 5543; x_wconf 83' lang='lat' dir='ltr'><strong>inimi-</strong></span> 
     </span>
    </p>
   </div>
   <div class='ocr_carea' id='block_1_118' title="bbox 1949 5582 3521 5643">
    <p class='ocr_par' dir='ltr' id='par_1_118' title="bbox 1949 5582 3521 5643">
     <span class='ocr_line' id='line_1_118' title="bbox 1949 5582 3521 5643; baseline -0.006 -1"><span class='ocrx_word' id='word_1_925' title='bbox 1949 5588 2024 5643; x_wconf 81' lang='lat' dir='ltr'><strong>cis</strong></span> <span class='ocrx_word' id='word_1_926' title='bbox 2068 5587 2269 5643; x_wconf 73' lang='lat' dir='ltr'><strong>uestris.</strong></span> <span class='ocrx_word' id='word_1_927' title='bbox 2298 5584 2645 5641; x_wconf 79' lang='lat' dir='ltr'><strong>Amalechites</strong></span> <span class='ocrx_word' id='word_1_928' title='bbox 2674 5595 2721 5640; x_wconf 86' lang='lat' dir='ltr'><strong>et</strong></span> <span class='ocrx_word' id='word_1_929' title='bbox 2753 5582 3081 5639; x_wconf 58' lang='lat' dir='ltr'><strong>Chananeus</strong></span> <span class='ocrx_word' id='word_1_930' title='bbox 3109 5593 3228 5637; x_wconf 88' lang='lat' dir='ltr'><strong>ante</strong></span> <span class='ocrx_word' id='word_1_931' title='bbox 3246 5598 3332 5637; x_wconf 86' lang='lat' dir='ltr'><strong>vos</strong></span> <span class='ocrx_word' id='word_1_932' title='bbox 3359 5592 3478 5638; x_wconf 82' lang='lat' dir='ltr'><strong>sunt</strong></span> <span class='ocrx_word' id='word_1_933' title='bbox 3501 5595 3521 5632; x_wconf 89' lang='lat'><strong><em>:</em></strong></span> 
     </span>
    </p>
   </div>
  </div>
