3924 6176
464 281 568 337 675

1106 277 1166 331 Β.
1205 252 1464 332 mm
1504 273 1722 333 usum
1761 270 2026 329 ARCHIE‘?

2128 268 2434 326 MOGUNT.
2478 269 2763 325 OPERUM
2803 268 2982 324 PARS
3021 268 3061 323 Ι.

3601 268 3699 326 676

463 412 683 468 quorum
711 392 886 464 gladio
915 392 1191 453 corructis,
1208 407 1266 442 eo
1291 391 1430 458 quod
1461 389 1727 443 nolueritis
1748 388 2035 457 acquiesce—
2063 388 2108 445 Α
2139 382 2310 435 uiuum
2341 380 2409 433 ad
2436 381 2769 434 libamentum
2796 382 2961 433 tertiae
2986 382 3151 449 partis
3178 379 3409 444 ejusdem
3430 396 3702 448 mensura’,

466 504 520 538 re
546 485 786 537 Domino.
822 482 883 533 At
917 479 993 533 illi
1019 480 1370 533 contenebrati
1415 478 1754 532 ascenderunt
1794 482 2033 530 verticem

463 576 672 628 montis.
701 573 836 624 Area
858 580 1030 623 autem
1054 568 1345 622 testamenti
1374 563 1586 621 Domini
1608 578 1656 621 et
1681 566 1903 636 Moyses,
1931 582 2032 618 non

467 672 788 718 recesserunt
832 661 896 713 de
947 661 1153 714 castris.
1210 656 1586 729 Descenditque
1617 656 1959 712 Amalechites
1985 665 2033 708 et

465 753 822 815 Chanana'us,
845 765 934 820 qut
958 748 1193 801 habitant
1225 749 1279 800 in
1322 757 1511 808 monte,
1543 757 1589 801 et
1630 747 1919 818 percutiens
1947 763 2032 800 eos

463 854 617 914 atque
647 843 944 905 concidens,
974 848 1272 910 persecutus
1310 850 1382 893 est
1411 856 1570 909 usque
1622 839 1691 892 ad
1737 837 1957 891 llornta.
1989 836 2033 892 Ο

471 936 605 987 mira
636 932 960 1003 protervitas
986 931 1234 984 humanm
1263 929 1481 993 mentis,
1519 936 1573 983 et
1597 927 1862 982 horrenda
1903 923 2034 985 stal-

464 1024 581 1076 titia
630 1037 730 1091 per
774 1021 1035 1074 malitiam
1084 1019 1338 1073 excmcati
1388 1018 1583 1071 cordis.
1638 1016 1851 1069 Maudat
1893 1015 2032 1069 Deus

461 1112 912 1181 promissionibus
964 1109 1206 1171 credere,
1252 1116 1306 1160 et
1337 1108 1402 1161 de
1453 1124 1546 1162 sua
1582 1107 1838 1176 patientia
1866 1106 2033 1160 conﬁ-

459 1203 608 1266 dere,
636 1203 818 1270 sicque
847 1210 1046 1254 terram
1091 1198 1470 1269 possidendam
1520 1198 1740 1251 intrare.
1770 1196 1907 1251 Huic
1934 1196 2033 1249 hu-

459 1307 617 1345 mana
667 1292 895 1346 stultitia
952 1290 1132 1344 renuit
1184 1290 1428 1351 credere,
1495 1295 1551 1342 et
1594 1287 1762 1356 jussis
1824 1286 2031 1355 spernit

459 1386 835 1453 obtemperare
859 1382 1186 1437 salubribus.
1212 1382 1255 1435 E
1282 1380 1558 1435 contrario
1585 1378 1862 1433 denuntiat
1893 1377 2033 1431 Deus

456 1475 536 1529 eis
558 1482 779 1543 propter
798 1481 1019 1543 peccata
1043 1489 1229 1527 eorum
1246 1481 1300 1525 et
1318 1471 1618 1542 perﬁdiam,
1633 1461 2029 1540 possessionem

458 1576 617 1619 terra:
652 1565 755 1618 siLi
786 1573 914 1618 ante
938 1563 1301 1633 repromissm,
1347 1576 1609 1631 suumque
1649 1560 1907 1614 auxilium
1952 1559 2033 1614 eis

456 1658 685 1725 denegat
711 1655 977 1710 conferre.
1008 1654 1079 1708 At
1100 1653 1173 1707 illi
1203 1653 1593 1717 contenebrati,
1625 1660 1814 1707 contra
1843 1650 2032 1704 volun-

2136 470 2318 538 oﬂ'eret
2341 471 2394 524 in
2425 471 2634 523 odorem
2660 470 2936 524 suavitatis
2966 466 3213 522 Domino.
3244 468 3469 534 Quando
3504 487 3625 524 vero
3649 473 3708 525 de

2135 558 2294 612 bobus
2341 559 2525 629 feceris
2568 558 2929 613 holocaustum
2982 568 3073 612 aut
3121 559 3346 611 hostiam
3396 568 3453 611 ut
3497 560 3705 630 impleas

2133 664 2329 718 votum,
2362 653 2439 706 vel
2468 652 2716 723 paciﬁcus
2744 653 3000 715 victimas,
3025 651 3171 705 dabis
3194 668 3287 721 per
3312 651 3546 721 singulos
3568 652 3705 707 bores

2133 744 2321 815 simin
2343 754 2444 797 tres
2465 744 2694 797 decimas
2725 760 3013 814 conspersa:
3041 742 3175 808 oleo,
3208 742 3347 813 quod
3376 743 3581 798 habebit
3606 762 3706 799 me-

2133 834 2279 887 dium
2318 850 2575 888 mensura:
2598 835 2688 888 hin
2709 877 2722 899 ,
2755 844 2800 888 ct
2833 835 2901 888 ad
2935 834 3040 887 liba
3071 833 3341 902 fundentia
3370 833 3547 888 vinum
3576 836 3706 905 ejus-

2132 927 2248 980 dem
2280 943 2540 980 mensura:
2562 967 2575 989 ,
2616 927 2671 980 iu
2716 926 3027 980 oblationem
3061 926 3357 980 suavissimi
3398 925 3575 979 odoris
3609 926 3707 981 Do-

2130 1018 2293 1070 mino.
2346 1015 2434 1070 Sic
2467 1016 2672 1087 facietis
2711 1032 2803 1086 per
2851 1014 3085 1085 singulos
3120 1015 3268 1069 boves
3305 1023 3354 1068 et
3398 1016 3619 1081 arietes,
3660 1026 3705 1070 et

2132 1124 2292 1178 agnos
2322 1117 2370 1161 et
2396 1108 2596 1173 laedas,
2618 1116 2671 1162 et
2690 1107 2787 1162 rel.
2813 1107 3078 1178 .losephus
3100 1107 3154 1161 in
3175 1105 3571 1176 Antiquitatum
3598 1122 3707 1161 sua-

2133 1214 2251 1253 rum
2285 1201 2471 1263 tertio,
2503 1197 2662 1267 hujus
2688 1200 2790 1255 loci
2826 1199 3126 1253 meminens
3164 1197 3352 1251 refert.
3389 1197 3500 1251 Lex
3532 1205 3704 1251 autem

2131 1291 2389 1360 prmcepit
2419 1291 2471 1344 in
2497 1291 2727 1360 privatis
2751 1289 3089 1361 publicisque
3116 1287 3402 1343 sacriﬁciis
3429 1289 3594 1342 etiam
3627 1288 3702 1341 fa-

2132 1378 2306 1431 rinam
2352 1364 2760 1434 mundissimam
2794 1377 2988 1446 adjici,
3026 1378 3078 1431 in
3109 1392 3248 1447 agno
3283 1377 3499 1445 quidem
3542 1379 3706 1433 assari

2132 1484 2293 1522 unam
2341 1484 2653 1523 mensuram
2673 1509 2688 1535 ,
2716 1469 2771 1523 in
2820 1469 2992 1524 ariete
3024 1482 3153 1523 vero
3182 1468 3441 1534 duorum,
3470 1468 3526 1522 in
3558 1477 3705 1523 tauro

2131 1563 2315 1615 trium.
2342 1562 2408 1616 Et
2432 1563 2535 1616 hoc
2562 1561 2907 1617 sanctiﬁcant
2933 1576 3099 1630 super
3122 1560 3292 1615 altare
3318 1560 3438 1615 oleo
3467 1560 3702 1614 mistum.

2133 1655 2266 1709 Nam
2293 1666 2349 1710 et
2370 1655 2546 1710 oleum
2567 1655 2790 1711 olfertur
2810 1655 2877 1709 ab
2902 1654 3330 1719 immolantibus,
3365 1653 3421 1708 in
3443 1653 3708 1722 bovequi-

456 1757 620 1802 tatem
648 1747 743 1801 Dei
771 1762 889 1800 eam
909 1746 1093 1800 volunt
1117 1746 1387 1799 invadere.
1417 1744 1657 1810 Quorum
1704 1742 2026 1806 imitatores,
2059 1734 2106 1792 B
2134 1745 2256 1799 dem
2313 1745 2403 1799 hin
2443 1746 2813 1811 medietatem,
2858 1746 2912 1799 in
2945 1746 3116 1799 ariete
3145 1753 3325 1798 autem
3361 1742 3521 1811 hujus
3562 1758 3708 1797 men-

455 1839 662 1892 utinam
715 1836 919 1891 nostris
964 1836 1298 1905 temporibus
1339 1850 1445 1889 non
1493 1835 1835 1889 haberemus.
1882 1830 2031 1886 Sunt

453 1928 599 1980 enim
625 1927 759 1995 prob
784 1925 964 1979 dolor!
996 1940 1103 1979 non
1132 1923 1291 1994 pauci
1340 1923 1601 1977 moderno
1647 1930 1908 1991 tempore,
1939 1921 2031 1989 qui

455 2018 583 2085 licet
604 2026 814 2071 veteres
836 2017 901 2069 de
921 2030 1016 2069 sua
1035 2014 1309 2085 protervia
1331 2013 1682 2083 redarguant,
1704 2020 1759 2066 et
1786 2011 2032 2065 incredu-

453 2084 664 2162 litatem
722 2121 909 2161 eorum
966 2084 1386 2174 reprehendant,
1427 2102 1780 2156 nihilominus
1824 2101 1925 2169 ipsi
1975 2101 2031 2155 in

452 2199 695 2253 moribus
744 2199 984 2268 ipsorum
1033 2210 1293 2265 sequaces
1313 2195 1550 2248 existant
1577 2211 1590 2246 :
1620 2192 1714 2261 qui
1745 2206 1847 2244 nec
1877 2191 2033 2245 bonis

454 2290 736 2359 promissis
760 2304 860 2358 per
900 2287 1133 2342 divinam
1187 2285 1359 2355 legem
1402 2282 1769 2352 adipiscendis
1805 2281 2028 2345 instant,

454 2396 555 2435 nec
584 2376 874 2450 prohibitis
898 2379 1056 2433 malis
1077 2377 1353 2448 peccando
1382 2390 1441 2430 se
1470 2374 1750 2444 implicare
1769 2387 1877 2426 non
1906 2385 2029 2425 ces-

451 2478 594 2525 sant.
628 2470 734 2525 Sed
756 2469 897 2524 sicut
919 2483 1020 2523 nec
1050 2468 1177 2534 illis,
1203 2467 1278 2520 ita
1304 2480 1405 2520 nec
1430 2465 1554 2520 istis
1589 2464 1708 2518 haec
1731 2462 2029 2532 pertinacia

448 2561 608 2616 cedet
630 2561 685 2615 in
719 2575 1060 2631 prosperum.
1092 2558 1228 2613 Nam
1257 2556 1566 2628 Spirituales
1598 2554 1947 2609 Amalechitas
1976 2562 2031 2608 et

446 2651 760 2718 Chananaai,
790 2652 889 2721 qui
913 2650 1165 2705 habitant
1186 2650 1239 2703 in
1266 2647 1542 2702 montibus
1589 2646 1877 2715 superbia),
1905 2659 2030 2714 per-

449 2742 655 2797 culient
705 2757 800 2797 eos
846 2750 1007 2811 atque
1051 2739 1363 2802 concident,
1422 2729 1811 2807 persequentes
1857 2750 2030 2804 usque

448 2830 670 2885 liorma.
696 2830 1047 2885 Amalecliitaa
1068 2829 1209 2884 enim
1232 2827 1460 2897 populus
1480 2826 1679 2897 (ingens
1699 2827 2026 2897 sanguinem,

449 2932 506 2975 et
532 2921 821 2976 Cliananaei
852 2921 1171 2990 negotiantes
1194 2919 1307 2973 sive
1335 2929 1527 2972 motus.
1562 2917 1760 2971 Horma
1805 2918 2027 2972 anathe-

444 3032 532 3069 ma
559 3016 966 3083 interpretatur.
991 3011 1252 3067 leestes
1277 3026 1407 3082 ergo
1433 3010 1709 3080 nequitiae,
1738 3024 1860 3079 quae
1889 3010 2028 3063 inte-

2132 1850 2274 1889 suraa
2305 1835 2519 1889 tertiam
2546 1842 2756 1905 partem
2780 1845 2836 1890 et
2853 1844 3101 1904 quartam
3129 1836 3182 1889 in
3207 1850 3366 1905 agno.
3400 1834 3504 1888 Hin
3533 1842 3704 1888 autem

2132 1940 2391 1980 mensura
2444 1925 2792 1981 Hebraeorum
2843 1926 3066 1994 antiqua
3114 1925 3280 1979 choas
3317 1923 3530 1978 Atticas
3578 1923 3708 1977 duas

2131 2016 2295 2085 capit,
2323 2015 2618 2070 secundum
2648 2031 2810 2085 quam
2842 2010 3153 2069 mensuram
3181 2013 3360 2069 oleum
3388 2012 3705 2069 oﬂ'erebant.

2131 2103 2227 2159 Est
2278 2113 2459 2159 autem
2508 2114 2565 2160 ut
2614 2106 2664 2159 in
2694 2105 2831 2160 libro
2861 2104 3003 2159 Ruth
3035 2105 3250 2175 legitur,
3291 2104 3710 2174 ephimensura

2132 2195 2297 2248 trium
2333 2196 2657 2249 modiorum.
2690 2194 2792 2249 Hin
2841 2205 3021 2250 autem
3065 2203 3124 2249 ut
3161 2194 3238 2249 illi
3287 2194 3476 2249 volunt
3520 2194 3613 2263 qui
3646 2194 3710 2248 de

2130 2283 2461 2351 ponderibus
2495 2298 2559 2338 ac
2598 2284 2867 2337 mensuris
2894 2284 3266 2352 scripserunt,
3308 2282 3534 2337 sextarii
3562 2295 3711 2335 men-

2131 2386 2315 2427 suram
2348 2380 2515 2427 tenet.
2544 2373 2646 2440 Qui
2693 2376 2767 2428 ita
2815 2374 2934 2429 ideo
2968 2375 3278 2429 nominatus
3314 2381 3430 2437 est,
3469 2388 3538 2428 eo
3570 2373 3710 2442 quod

2131 2474 2279 2520 sexta
2309 2482 2432 2536 pars
2461 2474 2543 2521 est
2569 2468 2768 2537 congii.
2793 2467 2933 2535 Quid
2962 2483 3091 2538 ergo
3118 2468 3221 2522 hoc
3248 2466 3365 2521 vult
3389 2467 3534 2537 quod
3554 2465 3713 2534 jube-

2132 2567 2222 2611 tur
2248 2557 2580 2631 ingressuris
2607 2566 2808 2614 terram
2845 2558 3310 2629 repromissionis,
3350 2572 3449 2627 per
3476 2556 3715 2628 singulas

2132 2648 2341 2715 species
2366 2647 2706 2712 animalium,
2736 2662 2855 2717 quae
2880 2647 3063 2702 ollerri
3090 2646 3346 2711 licebant,
3378 2646 3710 2701 sacriﬁcium

2132 2737 2397 2803 adhiberi,
2435 2737 2539 2791 nisi
2569 2737 2709 2806 quod
2737 2736 3054 2806 spiritaliter
3075 2751 3176 2791 nos
3201 2736 3382 2801 docet,
3404 2735 3495 2805 qui
3529 2736 3582 2788 in
3608 2744 3714 2789 ter-

2132 2843 2252 2882 ram
2283 2828 2538 2883 Ecclesia:
2580 2842 2680 2898 per
2727 2828 2939 2882 Domini
2978 2828 3209 2899 gratiam
3249 2826 3605 2889 intravimus,
3655 2835 3717 2880 ut

2131 2934 2230 2988 per
2278 2918 2523 2990 singulas
2577 2916 3097 2987 species-honorum
3129 2932 3384 2987 operum,
3428 2917 3714 2971 scientiam

2135 2989 2433 3080 spiritalem
2461 3011 2515 3065 in
2556 3004 2910 3065 meditatione
2939 3010 3133 3064 divina:
3171 3008 3303 3079 legis
3331 3008 3709 3063 adhibeamus.

447 3103 609 3157 ritum
641 3079 885 3157 nostrum
919 3101 1247 3162 desiderant,
1280 3079 1608 3178 et'terrenis
1634 3099 2026 3167 cupiditatibus
2054 3079 2098 3140 (ἶ
2132 3079 2380 3155 Mensura
2411 3115 2539 3172 ergo
2567 3101 2691 3170 ερειί
2713 3141 2727 3163 ,
2760 3116 2881 3169 quae
2917 3108 3027 3155 tres
3056 3100 3220 3154 habet
3242 3098 3379 3152 alias
3402 3112 3718 3161 mensuras,

446 3207 548 3246 nos
576 3192 853 3260 implicare
883 3190 1091 3256 volunt,
1119 3190 1166 3244 si
1195 3189 1725 3259 perseveraverimus
1758 3187 1812 3240 in
1838 3203 2026 3258 pecca-

446 3281 540 3345 tis,
563 3281 691 3334 etin
716 3281 993 3335 montibus
1019 3279 1287 3349 superbia:
1332 3280 1624 3334 ascendere
1668 3294 1774 3334 non
1810 3280 2024 3334 desisti-

444 3385 590 3433 mus,
618 3369 909 3424 concident
935 3384 1034 3424 nos
1069 3369 1252 3439 ignitis
1267 3367 1483 3437 jaculis,
1516 3364 1679 3438 atque
1707 3369 1772 3423 ad
1799 3371 2027 3425 anathe-

444 3476 533 3514 ma
563 3466 883 3529 perpetuum
910 3460 1228 3528 perducent.
1287 3458 1439 3516 Unde
1468 3475 1574 3516 non
1605 3448 1899 3515 sccundum
1925 3460 2026 3516 Pe-

444 3555 730 3628 lagianilas
756 3555 823 3610 de
853 3563 1039 3610 nostra
1072 3556 1189 3609 sine
1216 3554 1388 3624 gratia
1438 3555 1534 3608 Dei
1575 3570 1904 3624 praesumere
1934 3556 2025 3610 de-

443 3648 634 3701 bemus
654 3646 918 3716 potentia,
946 3645 1043 3700 sed
1076 3646 1356 3699 humiliter
1379 3645 1749 3700 inﬁrmitatem
1783 3653 2022 3700 nostram

445 3736 875 3799 considerantes,
911 3734 962 3788 id
983 3734 1126 3803 quod
1175 3734 1385 3788 Domini
1409 3749 1507 3788 ore
1534 3734 1868 3800 decernitur,
1896 3737 2026 3792 obe-

445 3827 701 3880 diendmn
734 3835 789 3880 et
815 3826 1149 3895 sequendum
1175 3840 1273 3895 per
1321 3825 1499 3879 omnia
1548 3825 1702 3879 nobis
1748 3826 2026 3881 humiliter

450 3916 755 3969 credamus.
801 3913 1000 3984 Sicque
1059 3914 1215 3969 nobis
1265 3915 1452 3968 hostes
1506 3916 1687 3969 cuncti
1740 3915 2025 3970 inferiores

448 4006 709 4069 existunt,
734 4013 790 4057 et
816 4004 884 4058 ad
927 4003 1166 4058 caelestis
1222 4003 1411 4072 patria:
1454 4004 1673 4074 gaudia,
1703 4018 1823 4072 qua:
1869 4006 2025 4059 nobis

440 4094 706 4163 promissa
735 4101 880 4159 sunt,
913 4093 1197 4164 pervenire
1227 4105 1325 4162 per
1352 4094 1563 4147 Domini
1595 4094 2022 4149 misericordiam

444 4182 862 4252 prmvaleamus.

1045 4272 1274 4328 CAPUT
1311 4273 1421 4328 XII.

621 4364 696 4418 De
720 4365 822 4418 ritu
844 4365 1226 4434 sacriﬁciorum
1249 4381 1341 4434 per
1364 4364 1600 4435 singulas
1625 4367 1838 4433 species.

513 4452 663 4523 (CAP.
704 4455 821 4523 xv.)
879 4454 1109 4508 Locutus
1143 4464 1218 4507 est
1270 4455 1527 4509 Dominus
1582 4455 1651 4509 ad
1697 4456 1913 4526 Moysen
1941 4457 2022 4509 di-

442 4559 560 4596 cens
584 4556 604 4594 :
632 4541 865 4611 Loquere
888 4544 957 4596 ad
1006 4543 1144 4610 ﬁlios
1178 4542 1347 4597 Israel
1374 4554 1421 4598 et
1447 4545 1587 4598 dices
1634 4545 1704 4597 ad
1741 4562 1828 4598 eos
1848 4559 1867 4595 :
1889 4545 2021 4599 Cum

441 4635 661 4703 ingressi
712 4634 916 4701 fueritis
966 4644 1163 4687 terram
1217 4633 1556 4686 habitationis
1610 4644 1807 4695 vestras,
1861 4650 2020 4703 quam

441 4739 534 4791 ego
579 4724 713 4777 dabo
760 4724 919 4788 vobis,
968 4734 1017 4777 et
1066 4724 1293 4793 feceritis
1343 4723 1659 4777 oblationem
1701 4724 1923 4778 Domino
1966 4727 2021 4779 in

442 4813 802 4867 holocaustum
842 4824 932 4867 aut
964 4816 1227 4868 victimam
1259 4815 1555 4883 paci/icam,
1611 4824 1725 4867 vota
1771 4814 2022 4870 solventes

441 4905 518 4958 vel
561 4916 742 4975 sponte
767 4907 1040 4975 offerentes
1076 4923 1316 4972 munera,
1369 4918 1459 4960 aut
1510 4909 1566 4961 in
1605 4908 2019 4964 solemnitatibus

443 4996 622 5049 vestris
655 4992 920 5048 adolentes
949 4995 1163 5049 odorem
1196 4998 1472 5050 suavitatis
1496 4997 1743 5062 Domino,
1765 5000 1830 5052 de
1857 5001 2018 5054 bobus

441 5087 548 5140 sive
592 5086 656 5140 de
705 5084 913 5150 ovibus,
960 5087 1141 5155 offeret
1198 5088 1491 5157 quicunque
1543 5089 1889 5143 immolaverit
1939 5091 2015 5143 vi-

441 5178 650 5230 ctimant
681 5215 696 5241 ,
739 5176 1060 5243 sacriﬁcium
1112 5176 1302 5229 simin
1349 5178 1602 5229 decimam
1651 5190 1851 5246 partem
1895 5179 2014 5249 ephi

442 5280 770 5335 conspersam
792 5262 906 5319 oleo
929 5278 948 5315 .‘
975 5265 1113 5335 quod
1136 5282 1433 5319 mensuram
1462 5267 1611 5321 habet
1632 5279 1873 5336 quartam
1891 5286 2014 5340 par-

441 5364 541 5407 tem
570 5355 681 5419 hin,
711 5364 757 5408 et
781 5356 955 5408 viuum
987 5356 1056 5408 ad
1075 5354 1180 5409 liba
1204 5356 1470 5424 fundendo
1501 5356 1732 5426 ejusdem
1763 5376 2019 5415 meusurw

440 5442 574 5495 dubi.
604 5443 658 5496 in
681 5442 1043 5496 holocaustum
1070 5444 1176 5497 sive
1199 5445 1252 5497 iu
1278 5445 1560 5499 victimam.
1601 5445 1706 5500 Per
1726 5465 1888 5518 agnos
1911 5451 2021 5503 sin—

441 5535 587 5599 gulos
621 5545 667 5587 et
707 5535 894 5588 arietes
920 5536 1016 5588 erit
1052 5537 1374 5604 sacriﬁcium
1402 5536 1589 5592 simin
1625 5539 1851 5593 duarum
1878 5541 2019 5596 deci-

440 5638 667 5678 marum.
709 5642 824 5693 qum
873 5642 1148 5694 conspersa
1174 5628 1231 5695 fit
1268 5626 1379 5681 oleo
1412 5630 1579 5682 tertia:
1619 5631 1783 5693 partis
1809 5633 1897 5685 Itin
1918 5650 1937 5699 ;
1973 5645 2020 5689 et

1241 5715 1259 5735 Ω

2046 4418 2100 4475 D

2128 3192 2402 3263 signiﬁcat
2445 3200 2646 3247 sanetae
2687 3192 2972 3246 Trinitatis
3019 3191 3198 3245 Iidem.
3247 3187 3410 3257 Cujus
3450 3188 3719 3243 decimam

2122 3282 2344 3353 jubelur
2372 3282 2601 3347 oﬂ‘erre,
2646 3282 2700 3336 id
2735 3291 2848 3346 est,
2900 3282 3276 3337 credulitatem
3324 3280 3721 3335 incarnationis

2127 3374 2351 3439 Christi,
2382 3390 2501 3444 quae
2532 3376 2586 3429 in
2614 3375 2730 3446 lege
2760 3375 2912 3429 nobis
2942 3374 3255 3444 plenissime
3282 3374 3719 3435 commendatur,

2131 3465 2248 3520 sive
2296 3466 2696 3529 observantiam
2732 3465 2902 3535 ipsius
2938 3464 3202 3536 decalogi.
3252 3462 3517 3519 Jubemur
3558 3462 3721 3517 simul

2130 3554 2327 3609 oﬂ'erre
2353 3554 2550 3621 oleum,
2583 3556 2685 3610 hoc
2725 3564 2811 3610 est
2835 3554 3160 3610 charitatem
3181 3565 3237 3609 et
3266 3554 3720 3609 misericordiam.

2128 3645 2394 3702 Jubemur
2421 3657 2477 3704 et
2499 3648 2685 3702 vinum
2725 3648 2793 3703 ad
2821 3647 3212 3713 libamentum,
3259 3648 3310 3701 id
3338 3655 3452 3709 est,
3486 3646 3726 3717 gratiam

2127 3738 2446 3807 spiritalem,
2477 3740 2590 3794 sive
2617 3739 3164 3795 communicationem
3192 3739 3461 3809 passionis
3488 3738 3724 3794 Christi.

2126 3828 2193 3883 Et
2214 3831 2330 3884 ιιωο
2350 3830 2503 3900 juxta
2536 3830 3004 3899 participationem
3039 3846 3309 3886 mensurae
3333 3830 3451 3894 hin,
3486 3831 3592 3884 hoc
3610 3840 3721 3892 ρει.

2127 3918 2420 3973 secundum
2476 3920 2913 3975 distributionem
2959 3908 3215 3990 perfecta:
3260 3920 3587 3974 devotionis.
3618 3918 3738 3974 Se~

2126 4011 2313 4064 uarius
2344 4017 2545 4074 autem,
2576 4010 2667 4080 qui
2694 4008 2970 4080 perfectus
2996 4019 3080 4064 est
3102 4024 3362 4064 numerus
3382 4049 3398 4074 ,
3427 4006 3731 4078 perfectio~

2126 4113 2250 4153 nem
2277 4097 2536 4168 cujusque
2582 4100 2659 4154 rei
2704 4099 2992 4170 signiﬁcat.
3043 4099 3182 4166 Quid
3215 4107 3298 4153 est
3323 4112 3455 4169 ergo
3482 4097 3630 4152 aliud
3666 4099 3725 4153 in

2126 4189 2250 4259 agni
2276 4188 2550 4243 oblatione
2572 4190 2837 4244 decimam
2864 4199 3074 4259 partem
3103 4190 3227 4260 ephi
3262 4188 3490 4253 offerre,
3517 4189 3726 4244 simila:

2127 4295 2431 4350 conspersae
2458 4280 2578 4336 oleo
2607 4281 2760 4351 juxta
2791 4292 3041 4351 quartam
3066 4292 3274 4352 partem
3298 4283 3413 4348 hin,
3446 4292 3503 4338 et
3528 4284 3727 4338 viuum

2125 4369 2367 4439 ejusdem
2388 4386 2658 4426 mensurae
2683 4373 2751 4427 ad
2779 4372 2885 4427 liba
2927 4372 3217 4438 lundenda,
3246 4373 3348 4428 nisi
3388 4373 3725 4443 simplicita-

2129 4470 2237 4515 tem
2262 4477 2494 4526 morum,
2522 4462 2681 4517 simul
2716 4478 2838 4517 cum
2868 4465 3093 4518 scientia
3119 4463 3253 4533 legis
3273 4464 3472 4519 divina:
3496 4476 3555 4520 et
3583 4481 3726 4535 pru-

2129 4553 2311 4609 dentia
2346 4555 2654 4625 evangelica
2694 4556 2986 4610 exhibere?
3013 4555 3148 4623 Quia
3181 4571 3288 4610 non
3316 4556 3477 4611 decet
3510 4557 3729 4627 simpli-

2130 4647 2345 4701 citatem
2374 4647 2491 4701 sine
2516 4647 2801 4716 prudentia
2820 4688 2834 4710 .
2869 4661 2970 4702 nec
2992 4647 3333 4717 prudentiam
3366 4648 3486 4703 sine
3514 4650 3732 4719 simpli-

2130 4737 2295 4791 citate
2330 4751 2652 4805 quemquam
2694 4737 2912 4801 habere,
2951 4738 3043 4806 qui
3082 4736 3357 4792 desiderat
3385 4737 3730 4793 oblationem

2129 4840 2281 4880 suam
2325 4827 2435 4881 Deo
2481 4827 2865 4896 acceptabilem
2908 4827 3105 4883 facere.
3155 4828 3309 4884 Unde
3359 4826 3621 4883 Salvator
3671 4829 3730 4882 in

2124 4916 2417 4986 Evangelio
2458 4916 2736 4986 discipulis
2785 4918 3041 4987 praecepit
3086 4918 3317 4973 dicens:
3360 4915 3546 4971 Estote
3590 4936 3731 4989 pru-

2121 5007 2298 5060 dentes
2343 5006 2478 5060 sicut
2525 5018 2785 5077 serpentes
2823 5018 2873 5061 et
2926 5009 3187 5078 simplices
3241 5009 3377 5062 sicut
3433 5007 3725 5061 columba'.

2119 5098 2306 5151 Omnis
2334 5097 2477 5151 enim
2501 5096 2730 5152 stultitia
2761 5099 2902 5153 sicut
2926 5108 2981 5153 et
3015 5099 3253 5154 versutia
3294 5098 3404 5153 Deo
3428 5099 3728 5153 abomina—

2118 5185 2240 5241 bilis
2268 5194 2371 5251 est,
2407 5195 2463 5241 et
2499 5187 2619 5243 ideo
2654 5188 2802 5242 omni
2845 5187 3005 5243 modo
3045 5189 3113 5242 ab
3143 5188 3323 5242 anima
3350 5186 3612 5258 pellenda
3640 5201 3729 5243 est

2122 5276 2408 5341 catholica,
2456 5278 2509 5332 in
2558 5294 2663 5348 qua
2711 5278 3047 5332 solummodo
3076 5292 3291 5347 semper
3322 5278 3508 5347 vigere
3558 5277 3729 5330 debet

2122 5369 2436 5439 simplicitas
2458 5368 2786 5424 Christiana.
2818 5370 2950 5424 Item
2983 5369 3034 5423 in
3064 5369 3337 5424 oblatione
3362 5368 3557 5422 arietis
3585 5371 3727 5421 duas

2123 5462 2361 5516 decimas
2403 5461 2592 5515 simila:
2614 5461 2769 5530 jubet
2805 5461 3032 5524 otl‘erre,
3069 5460 3229 5515 simul
3258 5464 3362 5513 olei
3400 5466 3573 5526 atque
3610 5454 3723 5510 vini

2125 5550 2345 5605 tertiam
2374 5558 2581 5621 partem
2604 5550 2717 5603 hin.
2746 5550 2813 5604 Et
2837 5552 2963 5619 quia
2991 5552 3136 5605 aries
3166 5559 3438 5604 rectorum
3463 5548 3727 5601 ordinem

2125 5639 2395 5710 signiﬁcat
2417 5679 2430 5703 ,
2480 5647 2601 5707 apte
2630 5652 2753 5695 cum
2789 5638 2995 5697 duabus
3028 5639 3254 5693 decimis
3284 5639 3430 5692 aries
3457 5636 3726 5698 uﬁ'ertur,
