3932 6188
354 314 455 368 677

1061 305 1594 361 ENABRATIONES
1631 303 1694 358 IN
1737 300 1993 356 LIBRUM
2029 300 2488 358 NUMERORUM.
2530 336 2589 344 —
2634 305 2758 360 LIB.
2800 306 2861 360 ll.

3495 309 3597 362 6ῖῖ

351 437 476 478 cum
513 419 737 489 quililn't
764 419 925 472 homo
946 417 1254 487 decalogum
1282 417 1415 487 legis
1434 416 1703 469 intellectu
1728 424 1781 467 et
1800 427 1924 483 ope-
1954 416 2000 473 Λ
2028 430 2183 483 quam
2209 415 2414 479 horum,
2443 431 2556 484 (μίαν
2582 414 2783 468 locutus
2806 426 2880 468 est
2909 417 3156 487 Dominus
3182 420 3250 472 ad
3285 419 3517 490 Moysen,
3550 435 3596 475 et

352 515 563 568 ratione
589 521 797 573 tenens,
823 508 998 562 ofﬁcio
1023 509 1247 561 rectoris
1270 508 1563 578 delegatur.
1582 508 1637 561 In
1661 523 1763 575 qua
1785 505 1931 559 obla-

351 603 501 655 tione
528 599 701 653 oleum
726 608 781 651 et
811 596 994 650 vinum
1019 596 1191 650 tertia:
1220 597 1390 665 partis
1414 597 1506 650 hin
1539 596 1697 651 simul
1717 595 1935 649 exhibe-

350 703 468 757 tur,
496 689 712 760 quando
732 687 988 749 charitas,
1015 685 1382 740 misericordia
1407 695 1460 739 et
1482 686 1653 756 gratia
1677 683 1933 754 spiritalis

351 781 635 844 doctrinae,
685 779 753 832 ab
792 791 855 832 ea
896 791 1023 847 erga
1052 775 1393 830 subditorum
1437 790 1621 829 curam
1655 773 1935 842 diligenter

350 871 702 940 impenditur.
754 869 887 922 Item
934 867 987 921 in
1038 866 1311 922 oblatione
1347 876 1459 921 tres
1487 866 1710 920 decimae
1744 865 1933 919 simila:

350 962 541 1017 offerri
573 961 980 1032 pnecipinntur,
1011 958 1171 1012 simul
1196 968 1249 1012 et
1281 958 1517 1013 medium
1550 972 1814 1011 mensura:
1841 957 1932 1011 hin

350 1058 407 1108 in
437 1055 559 1107 oleo
591 1054 702 1107 sive
726 1052 871 1105 vino.
915 1052 981 1104 Et
1010 1050 1137 1119 quid
1168 1051 1220 1103 in
1247 1050 1404 1104 bonis
1438 1049 1656 1103 nomine
1679 1049 1781 1102 nisi
1811 1064 1933 1102 san-

347 1153 567 1197 ctorum
618 1142 1028 1212 praedicatorum
1060 1140 1192 1194 ordo
1234 1140 1567 1208 designatur,
1618 1138 1706 1208 qui
1744 1154 1929 1209 agrum

349 1236 691 1289 Dominicum
715 1233 916 1297 colunt,
937 1242 991 1286 et
1012 1245 1228 1284 vomere
1248 1230 1555 1300 evangelica
1570 1230 1932 1299 exstirpantes

345 1326 538 1395 spinas
587 1324 883 1387 vitiorum,
935 1320 1292 1390 multiplicant
1337 1330 1574 1391 segetem
1630 1319 1932 1373 virtutum?

344 1417 453 1482 Qui
490 1430 614 1470 cum
656 1414 827 1468 tribus
854 1412 1076 1466 decimis
1105 1411 1297 1465 similae
1334 1410 1654 1475 oderantur,
1682 1411 1806 1479 quia
1839 1409 1930 1463 de-

344 1508 599 1576 ealogum
622 1506 775 1571 legis,
801 1504 1046 1567 scientia,
1073 1517 1235 1571 opere
1263 1510 1318 1557 et
1343 1502 1586 1556 doctrina
1614 1501 1719 1555 rite
1748 1510 1930 1554 tenen-

346 1610 456 1662 tes,
489 1598 609 1652 ﬁdei
642 1604 841 1651 sanctae
865 1581 1147 1649 Trinitatis
1175 1593 1286 1647 veri
1313 1600 1610 1647 assertores
1646 1605 1767 1646 esse
1799 1605 1927 1660 pro—

344 1691 570 1743 bantur.
622 1688 683 1740 lli
730 1701 858 1753 ergo
889 1685 1212 1739 charitatem
1251 1683 1580 1753 prmeipuam
1609 1681 1805 1736 debent
1835 1680 1928 1734 ha-

2032 504 2295 555 mandavit
2324 521 2415 573 per
2440 521 2555 556 eum
2597 505 2665 556 ad
2696 522 2801 568 vos,
2841 523 2870 559 a
2912 508 2994 560 die
3026 526 3129 575 qua
3170 512 3314 579 coepit
3345 512 3529 580 jubere
3549 524 3595 568 et

2032 595 2193 658 ultra,
2226 595 2484 665 oblitaque
2508 595 2666 664 fuerit
2692 597 2966 650 multitudo
2989 598 3157 667 [acere
3178 601 3353 668 o/feret
3382 603 3595 657 vitulum

2032 684 2096 739 de
2117 694 2349 739 armento
2372 685 2734 739 holocaustum
2770 688 2823 739 in
2853 689 3064 742 odorem
3088 691 3449 743 suavissimum
3483 694 3598 761 ejus

2031 789 2093 825 ac
2122 772 2225 826 liba
2252 783 2306 825 ut
2345 775 2669 827 cwremoniw
2695 774 2996 844 postulant,
3029 775 3331 849 bircumque
3362 797 3453 849 pro
3481 799 3598 849 pec-

2032 873 2178 928 cato;
2216 872 2263 916 et
2310 864 2508 932 rogabit
2538 864 2781 918 sacerdos
2805 881 2899 935 pro
2938 884 3076 919 omni
3107 869 3438 922 multitudine
3462 871 3602 938 ﬁlio-

2032 969 2147 1005 rum
2198 952 2392 1017 Israel,
2433 963 2480 1006 et
2533 954 2824 1008 dimittetur
2852 958 2952 1020 eis,
2994 960 3240 1027 quoniam
3283 977 3385 1014 non
3424 973 3602 1031 sponte

2029 1052 2389 1109 peccaverunt,
2415 1049 2468 1095 et
2489 1042 2584 1095 rel.
2614 1042 2719 1111 (Ex
2745 1044 3079 1115 Augustino.)
3127 1046 3314 1100 Merito
3343 1050 3603 1116 qua-ritur

2015 1148 2150 1216 .qua:
2172 1133 2278 1187 sint
2306 1133 2415 1202 ipsa
2441 1145 2659 1203 peccata
2689 1134 2982 1190 nolentium
3004 1178 3019 1201 ,
3053 1146 3230 1191 utrum
3256 1155 3286 1192 a
3315 1142 3597 1195 nescienti-

1943 1210 1994 1247 i"
2015 1210 2130 1276 ’bus
2153 1224 2580 1289 committuntur,
2608 1239 2674 1278 au
2700 1227 2863 1280 etiam
2892 1228 3062 1296 possit
3089 1236 3234 1283 recte
3268 1230 3369 1284 dici
3409 1248 3597 1299 pecca-

2031 1322 2141 1366 tum
2180 1328 2299 1367 esse
2337 1314 2585 1380 nolentis,
2616 1316 2757 1383 quod
2791 1316 2969 1370 facere
2991 1319 3346 1388 compellitur.
3380 1322 3511 1375 Nam
3540 1332 3595 1375 et

2031 1405 2134 1459 hoc
2160 1414 2345 1459 contra
2375 1406 2705 1461 voluntatem
2736 1408 2912 1463 facere
2946 1410 3051 1465 dici
3077 1411 3231 1465 solet.
3274 1411 3377 1467 Sed
3411 1414 3600 1483 utique

2029 1495 2144 1548 vult
2186 1505 2401 1565 propter
2438 1497 2581 1564 quod
2621 1496 2927 1560 facit,.cum
2968 1499 3081 1553 vult
3124 1500 3325 1565 vivere,
3366 1502 3410 1556 si
3450 1503 3596 1571 quis-
3668 1568 3677 1575 ο

2031 1601 2212 1655 quam,
2255 1587 2359 1641 nisi
2401 1586 2620 1653 fecerit,
2651 1596 2877 1642 mortem
2908 1590 3159 1645 minetur.
3202 1592 3327 1645 Vult
3353 1608 3481 1665 ergo
3517 1595 3595 1649 fa—

2030 1693 2183 1741 cere,
2237 1679 2362 1748 quia
2415 1680 2529 1734 vult
2573 1679 2789 1743 vivere,
2826 1688 2883 1735 et
2922 1681 3043 1737 ideo
3084 1698 3188 1737 non
3220 1698 3317 1753 per
3360 1685 3595 1754 seipsum

342 1780 505 1841 bere,
525 1787 578 1830 ct
602 1778 651 1831 iu
682 1772 1348 1847 necessitatibusproximi
1376 1786 1473 1841 per
1500 1762 1925 1824 misericordiam
1957 1763 2326 1839 Bappctcndo
2384 1779 2443 1824 ut
2495 1771 2685 1827 falsum
2746 1771 2930 1841 juret,
3001 1772 3093 1827 sed
3148 1784 3206 1828 ut
3268 1774 3456 1830 falsum
3503 1775 3594 1844 ju-

344 1868 702 1931 cousulendo,
727 1866 847 1920 aliis
866 1866 1065 1919 bonum
1086 1863 1388 1931 exemplum
1409 1862 1666 1932 prtebere.
1692 1860 1802 1916 Nec
1821 1876 1926 1915 non

342 1965 406 2009 et
427 1956 558 2025 ipsis
588 1954 907 2010 studendum
939 1962 1023 2007 est
1043 1994 1058 2019 ,
1083 1961 1143 2006 ut
1179 1952 1246 2006 in~
1268 1951 1440 2021 gratia
1464 1950 1641 2004 divina
1669 1956 1927 2018 quantum

347 2046 676 2102 mortalibus
706 2044 961 2115 possibile
994 2051 1077 2097 est
1103 2042 1408 2113 proﬁciant,
1432 2048 1487 2095 et
1512 2041 1579 2095 ad
1607 2041 1731 2095 vita:
1754 2039 1929 2108 perfe-

344 2140 591 2192 ctionem
622 2152 683 2190 ac
712 2135 1051 2189 s;nctitatem
1080 2132 1424 2203 perveniant,
1465 2129 1619 2199 juxta
1654 2129 1782 2183 illud
1820 2130 1924 2182 Do-

284 2278 295 2281 -
348 2229 614 2283 minicum
644 2232 968 2296 pratceptuut
998 2242 1010 2276 :
1039 2222 1222 2277 Sancti
1247 2230 1428 2285 estote,
1452 2221 1581 2292 quia
1602 2236 1693 2289 ego
1718 2228 1928 2273 sanctus

354 2337 499 2383 sum,
535 2318 785 2370 Dominus
834 2315 970 2368 Deus
1001 2323 1162 2368 vester
1186 2311 1371 2385 (Leuit.
1406 2310 1540 2381 XIX).
1582 2308 1713 2363 Illud
1748 2317 1926 2363 tamen

347 2409 497 2477 quod
521 2409 574 2461 in
602 2409 700 2460 hac
721 2406 826 2459 vita
855 2405 956 2458 sibi
983 2404 1155 2468 deest,
1175 2404 1227 2456 in
1249 2401 1453 2456 cmlesti
1479 2399 1808 2455 beatitudine
1832 2413 1929 2466 per

349 2500 565 2553 Domini
596 2497 821 2567 gratiam
856 2496 906 2548 in
946 2493 1419 2563 se'perﬁciendum
1451 2492 1646 2547 debent
1679 2500 1922 2560 sperare.

946 2605 1171 2660 CAPUT
1207 2603 1340 2659 XIII.

724 2678 796 2731 De
825 2677 1068 2748 primitiis
1100 2676 1322 2727 Domino
1352 2673 1561 2727 dandis.

428 2768 605 2841 (Imm)
649 2768 874 2822 Locutus
922 2777 997 2821 est
1036 2765 1392 2823 Dominus_ad
1441 2754 1655 2833 Moysen
1701 2763 1925 2818 dicens:

355 2862 589 2930 Loquere
607 2858 731 2928 ﬁliis
753 2850 922 2912 Israel
944 2868 990 2911 et
1013 2857 1153 2910 dices
1190 2844 1259 2907 ad
1285 2857 1378 2908 eos
1399 2868 1426 2905 :~
1449 2852 1579 2907 Cum
1605 2854 1847 2907 veneritis
1872 2853 1927 2906 in

351 2964 552 3005 terram
571 2990 585 3013 ,
619 2966 776 3019 quam
807 2948 940 3001 dabo
972 2946 1149 3010 vobis,
1177 2954 1224 2998 et
1259 2942 1586 3021 'camederitis
1615 2941 1683 2994 de
1704 2940 1928 3011 panibus

351 3041 582 3111 regionis
608 3040 748 3093 illius
766 3081 780 3102 ,
813 3037 1121 3109 seper-abitis
1152 3026 1411 3104 primitias
1432 3025 1678 3099 .Dbmino
1709 3030 1775 3083 de
1802 3030 1928 3084 cibis

2030 1862 2201 1916 rando
2251 1862 2416 1916 vivat.
2462 1861 2613 1928 Quod
2654 1862 2697 1917 si
2735 1863 2808 1917 ita
2842 1872 2951 1928 est,
3011 1872 3191 1917 utrum
3232 1866 3436 1933 possint
3489 1866 3594 1918 dici

2030 1952 2134 2006 ista
2184 1960 2401 2021 peccata
2450 1952 2784 2017 nolentium,
2845 1953 3020 2022 qualia
3069 1954 3159 2008 hic
3196 1955 3446 2008 dicuntur
3491 1969 3591 2009 ex-

2028 2042 2242 2110 pianda.
2275 2042 2407 2096 Nam
2439 2042 2483 2096 si
2510 2042 2796 2112 diligenter
2832 2043 3223 2106 consideretur,
3251 2042 3387 2097 forte
3416 2045 3588 2112 ipsum

2028 2147 2252 2203 peccare
2276 2148 2435 2186 nemo
2452 2133 2610 2197 velit,
2640 2133 2733 2188 sed
2756 2142 2973 2201 prepter
2999 2133 3142 2188 aliud
3165 2133 3260 2198 ﬁt,
3289 2134 3428 2204 quod
3460 2133 3587 2192 vult.

2029 2223 2119 2293 qui
2152 2232 2358 2292 peccat.
2389 2221 2587 2277 Omnes
2613 2223 2808 2291 quippe
2829 2222 3097 2290 homines,
3123 2222 3212 2290 qui
3254 2223 3485 2277 scientes
3511 2221 3593 2275 fa-

2028 2312 2177 2366 ciunt
2220 2311 2363 2380 quod
2399 2327 2503 2366 non
2537 2311 2681 2376 licet,
2715 2311 2767 2366 id
2793 2312 2991 2365 vellent
3026 2311 3205 2366 licere.
3256 2312 3432 2380 Usque
3461 2312 3599 2365 adeo

2028 2403 2202 2473 ipsum
2244 2410 2523 2472 peccatum
2575 2416 2734 2456 nemo
2777 2386 2979 2470 appetit
3021 2410 3239 2471 propter
3266 2401 3365 2454 hoc
3396 2402 3589 2470 ipsum.

2027 2492 2123 2547 sed
2147 2500 2367 2562 propter
2396 2492 2524 2547 illud
2543 2492 2684 2562 quod
2711 2507 2774 2546 ex
2808 2507 2875 2547 co
2894 2492 3260 2560 consequitur.
3291 2489 3415 2545 Hzec
3447 2492 3489 2545 si
3522 2492 3593 2544 ita

2027 2599 2088 2638 se
2111 2584 2331 2649 habent,
2365 2600 2473 2639 non
2500 2589 2630 2639 sunt
2647 2592 2865 2652 peccata
2897 2583 3192 2637 nolentium
3218 2583 3322 2637 nisi
3352 2582 3595 2637 nescien-

2029 2674 2180 2740 tium,
2206 2690 2324 2745 qua:
2354 2675 2735 2729 discernuntur
2763 2690 2793 2728 a
2820 2674 3060 2744 peccatis
3085 2672 3399 2728 volentium.

2097 2754 2317 2839 Mystice
2345 2777 2524 2822 autem
2549 2766 2781 2822 oﬁ'erunt
2816 2767 2912 2821 lilii
2948 2765 3112 2821 Israel
3152 2766 3374 2819 vitulum
3415 2764 3478 2819 de
3510 2780 3599 2818 ar-

2028 2845 2210 2914 mento
2231 2844 2284 2912 in
2312 2858 2704 2923 holocaustum,
2733 2872 2854 2911 cum
2886 2856 3072 2911 ﬁdeles
3098 2854 3276 2926 pOpuIi
3311 2854 3463 2923 plena
3494 2853 3597 2907 ﬁde

2028 2963 2224 3018 corpus
2246 2948 2579 3003 Dominicum
2614 2963 2711 3017 pro
2739 2947 2911 3002 salute
2938 2946 3152 3017 generis
3178 2946 3393 3000 humani
3424 2945 3477 2998 in
3501 2960 3599 2997 ara

2026 3037 2205 3092 crucis
2228 3037 2560 3091 immolatum
2591 3037 2643 3091 in
2673 3037 2891 3091 odorem
2919 3036 3219 3099 suavitatis,
3242 3036 3468 3089 Domino
3487 3051 3601 3089 cre-

349 3129 556 3183 restris.
590 3127 734 3181 Sicut
761 3128 825 3180 de
855 3126 991 3180 areis
1024 3124 1284 3195 primitias
1315 3119 1641 3190 separabitis,
1680 3119 1755 3171 ita
1782 3128 1829 3171 et
1861 3118 1925 3172 de
1951 3128 1998 3191 ο
2029 3128 2160 3182 dum
2186 3136 2239 3182 ει
2260 3126 2603 3182 conﬁtemur.
2634 3125 2877 3181 (“rerum
2897 3126 3218 3181 sacriﬁcium
3246 3124 3362 3194 eius
3395 3141 3458 3179 ac
3493 3124 3601 3178 liba

349 3219 633 3289 pulmentis
674 3218 865 3271 dabitis
915 3216 1176 3285 primitiva
1214 3212 1457 3265 Domino.
1493 3210 1631 3276 Quid
1666 3216 1751 3263 est
1787 3208 1926 3278 quod

355 3308 629 3378 primitias
656 3307 721 3361 de
751 3307 883 3360 cibis
911 3305 1167 3359 Israelitre
1187 3302 1415 3355 Domino
1431 3299 1688 3368 iubentur
1710 3297 1925 3363 offerre,

353 3401 459 3454 hoc
487 3406 587 3464 est,
612 3407 672 3452 ut
709 3397 849 3452 sicut
890 3394 957 3449 de
991 3395 1134 3448 areis
1174 3391 1440 3461 primitias
1477 3390 1821 3458 separabunt,
1854 3387 1928 3441 ita

354 3489 523 3543 etiam
547 3487 613 3541 de
638 3486 924 3558 pulmentis
948 3482 1225 3554 primitiva
1254 3480 1478 3534 Domino
1500 3477 1770 3532 tribuant?
1798 3475 1924 3531 Ter-

356 3594 475 3633 ram
500 3579 663 3648 igitur
684 3592 843 3646 quam
869 3574 1230 3645 ingredientes
1253 3569 1478 3625 Domino
1499 3568 1797 3623 oblationes
1817 3567 1929 3621 sive

357 3666 628 3737 primitias
664 3666 861 3720 debent
900 3664 1119 3725 oll'erre,
1159 3664 1479 3730 praesentem
1521 3655 1817 3709 Ecclesium
1858 3654 1931 3706 si-

357 3756 617 3827 gniﬁcare
636 3754 882 3824 superius
912 3752 1165 3806 diximus.
1194 3749 1334 3817 Ergo
1360 3745 1603 3815 quisquis
1634 3743 1929 3798 Ecclesium

358 3863 460 3918 per
487 3846 645 3900 ﬁdem
682 3854 737 3900 et
782 3844 1105 3913 baptismum
1149 3838 1458 3901 intraverit,
1501 3851 1721 3891 necesse
1759 3844 1842 3889 est
1870 3841 1930 3888 ut

358 3948 562 3992 terram
590 3935 768 3990 carnis
794 3949 926 3997 sum,
965 3932 1065 3986 hoc
1108 3938 1209 3993 est,
1252 3925 1585 3997 corporalem
1611 3926 1773 3978 vitam
1808 3923 1930 3978 dili-

357 4036 554 4099 genter
582 4026 635 4079 in
663 4025 758 4079 Dei
787 4024 980 4078 timore
1005 4027 1275 4083 exerceat,
1301 4025 1566 4088 quatenus
1594 4014 1802 4086 frugem
1823 4014 1932 4068 vir-

358 4126 539 4175 tutqu
587 4116 640 4169 in
681 4130 743 4169 ea
794 4125 1108 4167 excrescere
1155 4108 1344 4174 faciat,
1390 4109 1529 4161 unde
1569 4106 1668 4161 sibi
1709 4103 1930 4160 refectio

358 4216 564 4261 interna
609 4212 958 4276 praeparetur.
1010 4200 1266 4256 Jubcmur
1317 4213 1446 4269 ergo
1490 4214 1596 4251 non
1648 4196 1819 4251 solum
1863 4194 1930 4249 de

359 4298 527 4359 areis,
559 4296 651 4349 sed
682 4304 737 4350 et
763 4296 827 4350 de
860 4292 1146 4363 pulmentis
1188 4290 1453 4357 primitias
1481 4289 1707 4342 Domino
1737 4303 1927 4342 conse-

359 4404 541 4444 crare.
577 4387 715 4454 Quid
743 4386 912 4441 estde
942 4396 1067 4438 area
1112 4382 1378 4452 primitias
1414 4396 1687 4450 separare,
1726 4380 1829 4433 nisi
1864 4378 1930 4432 de

2029 3230 2086 3276 ut
2111 3206 2442 3277 aeremonize
2468 3221 2767 3291 postulant,
2796 3235 2916 3273 cum
2953 3219 3006 3273 in
3038 3226 3378 3273 sacramento
3405 3233 3596 3287 panem

2028 3321 2082 3368 et
2108 3314 2288 3367 vinum
2320 3313 2371 3366 in
2396 3311 2961 3366 commemorationem
2998 3308 3264 3379 passionis
3297 3306 3411 3375 ejus
3439 3322 3603 3376 super

2028 3402 2199 3457 altare
2241 3402 2511 3467 deferunt,
2561 3418 2625 3456 ac
2668 3401 2735 3457 de
2890 3401 3294 3471 participantes,
3326 3414 3521 3471 corpus
3545 3407 3602 3451 et

2027 3478 2342 3564 sanguinem
2392 3493 2508 3564 ejus
2556 3493 2840 3557 veraciter,
2863 3506 2921 3546 se
2963 3481 3265 3559 perccpisse
3303 3488 3597 3544 conﬁdunt.

2027 3573 2269 3640 Offerunt
2301 3584 2511 3637 hircum
2554 3599 2651 3652 pro
2692 3590 2947 3652 peccato,
2986 3597 3106 3636 cum
3145 3581 3315 3649 ipsam
3356 3578 3601 3632 humani-

2030 3680 2192 3726 tatem
2231 3669 2347 3738 ejus
2397 3686 2504 3724 non
2548 3671 2903 3743 peccatricem
2926 3668 3068 3746 ,'sed
3104 3668 3158 3721 in
3195 3666 3598 3721 similitudinem

2028 3764 2210 3819 carnis
2255 3763 2494 3839 peccati,
2548 3762 2649 3816 hoc
2686 3769 2800 3825 est,
2848 3768 3047 3813 nostrae
3090 3757 3433 3812 mortalitatis
3469 3772 3600 3810 con-

2006 3861 2226 3907 .sortem
2274 3842 2397 3906 eum
2456 3850 2783 3920 Suscepisse,
2840 3863 2904 3902 ac
2957 3862 3055 3917 pro
3109 3847 3345 3916 peccatis
3397 3846 3599 3901 nostris

2029 3941 2381 3998 dissolvendis
2412 3940 2668 3996 obtulisse
2717 3938 3007 3994 credimus.
3040 3936 3318 4007 Rogatque
3363 3935 3477 4004 ipse
3510 3949 3597 3988 sa-

2028 4034 2221 4089 cerdos
2244 4073 2259 4097 ,
2308 4032 2400 4102 qui
2467 4030 2761 4086 advocatus
2814 4037 2997 4083 noster
3044 4036 3127 4081 est
3187 4025 3327 4096 apud
3382 4023 3598 4080 Patrem

2026 4116 2127 4199 pro
2180 4126 2418 4197 peccatis
2476 4124 2657 4195 populi
2715 4123 2800 4178 sui
2857 4131 2913 4177 et
2958 4121 3257 4176 dimittetur
3312 4118 3402 4180 ei,
3461 4131 3598 4185 quo-

2028 4218 2176 4271 niam
2207 4214 2498 4271 secundum
2539 4211 2686 4266 Pauli
2719 4211 3042 4266 sententiam
3072 4227 3084 4261 :
3123 4208 3192 4260 In
3217 4206 3394 4259 diebus
3422 4203 3599 4256 carnis

2010 4323 2140 4381 (sua:
2187 4320 2360 4375 preces
2409 4300 2907 4373 supplicationesque
2957 4298 3027 4351 ad
3082 4312 3198 4349 eum
3226 4334 3241 4359 ,
3292 4293 3383 4363 qui
3436 4292 3599 4361 possit

2030 4396 2179 4449 illum
2204 4412 2235 4448 a
2262 4403 2425 4448 morte
2462 4390 2663 4446 salvum
2693 4390 2867 4460 facere
2894 4429 2908 4454 ,
2953 4404 3070 4441 cum
3097 4387 3324 4441 clamore
3348 4382 3520 4438 valido
3551 4394 3599 4437 et

358 4474 985 4550 pnedicationis'oﬁicio,
1010 4472 1209 4526 laboris
1234 4470 1526 4541 primordia
1552 4470 1776 4524 Domino
1803 4484 1929 4523 con-
1955 4454 2007 4513 Ι)
2033 4487 2276 4557 [damnis
2316 4485 2568 4554 omnem,
2614 4478 2889 4535 exauditus
2924 4488 2999 4535 εει
3039 4494 3132 4549 pro
3172 4494 3269 4531 εηα
3315 4474 3601 4529 favemus“

359 4567 624 4623 secrato?
649 4566 715 4619 Et
748 4564 875 4635 quid
902 4564 965 4618 de
992 4563 1279 4632 pulmentis
1305 4561 1576 4631 primitiva
1605 4568 1688 4614 est
1713 4558 1929 4623 offerre,

360 4657 472 4713 nisi
500 4658 565 4711 de
597 4656 905 4711 domesticis
932 4653 1228 4723 disciplinis
1273 4668 1408 4722 quas
1448 4652 1499 4705 in
1529 4652 1817 4719 semetipso
1847 4666 1931 4705 so-

359 4750 532 4804 lerter
576 4747 799 4815 quisque
838 4760 1091 4799 exercere
1139 4744 1315 4808 debet,
1348 4742 1741 4796 inchoationem
1779 4742 1933 4796 boum

357 4837 657 4895 voluntatis
695 4835 917 4890 Domino
954 4832 1234 4888 dedicare?
1273 4831 1397 4887 Sive
1434 4832 1485 4885 in
1522 4830 1812 4900 semetipso
1836 4831 1934 4884 ali-

362 4928 491 4997 quis
523 4927 779 4980 virtutum
817 4924 1011 4980 studiis
1052 4938 1271 4993 operam
1318 4924 1428 4988 det,
1457 4922 1569 4977 sive
1612 4922 1676 4976 de
1704 4921 1930 4976 aliorum

362 5017 544 5074 salute
581 5016 839 5079 docendo,
889 5013 1241 5077 exhortando,
1283 5021 1441 5080 atque
1483 5011 1639 5065 bonis
1672 5011 1934 5080 exemplis

365 5104 709 5176 provocando
742 5106 888 5175 pium
916 5103 1152 5157 laborem
1183 5102 1727 5170 impendat,~necesse
1753 5108 1839 5154 est
1874 5108 1933 5155 ut

367 5198 475 5250 hoc
500 5209 607 5249 non
634 5193 734 5248 sibi
760 5192 954 5261 aliquis
971 5230 990 5255 ,
1019 5189 1112 5244 sed
1137 5190 1324 5260 gratiae
1362 5189 1582 5258 deputet
1609 5188 1801 5243 divina:
1825 5228 1841 5252 ,
1876 5198 1935 5243 ut

364 5287 418 5341 ei
448 5293 794 5341 consecretur
818 5282 996 5337 omnis
1023 5281 1149 5337 boni
1178 5280 1409 5345 initium,
1445 5295 1476 5334 a
1505 5295 1609 5348 quo
1634 5280 1787 5335 decet
1813 5296 1932 5350 spe-

366 5377 480 5431 rari
508 5377 669 5431 totius
697 5373 1036 5446 perfectionis
1064 5371 1510 5442 supplementum.

951 5483 1173 5539 CAPUT
1210 5484 1348 5537 XIV.

804 5555 886 5609 De
905 5556 1126 5624 peccatis
1152 5553 1480 5623 ignorantur.

443 5645 621 5720 (Imm)
651 5644 803 5711 Quod
832 5644 875 5697 si
908 5659 998 5712 per
1028 5642 1374 5712 ignorantiam
1410 5640 1761 5711 prn’terieritis
1789 5642 1939 5710 quid-

2036 4576 2222 4650 (chr.
2264 4576 2340 4645 v).
2386 4574 2653 4629 Praeterea
2696 4579 2751 4626 et
2797 4572 3074 4625 incensum
3114 4566 3370 4636 iubentur
3405 4561 3603 4619 offerre

2012 4682 2132 4743 [pro
2168 4682 2226 4721 se
2262 4673 2318 4720 et
2353 4678 2451 4733 pro
2492 4670 2714 4733 peccato
2758 4668 2918 4730 atque
2943 4672 3129 4713 errore
3160 4671 3276 4712 suo.
3316 4654 3600 4708 Incensum

2033 4774 2160 4829 ergo
2180 4757 2409 4812 offerunt
2430 4770 2527 4825 pro
2542 4752 2776 4825 peccatis
2796 4738 2935 4815 suis,
2952 4749 3043 4818 qui
3060 4748 3358 4802 orationem
3378 4759 3499 4798 cum
3521 4742 3602 4811 je-

2028 4850 2196 4919 juniis
2213 4858 2267 4904 et
2290 4847 2644 4917 eleemosynis
2665 4846 2773 4919 Deo
2798 4840 3117 4915 offerqnt,in
3145 4840 3338 4909 quibus
3359 4836 3603 4907 placatus

2035 4942 2241 4997 veniam
2266 4939 2468 4994 erroris
2482 4938 2640 5008 digne
2662 4934 3057 5006 postulantibus
3078 4931 3282 4987 tribuit.
3310 4928 3599 4999 Sequitur:

2063 5092 2066 5096 ,
2105 5031 2258 5097 Quod
2283 5031 2327 5084 si
2358 5030 2535 5083 anima
2569 5028 2798 5083 nesciens
2830 5014 3110 5095 peccaverit
3131 5062 3146 5087 ,
3174 5021 3353 5089 offeret
3387 5031 3601 5086 capram

2033 5121 2333 5176 anniculam
2369 5136 2462 5190 pro
2510 5127 2716 5188 peccato
2754 5132 2869 5181 suo,
2919 5124 2966 5169 et
3018 5110 3375 5183 deprecabitur
3400 5122 3493 5177 pro
3537 5121 3600 5158 ea

2032 5210 2273 5266 sacerdos
2292 5250 2306 5273 ,
2335 5209 2471 5279 quod
2496 5207 2660 5261 inscia
2689 5205 2969 5275 peccaverit
3009 5218 3183 5257 coram
3213 5198 3468 5259 Domino;
3496 5195 3600 5246 im-

2036 5299 2353 5371 petrabitque
2380 5298 2427 5351 ei
2458 5297 2678 5372 veniam,
2708 5304 2754 5347 et
2784 5294 3070 5346 dimittetur
3096 5289 3205 5351 illi,
3235 5295 3339 5340 etc.
3370 5283 3600 5351 Capram

2013 5376 2168 5458 ergo
2194 5388 2497 5441 anniculam
2528 5386 2705 5449 olfert,
2735 5385 2824 5453 qui
2856 5379 3224 5453 paruitentiam
3256 5392 3352 5444 pro
3380 5383 3602 5441 peccato

2042 5496 2145 5533 non
2183 5480 2286 5547 tepi
2310 5480 2374 5543 le,
2412 5479 2502 5531 sed
2551 5477 2752 5529 fervide
2781 5475 2938 5541 gerit,
2968 5480 3022 5523 ct
3050 5466 3283 5537 perfecte
3317 5478 3348 5515 a
3381 5472 3605 5529 peccato

2042 5570 2249 5633 eodem,
2308 5580 2469 5636 atque
2521 5564 2913 5620 studiosissimo
2967 5556 3164 5612 recedit
3208 5550 3500 5621 proposito,
3538 5549 3603 5601 de

2049 5669 2244 5715 caetero
2273 5671 2500 5722 cavens,
2548 5653 2891 5724 quotidieque
2935 5644 3342 5701 connnissorum
3388 5640 3604 5694 veniam
