3932 6188
363 325 467 382 679

997 320 1056 374 Β.
1099 318 1351 374 RABANI
1390 318 1608 375 MAURl
1648 318 1963 374 ARCHIEP.
2008 316 2312 375 MOGUNT.
2355 317 2643 375 OPERUM
2680 319 2861 375 PARS
2901 322 2939 376 l.

3493 332 3602 387 680

357 432 652 510 postulans,
683 432 1038 504 ingemiscens
1065 432 1197 486 dicit
1220 444 1343 487 cum
1369 431 1636 502 Propheta
1670 451 1680 485 :
1726 432 1926 485 Delicta
1954 440 2000 493 Α
2030 432 2083 485 in
2123 430 2209 485 die
2234 433 2458 510 sabbati
2482 473 2497 496 ,
2537 433 2832 487 obtulerunt
2862 451 2979 489 eum
3026 435 3193 507 Moysi
3239 446 3287 490 et
3331 434 3507 491 Aaron
3552 449 3603 490 et

349 527 637 601 iuuentutis
678 541 830 586 mete,
880 534 929 576 et
970 524 1297 592 ignorantias
1334 539 1475 575 meas
1521 539 1584 575 ne
1612 522 1927 587 memineris,

359 617 577 673 Domine
614 633 632 671 :
677 613 962 670 secundum
1011 628 1255 683 magnam
1296 612 1712 665 misericordiam
1757 621 1927 676 tuam,

356 724 554 762 memor
581 716 689 760 esto
711 704 833 768 mei,
866 702 1103 756 Domine.
1153 702 1546 772 Adjuvabitque
1572 716 1694 755 eum
1730 700 1798 754 ad
1831 700 1933 754 im-

355 799 673 871 petrandam
702 796 912 851 veniam
938 793 1254 849 intercessio
1286 792 1556 864 pontiﬁcis
1581 791 1796 852 summi,
1837 791 1929 862 qui

358 906 465 945 non
495 904 590 959 per
614 887 927 959 sanguinem
958 884 1231 938 hircorum
1266 892 1323 938 et
1366 882 1678 948 vitulorum,
1714 882 1807 937 sed
1835 897 1931 953 per

356 982 669 1054 sanguinem
739 976 1015 1049 proprium
1068 975 1313 1030 introivit
1371 974 1537 1030 semel
1594 973 1648 1028 in
1700 983 1925 1040 sancta,

354 1080 554 1126 aeterna
593 1068 957 1138 redemptione
985 1067 1222 1120 inventa.

950 1174 1176 1231 CAPUT
1213 1175 1330 1230 XV.

664 1247 741 1301 De
762 1247 986 1317 peccatis
1009 1262 1101 1316 per
1127 1246 1424 1315 superbiam
1454 1245 1627 1315 factis.

431 1338 607 1410 (imm)
632 1337 822 1391 Anima
849 1354 988 1402 vero,
1006 1353 1124 1407 qua:
1144 1353 1236 1407 per
1249 1336 1543 1406 superbiam
1564 1334 1762 1405 aliquid
1791 1350 1929 1388 com-

355 1430 575 1494 miserit,
604 1430 711 1483 sive
734 1429 859 1481 civis
884 1428 949 1481 sit
974 1426 1083 1492 ille,
1115 1427 1219 1481 sive
1245 1426 1549 1497 peregrinus
1569 1425 1814 1496 quoniam
1841 1423 1931 1477 ad-

356 1536 530 1574 versus
559 1518 840 1572 Dominum
882 1516 1083 1571 rebellis
1114 1517 1249 1586 fuit,
1278 1516 1463 1587 peribit
1490 1514 1555 1569 de
1591 1513 1782 1585 populo
1810 1530 1926 1575 suo,

353 1623 407 1667 et
438 1611 663 1681 reliqua.
692 1610 800 1682 (Ea:
835 1608 1176 1680 Augustino.)
1232 1608 1363 1676 Quae
1408 1608 1516 1663 sint
1545 1615 1763 1677 peccata
1810 1620 1930 1676 quae

355 1702 490 1756 ﬁunt
517 1702 571 1756 in
594 1715 754 1754 manu
780 1698 1066 1770 superbiae,
1091 1699 1147 1753 id
1173 1707 1279 1764 est,
1307 1696 1559 1768 superbia
1583 1694 1928 1750 committun-

2030 506 2283 576 universic
2340 524 2683 577 multitudini.
2730 524 2833 589 Qui
2885 525 3203 581 recluserunt
3236 544 3353 581 eum
3400 528 3453 580 in
3484 544 3604 579 car-

2030 629 2194 666 cerem
2219 653 2232 675 ,
2290 615 2572 668 nescientes
2610 614 2737 683 quid
2790 632 2945 685 super
2992 633 3053 670 eo
3118 618 3290 687 facere
3342 617 3599 673 deberent.

2028 703 2274 776 Dixitque
2304 705 2561 760 Dominus
2584 706 2652 760 ad
2683 705 2897 777 Moysen
2921 723 2939 759 :
2972 707 3141 762 Morte
3164 711 3425 764 moriatur
3451 712 3604 768 homo

2027 795 2155 861 iste;
2195 796 2381 850 obruat
2404 814 2522 851 eum
2548 800 2715 852 omnis
2743 798 2895 852 turba
2932 799 3190 869 lapidibus
3218 811 3367 855 extra
3408 811 3600 857 castra.

2030 885 2262 958 Cumque
2289 905 2406 942 eum
2428 889 2727 944 eduxissent
2750 889 2915 960 foras,
2952 891 3235 946 obruerunt
3264 893 3527 963 lapidibus
3554 903 3604 949 et

2028 989 2264 1032 mortuus
2306 988 2401 1044 est,
2443 980 2574 1034 sicut
2605 992 2919 1052 pra'ceperat
2947 981 3218 1039 Dominus.
3252 983 3390 1052 Quid
3425 994 3606 1042 autem

2032 1069 2305 1135 insinuat,
2336 1069 2477 1141 quod
2513 1080 2623 1127 tam
2663 1074 2921 1129 atrociter
2943 1073 3096 1142 jussu
3137 1075 3232 1131 Dei
3268 1077 3430 1132 fuerit
3464 1079 3604 1135 idem

2029 1161 2096 1213 ub
2124 1161 2269 1215 omni
2304 1162 2499 1232 populo
2529 1165 2826 1220 trucidatus
2850 1207 2864 1230 ,
2894 1167 3037 1237 quod
3082 1167 3238 1223 facile
3281 1170 3351 1225 ab
3378 1171 3608 1228 inﬁdeli-

2030 1252 2129 1305 bus
2154 1254 2519 1322 promittitur?
2551 1253 2856 1328 lntelligant
2883 1273 3011 1329 ergo
3039 1260 3165 1329 quia
3195 1262 3309 1317 haec
3338 1265 3521 1318 omnia
3552 1265 3606 1320 in

2033 1355 2156 1414 typo
2183 1345 2498 1401 acciderunt
2530 1347 2637 1403 illis
2671 1366 2682 1402 :
2717 1349 2917 1419 scripta
2953 1359 3079 1407 sunt
3108 1354 3251 1407 enim
3287 1353 3354 1406 ad
3390 1370 3610 1425 corrcpo

2030 1435 2231 1490 tionem
2281 1445 2546 1492 nostram.
2605 1439 2697 1495 Ille
2747 1440 2890 1495 enim
2958 1443 3219 1513 pristinus
3270 1445 3608 1515 carnalisque

2031 1524 2192 1578 homo
2217 1525 2308 1595 qui
2339 1524 2481 1581 diem
2518 1528 2726 1583 sabbati
2771 1529 2974 1586 violare
3004 1547 3166 1587 ausus
3198 1540 3282 1587 est
3305 1533 3435 1588 dum
3466 1534 3606 1605 ligna

2028 1614 2323 1684 colligeret,
2339 1626 2560 1687 propter
2583 1619 2723 1689 quod
2739 1629 2822 1674 est
2848 1629 2903 1675 et
2924 1623 3164 1690 punitus,
3190 1622 3419 1678 formam
3447 1626 3606 1696 signi-

2031 1706 2228 1762 ﬁcabat
2255 1706 2371 1777 ejus
2394 1710 2483 1779 qui
2514 1710 2675 1766 hodie
2713 1713 2765 1768 in
2798 1713 3016 1769 Christo
3047 1714 3312 1787 signatus,
3338 1716 3609 1772 invenitur

352 1802 461 1859 tur,
494 1792 773 1862 Scriptura
799 1792 914 1863 ipsa
949 1791 1005 1845 in
1039 1789 1494 1859 consequentibus
1521 1786 1654 1843 satis
1680 1784 1927 1855 exposuit
1954 1776 2002 1835 Β
2029 1811 2188 1866 agere
2216 1797 2435 1853 carnale
2472 1815 2607 1870 opus
2628 1841 2642 1864 ,
2693 1801 2743 1854 id
2793 1812 2907 1866 est,
2948 1805 3271 1861 contrahere
3312 1805 3490 1877 ligna,
3535 1805 3608 1862 fe-

351 1883 443 1937 ubi
473 1882 549 1936 ait
574 1900 586 1935 :
622 1880 883 1947 Quoniam
909 1879 1119 1936 verbum
1159 1880 1482 1949 contempsit.
1516 1877 1673 1932 Aliud
1696 1883 1779 1932 est
1798 1891 1927 1948 ergo

352 1984 621 2043 praecepta
650 1980 1017 2035 contemnere,
1045 1970 1190 2024 aliud
1217 1967 1435 2039 quidem
1459 1968 1639 2040 magni
1670 1969 1923 2038 pendere,

355 2060 449 2114 sed
480 2068 571 2112 aut
599 2060 841 2129 ignarum
872 2069 1060 2115 contra
1097 2058 1300 2126 facere,
1322 2065 1416 2112 aut
1442 2057 1644 2114 victum
1673 2057 1757 2113 vel
1786 2057 1927 2112 invi-

357 2158 489 2202 tum.
520 2148 649 2215 Qua:
684 2150 787 2202 duo
825 2147 1056 2203 fortasse
1098 2149 1407 2218 pertineant
1450 2148 1517 2203 ad
1550 2148 1641 2203 illa
1682 2155 1925 2218 peccata,

355 2251 475 2305 quae
503 2252 543 2300 a
582 2237 889 2292 nolentibus
935 2238 1071 2291 ﬁunt
1096 2251 1112 2291 :
1145 2238 1211 2292 de
1236 2237 1430 2307 quibus
1461 2237 1711 2308 superius
1739 2251 1928 2307 quem-

351 2328 637 2382 admodum
674 2328 782 2384 Deo
811 2327 1101 2397 pr0pitiato
1147 2329 1496 2399 expiarentur
1524 2328 1830 2392 admonuit,
1864 2341 1929 2382 ac

354 2416 546 2470 deinde
585 2415 815 2486 subjecit
861 2426 1083 2487 peccata
1113 2418 1395 2487 superbiae,
1426 2432 1549 2471 cum
1583 2417 1811 2486 quisque
1839 2431 1929 2470 su-

354 2506 669 2575 perbiendo,
712 2508 767 2561 id
810 2516 911 2573 est,
958 2516 1285 2578 praeceptum
1316 2507 1708 2563 contemnendo
1736 2522 1927 2577 perpe-

357 2611 475 2650 ram
503 2595 635 2651 faeit
666 2611 681 2651 :
707 2599 849 2668 quod
876 2612 1044 2669 genus
1072 2600 1281 2670 peccati
1305 2615 1411 2654 non
1440 2599 1576 2655 dixit
1599 2599 1707 2654 ullo
1734 2614 1931 2671 genere

351 2688 604 2743 sacriﬁcii
640 2705 871 2760 purgare
893 2701 1143 2761 Oportere
1173 2700 1427 2759 tanquam
1466 2689 1764 2746 insanabile
1787 2688 1931 2759 judi-

352 2790 525 2844 cans;
580 2777 673 2834 illa
712 2779 972 2834 duntaxat
1018 2780 1322 2845 curatione,
1365 2794 1485 2849 quae
1530 2794 1627 2851 per
1663 2780 1929 2837 sacriﬁcia

352 2866 698 2936 gerebantur,
728 2869 905 2937 qualia
946 2867 1188 2924 facienda
1219 2870 1273 2923 in
1301 2871 1406 2925 hac
1434 2868 1713 2941 Scriptura
1738 2871 1931 2941 praeci-

353 2957 595 3025 piuntur.
624 2958 753 3026 Quae
781 2959 826 3013 si
855 2975 951 3029 per
979 2960 1095 3030 ipsa
1135 2960 1501 3028 attenduntur,
1539 2961 1671 3017 nulli
1706 2973 1930 3034 peccato

352 3055 578 3116 possunt
607 3048 841 3115 mederi;
880 3049 925 3104 si
952 3057 1133 3104 autem
1163 3065 1251 3107 res
1294 3051 1425 3120 ipsae
1468 3066 1699 3121 quorum
1745 3068 1928 3108 sacra-

352 3147 532 3193 menta
560 3149 685 3194 sunt
718 3139 1086 3209 inquiruntur,
1116 3141 1172 3196 in
1199 3143 1280 3197 eis
1303 3143 1535 3197 inveniri
1570 3146 1768 3214 poterit
1799 3161 1927 3216 pur-
1952 3118 1999 3182 θ

352 3232 497 3300 gatio
527 3241 892 3301 peccatorum.
920 3232 1073 3299 Quod
1102 3230 1231 3305 ergo
1256 3235 1518 3305 scriptum
1547 3243 1632 3292 est
1673 3255 1687 3292 :
1732 3235 1929 3294 Pecca-

350 3326 438 3370 tor
489 3334 608 3371 cum
659 3319 852 3371 venerit
903 3320 960 3372 in
1011 3321 1331 3389 profundum
1374 3322 1655 3389 malorum,
1695 3334 1928 3379 contem-

350 3407 426 3460 nit
469 3405 648 3478 (Prov.
681 3406 860 3478 xw"),
890 3408 989 3462 iste
1015 3409 1345 3479 signiﬁcatus
1385 3419 1502 3478 est,
1542 3428 1703 3482 quem
1749 3413 1931 3485 Scrip-

353 3501 476 3548 tura
514 3494 615 3549 hoc
659 3495 777 3551 loco
821 3496 952 3551 dicit
998 3498 1052 3551 in
1096 3512 1255 3551 manu
1294 3500 1560 3569 superbiae
1595 3500 1925 3571 delinquere.

354 3580 467 3638 Hoc
491 3584 651 3654 igitur
674 3585 789 3640 sine
827 3601 986 3655 poma
1015 3585 1130 3655 ejus
1158 3587 1250 3656 qui
1286 3589 1578 3644 committit
1612 3607 1719 3647 non
1752 3601 1930 3662 potest

357 3669 583 3738 aboleri,
638 3681 801 3743 atque
853 3675 973 3729 ideo
1023 3691 1130 3731 non
1179 3685 1357 3747 potest
1399 3692 1522 3734 esse
1568 3678 1923 3750 impunitum;

347 3770 551 3817 etcum
580 3764 891 3833 paenitendo
929 3774 1150 3821 sanatur
1186 3783 1198 3820 :
1250 3768 1364 3837 ipsa
1391 3768 1534 3823 enim
1572 3767 1787 3825 aﬁlictio
1815 3784 1930 3841 pos-

351 3853 594 3917 nitentis,
624 3867 782 3922 paena
826 3858 1176 3924 peccatiest;
1207 3860 1453 3926 quamvis
1497 3861 1831 3918 medicinalis
1875 3872 1929 3919 ct

346 3940 599 3996 salubris.
632 3941 819 3997 Merito
841 3945 1036 4014 quippe
1060 3961 1309 4015 magnum
1327 3944 1597 4014 iudicatur
1620 3959 1923 4019 peccatum,

341 4045 466 4085 cum
497 4033 746 4102 superbia
772 4043 1102 4104 praeceptum
1127 4038 1443 4091 contemnit.
1469 4037 1574 4094 Sed
1598 4053 1630 4094 e
1652 4043 1927 4098 contrario

341 4129 401 4175 ut
430 4122 611 4176 sanari
649 4124 849 4193 possit,
893 4139 989 4179 cor
1016 4126 1392 4181 contritum-nt
1417 4128 1757 4185 humiliatum
1784 4133 1926 4189 Deus

336 4226 442 4265 non
469 4213 1077 4281 spernit.Verumtamen
1097 4214 1223 4284 quia
1246 4214 1362 4270 sine
1375 4230 1535 4286 ptena
1557 4233 1664 4273 non
1689 4220 1777 4285 sit,
1803 4220 1923 4277 ideo

337 4301 465 4356 talia
497 4304 622 4358 hinc
651 4304 794 4359 dicta
824 4312 951 4360 sunt
986 4324 999 4360 :
1036 4304 1224 4370 Deum,
1259 4306 1451 4377 inquit,
1497 4309 1581 4363 hic
1621 4312 1918 4380 exacerbat,

334 4392 460 4459 quia
491 4391 628 4446 Deus
654 4395 887 4464 superbis
914 4395 1125 4450 resistit.
1174 4395 1241 4450 Et
1264 4399 1712 4456 exterminabitur
1740 4402 1919 4457 anima

335 4481 424 4535 illa
454 4484 519 4538 de
554 4486 748 4554 populo
776 4501 875 4540 suo
897 4527 913 4552 ,
942 4489 1194 4557 quoniam
1223 4488 1347 4545 talis
1365 4492 1585 4548 omnino
1611 4494 1664 4549 in
1692 4511 1920 4551 numero

334 4585 521 4624 eorum
546 4574 635 4641 qui
661 4573 728 4627 ad
750 4573 917 4628 Deum
939 4577 1232 4645 pertinent,
1257 4594 1362 4633 non
1391 4588 1495 4635 est.
1516 4580 1779 4646 Quoniam
1802 4599 1919 4639 ver-

335 4659 461 4713 bum
495 4661 703 4716 Domini
727 4666 1085 4734 contempsit,
1113 4677 1168 4722 et
1201 4669 1449 4723 mandata
1481 4669 1598 4737 ejus
1625 4673 1915 4742 dispersit,

339 4747 664 4804 contritione
740 4760 1050 4808 conteretur
1106 4755 1285 4809 anima
1338 4755 1448 4810 illa.
1506 4756 1686 4823 Quare
1733 4768 1914 4815 autem

337 4835 668 4891 contritione
693 4849 1022 4907 conteretur,
1046 4852 1438 4912 consequenter
1450 4844 1912 4915 adjungitdicens:

337 4923 616 4979 Peccatum
639 4927 751 4995 ejus
769 4928 826 4980 in
853 4928 966 4995 illo,
985 4945 1049 4985 ac
1078 4946 1176 5001 per
1200 4933 1302 4987 hoc
1326 4933 1373 4988 si
1397 4934 1487 4989 tali
1514 4942 1737 5003 peccato
1760 4937 1915 4993 debi-

341 5027 448 5071 tam
473 5018 857 5073 contritionem
886 5020 999 5090 ipse
1032 5022 1134 5076 sibi
1177 5024 1429 5079 adhibeat
1461 5027 1795 5099 pmnitendo,
1818 5046 1918 5089 cor

335 5108 653 5175 mntritum,
674 5115 735 5162 ut
757 5107 960 5164 dictum
989 5118 1094 5175 est,
1125 5110 1268 5166 Deus
1301 5127 1408 5168 non
1442 5116 1667 5185 spernit.

919 5219 1147 5276 CAPUT
1192 5221 1331 5279 XVI.

334 5311 645 5393 Deltomine
669 5310 941 5393 colligente
976 5312 1120 5383 ligna
1159 5314 1214 5393 in
1252 5315 1337 5369 die
1372 5316 1605 5393 sabbati;
1634 5330 1681 5375 et
1707 5322 1770 5377 de
1791 5324 1912 5393 ﬁm-

405 5383 553 5455 briis,
587 5381 840 5455 faciendis
884 5399 975 5453 per
1020 5381 1241 5452 angulos
1293 5381 1735 5455 patliorum’cum
1775 5381 1913 5449 {vittis

405 5453 776 5521 hyacinthinis.

406 5563 583 5629 iisin.)
624 5562 847 5618 Factum
878 5574 952 5618 est
980 5575 1152 5619 autem
1185 5584 1301 5621 cum
1324 5578 1491 5622 essent
1529 5569 1629 5638 ﬁlii
1657 5570 1829 5627 Israel
1858 5576 1913 5629 in

338 5654 632 5718 solitudine,
663 5667 710 5709 et
750 5658 1057 5712 mrenisscnt
1106 5660 1364 5714 hominem
1407 5661 1726 5733 colligentem
1770 5665 1919 5736 ligna-

2027 1902 2177 1951 num,
2203 1888 2474 1958 stipulam,
2499 1889 2565 1945 ad
2595 1907 2774 1946 escam
2803 1893 2941 1965 ignis
2961 1896 3148 1950 :eterni
3175 1897 3605 1952 convenientem.

2026 1975 2155 2045 Qua:
2182 1978 2307 2033 dum
2335 1980 2534 2052 colligit
2569 1982 2621 2036 in
2667 1998 2819 2039 suam
2868 1985 3185 2055 perniciem,
3233 1988 3277 2041 si
3325 1986 3486 2043 fuerit
3519 1989 3610 2045 de-

2026 2069 2345 2138 prehensus,
2373 2071 2589 2141 pellitur
2612 2073 2679 2129 ab
2707 2068 2957 2131 omnibus
2995 2083 3051 2131 et
3079 2078 3261 2132 statim
3290 2079 3559 2135 occiditur
3593 2098 3608 2135 :

2027 2158 2154 2213 dum
2197 2159 2473 2227 judicatur
2521 2163 2589 2217 ab
2640 2164 2992 2234 Spiritalihus.
3046 2165 3137 2222 Sic
3174 2184 3302 2238 ergo
3357 2171 3611 2226 omnibus

2028 2263 2359 2320 quzecunque
2389 2250 2493 2306 illis
2516 2250 2715 2307 Iudaeis
2734 2269 2832 2325 per
2858 2254 3027 2327 legem
3050 2257 3385 2324 acciderunt,
3412 2258 3613 2315 forma-

2031 2337 2155 2393 liter
2182 2339 2524 2411 intelligenda
2550 2351 2693 2398 sunt.

2099 2427 2246 2482 Dixit
2269 2447 2470 2502 quoque
2501 2431 2760 2489 Dominus
2801 2437 2872 2490 ad
2913 2436 3177 2510 Moysen:
3215 2440 3450 2513 Loquere
3485 2445 3612 2515 ﬁliis

2032 2514 2205 2571 Israel
2234 2529 2281 2573 et
2307 2521 2446 2576 dices
2484 2523 2554 2576 ad
2580 2541 2686 2589 eos,
2715 2535 2769 2579 ut
2796 2526 2995 2596 faciant
3022 2530 3123 2584 sibi
3144 2530 3382 2600 fimbrias
3400 2554 3494 2606 per
3515 2556 3613 2592 an-

2028 2607 2178 2677 gulos
2203 2609 2508 2679 palliorum,
2547 2626 2792 2685 ponentes
2826 2619 2880 2672 in
2920 2619 2993 2673 eis
3023 2622 3177 2676 vittas
3217 2624 3608 2695 hyacinthinus.

2032 2696 2176 2762 Quas
2204 2717 2322 2754 cum
2359 2703 2597 2773 viderint,
2634 2709 3049 2765 recordabuntur
3068 2713 3301 2768 omnium
3333 2718 3612 2773 mandato—

2031 2802 2146 2841 rum
2168 2787 2400 2857 Domini,
2428 2809 2491 2847 ne
2515 2806 2798 2866 sequantur
2823 2798 3160 2869 cogitationes
3180 2820 3328 2869 suos,
3357 2815 3405 2858 et
3432 2807 3610 2863 oculos

2029 2896 2150 2936 suos
2168 2900 2260 2952 per
2279 2901 2360 2939 res
2380 2888 2550 2943 varias
2573 2889 2914 2959 fornicantcs;
2929 2893 3021 2947 sed
3043 2894 3208 2966 magis
3229 2910 3608 2970 pra'ceptorum

2031 2969 2245 3027 Domini
2272 2991 2542 3045 memores,
2586 2979 2783 3049 faciant
2821 2999 2912 3048 ea,
2944 2984 3149 3056 sintque
3173 2988 3343 3041 sancti
3381 2988 3608 3045 Domino

2032 3059 2141 3115 Deo
2171 3079 2286 3118 suo.
2314 3064 2426 3136 Ego
2445 3066 2702 3124 Dominus
2732 3070 2873 3127 Deus
2899 3085 3079 3141 vester,
3110 3077 3200 3147 qui
3233 3079 3393 3134 eduxi
3426 3098 3512 3135 ros
3543 3083 3609 3136 de

2030 3158 2170 3203 terra
2204 3151 2421 3223 Egypti
2443 3166 2499 3209 ut
2524 3174 2687 3213 essem
2718 3159 2857 3216 Deus
2886 3174 3066 3219 vester.
3109 3165 3417 3225 Secundum
3442 3173 3610 3228 histo-

2030 3239 2168 3294 riam
2193 3256 2322 3314 ergo
2343 3247 2613 3302 mandavit
2633 3250 2892 3309 Dominus
2911 3269 3009 3325 per
3035 3256 3249 3328 Moysen
3277 3260 3402 3316 ﬁliis
3424 3264 3607 3327 lsracl,

2031 3331 2086 3387 in
2124 3344 2358 3404 quatuor
2388 3340 2596 3410 angulis
2624 3343 2917 3411 ’palliorum
2955 3348 3330 3418 byarinthinas
3370 3354 3610 3411 ﬁmbrias

2030 3420 2238 3490 facere,
2284 3426 2350 3481 ad
2379 3427 2733 3488 lsraeliticnm
2762 3437 3015 3506 populum
3062 3440 3515 3512 dignoscendum,
3547 3458 3609 3502 ut

2034 3515 2305 3581 quomodo
2337 3516 2389 3570 in
2417 3521 2732 3589 corporibus
2767 3525 3108 3583 circumcisio
3131 3530 3342 3602 signum
3372 3531 3611 3590 Juslaicm

2028 3603 2203 3672 gentis
2230 3605 2402 3673 daret,
2434 3608 2507 3663 ita
2541 3620 2595 3665 et
2628 3614 2793 3669 vestis
2823 3616 3050 3673 haberet
3085 3619 3320 3691 aliquam
3352 3625 3609 3682 dili'eren-

2027 3693 2186 3759 tiam;
2222 3704 2277 3750 et
2314 3705 2373 3750 ut
2405 3713 2899 3771 commonerentur,
2929 3708 3053 3777 quia
3096 3711 3281 3768 habitu
3328 3731 3358 3770 ξι
3396 3720 3611 3773 ueteris

2027 3784 2275 3852 gentibus
2307 3786 2398 3841 Dei
2426 3800 2696 3860 praecepto
2723 3792 3074 3863 dill‘erebant,
3107 3801 3374 3859 distarent
3399 3816 3455 3860 et
3485 3807 3610 3864 reli«

2028 3874 2205 3945 gione,
2233 3888 2500 3948 quatenus
2529 3897 2692 3937 unum
2724 3884 2893 3939 Deum
2919 3887 3158 3945 colerent
3178 3895 3377 3962 spretis
3398 3899 3611 3954 ctmctis

2026 3964 2180 4021 idolis
2209 3969 2510 4033 nationum,
2540 3970 2763 4043 ejusque
2785 3978 3034 4032 mandata
3060 3981 3459 4042 studiosissime
3478 4004 3608 4043 con-

2025 4066 2243 4109 servare
2280 4056 2600 4114 niterentur.
2650 4061 2951 4135 Allegorice
3002 4077 3182 4124 autem
3224 4088 3325 4128 nos
3364 4074 3604 4141 instruit,

2023 4150 2084 4196 ut
2131 4142 2510 4215 intelligamus,
2556 4151 2682 4218 quia
2730 4155 2981 4210 mandata
3016 4173 3138 4227 qua:
3182 4162 3436 4218 videntur
3484 4182 3607 4221 esse

2023 4231 2243 4287 minima
2271 4233 2323 4289 in
2353 4236 2538 4292 habitu
2566 4238 2699 4312 legis
2719 4283 2734 4307 ,
2763 4243 2808 4297 si
2851 4255 3072 4316 propter
3101 4250 3378 4307 caelestem
3410 4255 3601 4321 vitam,

2022 4323 2165 4390 quod
2194 4324 2325 4378 vitta
2354 4326 2705 4397 hyacinthina
2732 4333 3031 4404 signiﬁcat,
3070 4337 3303 4395 colorem
3337 4344 3482 4398 aeris
3507 4362 3604 4400 ex-

2021 4411 2275 4480 primens,
2328 4426 2632 4485 serventur,
2681 4423 2909 4477 multum
2954 4425 3256 4494 proﬁciant.
3311 4429 3418 4496 Qui
3456 4434 3603 4489 enim

2021 4505 2213 4572 spernit
2237 4506 2472 4572 minima,
2497 4509 2751 4578 paulatim
2773 4513 2972 4583 deﬂuit.
2996 4516 3232 4589 ideoque
3255 4536 3478 4578 necesse
3496 4534 3601 4588 est,

2022 4599 2083 4662 ut
2122 4596 2423 4669 secundum
2448 4599 2689 4669 Apostoli
2733 4602 3142 4672 documentum,
3183 4609 3290 4666 sive
3319 4615 3606 4668 manduce-

2023 4700 2158 4751 mus,
2189 4687 2294 4741 sive
2317 4688 2572 4756 bibamus,
2604 4691 2709 4748 sive
2734 4695 2881 4750 aliud
2905 4698 3031 4768 quid
3054 4717 3292 4771 agamus,
3340 4707 3516 4761 omnia
3545 4707 3602 4761 in

2022 4772 2243 4843 gloriam
2270 4776 2367 4832 Dei
2394 4780 2672 4848 faciamus.

2590 4892 2815 4953 CAPUT
2856 4897 3014 4954 XVII.

2022 4953 2099 5017 De
2116 4956 2368 5012 seditione
2384 4956 2571 5027 Cliore,
2604 4963 2813 5020 Dathan
2835 4981 2881 5021 et
2912 4953 3109 5025 Abiron
3137 4984 3324 5028 contra
3358 4976 3598 5049 Moysen,

2575 5044 2621 5087 et
2652 5051 2801 5103 plena
2829 5055 3027 5093 eorum.

2091 5136 2239 5206 (Car.
2288 5138 2418 5211 xw.)
2473 5140 2605 5196 Ecce
2649 5156 2819 5199 autent
2868 5147 3035 5203 Cliore
3085 5150 3229 5218 [ilius
3275 5130 3453 5219 Isaar,
3497 5155 3599 5223 ﬁlii

2020 5222 2207 5311 etiam,
2237 5226 2337 5295 ﬁlii
2386 5227 2523 5295 Levi,
2554 5241 2601 5284 et
2642 5226 2872 5299 Dat/mn,
2919 5247 2967 5291 et
3003 5238 3236 5305 Abiram,
3269 5241 3372 5310 ﬁlii
3418 5222 3595 5311 Eliab,

2021 5310 2141 5366 Ilon
2163 5331 2363 5385 quoque
2393 5316 2537 5385 ﬁlius
2566 5317 2813 5390 Plteleclt,
2853 5325 2917 5379 de
2943 5326 3070 5395 ﬁliis
3110 5329 3311 5397 Ruben,
3353 5349 3601 5387 surrexe-

2012 5412 2134 5455 runt
2162 5414 2343 5459 contra
2379 5405 2592 5478 Moyscn
2618 5451 2633 5476 ,
2665 5412 2884 5485 aliisque
2920 5416 3151 5485 ﬁliorum
3178 5418 3351 5473 Israel
3384 5422 3597 5476 ducenti

2012 5493 2387 5565 quinquaginta
2413 5499 2529 5562 viri,
2556 5517 2792 5570 proceres
2823 5522 3051 5578 synagog
3072 5526 3126 5573 r,
3159 5520 3205 5563 et
3240 5513 3332 5580 qui
3364 5522 3596 5582 tempore

2015 5588 2242 5653 concilii,
2279 5607 2372 5660 per
2421 5594 2630 5648 nomina
2676 5598 3012 5656 vocabantur.
3065 5600 3298 5673 Cumque
3332 5605 3594 5658 stetissent

2015 5677 2262 5734 adversus
2286 5681 2499 5751 Moysen
2522 5695 2570 5737 et
2593 5685 2792 5753 Aaron,
2839 5690 3083 5745 dixerunt
3108 5707 3125 5742 :
3154 5693 3392 5763 Suﬁiciat
3426 5692 3590 5760 robis,
