  <div class='ocr_page' id='page_1' title='image "/cluster/home/n/w/nwhite01/storage/ocr_20150623/108/hvd.32044054759733/346.png"; bbox 0 0 3932 6188; ppageno 0'>
   <div class='ocr_carea' id='block_1_1' title="bbox 283 214 371 270">
    <p class='ocr_par' dir='ltr' id='par_1_1' title="bbox 283 214 371 270">
     <span class='ocr_line' id='line_1_1' title="bbox 283 214 371 270; baseline 0.011 -1"><span class='ocrx_word' id='word_1_1' title='bbox 283 214 371 270; x_wconf 77' lang='grc'><strong><em>681</em></strong></span> 
     </span>
    </p>
   </div>
   <div class='ocr_carea' id='block_1_2' title="bbox 988 168 2794 269">
    <p class='ocr_par' dir='ltr' id='par_1_2' title="bbox 988 168 2794 269">
     <span class='ocr_line' id='line_1_2' title="bbox 988 168 2794 269; baseline -0.002 0"><span class='ocrx_word' id='word_1_2' title='bbox 988 209 1518 269; x_wconf 72' lang='lat' dir='ltr'><strong><em>ENARRATIONES</em></strong></span> <span class='ocrx_word' id='word_1_3' title='bbox 1556 211 1622 267; x_wconf 77' lang='lat' dir='ltr'>IN</span> <span class='ocrx_word' id='word_1_4' title='bbox 1662 208 1921 267; x_wconf 71' lang='lat' dir='ltr'><strong><em>uanum</em></strong></span> <span class='ocrx_word' id='word_1_5' title='bbox 1959 208 2421 266; x_wconf 71' lang='lat' dir='ltr'><strong><em>NUMERORL‘M.</em></strong></span> <span class='ocrx_word' id='word_1_6' title='bbox 2460 239 2531 252; x_wconf 81' lang='grc'><strong><em>.-</em></strong></span> <span class='ocrx_word' id='word_1_7' title='bbox 2563 210 2690 267; x_wconf 88' lang='lat' dir='ltr'><strong><em>LIB.</em></strong></span> <span class='ocrx_word' id='word_1_8' title='bbox 2732 210 2794 266; x_wconf 82' lang='grc' dir='ltr'><strong><em>ιι.</em></strong></span> 
     </span>
    </p>
   </div>
   <div class='ocr_carea' id='block_1_3' title="bbox 3422 207 3529 265">
    <p class='ocr_par' dir='ltr' id='par_1_3' title="bbox 3422 207 3529 265">
     <span class='ocr_line' id='line_1_3' title="bbox 3422 207 3529 265; baseline -0.009 0"><span class='ocrx_word' id='word_1_9' title='bbox 3422 207 3529 265; x_wconf 68' lang='grc'><strong><em>682</em></strong></span> 
     </span>
    </p>
   </div>
   <div class='ocr_carea' id='block_1_4' title="bbox 277 319 3532 400">
    <p class='ocr_par' dir='ltr' id='par_1_4' title="bbox 277 319 3532 400">
     <span class='ocr_line' id='line_1_4' title="bbox 277 319 3532 400; baseline -0.003 -14"><span class='ocrx_word' id='word_1_10' title='bbox 277 326 395 400; x_wconf 78' lang='lat' dir='ltr'><strong><em>quia</em></strong></span> <span class='ocrx_word' id='word_1_11' title='bbox 425 330 596 382; x_wconf 75' lang='lat' dir='ltr'><strong><em>omnis</em></strong></span> <span class='ocrx_word' id='word_1_12' title='bbox 640 331 921 386; x_wconf 82' lang='lat' dir='ltr'><strong><em>multitudo</em></strong></span> <span class='ocrx_word' id='word_1_13' title='bbox 965 336 1263 384; x_wconf 82' lang='lat' dir='ltr'><strong><em>sanctorum</em></strong></span> <span class='ocrx_word' id='word_1_14' title='bbox 1309 335 1405 393; x_wconf 90' lang='lat' dir='ltr'><strong><em>est,</em></strong></span> <span class='ocrx_word' id='word_1_15' title='bbox 1439 335 1486 381; x_wconf 88' lang='lat' dir='ltr'><strong><em>et</em></strong></span> <span class='ocrx_word' id='word_1_16' title='bbox 1530 324 1583 378; x_wconf 88' lang='lat' dir='ltr'><strong><em>in</em></strong></span> <span class='ocrx_word' id='word_1_17' title='bbox 1613 324 1740 394; x_wconf 88' lang='lat' dir='ltr'><strong><em>ipsis</em></strong></span> <span class='ocrx_word' id='word_1_18' title='bbox 1773 332 1850 378; x_wconf 91' lang='lat' dir='ltr'><strong><em>est</em></strong></span> <span class='ocrx_word' id='word_1_19' title='bbox 1881 325 1927 386; x_wconf 74' lang='grc' dir='ltr'><strong>Α</strong></span> <span class='ocrx_word' id='word_1_20' title='bbox 1956 322 2100 376; x_wconf 91' lang='lat' dir='ltr'><strong><em>nitur</em></strong></span> <span class='ocrx_word' id='word_1_21' title='bbox 2138 320 2455 386; x_wconf 81' lang='lat' dir='ltr'><strong><em>inferorum,</em></strong></span> <span class='ocrx_word' id='word_1_22' title='bbox 2486 330 2541 376; x_wconf 88' lang='lat' dir='ltr'><strong><em>et</em></strong></span> <span class='ocrx_word' id='word_1_23' title='bbox 2576 321 2811 376; x_wconf 75' lang='lat' dir='ltr'><strong><em>maxime</em></strong></span> <span class='ocrx_word' id='word_1_24' title='bbox 2857 319 2912 374; x_wconf 91' lang='lat' dir='ltr'><strong><em>in</em></strong></span> <span class='ocrx_word' id='word_1_25' title='bbox 2946 321 3172 375; x_wconf 76' lang='lat' dir='ltr'><strong><em>mortuis</em></strong></span> <span class='ocrx_word' id='word_1_26' title='bbox 3208 322 3311 379; x_wconf 78' lang='lat' dir='ltr'><strong><em>hoc.</em></strong></span> <span class='ocrx_word' id='word_1_27' title='bbox 3360 322 3532 394; x_wconf 79' lang='lat' dir='ltr'><strong>accipi</strong></span> 
     </span>
    </p>
   </div>
   <div class='ocr_carea' id='block_1_5' title="bbox 276 412 1860 487">
    <p class='ocr_par' dir='ltr' id='par_1_5' title="bbox 276 412 1860 487">
     <span class='ocr_line' id='line_1_5' title="bbox 276 412 1860 487; baseline -0.004 -14"><span class='ocrx_word' id='word_1_28' title='bbox 276 419 556 473; x_wconf 90' lang='lat' dir='ltr'><strong><em>Dominus.</em></strong></span> <span class='ocrx_word' id='word_1_29' title='bbox 621 414 731 472; x_wconf 88' lang='lat' dir='ltr'><strong><em>Cur</em></strong></span> <span class='ocrx_word' id='word_1_30' title='bbox 786 417 1058 473; x_wconf 79' lang='lat' dir='ltr'><strong><em>eleuamini</em></strong></span> <span class='ocrx_word' id='word_1_31' title='bbox 1109 432 1264 487; x_wconf 85' lang='lat' dir='ltr'><strong><em>super</em></strong></span> <span class='ocrx_word' id='word_1_32' title='bbox 1309 415 1557 487; x_wconf 80' lang='lat' dir='ltr'><strong><em>populum</em></strong></span> <span class='ocrx_word' id='word_1_33' title='bbox 1604 412 1860 468; x_wconf 78' lang='lat' dir='ltr'><strong><em>Domini?</em></strong></span> 
     </span>
    </p>
   </div>
   <div class='ocr_carea' id='block_1_6' title="bbox 274 501 1861 577">
    <p class='ocr_par' dir='ltr' id='par_1_6' title="bbox 274 501 1861 577">
     <span class='ocr_line' id='line_1_6' title="bbox 274 501 1861 577; baseline -0.003 -18"><span class='ocrx_word' id='word_1_34' title='bbox 274 505 430 573; x_wconf 80' lang='lat' dir='ltr'><strong><em>Quod</em></strong></span> <span class='ocrx_word' id='word_1_35' title='bbox 474 521 592 560; x_wconf 86' lang='lat' dir='ltr'><strong><em>cum</em></strong></span> <span class='ocrx_word' id='word_1_36' title='bbox 632 505 863 561; x_wconf 87' lang='lat' dir='ltr'><strong><em>audisset</em></strong></span> <span class='ocrx_word' id='word_1_37' title='bbox 909 506 1150 577; x_wconf 76' lang='lat' dir='ltr'><strong><em>Moyses,</em></strong></span> <span class='ocrx_word' id='word_1_38' title='bbox 1188 504 1413 576; x_wconf 79' lang='lat' dir='ltr'><strong><em>procidit</em></strong></span> <span class='ocrx_word' id='word_1_39' title='bbox 1452 519 1646 574; x_wconf 85' lang='lat' dir='ltr'><strong><em>pronus</em></strong></span> <span class='ocrx_word' id='word_1_40' title='bbox 1685 502 1738 556; x_wconf 84' lang='lat' dir='ltr'><strong><em>in</em></strong></span> <span class='ocrx_word' id='word_1_41' title='bbox 1777 501 1861 570; x_wconf 84' lang='lat' dir='ltr'><strong><em>fa-</em></strong></span> 
     </span>
    </p>
   </div>
   <div class='ocr_carea' id='block_1_7' title="bbox 271 590 1863 666">
    <p class='ocr_par' dir='ltr' id='par_1_7' title="bbox 271 590 1863 666">
     <span class='ocr_line' id='line_1_7' title="bbox 271 590 1863 666; baseline -0.005 -15"><span class='ocrx_word' id='word_1_42' title='bbox 271 598 429 651; x_wconf 84' lang='lat' dir='ltr'><strong><em>ciem.</em></strong></span> <span class='ocrx_word' id='word_1_43' title='bbox 469 595 796 666; x_wconf 82' lang='lat' dir='ltr'><strong><em>Locutusque</em></strong></span> <span class='ocrx_word' id='word_1_44' title='bbox 825 607 899 650; x_wconf 88' lang='lat' dir='ltr'><strong><em>est</em></strong></span> <span class='ocrx_word' id='word_1_45' title='bbox 924 596 993 650; x_wconf 93' lang='lat' dir='ltr'><strong><em>ad</em></strong></span> <span class='ocrx_word' id='word_1_46' title='bbox 1031 593 1202 650; x_wconf 84' lang='lat' dir='ltr'><strong><em>Chore</em></strong></span> <span class='ocrx_word' id='word_1_47' title='bbox 1231 603 1279 649; x_wconf 92' lang='lat' dir='ltr'><strong><em>et</em></strong></span> <span class='ocrx_word' id='word_1_48' title='bbox 1299 593 1367 647; x_wconf 91' lang='lat' dir='ltr'><strong><em>ad</em></strong></span> <span class='ocrx_word' id='word_1_49' title='bbox 1399 609 1602 647; x_wconf 84' lang='lat' dir='ltr'><strong><em>onmem</em></strong></span> <span class='ocrx_word' id='word_1_50' title='bbox 1629 590 1863 646; x_wconf 85' lang='lat' dir='ltr'><strong><em>multitu-</em></strong></span> 
     </span>
    </p>
   </div>
   <div class='ocr_carea' id='block_1_8' title="bbox 267 679 1860 758">
    <p class='ocr_par' dir='ltr' id='par_1_8' title="bbox 267 679 1860 758">
     <span class='ocr_line' id='line_1_8' title="bbox 267 679 1860 758; baseline -0.005 -17"><span class='ocrx_word' id='word_1_51' title='bbox 267 687 473 741; x_wconf 89' lang='lat' dir='ltr'><strong><em>dinem.</em></strong></span> <span class='ocrx_word' id='word_1_52' title='bbox 507 684 687 755; x_wconf 75' lang='lat' dir='ltr'><strong><em>Mane,</em></strong></span> <span class='ocrx_word' id='word_1_53' title='bbox 732 686 925 758; x_wconf 88' lang='lat' dir='ltr'><strong><em>inquit,</em></strong></span> <span class='ocrx_word' id='word_1_54' title='bbox 956 695 1136 740; x_wconf 88' lang='lat' dir='ltr'><strong><em>notum</em></strong></span> <span class='ocrx_word' id='word_1_55' title='bbox 1178 685 1334 755; x_wconf 80' lang='lat' dir='ltr'><strong><em>faciet</em></strong></span> <span class='ocrx_word' id='word_1_56' title='bbox 1359 682 1637 746; x_wconf 79' lang='lat' dir='ltr'><strong><em>Dominus,</em></strong></span> <span class='ocrx_word' id='word_1_57' title='bbox 1674 682 1765 752; x_wconf 89' lang='lat' dir='ltr'><strong><em>qui</em></strong></span> <span class='ocrx_word' id='word_1_58' title='bbox 1791 679 1860 734; x_wconf 89' lang='lat' dir='ltr'><strong><em>ad</em></strong></span> 
     </span>
    </p>
   </div>
   <div class='ocr_carea' id='block_1_9' title="bbox 267 770 1863 849">
    <p class='ocr_par' dir='ltr' id='par_1_9' title="bbox 267 770 1863 849">
     <span class='ocr_line' id='line_1_9' title="bbox 267 770 1863 849; baseline -0.004 -17"><span class='ocrx_word' id='word_1_59' title='bbox 267 793 324 832; x_wconf 88' lang='lat' dir='ltr'><strong><em>se</em></strong></span> <span class='ocrx_word' id='word_1_60' title='bbox 353 776 667 848; x_wconf 73' lang='lat' dir='ltr'><strong><em>pertineant,</em></strong></span> <span class='ocrx_word' id='word_1_61' title='bbox 692 786 741 831; x_wconf 89' lang='lat' dir='ltr'><strong><em>et</em></strong></span> <span class='ocrx_word' id='word_1_62' title='bbox 766 786 975 831; x_wconf 90' lang='lat' dir='ltr'><strong><em>sanctos</em></strong></span> <span class='ocrx_word' id='word_1_63' title='bbox 996 776 1277 849; x_wconf 70' lang='lat' dir='ltr'><strong><em>applicabit</em></strong></span> <span class='ocrx_word' id='word_1_64' title='bbox 1305 776 1439 840; x_wconf 88' lang='lat' dir='ltr'><strong><em>sibi;</em></strong></span> <span class='ocrx_word' id='word_1_65' title='bbox 1467 784 1515 830; x_wconf 88' lang='lat' dir='ltr'><strong><em>et</em></strong></span> <span class='ocrx_word' id='word_1_66' title='bbox 1539 789 1667 845; x_wconf 88' lang='lat' dir='ltr'><strong><em>quos</em></strong></span> <span class='ocrx_word' id='word_1_67' title='bbox 1697 770 1863 841; x_wconf 79' lang='lat' dir='ltr'><strong><em>elege-</em></strong></span> 
     </span>
    </p>
   </div>
   <div class='ocr_carea' id='block_1_10' title="bbox 267 862 1862 939">
    <p class='ocr_par' dir='ltr' id='par_1_10' title="bbox 267 862 1862 939">
     <span class='ocr_line' id='line_1_10' title="bbox 267 862 1862 939; baseline -0.003 -18"><span class='ocrx_word' id='word_1_68' title='bbox 267 870 363 933; x_wconf 88' lang='lat' dir='ltr'><strong><em>rit,</em></strong></span> <span class='ocrx_word' id='word_1_69' title='bbox 393 866 884 939; x_wconf 74' lang='lat' dir='ltr'><strong><em>appropinquabant</em></strong></span> <span class='ocrx_word' id='word_1_70' title='bbox 920 867 1000 933; x_wconf 88' lang='lat' dir='ltr'><strong><em>ei,</em></strong></span> <span class='ocrx_word' id='word_1_71' title='bbox 1027 874 1083 922; x_wconf 90' lang='lat' dir='ltr'><strong><em>et</em></strong></span> <span class='ocrx_word' id='word_1_72' title='bbox 1108 867 1264 937; x_wconf 91' lang='lat' dir='ltr'><strong><em>reliq.</em></strong></span> <span class='ocrx_word' id='word_1_73' title='bbox 1295 865 1406 938; x_wconf 77' lang='lat' dir='ltr'><strong><em>(Ea:</em></strong></span> <span class='ocrx_word' id='word_1_74' title='bbox 1446 862 1706 933; x_wconf 84' lang='lat' dir='ltr'><strong><em>Isidoro.)</em></strong></span> <span class='ocrx_word' id='word_1_75' title='bbox 1755 862 1862 918; x_wconf 86' lang='lat' dir='ltr'><strong><em>Pcr</em></strong></span> 
     </span>
    </p>
   </div>
   <div class='ocr_carea' id='block_1_11' title="bbox 268 954 1862 1027">
    <p class='ocr_par' dir='ltr' id='par_1_11' title="bbox 268 954 1862 1027">
     <span class='ocr_line' id='line_1_11' title="bbox 268 954 1862 1027; baseline -0.004 -14"><span class='ocrx_word' id='word_1_76' title='bbox 268 959 546 1014; x_wconf 74' lang='lat' dir='ltr'><strong><em>excidium</em></strong></span> <span class='ocrx_word' id='word_1_77' title='bbox 578 957 777 1025; x_wconf 88' lang='lat' dir='ltr'><strong><em>Chore,</em></strong></span> <span class='ocrx_word' id='word_1_78' title='bbox 826 958 1038 1013; x_wconf 89' lang='lat' dir='ltr'><strong><em>Dathan</em></strong></span> <span class='ocrx_word' id='word_1_79' title='bbox 1068 966 1125 1013; x_wconf 88' lang='lat' dir='ltr'><strong><em>et</em></strong></span> <span class='ocrx_word' id='word_1_80' title='bbox 1152 958 1378 1023; x_wconf 88' lang='lat' dir='ltr'><strong><em>Abiron,</em></strong></span> <span class='ocrx_word' id='word_1_81' title='bbox 1408 955 1499 1027; x_wconf 92' lang='lat' dir='ltr'><strong><em>qui</em></strong></span> <span class='ocrx_word' id='word_1_82' title='bbox 1532 954 1634 1009; x_wconf 84' lang='lat' dir='ltr'><strong><em>sibi</em></strong></span> <span class='ocrx_word' id='word_1_83' title='bbox 1669 960 1862 1008; x_wconf 86' lang='lat' dir='ltr'><strong><em>contra</em></strong></span> 
     </span>
    </p>
   </div>
   <div class='ocr_carea' id='block_1_12' title="bbox 271 1043 1859 1121">
    <p class='ocr_par' dir='ltr' id='par_1_12' title="bbox 271 1043 1859 1121">
     <span class='ocr_line' id='line_1_12' title="bbox 271 1043 1859 1121; baseline -0.004 -17"><span class='ocrx_word' id='word_1_84' title='bbox 271 1048 494 1121; x_wconf 79' lang='lat' dir='ltr'><strong><em>Moysen</em></strong></span> <span class='ocrx_word' id='word_1_85' title='bbox 519 1057 577 1104; x_wconf 88' lang='lat' dir='ltr'><strong><em>et</em></strong></span> <span class='ocrx_word' id='word_1_86' title='bbox 600 1048 783 1104; x_wconf 83' lang='lat' dir='ltr'><strong><em>Aaron</em></strong></span> <span class='ocrx_word' id='word_1_87' title='bbox 824 1049 1165 1104; x_wconf 74' lang='lat' dir='ltr'><strong><em>sacerdotem</em></strong></span> <span class='ocrx_word' id='word_1_88' title='bbox 1209 1046 1550 1104; x_wconf 89' lang='lat' dir='ltr'><strong><em>sacriﬁcandi</em></strong></span> <span class='ocrx_word' id='word_1_89' title='bbox 1584 1043 1859 1102; x_wconf 83' lang='lat' dir='ltr'><strong><em>licentiam</em></strong></span> 
     </span>
    </p>
   </div>
   <div class='ocr_carea' id='block_1_13' title="bbox 272 1134 1859 1211">
    <p class='ocr_par' dir='ltr' id='par_1_13' title="bbox 272 1134 1859 1211">
     <span class='ocr_line' id='line_1_13' title="bbox 272 1134 1859 1211; baseline -0.004 -18"><span class='ocrx_word' id='word_1_90' title='bbox 272 1139 660 1205; x_wconf 86' lang='lat' dir='ltr'><strong><em>vendicantes,</em></strong></span> <span class='ocrx_word' id='word_1_91' title='bbox 687 1152 879 1210; x_wconf 65' lang='lat' dir='ltr'><strong><em>pinnas</em></strong></span> <span class='ocrx_word' id='word_1_92' title='bbox 905 1154 1005 1211; x_wconf 90' lang='lat' dir='ltr'><strong><em>pro</em></strong></span> <span class='ocrx_word' id='word_1_93' title='bbox 1025 1140 1138 1194; x_wconf 89' lang='lat' dir='ltr'><strong><em>suis</em></strong></span> <span class='ocrx_word' id='word_1_94' title='bbox 1161 1136 1443 1194; x_wconf 83' lang='lat' dir='ltr'><strong><em>conatibus</em></strong></span> <span class='ocrx_word' id='word_1_95' title='bbox 1466 1134 1859 1207; x_wconf 83' lang='lat' dir='ltr'><strong><em>expenderunt,</em></strong></span> 
     </span>
    </p>
   </div>
   <div class='ocr_carea' id='block_1_14' title="bbox 270 1223 1859 1301">
    <p class='ocr_par' dir='ltr' id='par_1_14' title="bbox 270 1223 1859 1301">
     <span class='ocr_line' id='line_1_14' title="bbox 270 1223 1859 1301; baseline -0.004 -16"><span class='ocrx_word' id='word_1_96' title='bbox 270 1230 651 1301; x_wconf 76' lang='lat' dir='ltr'><strong><em>signiﬁcantur</em></strong></span> <span class='ocrx_word' id='word_1_97' title='bbox 684 1228 741 1283; x_wconf 88' lang='lat' dir='ltr'><strong><em>bi</em></strong></span> <span class='ocrx_word' id='word_1_98' title='bbox 768 1228 860 1298; x_wconf 89' lang='lat' dir='ltr'><strong><em>qui</em></strong></span> <span class='ocrx_word' id='word_1_99' title='bbox 888 1228 1123 1284; x_wconf 62' lang='lat' dir='ltr'><strong><em>haereses</em></strong></span> <span class='ocrx_word' id='word_1_100' title='bbox 1149 1236 1204 1283; x_wconf 89' lang='lat' dir='ltr'><strong><em>et</em></strong></span> <span class='ocrx_word' id='word_1_101' title='bbox 1233 1227 1528 1283; x_wconf 85' lang='lat' dir='ltr'><strong><em>schismata</em></strong></span> <span class='ocrx_word' id='word_1_102' title='bbox 1555 1223 1735 1280; x_wconf 79' lang='lat' dir='ltr'><strong><em>facere</em></strong></span> <span class='ocrx_word' id='word_1_103' title='bbox 1761 1238 1859 1279; x_wconf 86' lang='lat' dir='ltr'><strong><em>co-</em></strong></span> 
     </span>
    </p>
   </div>
   <div class='ocr_carea' id='block_1_15' title="bbox 269 1320 1864 1393">
    <p class='ocr_par' dir='ltr' id='par_1_15' title="bbox 269 1320 1864 1393">
     <span class='ocr_line' id='line_1_15' title="bbox 269 1320 1864 1393; baseline -0.004 -12"><span class='ocrx_word' id='word_1_104' title='bbox 269 1334 496 1391; x_wconf 73' lang='lat' dir='ltr'><strong><em>nuntur,</em></strong></span> <span class='ocrx_word' id='word_1_105' title='bbox 539 1333 596 1381; x_wconf 90' lang='lat' dir='ltr'><strong><em>et</em></strong></span> <span class='ocrx_word' id='word_1_106' title='bbox 644 1324 842 1380; x_wconf 90' lang='lat' dir='ltr'><strong><em>multos</em></strong></span> <span class='ocrx_word' id='word_1_107' title='bbox 874 1339 1059 1380; x_wconf 90' lang='lat' dir='ltr'><strong><em>secum</em></strong></span> <span class='ocrx_word' id='word_1_108' title='bbox 1107 1323 1373 1379; x_wconf 88' lang='lat' dir='ltr'><strong><em>trahendo</em></strong></span> <span class='ocrx_word' id='word_1_109' title='bbox 1401 1320 1695 1393; x_wconf 87' lang='lat' dir='ltr'><strong><em>decipiunt,</em></strong></span> <span class='ocrx_word' id='word_1_110' title='bbox 1732 1334 1864 1375; x_wconf 91' lang='lat' dir='ltr'><strong><em>con-</em></strong></span> 
     </span>
    </p>
   </div>
   <div class='ocr_carea' id='block_1_16' title="bbox 270 1411 1864 1483">
    <p class='ocr_par' dir='ltr' id='par_1_16' title="bbox 270 1411 1864 1483">
     <span class='ocr_line' id='line_1_16' title="bbox 270 1411 1864 1483; baseline -0.004 -11"><span class='ocrx_word' id='word_1_111' title='bbox 270 1425 584 1473; x_wconf 88' lang='lat' dir='ltr'><strong><em>temnentes</em></strong></span> <span class='ocrx_word' id='word_1_112' title='bbox 612 1416 924 1471; x_wconf 81' lang='lat' dir='ltr'><strong><em>sacerdotes</em></strong></span> <span class='ocrx_word' id='word_1_113' title='bbox 949 1414 1169 1482; x_wconf 79' lang='lat' dir='ltr'><strong><em>Christi,</em></strong></span> <span class='ocrx_word' id='word_1_114' title='bbox 1200 1422 1255 1468; x_wconf 86' lang='lat' dir='ltr'><strong><em>et</em></strong></span> <span class='ocrx_word' id='word_1_115' title='bbox 1280 1429 1340 1470; x_wconf 89' lang='lat' dir='ltr'><strong><em>se</em></strong></span> <span class='ocrx_word' id='word_1_116' title='bbox 1361 1413 1568 1468; x_wconf 85' lang='lat' dir='ltr'><strong><em>a&#39;clero</em></strong></span> <span class='ocrx_word' id='word_1_117' title='bbox 1602 1412 1720 1483; x_wconf 91' lang='lat' dir='ltr'><strong><em>ejus</em></strong></span> <span class='ocrx_word' id='word_1_118' title='bbox 1749 1411 1864 1482; x_wconf 88' lang='lat' dir='ltr'><strong><em>ple-</em></strong></span> 
     </span>
    </p>
   </div>
   <div class='ocr_carea' id='block_1_17' title="bbox 268 1507 1865 1582">
    <p class='ocr_par' dir='ltr' id='par_1_17' title="bbox 268 1507 1865 1582">
     <span class='ocr_line' id='line_1_17' title="bbox 268 1507 1865 1582; baseline -0.002 -16"><span class='ocrx_word' id='word_1_119' title='bbox 268 1509 470 1580; x_wconf 84' lang='lat' dir='ltr'><strong><em>bisque</em></strong></span> <span class='ocrx_word' id='word_1_120' title='bbox 523 1509 783 1566; x_wconf 84' lang='lat' dir='ltr'><strong><em>societate</em></strong></span> <span class='ocrx_word' id='word_1_121' title='bbox 843 1518 1230 1582; x_wconf 85' lang='lat' dir='ltr'><strong><em>segregantes,</em></strong></span> <span class='ocrx_word' id='word_1_122' title='bbox 1280 1509 1614 1566; x_wconf 84' lang='lat' dir='ltr'><strong><em>constituere</em></strong></span> <span class='ocrx_word' id='word_1_123' title='bbox 1663 1507 1865 1563; x_wconf 83' lang='lat' dir='ltr'><strong><em>audent</em></strong></span> 
     </span>
    </p>
   </div>
   <div class='ocr_carea' id='block_1_18' title="bbox 267 1599 1864 1673">
    <p class='ocr_par' dir='ltr' id='par_1_18' title="bbox 267 1599 1864 1673">
     <span class='ocr_line' id='line_1_18' title="bbox 267 1599 1864 1673; baseline 0 -18"><span class='ocrx_word' id='word_1_124' title='bbox 267 1601 554 1656; x_wconf 86' lang='lat' dir='ltr'><strong><em>Eeclesias</em></strong></span> <span class='ocrx_word' id='word_1_125' title='bbox 598 1609 655 1656; x_wconf 89' lang='lat' dir='ltr'><strong><em>et</em></strong></span> <span class='ocrx_word' id='word_1_126' title='bbox 684 1601 829 1655; x_wconf 89' lang='lat' dir='ltr'><strong><em>aliud</em></strong></span> <span class='ocrx_word' id='word_1_127' title='bbox 872 1601 1045 1656; x_wconf 87' lang='lat' dir='ltr'><strong><em>altare</em></strong></span> <span class='ocrx_word' id='word_1_128' title='bbox 1071 1615 1401 1673; x_wconf 86' lang='lat' dir='ltr'><strong><em>precemque</em></strong></span> <span class='ocrx_word' id='word_1_129' title='bbox 1427 1600 1586 1656; x_wconf 90' lang='lat' dir='ltr'><strong><em>aliam</em></strong></span> <span class='ocrx_word' id='word_1_130' title='bbox 1615 1639 1631 1666; x_wconf 94' lang='lat'><strong><em>,</em></strong></span> <span class='ocrx_word' id='word_1_131' title='bbox 1663 1599 1864 1655; x_wconf 84' lang='lat' dir='ltr'><strong><em>illicitis</em></strong></span> 
     </span>
    </p>
   </div>
   <div class='ocr_carea' id='block_1_19' title="bbox 1961 412 3535 483">
    <p class='ocr_par' dir='ltr' id='par_1_19' title="bbox 1961 412 3535 483">
     <span class='ocr_line' id='line_1_19' title="bbox 1961 412 3535 483; baseline 0.001 -14"><span class='ocrx_word' id='word_1_132' title='bbox 1961 413 2119 469; x_wconf 87' lang='lat' dir='ltr'><strong><em>solet.</em></strong></span> <span class='ocrx_word' id='word_1_133' title='bbox 2155 412 2261 468; x_wconf 87' lang='lat' dir='ltr'><strong><em>Sed</em></strong></span> <span class='ocrx_word' id='word_1_134' title='bbox 2289 413 2542 482; x_wconf 88' lang='lat' dir='ltr'><strong><em>quoniam</em></strong></span> <span class='ocrx_word' id='word_1_135' title='bbox 2566 414 2711 483; x_wconf 91' lang='lat' dir='ltr'><strong><em>ipsos</em></strong></span> <span class='ocrx_word' id='word_1_136' title='bbox 2737 413 2980 468; x_wconf 89' lang='lat' dir='ltr'><strong><em>viventes</em></strong></span> <span class='ocrx_word' id='word_1_137' title='bbox 3016 413 3048 467; x_wconf 90' lang='lat' dir='ltr'><strong><em>d</em></strong></span> <span class='ocrx_word' id='word_1_138' title='bbox 3071 421 3218 468; x_wconf 90' lang='lat' dir='ltr'><strong><em>ctum</em></strong></span> <span class='ocrx_word' id='word_1_139' title='bbox 3249 422 3334 469; x_wconf 84' lang='lat' dir='ltr'><strong><em>est</em></strong></span> <span class='ocrx_word' id='word_1_140' title='bbox 3356 415 3425 471; x_wconf 92' lang='lat' dir='ltr'><strong><em>ad</em></strong></span> <span class='ocrx_word' id='word_1_141' title='bbox 3450 416 3535 470; x_wconf 83' lang='lat' dir='ltr'><strong><em>in-</em></strong></span> 
     </span>
    </p>
   </div>
   <div class='ocr_carea' id='block_1_20' title="bbox 1960 491 3530 575">
    <p class='ocr_par' dir='ltr' id='par_1_20' title="bbox 1960 491 3530 575">
     <span class='ocr_line' id='line_1_20' title="bbox 1960 491 3530 575; baseline 0.004 -19"><span class='ocrx_word' id='word_1_142' title='bbox 1960 503 2108 559; x_wconf 75' lang='lat' dir='ltr'><strong><em>feros</em></strong></span> <span class='ocrx_word' id='word_1_143' title='bbox 2144 503 2512 570; x_wconf 87' lang='lat' dir='ltr'><strong><em>descendisse,</em></strong></span> <span class='ocrx_word' id='word_1_144' title='bbox 2545 512 2602 559; x_wconf 91' lang='lat' dir='ltr'><strong><em>et</em></strong></span> <span class='ocrx_word' id='word_1_145' title='bbox 2636 503 2752 574; x_wconf 88' lang='lat' dir='ltr'><strong><em>ipsa</em></strong></span> <span class='ocrx_word' id='word_1_146' title='bbox 2798 491 3110 560; x_wconf 79' lang='lat' dir='ltr'><strong><em>narratione</em></strong></span> <span class='ocrx_word' id='word_1_147' title='bbox 3159 507 3286 575; x_wconf 92' lang='lat' dir='ltr'><strong><em>quid</em></strong></span> <span class='ocrx_word' id='word_1_148' title='bbox 3331 507 3530 563; x_wconf 80' lang='lat' dir='ltr'><strong><em>factum</em></strong></span> 
     </span>
    </p>
   </div>
   <div class='ocr_carea' id='block_1_21' title="bbox 1961 590 3533 665">
    <p class='ocr_par' dir='ltr' id='par_1_21' title="bbox 1961 590 3533 665">
     <span class='ocr_line' id='line_1_21' title="bbox 1961 590 3533 665; baseline 0.003 -15"><span class='ocrx_word' id='word_1_149' title='bbox 1961 594 2125 650; x_wconf 78' lang='lat' dir='ltr'><strong><em>fuerit</em></strong></span> <span class='ocrx_word' id='word_1_150' title='bbox 2141 595 2279 650; x_wconf 86' lang='lat' dir='ltr'><strong><em>satis</em></strong></span> <span class='ocrx_word' id='word_1_151' title='bbox 2329 590 2567 665; x_wconf 82' lang='lat' dir='ltr'><strong><em>apparet,</em></strong></span> <span class='ocrx_word' id='word_1_152' title='bbox 2610 593 2957 650; x_wconf 84' lang='lat' dir='ltr'><strong><em>manifestum</em></strong></span> <span class='ocrx_word' id='word_1_153' title='bbox 3000 602 3106 660; x_wconf 87' lang='lat' dir='ltr'><strong><em>est,</em></strong></span> <span class='ocrx_word' id='word_1_154' title='bbox 3142 604 3204 650; x_wconf 90' lang='lat' dir='ltr'><strong><em>ut</em></strong></span> <span class='ocrx_word' id='word_1_155' title='bbox 3228 596 3363 661; x_wconf 77' lang='lat' dir='ltr'><strong><em>dixi,</em></strong></span> <span class='ocrx_word' id='word_1_156' title='bbox 3395 597 3533 654; x_wconf 82' lang='lat' dir='ltr'><strong><em>inlc-</em></strong></span> 
     </span>
    </p>
   </div>
   <div class='ocr_carea' id='block_1_22' title="bbox 1961 685 3539 759">
    <p class='ocr_par' dir='ltr' id='par_1_22' title="bbox 1961 685 3539 759">
     <span class='ocr_line' id='line_1_22' title="bbox 1961 685 3539 759; baseline -0.001 -16"><span class='ocrx_word' id='word_1_157' title='bbox 1961 688 2137 745; x_wconf 88' lang='lat' dir='ltr'><strong><em>riores</em></strong></span> <span class='ocrx_word' id='word_1_158' title='bbox 2180 695 2364 759; x_wconf 89' lang='lat' dir='ltr'><strong><em>partes</em></strong></span> <span class='ocrx_word' id='word_1_159' title='bbox 2417 696 2577 743; x_wconf 67' lang='lat' dir='ltr'><strong><em>terrae</em></strong></span> <span class='ocrx_word' id='word_1_160' title='bbox 2613 687 2914 743; x_wconf 84' lang='lat' dir='ltr'><strong><em>inferorum</em></strong></span> <span class='ocrx_word' id='word_1_161' title='bbox 2963 685 3226 742; x_wconf 83' lang='lat' dir='ltr'><strong><em>vocabulo</em></strong></span> <span class='ocrx_word' id='word_1_162' title='bbox 3256 702 3539 758; x_wconf 76' lang='lat' dir='ltr'><strong><em>nuncupa-</em></strong></span> 
     </span>
    </p>
   </div>
   <div class='ocr_carea' id='block_1_23' title="bbox 1963 776 3541 851">
    <p class='ocr_par' dir='ltr' id='par_1_23' title="bbox 1963 776 3541 851">
     <span class='ocr_line' id='line_1_23' title="bbox 1963 776 3541 851; baseline -0.001 -17"><span class='ocrx_word' id='word_1_163' title='bbox 1963 788 2065 844; x_wconf 87' lang='lat' dir='ltr'><strong><em>tas,</em></strong></span> <span class='ocrx_word' id='word_1_164' title='bbox 2097 782 2152 835; x_wconf 89' lang='lat' dir='ltr'><strong><em>in</em></strong></span> <span class='ocrx_word' id='word_1_165' title='bbox 2190 778 2596 851; x_wconf 86' lang='lat' dir='ltr'><strong><em>comparatione</em></strong></span> <span class='ocrx_word' id='word_1_166' title='bbox 2633 777 2792 847; x_wconf 84' lang='lat' dir='ltr'><strong><em>hujus</em></strong></span> <span class='ocrx_word' id='word_1_167' title='bbox 2828 776 3126 848; x_wconf 84' lang='lat' dir='ltr'><strong><em>superioris</em></strong></span> <span class='ocrx_word' id='word_1_168' title='bbox 3154 784 3331 842; x_wconf 65' lang='lat' dir='ltr'><strong><em>terrae,</em></strong></span> <span class='ocrx_word' id='word_1_169' title='bbox 3361 777 3415 832; x_wconf 91' lang='lat' dir='ltr'><strong><em>in</em></strong></span> <span class='ocrx_word' id='word_1_170' title='bbox 3445 794 3541 833; x_wconf 85' lang='lat' dir='ltr'><strong><em>cu-</em></strong></span> 
     </span>
    </p>
   </div>
   <div class='ocr_carea' id='block_1_24' title="bbox 1955 870 3543 944">
    <p class='ocr_par' dir='ltr' id='par_1_24' title="bbox 1955 870 3543 944">
     <span class='ocr_line' id='line_1_24' title="bbox 1955 870 3543 944; baseline 0.001 -17"><span class='ocrx_word' id='word_1_171' title='bbox 1955 872 2046 944; x_wconf 86' lang='lat' dir='ltr'><strong><em>jus</em></strong></span> <span class='ocrx_word' id='word_1_172' title='bbox 2068 870 2207 927; x_wconf 87' lang='lat' dir='ltr'><strong><em>t‘aeie</em></strong></span> <span class='ocrx_word' id='word_1_173' title='bbox 2227 871 2448 938; x_wconf 79' lang='lat' dir='ltr'><strong><em>vivitur,</em></strong></span> <span class='ocrx_word' id='word_1_174' title='bbox 2470 871 2611 927; x_wconf 91' lang='lat' dir='ltr'><strong><em>sicut</em></strong></span> <span class='ocrx_word' id='word_1_175' title='bbox 2642 872 2696 926; x_wconf 91' lang='lat' dir='ltr'><strong><em>iu</em></strong></span> <span class='ocrx_word' id='word_1_176' title='bbox 2721 872 3128 940; x_wconf 88' lang='lat' dir='ltr'><strong><em>comparatione</em></strong></span> <span class='ocrx_word' id='word_1_177' title='bbox 3147 871 3271 927; x_wconf 71' lang='lat' dir='ltr'><strong><em>coeli</em></strong></span> <span class='ocrx_word' id='word_1_178' title='bbox 3301 873 3543 942; x_wconf 75' lang='lat' dir='ltr'><strong><em>superio-</em></strong></span> 
     </span>
    </p>
   </div>
   <div class='ocr_carea' id='block_1_25' title="bbox 1963 963 3543 1035">
    <p class='ocr_par' dir='ltr' id='par_1_25' title="bbox 1963 963 3543 1035">
     <span class='ocr_line' id='line_1_25' title="bbox 1963 963 3543 1035; baseline -0.001 -14"><span class='ocrx_word' id='word_1_179' title='bbox 1963 966 2061 1032; x_wconf 90' lang='lat' dir='ltr'><strong><em>ris,</em></strong></span> <span class='ocrx_word' id='word_1_180' title='bbox 2102 964 2191 1020; x_wconf 89' lang='lat' dir='ltr'><strong><em>ubi</em></strong></span> <span class='ocrx_word' id='word_1_181' title='bbox 2224 972 2539 1020; x_wconf 88' lang='lat' dir='ltr'><strong><em>sanctorum</em></strong></span> <span class='ocrx_word' id='word_1_182' title='bbox 2579 965 2881 1019; x_wconf 90' lang='lat' dir='ltr'><strong><em>demoratio</em></strong></span> <span class='ocrx_word' id='word_1_183' title='bbox 2916 972 2999 1020; x_wconf 89' lang='lat' dir='ltr'><strong><em>est</em></strong></span> <span class='ocrx_word' id='word_1_184' title='bbox 3042 963 3378 1035; x_wconf 80' lang='lat' dir='ltr'><strong><em>angelorum,</em></strong></span> <span class='ocrx_word' id='word_1_185' title='bbox 3410 978 3543 1035; x_wconf 82' lang='lat' dir='ltr'><strong><em>pec-</em></strong></span> 
     </span>
    </p>
   </div>
   <div class='ocr_carea' id='block_1_26' title="bbox 1963 1055 3546 1128">
    <p class='ocr_par' dir='ltr' id='par_1_26' title="bbox 1963 1055 3546 1128">
     <span class='ocr_line' id='line_1_26' title="bbox 1963 1055 3546 1128; baseline -0.003 -13"><span class='ocrx_word' id='word_1_186' title='bbox 1963 1066 2151 1115; x_wconf 84' lang='lat' dir='ltr'><strong><em>cantes</em></strong></span> <span class='ocrx_word' id='word_1_187' title='bbox 2198 1056 2418 1128; x_wconf 76' lang='lat' dir='ltr'><strong><em>angelos</em></strong></span> <span class='ocrx_word' id='word_1_188' title='bbox 2475 1055 2531 1111; x_wconf 91' lang='lat' dir='ltr'><strong><em>in</em></strong></span> <span class='ocrx_word' id='word_1_189' title='bbox 2580 1055 2743 1125; x_wconf 88' lang='lat' dir='ltr'><strong><em>hujus</em></strong></span> <span class='ocrx_word' id='word_1_190' title='bbox 2803 1055 2947 1113; x_wconf 90' lang='lat' dir='ltr'><strong><em>aeris</em></strong></span> <span class='ocrx_word' id='word_1_191' title='bbox 2994 1056 3243 1111; x_wconf 88' lang='lat' dir='ltr'><strong><em>detrusos</em></strong></span> <span class='ocrx_word' id='word_1_192' title='bbox 3287 1055 3546 1124; x_wconf 73' lang='lat' dir='ltr'><strong><em>caligine,</em></strong></span> 
     </span>
    </p>
   </div>
   <div class='ocr_carea' id='block_1_27' title="bbox 1962 1146 3547 1218">
    <p class='ocr_par' dir='ltr' id='par_1_27' title="bbox 1962 1146 3547 1218">
     <span class='ocr_line' id='line_1_27' title="bbox 1962 1146 3547 1218; baseline -0.003 -12"><span class='ocrx_word' id='word_1_193' title='bbox 1962 1148 2245 1218; x_wconf 88' lang='lat' dir='ltr'><strong><em>Scriptura</em></strong></span> <span class='ocrx_word' id='word_1_194' title='bbox 2275 1148 2424 1211; x_wconf 89' lang='lat' dir='ltr'><strong><em>dicit,</em></strong></span> <span class='ocrx_word' id='word_1_195' title='bbox 2459 1156 2716 1218; x_wconf 89' lang='lat' dir='ltr'><strong><em>tanquam</em></strong></span> <span class='ocrx_word' id='word_1_196' title='bbox 2755 1146 3069 1205; x_wconf 89' lang='lat' dir='ltr'><strong><em>carceribus</em></strong></span> <span class='ocrx_word' id='word_1_197' title='bbox 3100 1146 3262 1202; x_wconf 80' lang='lat' dir='ltr'><strong><em>inferi</em></strong></span> <span class='ocrx_word' id='word_1_198' title='bbox 3313 1146 3547 1217; x_wconf 89' lang='lat' dir='ltr'><strong><em>punien-</em></strong></span> 
     </span>
    </p>
   </div>
   <div class='ocr_carea' id='block_1_28' title="bbox 1963 1234 3547 1307">
    <p class='ocr_par' dir='ltr' id='par_1_28' title="bbox 1963 1234 3547 1307">
     <span class='ocr_line' id='line_1_28' title="bbox 1963 1234 3547 1307; baseline -0.004 -11"><span class='ocrx_word' id='word_1_199' title='bbox 1963 1241 2063 1296; x_wconf 88' lang='lat' dir='ltr'><strong><em>dos</em></strong></span> <span class='ocrx_word' id='word_1_200' title='bbox 2089 1237 2378 1295; x_wconf 87' lang='lat' dir='ltr'><strong><em>reservari.</em></strong></span> <span class='ocrx_word' id='word_1_201' title='bbox 2424 1235 2486 1293; x_wconf 88' lang='lat' dir='ltr'><strong><em>Si</em></strong></span> <span class='ocrx_word' id='word_1_202' title='bbox 2508 1239 2647 1292; x_wconf 88' lang='lat' dir='ltr'><strong><em>enim</em></strong></span> <span class='ocrx_word' id='word_1_203' title='bbox 2676 1237 2840 1303; x_wconf 88' lang='lat' dir='ltr'><strong><em>Deus,</em></strong></span> <span class='ocrx_word' id='word_1_204' title='bbox 2874 1237 3068 1307; x_wconf 88' lang='lat' dir='ltr'><strong><em>inquit,</em></strong></span> <span class='ocrx_word' id='word_1_205' title='bbox 3100 1234 3300 1307; x_wconf 78' lang='lat' dir='ltr'><strong><em>angelis</em></strong></span> <span class='ocrx_word' id='word_1_206' title='bbox 3322 1252 3547 1306; x_wconf 87' lang='lat' dir='ltr'><strong><em>peccan-</em></strong></span> 
     </span>
    </p>
   </div>
   <div class='ocr_carea' id='block_1_29' title="bbox 1962 1326 3550 1402">
    <p class='ocr_par' dir='ltr' id='par_1_29' title="bbox 1962 1326 3550 1402">
     <span class='ocr_line' id='line_1_29' title="bbox 1962 1326 3550 1402; baseline -0.004 -16"><span class='ocrx_word' id='word_1_207' title='bbox 1962 1330 2102 1387; x_wconf 85' lang='lat' dir='ltr'><strong><em>tibus</em></strong></span> <span class='ocrx_word' id='word_1_208' title='bbox 2129 1347 2230 1384; x_wconf 83' lang='lat' dir='ltr'><strong><em>non</em></strong></span> <span class='ocrx_word' id='word_1_209' title='bbox 2254 1329 2506 1402; x_wconf 85' lang='lat' dir='ltr'><strong><em>pepercit,</em></strong></span> <span class='ocrx_word' id='word_1_210' title='bbox 2536 1328 2627 1383; x_wconf 89' lang='lat' dir='ltr'><strong><em>sed</em></strong></span> <span class='ocrx_word' id='word_1_211' title='bbox 2666 1328 2964 1383; x_wconf 85' lang='lat' dir='ltr'><strong><em>carceribus</em></strong></span> <span class='ocrx_word' id='word_1_212' title='bbox 2993 1326 3235 1397; x_wconf 78' lang='lat' dir='ltr'><strong><em>caliginis</em></strong></span> <span class='ocrx_word' id='word_1_213' title='bbox 3276 1326 3434 1395; x_wconf 77' lang='lat' dir='ltr'><strong><em>inferi</em></strong></span> <span class='ocrx_word' id='word_1_214' title='bbox 3468 1342 3550 1380; x_wconf 89' lang='lat' dir='ltr'><strong><em>re-</em></strong></span> 
     </span>
    </p>
   </div>
   <div class='ocr_carea' id='block_1_30' title="bbox 1962 1416 3551 1488">
    <p class='ocr_par' dir='ltr' id='par_1_30' title="bbox 1962 1416 3551 1488">
     <span class='ocr_line' id='line_1_30' title="bbox 1962 1416 3551 1488; baseline -0.003 -13"><span class='ocrx_word' id='word_1_215' title='bbox 1962 1422 2212 1487; x_wconf 82' lang='lat' dir='ltr'><strong><em>trudens,</em></strong></span> <span class='ocrx_word' id='word_1_216' title='bbox 2259 1418 2481 1474; x_wconf 86' lang='lat' dir='ltr'><strong><em>tradidit</em></strong></span> <span class='ocrx_word' id='word_1_217' title='bbox 2552 1418 2609 1472; x_wconf 88' lang='lat' dir='ltr'><strong><em>in</em></strong></span> <span class='ocrx_word' id='word_1_218' title='bbox 2662 1417 2869 1488; x_wconf 88' lang='lat' dir='ltr'><strong><em>judicio</em></strong></span> <span class='ocrx_word' id='word_1_219' title='bbox 2937 1416 3228 1488; x_wconf 87' lang='lat' dir='ltr'><strong><em>puniendos</em></strong></span> <span class='ocrx_word' id='word_1_220' title='bbox 3295 1418 3551 1470; x_wconf 81' lang='lat' dir='ltr'><strong><em>reservari</em></strong></span> 
     </span>
    </p>
   </div>
   <div class='ocr_carea' id='block_1_31' title="bbox 1966 1508 3553 1585">
    <p class='ocr_par' dir='ltr' id='par_1_31' title="bbox 1966 1508 3553 1585">
     <span class='ocr_line' id='line_1_31' title="bbox 1966 1508 3553 1585; baseline -0.003 -20"><span class='ocrx_word' id='word_1_221' title='bbox 1966 1510 2018 1585; x_wconf 88' lang='lat' dir='ltr'>(I</span> <span class='ocrx_word' id='word_1_222' title='bbox 2052 1511 2167 1566; x_wconf 85' lang='lat' dir='ltr'><strong><em>Pet.</em></strong></span> <span class='ocrx_word' id='word_1_223' title='bbox 2202 1510 2309 1583; x_wconf 87' lang='lat' dir='ltr'><strong><em>In),</em></strong></span> <span class='ocrx_word' id='word_1_224' title='bbox 2343 1528 2466 1567; x_wconf 89' lang='lat' dir='ltr'><strong><em>cum</em></strong></span> <span class='ocrx_word' id='word_1_225' title='bbox 2491 1510 2768 1582; x_wconf 86' lang='lat' dir='ltr'><strong><em>apostolus</em></strong></span> <span class='ocrx_word' id='word_1_226' title='bbox 2794 1508 2991 1564; x_wconf 82' lang='lat' dir='ltr'><strong><em>Paulus</em></strong></span> <span class='ocrx_word' id='word_1_227' title='bbox 3017 1509 3304 1580; x_wconf 87' lang='lat' dir='ltr'><strong><em>principem</em></strong></span> <span class='ocrx_word' id='word_1_228' title='bbox 3323 1517 3553 1578; x_wconf 85' lang='lat' dir='ltr'><strong><em>potesta-</em></strong></span> 
     </span>
    </p>
   </div>
   <div class='ocr_carea' id='block_1_32' title="bbox 1964 1598 3551 1672">
    <p class='ocr_par' dir='ltr' id='par_1_32' title="bbox 1964 1598 3551 1672">
     <span class='ocr_line' id='line_1_32' title="bbox 1964 1598 3551 1672; baseline -0.002 -17"><span class='ocrx_word' id='word_1_229' title='bbox 1964 1601 2031 1655; x_wconf 88' lang='lat' dir='ltr'><strong><em>tis</em></strong></span> <span class='ocrx_word' id='word_1_230' title='bbox 2064 1602 2223 1668; x_wconf 88' lang='lat' dir='ltr'><strong><em>aeris,</em></strong></span> <span class='ocrx_word' id='word_1_231' title='bbox 2256 1601 2400 1658; x_wconf 84' lang='lat' dir='ltr'><strong><em>dicat</em></strong></span> <span class='ocrx_word' id='word_1_232' title='bbox 2442 1601 2735 1659; x_wconf 86' lang='lat' dir='ltr'><strong><em>diabolum.</em></strong></span> <span class='ocrx_word' id='word_1_233' title='bbox 2787 1602 2877 1672; x_wconf 86' lang='lat' dir='ltr'><strong><em>qui</em></strong></span> <span class='ocrx_word' id='word_1_234' title='bbox 2919 1609 3167 1671; x_wconf 88' lang='lat' dir='ltr'><strong><em>operatur</em></strong></span> <span class='ocrx_word' id='word_1_235' title='bbox 3194 1600 3250 1654; x_wconf 89' lang='lat' dir='ltr'><strong><em>in</em></strong></span> <span class='ocrx_word' id='word_1_236' title='bbox 3270 1598 3398 1668; x_wconf 81' lang='lat' dir='ltr'><strong><em>[iliis</em></strong></span> <span class='ocrx_word' id='word_1_237' title='bbox 3418 1599 3551 1668; x_wconf 69' lang='lat' dir='ltr'><strong><em>diﬁi-</em></strong></span> 
     </span>
    </p>
   </div>
   <div class='ocr_carea' id='block_1_33' title="bbox 267 1689 2182 1762">
    <p class='ocr_par' dir='ltr' id='par_1_33' title="bbox 267 1689 2182 1762">
     <span class='ocr_line' id='line_1_33' title="bbox 267 1689 2182 1762; baseline 0.003 -20"><span class='ocrx_word' id='word_1_238' title='bbox 267 1691 501 1745; x_wconf 88' lang='lat' dir='ltr'><strong><em>voeibus</em></strong></span> <span class='ocrx_word' id='word_1_239' title='bbox 521 1689 728 1745; x_wconf 78' lang='lat' dir='ltr'><strong><em>faciunt</em></strong></span> <span class='ocrx_word' id='word_1_240' title='bbox 756 1690 1052 1747; x_wconf 64' lang='lat' dir='ltr'><strong><em>Dominicse</em></strong></span> <span class='ocrx_word' id='word_1_241' title='bbox 1074 1692 1264 1747; x_wconf 70' lang='lat' dir='ltr'><strong><em>hostia:</em></strong></span> <span class='ocrx_word' id='word_1_242' title='bbox 1284 1691 1594 1756; x_wconf 86' lang='lat' dir='ltr'><strong><em>veritatem,</em></strong></span> <span class='ocrx_word' id='word_1_243' title='bbox 1617 1707 1714 1762; x_wconf 90' lang='lat' dir='ltr'><strong><em>per</em></strong></span> <span class='ocrx_word' id='word_1_244' title='bbox 1733 1691 1869 1759; x_wconf 79' lang='lat' dir='ltr'><strong><em>falsa</em></strong></span> <span class='ocrx_word' id='word_1_245' title='bbox 1897 1698 1945 1758; x_wconf 85' lang='grc' dir='ltr'><strong>Β</strong></span> <span class='ocrx_word' id='word_1_246' title='bbox 1971 1693 2182 1749; x_wconf 64' lang='lat' dir='ltr'><strong><em>dentice.</em></strong></span> 
     </span>
    </p>
   </div>
   <div class='ocr_carea' id='block_1_34' title="bbox 267 1780 1869 1852">
    <p class='ocr_par' dir='ltr' id='par_1_34' title="bbox 267 1780 1869 1852">
     <span class='ocr_line' id='line_1_34' title="bbox 267 1780 1869 1852; baseline 0.002 -16"><span class='ocrx_word' id='word_1_247' title='bbox 267 1781 547 1837; x_wconf 83' lang='lat' dir='ltr'><strong><em>sacriﬁcia</em></strong></span> <span class='ocrx_word' id='word_1_248' title='bbox 576 1780 947 1852; x_wconf 81' lang='lat' dir='ltr'><strong><em>profanantes.</em></strong></span> <span class='ocrx_word' id='word_1_249' title='bbox 995 1781 1063 1837; x_wconf 83' lang='lat' dir='ltr'><strong><em>Hi</em></strong></span> <span class='ocrx_word' id='word_1_250' title='bbox 1110 1782 1204 1852; x_wconf 88' lang='lat' dir='ltr'><strong><em>qui</em></strong></span> <span class='ocrx_word' id='word_1_251' title='bbox 1240 1790 1434 1839; x_wconf 88' lang='lat' dir='ltr'><strong><em>contra</em></strong></span> <span class='ocrx_word' id='word_1_252' title='bbox 1475 1783 1724 1839; x_wconf 89' lang='lat' dir='ltr'><strong><em>ordinem</em></strong></span> <span class='ocrx_word' id='word_1_253' title='bbox 1771 1784 1869 1840; x_wconf 87' lang='lat' dir='ltr'><strong><em>Dei</em></strong></span> 
     </span>
    </p>
   </div>
   <div class='ocr_carea' id='block_1_35' title="bbox 271 1870 1870 1946">
    <p class='ocr_par' dir='ltr' id='par_1_35' title="bbox 271 1870 1870 1946">
     <span class='ocr_line' id='line_1_35' title="bbox 271 1870 1870 1946; baseline 0.002 -20"><span class='ocrx_word' id='word_1_254' title='bbox 271 1872 552 1938; x_wconf 87' lang='lat' dir='ltr'><strong><em>nituntur,</em></strong></span> <span class='ocrx_word' id='word_1_255' title='bbox 579 1870 650 1927; x_wconf 91' lang='lat' dir='ltr'><strong><em>ob</em></strong></span> <span class='ocrx_word' id='word_1_256' title='bbox 676 1871 1003 1927; x_wconf 87' lang='lat' dir='ltr'><strong><em>temeritatis</em></strong></span> <span class='ocrx_word' id='word_1_257' title='bbox 1029 1873 1313 1927; x_wconf 86' lang='lat' dir='ltr'><strong><em>audaciam</em></strong></span> <span class='ocrx_word' id='word_1_258' title='bbox 1341 1881 1499 1928; x_wconf 78' lang='lat' dir='ltr'><strong><em>terra:</em></strong></span> <span class='ocrx_word' id='word_1_259' title='bbox 1520 1873 1870 1946; x_wconf 78' lang='lat' dir='ltr'><strong><em>compagibus</em></strong></span> 
     </span>
    </p>
   </div>
   <div class='ocr_carea' id='block_1_36' title="bbox 271 1963 1871 2036">
    <p class='ocr_par' dir='ltr' id='par_1_36' title="bbox 271 1963 1871 2036">
     <span class='ocr_line' id='line_1_36' title="bbox 271 1963 1871 2036; baseline 0 -18"><span class='ocrx_word' id='word_1_260' title='bbox 271 1964 495 2036; x_wconf 88' lang='lat' dir='ltr'><strong><em>ruptis,</em></strong></span> <span class='ocrx_word' id='word_1_261' title='bbox 544 1963 796 2036; x_wconf 73' lang='lat' dir='ltr'><strong><em>profundi</em></strong></span> <span class='ocrx_word' id='word_1_262' title='bbox 840 1963 991 2019; x_wconf 87' lang='lat' dir='ltr'><strong><em>hiatu</em></strong></span> <span class='ocrx_word' id='word_1_263' title='bbox 1031 1973 1381 2036; x_wconf 85' lang='lat' dir='ltr'><strong><em>merguntur;</em></strong></span> <span class='ocrx_word' id='word_1_264' title='bbox 1425 1979 1526 2020; x_wconf 90' lang='lat' dir='ltr'><strong><em>nec</em></strong></span> <span class='ocrx_word' id='word_1_265' title='bbox 1567 1972 1775 2019; x_wconf 88' lang='lat' dir='ltr'><strong><em>tantum</em></strong></span> <span class='ocrx_word' id='word_1_266' title='bbox 1814 1964 1871 2019; x_wconf 91' lang='lat' dir='ltr'><strong><em>hi</em></strong></span> 
     </span>
    </p>
   </div>
   <div class='ocr_carea' id='block_1_37' title="bbox 271 2056 1870 2129">
    <p class='ocr_par' dir='ltr' id='par_1_37' title="bbox 271 2056 1870 2129">
     <span class='ocr_line' id='line_1_37' title="bbox 271 2056 1870 2129; baseline 0.003 -19"><span class='ocrx_word' id='word_1_267' title='bbox 271 2056 371 2127; x_wconf 88' lang='lat' dir='ltr'><strong><em>qui</em></strong></span> <span class='ocrx_word' id='word_1_268' title='bbox 402 2057 568 2112; x_wconf 90' lang='lat' dir='ltr'><strong><em>duces</em></strong></span> <span class='ocrx_word' id='word_1_269' title='bbox 607 2072 795 2113; x_wconf 89' lang='lat' dir='ltr'><strong><em>eorum</em></strong></span> <span class='ocrx_word' id='word_1_270' title='bbox 830 2065 997 2123; x_wconf 89' lang='lat' dir='ltr'><strong><em>sunt,</em></strong></span> <span class='ocrx_word' id='word_1_271' title='bbox 1042 2060 1139 2113; x_wconf 90' lang='lat' dir='ltr'><strong><em>sed</em></strong></span> <span class='ocrx_word' id='word_1_272' title='bbox 1164 2057 1323 2114; x_wconf 90' lang='lat' dir='ltr'><strong><em>etilli</em></strong></span> <span class='ocrx_word' id='word_1_273' title='bbox 1353 2058 1445 2129; x_wconf 92' lang='lat' dir='ltr'><strong><em>qui</em></strong></span> <span class='ocrx_word' id='word_1_274' title='bbox 1481 2057 1870 2114; x_wconf 88' lang='lat' dir='ltr'><strong><em>consentiendo</em></strong></span> 
     </span>
    </p>
   </div>
   <div class='ocr_carea' id='block_1_38' title="bbox 271 2146 1870 2220">
    <p class='ocr_par' dir='ltr' id='par_1_38' title="bbox 271 2146 1870 2220">
     <span class='ocr_line' id='line_1_38' title="bbox 271 2146 1870 2220; baseline 0.003 -21"><span class='ocrx_word' id='word_1_275' title='bbox 271 2147 578 2217; x_wconf 85' lang='lat' dir='ltr'><strong><em>participes</em></strong></span> <span class='ocrx_word' id='word_1_276' title='bbox 619 2147 932 2202; x_wconf 89' lang='lat' dir='ltr'><strong><em>eorumdem</em></strong></span> <span class='ocrx_word' id='word_1_277' title='bbox 958 2146 1138 2204; x_wconf 78' lang='lat' dir='ltr'><strong><em>eﬁ‘ecti</em></strong></span> <span class='ocrx_word' id='word_1_278' title='bbox 1178 2156 1325 2215; x_wconf 91' lang='lat' dir='ltr'><strong><em>sunt,</em></strong></span> <span class='ocrx_word' id='word_1_279' title='bbox 1358 2149 1412 2203; x_wconf 90' lang='lat' dir='ltr'><strong><em>in</em></strong></span> <span class='ocrx_word' id='word_1_280' title='bbox 1458 2147 1638 2220; x_wconf 81' lang='lat' dir='ltr'><strong><em>ignem</em></strong></span> <span class='ocrx_word' id='word_1_281' title='bbox 1678 2148 1870 2204; x_wconf 62' lang='lat' dir='ltr'><strong><em>aeterni</em></strong></span> 
     </span>
    </p>
   </div>
   <div class='ocr_carea' id='block_1_39' title="bbox 267 2236 1335 2310">
    <p class='ocr_par' dir='ltr' id='par_1_39' title="bbox 267 2236 1335 2310">
     <span class='ocr_line' id='line_1_39' title="bbox 267 2236 1335 2310; baseline 0.002 -18"><span class='ocrx_word' id='word_1_282' title='bbox 267 2236 469 2307; x_wconf 81' lang='lat' dir='ltr'><strong><em>iudicii</em></strong></span> <span class='ocrx_word' id='word_1_283' title='bbox 496 2246 800 2308; x_wconf 60' lang='lat' dir='ltr'><strong><em>praeparata</em></strong></span> <span class='ocrx_word' id='word_1_284' title='bbox 826 2236 1031 2294; x_wconf 89' lang='lat' dir='ltr'><strong><em>ultione</em></strong></span> <span class='ocrx_word' id='word_1_285' title='bbox 1060 2239 1335 2310; x_wconf 91' lang='lat' dir='ltr'><strong><em>peribunt.</em></strong></span> 
     </span>
    </p>
   </div>
   <div class='ocr_carea' id='block_1_40' title="bbox 355 2328 1869 2403">
    <p class='ocr_par' dir='ltr' id='par_1_40' title="bbox 355 2328 1869 2403">
     <span class='ocr_line' id='line_1_40' title="bbox 355 2328 1869 2403; baseline 0.001 -19"><span class='ocrx_word' id='word_1_286' title='bbox 355 2328 588 2385; x_wconf 82' lang='lat' dir='ltr'><strong><em>Locutus</em></strong></span> <span class='ocrx_word' id='word_1_287' title='bbox 616 2340 693 2385; x_wconf 89' lang='lat' dir='ltr'><strong><em>est</em></strong></span> <span class='ocrx_word' id='word_1_288' title='bbox 719 2329 979 2386; x_wconf 85' lang='lat' dir='ltr'><strong><em>Dominus</em></strong></span> <span class='ocrx_word' id='word_1_289' title='bbox 1008 2332 1078 2386; x_wconf 89' lang='lat' dir='ltr'><strong><em>ad</em></strong></span> <span class='ocrx_word' id='word_1_290' title='bbox 1107 2330 1322 2403; x_wconf 84' lang='lat' dir='ltr'><strong><em>Moysen</em></strong></span> <span class='ocrx_word' id='word_1_291' title='bbox 1353 2342 1401 2387; x_wconf 87' lang='lat' dir='ltr'><strong><em>et</em></strong></span> <span class='ocrx_word' id='word_1_292' title='bbox 1427 2333 1609 2388; x_wconf 84' lang='lat' dir='ltr'><strong><em>Aaron</em></strong></span> <span class='ocrx_word' id='word_1_293' title='bbox 1640 2331 1819 2387; x_wconf 87' lang='lat' dir='ltr'><strong><em>dicens</em></strong></span> <span class='ocrx_word' id='word_1_294' title='bbox 1850 2347 1869 2385; x_wconf 90' lang='lat'><strong><em>:</em></strong></span> 
     </span>
    </p>
   </div>
   <div class='ocr_carea' id='block_1_41' title="bbox 274 2421 1870 2498">
    <p class='ocr_par' dir='ltr' id='par_1_41' title="bbox 274 2421 1870 2498">
     <span class='ocr_line' id='line_1_41' title="bbox 274 2421 1870 2498; baseline 0.001 -20"><span class='ocrx_word' id='word_1_295' title='bbox 274 2421 619 2494; x_wconf 86' lang='lat' dir='ltr'><strong><em>Separamini</em></strong></span> <span class='ocrx_word' id='word_1_296' title='bbox 644 2423 710 2478; x_wconf 89' lang='lat' dir='ltr'><strong><em>de</em></strong></span> <span class='ocrx_word' id='word_1_297' title='bbox 737 2422 908 2480; x_wconf 87' lang='lat' dir='ltr'><strong><em>medio</em></strong></span> <span class='ocrx_word' id='word_1_298' title='bbox 941 2426 1359 2497; x_wconf 84' lang='lat' dir='ltr'><strong><em>congregationis</em></strong></span> <span class='ocrx_word' id='word_1_299' title='bbox 1383 2425 1565 2498; x_wconf 81' lang='lat' dir='ltr'><strong><em>hujus,</em></strong></span> <span class='ocrx_word' id='word_1_300' title='bbox 1593 2434 1647 2480; x_wconf 89' lang='lat' dir='ltr'><strong><em>ut</em></strong></span> <span class='ocrx_word' id='word_1_301' title='bbox 1669 2442 1755 2480; x_wconf 90' lang='lat' dir='ltr'><strong><em>eos</em></strong></span> <span class='ocrx_word' id='word_1_302' title='bbox 1786 2441 1870 2480; x_wconf 89' lang='lat' dir='ltr'><strong><em>re-</em></strong></span> 
     </span>
    </p>
   </div>
   <div class='ocr_carea' id='block_1_42' title="bbox 275 2514 1873 2588">
    <p class='ocr_par' dir='ltr' id='par_1_42' title="bbox 275 2514 1873 2588">
     <span class='ocr_line' id='line_1_42' title="bbox 275 2514 1873 2588; baseline 0.001 -20"><span class='ocrx_word' id='word_1_303' title='bbox 275 2523 437 2587; x_wconf 78' lang='lat' dir='ltr'><strong><em>pente</em></strong></span> <span class='ocrx_word' id='word_1_304' title='bbox 463 2514 789 2584; x_wconf 85' lang='lat' dir='ltr'><strong><em>disperdam,</em></strong></span> <span class='ocrx_word' id='word_1_305' title='bbox 831 2523 887 2570; x_wconf 86' lang='lat' dir='ltr'><strong><em>et</em></strong></span> <span class='ocrx_word' id='word_1_306' title='bbox 909 2522 1125 2570; x_wconf 66' lang='lat' dir='ltr'><strong><em>caetera.</em></strong></span> <span class='ocrx_word' id='word_1_307' title='bbox 1160 2514 1269 2588; x_wconf 68' lang='lat' dir='ltr'><strong><em>(Ex</em></strong></span> <span class='ocrx_word' id='word_1_308' title='bbox 1309 2514 1646 2588; x_wconf 81' lang='lat' dir='ltr'><strong><em>Augustino.)</em></strong></span> <span class='ocrx_word' id='word_1_309' title='bbox 1671 2514 1873 2570; x_wconf 83' lang='lat' dir='ltr'><strong><em>Notan-</em></strong></span> 
     </span>
    </p>
   </div>
   <div class='ocr_carea' id='block_1_43' title="bbox 278 2603 1877 2677">
    <p class='ocr_par' dir='ltr' id='par_1_43' title="bbox 278 2603 1877 2677">
     <span class='ocr_line' id='line_1_43' title="bbox 278 2603 1877 2677; baseline 0.003 -19"><span class='ocrx_word' id='word_1_310' title='bbox 278 2604 413 2659; x_wconf 84' lang='lat' dir='ltr'><strong><em>dum</em></strong></span> <span class='ocrx_word' id='word_1_311' title='bbox 434 2612 520 2659; x_wconf 86' lang='lat' dir='ltr'><strong><em>est</em></strong></span> <span class='ocrx_word' id='word_1_312' title='bbox 537 2614 667 2660; x_wconf 90' lang='lat' dir='ltr'><strong><em>tunc</em></strong></span> <span class='ocrx_word' id='word_1_313' title='bbox 674 2603 869 2674; x_wconf 88' lang='lat' dir='ltr'><strong><em>jubere</em></strong></span> <span class='ocrx_word' id='word_1_314' title='bbox 891 2605 1180 2661; x_wconf 90' lang='lat' dir='ltr'><strong><em>Dominum</em></strong></span> <span class='ocrx_word' id='word_1_315' title='bbox 1203 2605 1321 2662; x_wconf 85' lang='lat' dir='ltr'><strong><em>ﬁeri</em></strong></span> <span class='ocrx_word' id='word_1_316' title='bbox 1342 2607 1740 2677; x_wconf 87' lang='lat' dir='ltr'><strong><em>separationem</em></strong></span> <span class='ocrx_word' id='word_1_317' title='bbox 1754 2620 1877 2662; x_wconf 90' lang='lat' dir='ltr'><strong><em>eor-</em></strong></span> 
     </span>
    </p>
   </div>
   <div class='ocr_carea' id='block_1_44' title="bbox 278 2693 1877 2765">
    <p class='ocr_par' dir='ltr' id='par_1_44' title="bbox 278 2693 1877 2765">
     <span class='ocr_line' id='line_1_44' title="bbox 278 2693 1877 2765; baseline 0.003 -17"><span class='ocrx_word' id='word_1_318' title='bbox 278 2693 557 2765; x_wconf 87' lang='lat' dir='ltr'><strong><em>poralem,</em></strong></span> <span class='ocrx_word' id='word_1_319' title='bbox 582 2709 706 2750; x_wconf 91' lang='lat' dir='ltr'><strong><em>cum</em></strong></span> <span class='ocrx_word' id='word_1_320' title='bbox 745 2693 858 2764; x_wconf 89' lang='lat' dir='ltr'><strong><em>jam</em></strong></span> <span class='ocrx_word' id='word_1_321' title='bbox 904 2696 1144 2752; x_wconf 86' lang='lat' dir='ltr'><strong><em>vindicta</em></strong></span> <span class='ocrx_word' id='word_1_322' title='bbox 1173 2696 1421 2751; x_wconf 87' lang='lat' dir='ltr'><strong><em>imminet</em></strong></span> <span class='ocrx_word' id='word_1_323' title='bbox 1449 2696 1627 2751; x_wconf 89' lang='lat' dir='ltr'><strong><em>malis.</em></strong></span> <span class='ocrx_word' id='word_1_324' title='bbox 1655 2695 1747 2752; x_wconf 89' lang='lat' dir='ltr'><strong><em>Sic</em></strong></span> <span class='ocrx_word' id='word_1_325' title='bbox 1763 2694 1877 2752; x_wconf 86' lang='lat' dir='ltr'><strong><em>Noe</em></strong></span> 
     </span>
    </p>
   </div>
   <div class='ocr_carea' id='block_1_45' title="bbox 281 2786 1872 2859">
    <p class='ocr_par' dir='ltr' id='par_1_45' title="bbox 281 2786 1872 2859">
     <span class='ocr_line' id='line_1_45' title="bbox 281 2786 1872 2859; baseline 0.001 -18"><span class='ocrx_word' id='word_1_326' title='bbox 281 2801 412 2841; x_wconf 90' lang='lat' dir='ltr'><strong><em>cum</em></strong></span> <span class='ocrx_word' id='word_1_327' title='bbox 436 2786 598 2840; x_wconf 87' lang='lat' dir='ltr'><strong><em>domo</em></strong></span> <span class='ocrx_word' id='word_1_328' title='bbox 629 2801 726 2841; x_wconf 89' lang='lat' dir='ltr'><strong><em>sua</em></strong></span> <span class='ocrx_word' id='word_1_329' title='bbox 756 2795 1039 2857; x_wconf 85' lang='lat' dir='ltr'><strong><em>separatur</em></strong></span> <span class='ocrx_word' id='word_1_330' title='bbox 1065 2803 1096 2843; x_wconf 91' lang='lat' dir='ltr'><strong><em>a</em></strong></span> <span class='ocrx_word' id='word_1_331' title='bbox 1127 2788 1341 2844; x_wconf 76' lang='lat' dir='ltr'><strong><em>caeteris</em></strong></span> <span class='ocrx_word' id='word_1_332' title='bbox 1366 2786 1566 2842; x_wconf 87' lang='lat' dir='ltr'><strong><em>diluvio</em></strong></span> <span class='ocrx_word' id='word_1_333' title='bbox 1587 2786 1872 2859; x_wconf 85' lang='lat' dir='ltr'><strong><em>perituris;</em></strong></span> 
     </span>
    </p>
   </div>
   <div class='ocr_carea' id='block_1_46' title="bbox 282 2873 1879 2947">
    <p class='ocr_par' dir='ltr' id='par_1_46' title="bbox 282 2873 1879 2947">
     <span class='ocr_line' id='line_1_46' title="bbox 282 2873 1879 2947; baseline 0.002 -18"><span class='ocrx_word' id='word_1_334' title='bbox 282 2873 369 2929; x_wconf 87' lang='lat' dir='ltr'><strong><em>sic</em></strong></span> <span class='ocrx_word' id='word_1_335' title='bbox 390 2873 533 2930; x_wconf 89' lang='lat' dir='ltr'><strong><em>Loth</em></strong></span> <span class='ocrx_word' id='word_1_336' title='bbox 560 2890 687 2930; x_wconf 93' lang='lat' dir='ltr'><strong><em>cum</em></strong></span> <span class='ocrx_word' id='word_1_337' title='bbox 713 2876 826 2931; x_wconf 90' lang='lat' dir='ltr'><strong><em>suis</em></strong></span> <span class='ocrx_word' id='word_1_338' title='bbox 857 2886 1141 2946; x_wconf 88' lang='lat' dir='ltr'><strong><em>separatur</em></strong></span> <span class='ocrx_word' id='word_1_339' title='bbox 1165 2891 1195 2931; x_wconf 92' lang='lat' dir='ltr'><strong><em>a</em></strong></span> <span class='ocrx_word' id='word_1_340' title='bbox 1225 2875 1476 2932; x_wconf 90' lang='lat' dir='ltr'><strong><em>Sodomis</em></strong></span> <span class='ocrx_word' id='word_1_341' title='bbox 1506 2876 1629 2947; x_wconf 84' lang='lat' dir='ltr'><strong><em>igne</em></strong></span> <span class='ocrx_word' id='word_1_342' title='bbox 1664 2874 1879 2932; x_wconf 66' lang='lat' dir='ltr'><strong><em>caelitus</em></strong></span> 
     </span>
    </p>
   </div>
   <div class='ocr_carea' id='block_1_47' title="bbox 283 2967 1877 3040">
    <p class='ocr_par' dir='ltr' id='par_1_47' title="bbox 283 2967 1877 3040">
     <span class='ocr_line' id='line_1_47' title="bbox 283 2967 1877 3040; baseline 0.003 -20"><span class='ocrx_word' id='word_1_343' title='bbox 283 2968 704 3035; x_wconf 80' lang='lat' dir='ltr'><strong><em>consumendis;</em></strong></span> <span class='ocrx_word' id='word_1_344' title='bbox 740 2968 820 3023; x_wconf 91' lang='lat' dir='ltr'><strong><em>sic</em></strong></span> <span class='ocrx_word' id='word_1_345' title='bbox 843 2968 958 3039; x_wconf 90' lang='lat' dir='ltr'><strong><em>ipse</em></strong></span> <span class='ocrx_word' id='word_1_346' title='bbox 979 2968 1207 3039; x_wconf 89' lang='lat' dir='ltr'><strong><em>populus</em></strong></span> <span class='ocrx_word' id='word_1_347' title='bbox 1233 2969 1302 3024; x_wconf 89' lang='lat' dir='ltr'><strong><em>ab</em></strong></span> <span class='ocrx_word' id='word_1_348' title='bbox 1325 2967 1617 3040; x_wconf 65' lang='lat' dir='ltr'><strong><em>Egyptiis,</em></strong></span> <span class='ocrx_word' id='word_1_349' title='bbox 1651 2967 1877 3025; x_wconf 88' lang='lat' dir='ltr'><strong><em>marinis</em></strong></span> 
     </span>
    </p>
   </div>
   <div class='ocr_carea' id='block_1_48' title="bbox 2539 1780 2992 1838">
    <p class='ocr_par' dir='ltr' id='par_1_48' title="bbox 2539 1780 2992 1838">
     <span class='ocr_line' id='line_1_48' title="bbox 2539 1780 2992 1838; baseline -0.007 0"><span class='ocrx_word' id='word_1_350' title='bbox 2539 1782 2768 1838; x_wconf 81' lang='lat' dir='ltr'><strong>CAPUT</strong></span> <span class='ocrx_word' id='word_1_351' title='bbox 2810 1780 2992 1837; x_wconf 69' lang='lat' dir='ltr'>XVIII.</span> 
     </span>
    </p>
   </div>
   <div class='ocr_carea' id='block_1_49' title="bbox 1968 1872 3555 1944">
    <p class='ocr_par' dir='ltr' id='par_1_49' title="bbox 1968 1872 3555 1944">
     <span class='ocr_line' id='line_1_49' title="bbox 1968 1872 3555 1944; baseline -0.002 -15"><span class='ocrx_word' id='word_1_352' title='bbox 1968 1872 2049 1929; x_wconf 80' lang='lat' dir='ltr'><strong><em>De</em></strong></span> <span class='ocrx_word' id='word_1_353' title='bbox 2082 1873 2364 1931; x_wconf 84' lang='lat' dir='ltr'><strong><em>tlturibulis</em></strong></span> <span class='ocrx_word' id='word_1_354' title='bbox 2414 1876 2784 1930; x_wconf 81' lang='lat' dir='ltr'><strong><em>seditiosorum</em></strong></span> <span class='ocrx_word' id='word_1_355' title='bbox 2822 1875 2886 1930; x_wconf 89' lang='lat' dir='ltr'><strong><em>ab</em></strong></span> <span class='ocrx_word' id='word_1_356' title='bbox 2934 1874 3174 1929; x_wconf 84' lang='lat' dir='ltr'><strong><em>incendio</em></strong></span> <span class='ocrx_word' id='word_1_357' title='bbox 3213 1872 3435 1929; x_wconf 84' lang='lat' dir='ltr'><strong><em>sublatis</em></strong></span> <span class='ocrx_word' id='word_1_358' title='bbox 3463 1890 3555 1944; x_wconf 85' lang='lat' dir='ltr'><strong><em>per</em></strong></span> 
     </span>
    </p>
   </div>
   <div class='ocr_carea' id='block_1_50' title="bbox 2452 1944 3065 2000">
    <p class='ocr_par' dir='ltr' id='par_1_50' title="bbox 2452 1944 3065 2000">
     <span class='ocr_line' id='line_1_50' title="bbox 2452 1944 3065 2000; baseline 0.002 -3"><span class='ocrx_word' id='word_1_359' title='bbox 2452 1944 2684 1998; x_wconf 70' lang='lat' dir='ltr'><strong><em>Eleazar</em></strong></span> <span class='ocrx_word' id='word_1_360' title='bbox 2720 1951 3065 2000; x_wconf 81' lang='lat' dir='ltr'><strong><em>sacerdotem.</em></strong></span> 
     </span>
    </p>
   </div>
   <div class='ocr_carea' id='block_1_51' title="bbox 2041 2056 3551 2129">
    <p class='ocr_par' dir='ltr' id='par_1_51' title="bbox 2041 2056 3551 2129">
     <span class='ocr_line' id='line_1_51' title="bbox 2041 2056 3551 2129; baseline -0.001 -18"><span class='ocrx_word' id='word_1_361' title='bbox 2041 2056 2221 2127; x_wconf 68' lang='lat' dir='ltr'><strong><em>(Isim)</em></strong></span> <span class='ocrx_word' id='word_1_362' title='bbox 2253 2056 2581 2127; x_wconf 88' lang='lat' dir='ltr'><strong><em>Locutusque</em></strong></span> <span class='ocrx_word' id='word_1_363' title='bbox 2601 2066 2675 2112; x_wconf 88' lang='lat' dir='ltr'><strong><em>est</em></strong></span> <span class='ocrx_word' id='word_1_364' title='bbox 2702 2057 2958 2113; x_wconf 85' lang='lat' dir='ltr'><strong><em>Dominus</em></strong></span> <span class='ocrx_word' id='word_1_365' title='bbox 2979 2058 3048 2113; x_wconf 85' lang='lat' dir='ltr'><strong><em>ad</em></strong></span> <span class='ocrx_word' id='word_1_366' title='bbox 3081 2057 3297 2129; x_wconf 81' lang='lat' dir='ltr'><strong><em>Moysen</em></strong></span> <span class='ocrx_word' id='word_1_367' title='bbox 3326 2059 3505 2113; x_wconf 87' lang='lat' dir='ltr'><strong><em>dicens</em></strong></span> <span class='ocrx_word' id='word_1_368' title='bbox 3533 2073 3551 2109; x_wconf 84' lang='lat'><strong><em>.&#39;</em></strong></span> 
     </span>
    </p>
   </div>
   <div class='ocr_carea' id='block_1_52' title="bbox 1972 2147 3552 2220">
    <p class='ocr_par' dir='ltr' id='par_1_52' title="bbox 1972 2147 3552 2220">
     <span class='ocr_line' id='line_1_52' title="bbox 1972 2147 3552 2220; baseline 0 -17"><span class='ocrx_word' id='word_1_369' title='bbox 1972 2147 2208 2220; x_wconf 69' lang='lat' dir='ltr'><strong><em>Praecipe</em></strong></span> <span class='ocrx_word' id='word_1_370' title='bbox 2232 2147 2490 2203; x_wconf 76' lang='lat' dir='ltr'><strong><em>Eleazaro</em></strong></span> <span class='ocrx_word' id='word_1_371' title='bbox 2516 2149 2628 2217; x_wconf 78' lang='lat' dir='ltr'><strong><em>filio</em></strong></span> <span class='ocrx_word' id='word_1_372' title='bbox 2652 2148 2828 2203; x_wconf 80' lang='lat' dir='ltr'><strong><em>Aaron</em></strong></span> <span class='ocrx_word' id='word_1_373' title='bbox 2851 2150 3130 2215; x_wconf 87' lang='lat' dir='ltr'><strong><em>sacerdoti,</em></strong></span> <span class='ocrx_word' id='word_1_374' title='bbox 3166 2160 3221 2203; x_wconf 87' lang='lat' dir='ltr'><strong><em>ut</em></strong></span> <span class='ocrx_word' id='word_1_375' title='bbox 3251 2150 3401 2204; x_wconf 81' lang='lat' dir='ltr'><strong><em>tollat</em></strong></span> <span class='ocrx_word' id='word_1_376' title='bbox 3434 2152 3552 2203; x_wconf 71' lang='lat' dir='ltr'><strong><em>tlm~</em></strong></span> 
     </span>
    </p>
   </div>
   <div class='ocr_carea' id='block_1_53' title="bbox 1971 2238 3556 2311">
    <p class='ocr_par' dir='ltr' id='par_1_53' title="bbox 1971 2238 3556 2311">
     <span class='ocr_line' id='line_1_53' title="bbox 1971 2238 3556 2311; baseline 0.001 -18"><span class='ocrx_word' id='word_1_377' title='bbox 1971 2238 2165 2306; x_wconf 85' lang='lat' dir='ltr'><strong><em>ribula,</em></strong></span> <span class='ocrx_word' id='word_1_378' title='bbox 2191 2255 2307 2311; x_wconf 71' lang='lat' dir='ltr'><strong><em>qum</em></strong></span> <span class='ocrx_word' id='word_1_379' title='bbox 2333 2240 2504 2306; x_wconf 76' lang='lat' dir='ltr'><strong><em>iacent</em></strong></span> <span class='ocrx_word' id='word_1_380' title='bbox 2535 2240 2590 2293; x_wconf 88' lang='lat' dir='ltr'><strong><em>in</em></strong></span> <span class='ocrx_word' id='word_1_381' title='bbox 2620 2239 2883 2306; x_wconf 87' lang='lat' dir='ltr'><strong><em>incendio,</em></strong></span> <span class='ocrx_word' id='word_1_382' title='bbox 2913 2248 2961 2294; x_wconf 89' lang='lat' dir='ltr'><strong><em>el</em></strong></span> <span class='ocrx_word' id='word_1_383' title='bbox 2991 2240 3163 2311; x_wconf 85' lang='lat' dir='ltr'><strong><em>ignem</em></strong></span> <span class='ocrx_word' id='word_1_384' title='bbox 3199 2240 3299 2294; x_wconf 84' lang='lat' dir='ltr'><strong><em>huc</em></strong></span> <span class='ocrx_word' id='word_1_385' title='bbox 3329 2241 3556 2310; x_wconf 84' lang='lat' dir='ltr'><strong><em>illucque</em></strong></span> 
     </span>
    </p>
   </div>
   <div class='ocr_carea' id='block_1_54' title="bbox 1970 2329 3552 2401">
    <p class='ocr_par' dir='ltr' id='par_1_54' title="bbox 1970 2329 3552 2401">
     <span class='ocr_line' id='line_1_54' title="bbox 1970 2329 3552 2401; baseline 0 -18"><span class='ocrx_word' id='word_1_386' title='bbox 1970 2330 2253 2400; x_wconf 75' lang='lat' dir='ltr'><strong><em>dispergat,</em></strong></span> <span class='ocrx_word' id='word_1_387' title='bbox 2281 2332 2527 2401; x_wconf 84' lang='lat' dir='ltr'><strong><em>quoniam</em></strong></span> <span class='ocrx_word' id='word_1_388' title='bbox 2550 2329 2884 2399; x_wconf 80' lang='lat' dir='ltr'><strong><em>sanc.’iﬁcata</em></strong></span> <span class='ocrx_word' id='word_1_389' title='bbox 2913 2340 3034 2385; x_wconf 88' lang='lat' dir='ltr'><strong><em>sunt</em></strong></span> <span class='ocrx_word' id='word_1_390' title='bbox 3071 2332 3126 2386; x_wconf 85' lang='lat' dir='ltr'><strong><em>in</em></strong></span> <span class='ocrx_word' id='word_1_391' title='bbox 3160 2331 3412 2385; x_wconf 88' lang='lat' dir='ltr'><strong><em>mortibus</em></strong></span> <span class='ocrx_word' id='word_1_392' title='bbox 3432 2348 3552 2401; x_wconf 84' lang='lat' dir='ltr'><strong><em>pec-</em></strong></span> 
     </span>
    </p>
   </div>
   <div class='ocr_carea' id='block_1_55' title="bbox 1972 2421 3553 2494">
    <p class='ocr_par' dir='ltr' id='par_1_55' title="bbox 1972 2421 3553 2494">
     <span class='ocr_line' id='line_1_55' title="bbox 1972 2421 3553 2494; baseline -0.001 -16"><span class='ocrx_word' id='word_1_393' title='bbox 1972 2432 2241 2487; x_wconf 84' lang='lat' dir='ltr'><strong><em>catorum;</em></strong></span> <span class='ocrx_word' id='word_1_394' title='bbox 2270 2423 2627 2494; x_wconf 68' lang='lat' dir='ltr'><strong><em>producatque</em></strong></span> <span class='ocrx_word' id='word_1_395' title='bbox 2651 2438 2712 2475; x_wconf 90' lang='lat' dir='ltr'><strong><em>ea</em></strong></span> <span class='ocrx_word' id='word_1_396' title='bbox 2742 2422 2798 2476; x_wconf 88' lang='lat' dir='ltr'><strong><em>in</em></strong></span> <span class='ocrx_word' id='word_1_397' title='bbox 2825 2421 3052 2478; x_wconf 85' lang='lat' dir='ltr'><strong><em>laminas</em></strong></span> <span class='ocrx_word' id='word_1_398' title='bbox 3078 2432 3126 2477; x_wconf 90' lang='lat' dir='ltr'><strong><em>et</em></strong></span> <span class='ocrx_word' id='word_1_399' title='bbox 3152 2425 3326 2494; x_wconf 70' lang='lat' dir='ltr'><strong><em>aﬂigat</em></strong></span> <span class='ocrx_word' id='word_1_400' title='bbox 3372 2423 3553 2478; x_wconf 90' lang='lat' dir='ltr'><strong><em>altari.</em></strong></span> 
     </span>
    </p>
   </div>
   <div class='ocr_carea' id='block_1_56' title="bbox 1971 2513 3560 2587">
    <p class='ocr_par' dir='ltr' id='par_1_56' title="bbox 1971 2513 3560 2587">
     <span class='ocr_line' id='line_1_56' title="bbox 1971 2513 3560 2587; baseline -0.001 -17"><span class='ocrx_word' id='word_1_401' title='bbox 1971 2531 2031 2571; x_wconf 91' lang='lat' dir='ltr'><strong><em>eo</em></strong></span> <span class='ocrx_word' id='word_1_402' title='bbox 2061 2514 2199 2587; x_wconf 84' lang='lat' dir='ltr'><strong><em>quod</em></strong></span> <span class='ocrx_word' id='word_1_403' title='bbox 2231 2513 2463 2571; x_wconf 85' lang='lat' dir='ltr'><strong><em>oblatum</em></strong></span> <span class='ocrx_word' id='word_1_404' title='bbox 2484 2516 2553 2568; x_wconf 88' lang='lat' dir='ltr'><strong><em>sit</em></strong></span> <span class='ocrx_word' id='word_1_405' title='bbox 2586 2515 2641 2568; x_wconf 88' lang='lat' dir='ltr'><strong><em>in</em></strong></span> <span class='ocrx_word' id='word_1_406' title='bbox 2669 2514 2744 2569; x_wconf 90' lang='lat' dir='ltr'><strong><em>eis</em></strong></span> <span class='ocrx_word' id='word_1_407' title='bbox 2778 2515 3049 2569; x_wconf 84' lang='lat' dir='ltr'><strong><em>incensum</em></strong></span> <span class='ocrx_word' id='word_1_408' title='bbox 3078 2515 3336 2579; x_wconf 86' lang='lat' dir='ltr'><strong><em>Domino;</em></strong></span> <span class='ocrx_word' id='word_1_409' title='bbox 3363 2526 3409 2569; x_wconf 87' lang='lat' dir='ltr'><strong><em>et</em></strong></span> <span class='ocrx_word' id='word_1_410' title='bbox 3434 2532 3560 2569; x_wconf 74' lang='lat' dir='ltr'><strong><em>san-</em></strong></span> 
     </span>
    </p>
   </div>
   <div class='ocr_carea' id='block_1_57' title="bbox 1974 2606 3556 2682">
    <p class='ocr_par' dir='ltr' id='par_1_57' title="bbox 1974 2606 3556 2682">
     <span class='ocr_line' id='line_1_57' title="bbox 1974 2606 3556 2682; baseline -0.003 -21"><span class='ocrx_word' id='word_1_411' title='bbox 1974 2607 2201 2675; x_wconf 87' lang='lat' dir='ltr'><strong><em>cti/icata</em></strong></span> <span class='ocrx_word' id='word_1_412' title='bbox 2225 2615 2369 2670; x_wconf 84' lang='lat' dir='ltr'><strong><em>sunt,</em></strong></span> <span class='ocrx_word' id='word_1_413' title='bbox 2400 2614 2456 2659; x_wconf 90' lang='lat' dir='ltr'><strong><em>ut</em></strong></span> <span class='ocrx_word' id='word_1_414' title='bbox 2493 2615 2707 2660; x_wconf 86' lang='lat' dir='ltr'><strong><em>cernant</em></strong></span> <span class='ocrx_word' id='word_1_415' title='bbox 2747 2621 2808 2659; x_wconf 89' lang='lat' dir='ltr'><strong><em>ea</em></strong></span> <span class='ocrx_word' id='word_1_416' title='bbox 2856 2621 2951 2676; x_wconf 89' lang='lat' dir='ltr'><strong><em>pro</em></strong></span> <span class='ocrx_word' id='word_1_417' title='bbox 2977 2606 3126 2676; x_wconf 86' lang='lat' dir='ltr'><strong><em>signa</em></strong></span> <span class='ocrx_word' id='word_1_418' title='bbox 3150 2613 3199 2659; x_wconf 93' lang='lat' dir='ltr'><strong><em>et</em></strong></span> <span class='ocrx_word' id='word_1_419' title='bbox 3224 2612 3556 2682; x_wconf 71' lang='lat' dir='ltr'><strong><em>monumento</em></strong></span> 
     </span>
    </p>
   </div>
   <div class='ocr_carea' id='block_1_58' title="bbox 1972 2694 3561 2767">
    <p class='ocr_par' dir='ltr' id='par_1_58' title="bbox 1972 2694 3561 2767">
     <span class='ocr_line' id='line_1_58' title="bbox 1972 2694 3561 2767; baseline -0.001 -18"><span class='ocrx_word' id='word_1_420' title='bbox 1972 2695 2071 2767; x_wconf 83' lang='lat' dir='ltr'><strong><em>ﬁlii</em></strong></span> <span class='ocrx_word' id='word_1_421' title='bbox 2099 2695 2286 2751; x_wconf 88' lang='lat' dir='ltr'><strong><em>Israel.</em></strong></span> <span class='ocrx_word' id='word_1_422' title='bbox 2318 2695 2587 2764; x_wconf 65' lang='lat' dir='ltr'><strong><em>Quaeritur</em></strong></span> <span class='ocrx_word' id='word_1_423' title='bbox 2613 2695 2715 2750; x_wconf 92' lang='lat' dir='ltr'><strong><em>hoc</em></strong></span> <span class='ocrx_word' id='word_1_424' title='bbox 2745 2694 2883 2762; x_wconf 90' lang='lat' dir='ltr'><strong><em>loco,</em></strong></span> <span class='ocrx_word' id='word_1_425' title='bbox 2908 2711 3009 2752; x_wconf 91' lang='lat' dir='ltr'><strong><em>cur</em></strong></span> <span class='ocrx_word' id='word_1_426' title='bbox 3034 2710 3139 2750; x_wconf 91' lang='lat' dir='ltr'><strong><em>non</em></strong></span> <span class='ocrx_word' id='word_1_427' title='bbox 3163 2695 3228 2748; x_wconf 78' lang='lat' dir='ltr'><strong><em>ad</em></strong></span> <span class='ocrx_word' id='word_1_428' title='bbox 3256 2696 3476 2764; x_wconf 82' lang='lat' dir='ltr'><strong><em>Moysen</em></strong></span> <span class='ocrx_word' id='word_1_429' title='bbox 3503 2702 3561 2748; x_wconf 83' lang='lat' dir='ltr'><strong><em>et</em></strong></span> 
     </span>
    </p>
   </div>
   <div class='ocr_carea' id='block_1_59' title="bbox 1975 2785 3556 2858">
    <p class='ocr_par' dir='ltr' id='par_1_59' title="bbox 1975 2785 3556 2858">
     <span class='ocr_line' id='line_1_59' title="bbox 1975 2785 3556 2858; baseline -0.005 -13"><span class='ocrx_word' id='word_1_430' title='bbox 1975 2788 2157 2845; x_wconf 84' lang='lat' dir='ltr'><strong><em>Aaron</em></strong></span> <span class='ocrx_word' id='word_1_431' title='bbox 2181 2789 2320 2846; x_wconf 88' lang='lat' dir='ltr'><strong><em>sicut</em></strong></span> <span class='ocrx_word' id='word_1_432' title='bbox 2354 2789 2408 2844; x_wconf 90' lang='lat' dir='ltr'><strong><em>in</em></strong></span> <span class='ocrx_word' id='word_1_433' title='bbox 2460 2786 2854 2858; x_wconf 85' lang='lat' dir='ltr'><strong><em>superioribus,</em></strong></span> <span class='ocrx_word' id='word_1_434' title='bbox 2890 2787 3149 2842; x_wconf 90' lang='lat' dir='ltr'><strong><em>Dominus</em></strong></span> <span class='ocrx_word' id='word_1_435' title='bbox 3198 2785 3410 2840; x_wconf 86' lang='lat' dir='ltr'><strong><em>locutus</em></strong></span> <span class='ocrx_word' id='word_1_436' title='bbox 3461 2786 3556 2850; x_wconf 88' lang='lat' dir='ltr'><strong><em>sit,</em></strong></span> 
     </span>
    </p>
   </div>
   <div class='ocr_carea' id='block_1_60' title="bbox 1978 2877 3559 2955">
    <p class='ocr_par' dir='ltr' id='par_1_60' title="bbox 1978 2877 3559 2955">
     <span class='ocr_line' id='line_1_60' title="bbox 1978 2877 3559 2955; baseline -0.006 -13"><span class='ocrx_word' id='word_1_437' title='bbox 1978 2885 2074 2941; x_wconf 87' lang='lat' dir='ltr'><strong><em>sed</em></strong></span> <span class='ocrx_word' id='word_1_438' title='bbox 2125 2886 2192 2939; x_wconf 90' lang='lat' dir='ltr'><strong><em>ad</em></strong></span> <span class='ocrx_word' id='word_1_439' title='bbox 2231 2883 2446 2955; x_wconf 77' lang='lat' dir='ltr'><strong><em>Moysen</em></strong></span> <span class='ocrx_word' id='word_1_440' title='bbox 2497 2890 2552 2937; x_wconf 87' lang='lat' dir='ltr'><strong><em>et</em></strong></span> <span class='ocrx_word' id='word_1_441' title='bbox 2600 2880 2920 2937; x_wconf 83' lang='lat' dir='ltr'><strong><em>Eleazarum</em></strong></span> <span class='ocrx_word' id='word_1_442' title='bbox 2966 2878 3136 2933; x_wconf 86' lang='lat' dir='ltr'><strong><em>ﬁlium</em></strong></span> <span class='ocrx_word' id='word_1_443' title='bbox 3193 2877 3396 2932; x_wconf 83' lang='lat' dir='ltr'><strong><em>Aaron.</em></strong></span> <span class='ocrx_word' id='word_1_444' title='bbox 3433 2877 3559 2936; x_wconf 72' lang='lat' dir='ltr'><strong><em>lltee</em></strong></span> 
     </span>
    </p>
   </div>
   <div class='ocr_carea' id='block_1_61' title="bbox 1981 2973 3562 3045">
    <p class='ocr_par' dir='ltr' id='par_1_61' title="bbox 1981 2973 3562 3045">
     <span class='ocr_line' id='line_1_61' title="bbox 1981 2973 3562 3045; baseline -0.006 -10"><span class='ocrx_word' id='word_1_445' title='bbox 1981 2977 2115 3035; x_wconf 85' lang='lat' dir='ltr'><strong><em>mihi</em></strong></span> <span class='ocrx_word' id='word_1_446' title='bbox 2145 2993 2306 3033; x_wconf 90' lang='lat' dir='ltr'><strong><em>causa</em></strong></span> <span class='ocrx_word' id='word_1_447' title='bbox 2328 2976 2549 3032; x_wconf 90' lang='lat' dir='ltr'><strong><em>interim</em></strong></span> <span class='ocrx_word' id='word_1_448' title='bbox 2589 2978 2850 3039; x_wconf 88' lang='lat' dir='ltr'><strong><em>occurrit,</em></strong></span> <span class='ocrx_word' id='word_1_449' title='bbox 2877 2976 3133 3044; x_wconf 90' lang='lat' dir='ltr'><strong><em>quoniam</em></strong></span> <span class='ocrx_word' id='word_1_450' title='bbox 3171 2973 3399 3045; x_wconf 68' lang='lat' dir='ltr'><strong><em>quatstio</em></strong></span> <span class='ocrx_word' id='word_1_451' title='bbox 3442 2981 3562 3027; x_wconf 88' lang='lat' dir='ltr'><strong><em>erat</em></strong></span> 
     </span>
    </p>
   </div>
   <div class='ocr_carea' id='block_1_62' title="bbox 284 3051 3564 3143">
    <p class='ocr_par' dir='ltr' id='par_1_62' title="bbox 284 3051 3564 3143">
     <span class='ocr_line' id='line_1_62' title="bbox 284 3051 3564 3143; baseline 0.001 -28"><span class='ocrx_word' id='word_1_452' title='bbox 284 3057 548 3115; x_wconf 74' lang='lat' dir='ltr'><strong><em>ﬂuctibus</em></strong></span> <span class='ocrx_word' id='word_1_453' title='bbox 568 3060 909 3124; x_wconf 87' lang='lat' dir='ltr'><strong><em>obruendus;</em></strong></span> <span class='ocrx_word' id='word_1_454' title='bbox 936 3061 1015 3117; x_wconf 92' lang='lat' dir='ltr'><strong><em>sic</em></strong></span> <span class='ocrx_word' id='word_1_455' title='bbox 1048 3061 1138 3116; x_wconf 89' lang='lat' dir='ltr'><strong><em>isti</em></strong></span> <span class='ocrx_word' id='word_1_456' title='bbox 1161 3076 1305 3116; x_wconf 91' lang='lat' dir='ltr'><strong><em>nunc</em></strong></span> <span class='ocrx_word' id='word_1_457' title='bbox 1328 3076 1359 3115; x_wconf 92' lang='lat' dir='ltr'><strong><em>a</em></strong></span> <span class='ocrx_word' id='word_1_458' title='bbox 1386 3075 1657 3134; x_wconf 82' lang='lat' dir='ltr'><strong><em>synagoga</em></strong></span> <span class='ocrx_word' id='word_1_459' title='bbox 1677 3059 1875 3128; x_wconf 87' lang='lat' dir='ltr'><strong><em>Chore,</em></strong></span> <span class='ocrx_word' id='word_1_460' title='bbox 1906 3051 1953 3115; x_wconf 90' lang='lat' dir='ltr'>C</span> <span class='ocrx_word' id='word_1_461' title='bbox 1984 3071 2052 3127; x_wconf 76' lang='lat' dir='ltr'><strong><em>de</em></strong></span> <span class='ocrx_word' id='word_1_462' title='bbox 2078 3070 2332 3143; x_wconf 63' lang='lat' dir='ltr'><strong><em>progenie</em></strong></span> <span class='ocrx_word' id='word_1_463' title='bbox 2368 3069 2731 3134; x_wconf 75' lang='lat' dir='ltr'><strong><em>sacerdomm,</em></strong></span> <span class='ocrx_word' id='word_1_464' title='bbox 2760 3068 2814 3123; x_wconf 79' lang='lat' dir='ltr'><strong><em>id</em></strong></span> <span class='ocrx_word' id='word_1_465' title='bbox 2845 3072 2959 3134; x_wconf 52' lang='grc' dir='ltr'><strong><em>εει,</em></strong></span> <span class='ocrx_word' id='word_1_466' title='bbox 2982 3068 3046 3123; x_wconf 87' lang='lat' dir='ltr'><strong><em>de</em></strong></span> <span class='ocrx_word' id='word_1_467' title='bbox 3068 3082 3176 3137; x_wconf 85' lang='lat' dir='ltr'><strong><em>quo</em></strong></span> <span class='ocrx_word' id='word_1_468' title='bbox 3218 3081 3417 3138; x_wconf 82' lang='lat' dir='ltr'><strong><em>genere</em></strong></span> <span class='ocrx_word' id='word_1_469' title='bbox 3441 3079 3564 3123; x_wconf 87' lang='lat' dir='ltr'><strong><em>esse</em></strong></span> 
     </span>
    </p>
   </div>
   <div class='ocr_carea' id='block_1_63' title="bbox 286 3150 1879 3224">
    <p class='ocr_par' dir='ltr' id='par_1_63' title="bbox 286 3150 1879 3224">
     <span class='ocr_line' id='line_1_63' title="bbox 286 3150 1879 3224; baseline 0.002 -19"><span class='ocrx_word' id='word_1_470' title='bbox 286 3150 503 3206; x_wconf 73' lang='lat' dir='ltr'><strong><em>Abiron</em></strong></span> <span class='ocrx_word' id='word_1_471' title='bbox 542 3158 598 3206; x_wconf 88' lang='lat' dir='ltr'><strong><em>et</em></strong></span> <span class='ocrx_word' id='word_1_472' title='bbox 640 3150 873 3218; x_wconf 90' lang='lat' dir='ltr'><strong><em>Datban,</em></strong></span> <span class='ocrx_word' id='word_1_473' title='bbox 897 3152 991 3222; x_wconf 90' lang='lat' dir='ltr'><strong><em>qui</em></strong></span> <span class='ocrx_word' id='word_1_474' title='bbox 1030 3168 1089 3208; x_wconf 91' lang='lat' dir='ltr'><strong><em>se</em></strong></span> <span class='ocrx_word' id='word_1_475' title='bbox 1114 3153 1371 3224; x_wconf 87' lang='lat' dir='ltr'><strong><em>primitiis</em></strong></span> <span class='ocrx_word' id='word_1_476' title='bbox 1416 3169 1514 3224; x_wconf 89' lang='lat' dir='ltr'><strong><em>per</em></strong></span> <span class='ocrx_word' id='word_1_477' title='bbox 1555 3152 1879 3209; x_wconf 89' lang='lat' dir='ltr'><strong><em>seditionem</em></strong></span> 
     </span>
    </p>
   </div>
   <div class='ocr_carea' id='block_1_64' title="bbox 289 3243 1883 3315">
    <p class='ocr_par' dir='ltr' id='par_1_64' title="bbox 289 3243 1883 3315">
     <span class='ocr_line' id='line_1_64' title="bbox 289 3243 1883 3315; baseline 0.003 -17"><span class='ocrx_word' id='word_1_478' title='bbox 289 3247 629 3315; x_wconf 83' lang='lat' dir='ltr'><strong><em>abrumpere</em></strong></span> <span class='ocrx_word' id='word_1_479' title='bbox 670 3243 1001 3300; x_wconf 86' lang='lat' dir='ltr'><strong><em>voluerunt:</em></strong></span> <span class='ocrx_word' id='word_1_480' title='bbox 1035 3259 1158 3300; x_wconf 91' lang='lat' dir='ltr'><strong><em>cum</em></strong></span> <span class='ocrx_word' id='word_1_481' title='bbox 1214 3244 1410 3315; x_wconf 87' lang='lat' dir='ltr'><strong><em>quibus</em></strong></span> <span class='ocrx_word' id='word_1_482' title='bbox 1469 3255 1651 3301; x_wconf 88' lang='lat' dir='ltr'><strong><em>tamen</em></strong></span> <span class='ocrx_word' id='word_1_483' title='bbox 1706 3246 1883 3302; x_wconf 84' lang='lat' dir='ltr'><strong><em>sancti</em></strong></span> 
     </span>
    </p>
   </div>
   <div class='ocr_carea' id='block_1_65' title="bbox 288 3335 1886 3409">
    <p class='ocr_par' dir='ltr' id='par_1_65' title="bbox 288 3335 1886 3409">
     <span class='ocr_line' id='line_1_65' title="bbox 288 3335 1886 3409; baseline 0.001 -19"><span class='ocrx_word' id='word_1_484' title='bbox 288 3342 458 3390; x_wconf 80' lang='lat' dir='ltr'><strong><em>antea</em></strong></span> <span class='ocrx_word' id='word_1_485' title='bbox 482 3335 725 3390; x_wconf 84' lang='lat' dir='ltr'><strong><em>viventes</em></strong></span> <span class='ocrx_word' id='word_1_486' title='bbox 752 3344 1269 3405; x_wconf 86' lang='lat' dir='ltr'><strong><em>conversantesqne,</em></strong></span> <span class='ocrx_word' id='word_1_487' title='bbox 1292 3343 1490 3392; x_wconf 88' lang='lat' dir='ltr'><strong><em>etcum</em></strong></span> <span class='ocrx_word' id='word_1_488' title='bbox 1511 3337 1724 3393; x_wconf 65' lang='lat' dir='ltr'><strong><em>caeteris</em></strong></span> <span class='ocrx_word' id='word_1_489' title='bbox 1749 3351 1886 3409; x_wconf 91' lang='lat' dir='ltr'><strong><em>quos</em></strong></span> 
     </span>
    </p>
   </div>
   <div class='ocr_carea' id='block_1_66' title="bbox 293 3424 1884 3496">
    <p class='ocr_par' dir='ltr' id='par_1_66' title="bbox 293 3424 1884 3496">
     <span class='ocr_line' id='line_1_66' title="bbox 293 3424 1884 3496; baseline 0.003 -17"><span class='ocrx_word' id='word_1_490' title='bbox 293 3424 562 3495; x_wconf 79' lang='lat' dir='ltr'><strong><em>reprobat</em></strong></span> <span class='ocrx_word' id='word_1_491' title='bbox 590 3425 756 3490; x_wconf 89' lang='lat' dir='ltr'><strong><em>Deus,</em></strong></span> <span class='ocrx_word' id='word_1_492' title='bbox 795 3425 1092 3480; x_wconf 89' lang='lat' dir='ltr'><strong><em>secundum</em></strong></span> <span class='ocrx_word' id='word_1_493' title='bbox 1121 3425 1284 3480; x_wconf 88' lang='lat' dir='ltr'><strong><em>verba</em></strong></span> <span class='ocrx_word' id='word_1_494' title='bbox 1322 3440 1441 3496; x_wconf 70' lang='lat' dir='ltr'><strong><em>qua:</em></strong></span> <span class='ocrx_word' id='word_1_495' title='bbox 1481 3426 1537 3483; x_wconf 90' lang='lat' dir='ltr'><strong><em>in</em></strong></span> <span class='ocrx_word' id='word_1_496' title='bbox 1583 3442 1678 3484; x_wconf 92' lang='lat' dir='ltr'><strong><em>eos</em></strong></span> <span class='ocrx_word' id='word_1_497' title='bbox 1703 3427 1884 3483; x_wconf 90' lang='lat' dir='ltr'><strong><em>incre-</em></strong></span> 
     </span>
    </p>
   </div>
   <div class='ocr_carea' id='block_1_67' title="bbox 294 3514 1889 3588">
    <p class='ocr_par' dir='ltr' id='par_1_67' title="bbox 294 3514 1889 3588">
     <span class='ocr_line' id='line_1_67' title="bbox 294 3514 1889 3588; baseline 0.005 -21"><span class='ocrx_word' id='word_1_498' title='bbox 294 3530 442 3584; x_wconf 85' lang='lat' dir='ltr'><strong><em>pans</em></strong></span> <span class='ocrx_word' id='word_1_499' title='bbox 469 3514 620 3581; x_wconf 82' lang='lat' dir='ltr'><strong><em>dicit,</em></strong></span> <span class='ocrx_word' id='word_1_500' title='bbox 648 3516 1007 3570; x_wconf 85' lang='lat' dir='ltr'><strong><em>contaminari</em></strong></span> <span class='ocrx_word' id='word_1_501' title='bbox 1033 3524 1213 3570; x_wconf 88' lang='lat' dir='ltr'><strong><em>tamen</em></strong></span> <span class='ocrx_word' id='word_1_502' title='bbox 1246 3518 1315 3572; x_wconf 89' lang='lat' dir='ltr'><strong><em>ab</em></strong></span> <span class='ocrx_word' id='word_1_503' title='bbox 1345 3517 1426 3573; x_wconf 90' lang='lat' dir='ltr'><strong><em>eis</em></strong></span> <span class='ocrx_word' id='word_1_504' title='bbox 1452 3518 1676 3574; x_wconf 90' lang='lat' dir='ltr'><strong><em>minime</em></strong></span> <span class='ocrx_word' id='word_1_505' title='bbox 1705 3528 1889 3588; x_wconf 87' lang='lat' dir='ltr'><strong><em>potuc-</em></strong></span> 
     </span>
    </p>
   </div>
   <div class='ocr_carea' id='block_1_68' title="bbox 292 3603 1886 3680">
    <p class='ocr_par' dir='ltr' id='par_1_68' title="bbox 292 3603 1886 3680">
     <span class='ocr_line' id='line_1_68' title="bbox 292 3603 1886 3680; baseline 0.004 -22"><span class='ocrx_word' id='word_1_506' title='bbox 292 3614 462 3670; x_wconf 87' lang='lat' dir='ltr'><strong><em>runt;</em></strong></span> <span class='ocrx_word' id='word_1_507' title='bbox 506 3621 606 3661; x_wconf 86' lang='lat' dir='ltr'><strong><em>nec</em></strong></span> <span class='ocrx_word' id='word_1_508' title='bbox 642 3607 884 3676; x_wconf 77' lang='lat' dir='ltr'><strong><em>separari</em></strong></span> <span class='ocrx_word' id='word_1_509' title='bbox 916 3622 975 3661; x_wconf 92' lang='lat' dir='ltr'><strong><em>se</em></strong></span> <span class='ocrx_word' id='word_1_510' title='bbox 999 3603 1137 3674; x_wconf 91' lang='lat' dir='ltr'><strong><em>jussi</em></strong></span> <span class='ocrx_word' id='word_1_511' title='bbox 1167 3618 1312 3673; x_wconf 88' lang='lat' dir='ltr'><strong><em>sunt,</em></strong></span> <span class='ocrx_word' id='word_1_512' title='bbox 1346 3610 1562 3680; x_wconf 86' lang='lat' dir='ltr'><strong><em>quando</em></strong></span> <span class='ocrx_word' id='word_1_513' title='bbox 1592 3611 1886 3665; x_wconf 89' lang='lat' dir='ltr'><strong><em>vindictam</em></strong></span> 
     </span>
    </p>
   </div>
   <div class='ocr_carea' id='block_1_69' title="bbox 294 3697 1888 3771">
    <p class='ocr_par' dir='ltr' id='par_1_69' title="bbox 294 3697 1888 3771">
     <span class='ocr_line' id='line_1_69' title="bbox 294 3697 1888 3771; baseline 0.001 -17"><span class='ocrx_word' id='word_1_514' title='bbox 294 3698 566 3754; x_wconf 87' lang='lat' dir='ltr'><strong><em>Dominus</em></strong></span> <span class='ocrx_word' id='word_1_515' title='bbox 594 3699 708 3754; x_wconf 87' lang='lat' dir='ltr'><strong><em>sive</em></strong></span> <span class='ocrx_word' id='word_1_516' title='bbox 736 3697 1043 3763; x_wconf 84' lang='lat' dir='ltr'><strong><em>diﬁ&#39;erebat,</em></strong></span> <span class='ocrx_word' id='word_1_517' title='bbox 1072 3700 1186 3754; x_wconf 90' lang='lat' dir='ltr'><strong><em>sive</em></strong></span> <span class='ocrx_word' id='word_1_518' title='bbox 1236 3700 1398 3755; x_wconf 89' lang='lat' dir='ltr'><strong><em>talem</em></strong></span> <span class='ocrx_word' id='word_1_519' title='bbox 1441 3699 1756 3765; x_wconf 86' lang='lat' dir='ltr'><strong><em>adhibebat,</em></strong></span> <span class='ocrx_word' id='word_1_520' title='bbox 1782 3715 1888 3771; x_wconf 88' lang='lat' dir='ltr'><strong><em>qua</em></strong></span> 
     </span>
    </p>
   </div>
   <div class='ocr_carea' id='block_1_70' title="bbox 301 3788 1891 3861">
    <p class='ocr_par' dir='ltr' id='par_1_70' title="bbox 301 3788 1891 3861">
     <span class='ocr_line' id='line_1_70' title="bbox 301 3788 1891 3861; baseline 0.002 -19"><span class='ocrx_word' id='word_1_521' title='bbox 301 3788 628 3843; x_wconf 77' lang='lat' dir='ltr'><strong><em>innocentes</em></strong></span> <span class='ocrx_word' id='word_1_522' title='bbox 655 3788 951 3859; x_wconf 86' lang='lat' dir='ltr'><strong><em>periclitari</em></strong></span> <span class='ocrx_word' id='word_1_523' title='bbox 978 3789 1062 3844; x_wconf 84' lang='lat' dir='ltr'><strong><em>vel</em></strong></span> <span class='ocrx_word' id='word_1_524' title='bbox 1106 3788 1227 3844; x_wconf 71' lang='lat' dir='ltr'><strong><em>Imdi</em></strong></span> <span class='ocrx_word' id='word_1_525' title='bbox 1279 3806 1386 3844; x_wconf 90' lang='lat' dir='ltr'><strong><em>non</em></strong></span> <span class='ocrx_word' id='word_1_526' title='bbox 1437 3799 1660 3861; x_wconf 89' lang='lat' dir='ltr'><strong><em>possent</em></strong></span> <span class='ocrx_word' id='word_1_527' title='bbox 1697 3808 1711 3845; x_wconf 90' lang='lat'><strong>:</strong></span> <span class='ocrx_word' id='word_1_528' title='bbox 1749 3790 1891 3845; x_wconf 89' lang='lat' dir='ltr'><strong><em>sicut</em></strong></span> 
     </span>
    </p>
   </div>
   <div class='ocr_carea' id='block_1_71' title="bbox 296 3881 1888 3954">
    <p class='ocr_par' dir='ltr' id='par_1_71' title="bbox 296 3881 1888 3954">
     <span class='ocr_line' id='line_1_71' title="bbox 296 3881 1888 3954; baseline 0.002 -18"><span class='ocrx_word' id='word_1_529' title='bbox 296 3881 644 3951; x_wconf 76' lang='lat' dir='ltr'><strong><em>serpentium</em></strong></span> <span class='ocrx_word' id='word_1_530' title='bbox 697 3881 1005 3948; x_wconf 88' lang='lat' dir='ltr'><strong><em>morsibus,</em></strong></span> <span class='ocrx_word' id='word_1_531' title='bbox 1046 3882 1189 3937; x_wconf 90' lang='lat' dir='ltr'><strong><em>sicut</em></strong></span> <span class='ocrx_word' id='word_1_532' title='bbox 1235 3891 1417 3954; x_wconf 85' lang='lat' dir='ltr'><strong><em>strage</em></strong></span> <span class='ocrx_word' id='word_1_533' title='bbox 1459 3883 1735 3951; x_wconf 89' lang='lat' dir='ltr'><strong><em>mortium,</em></strong></span> <span class='ocrx_word' id='word_1_534' title='bbox 1781 3900 1888 3954; x_wconf 90' lang='lat' dir='ltr'><strong><em>qua</em></strong></span> 
     </span>
    </p>
   </div>
   <div class='ocr_carea' id='block_1_72' title="bbox 298 3970 1891 4045">
    <p class='ocr_par' dir='ltr' id='par_1_72' title="bbox 298 3970 1891 4045">
     <span class='ocr_line' id='line_1_72' title="bbox 298 3970 1891 4045; baseline 0.003 -20"><span class='ocrx_word' id='word_1_535' title='bbox 298 3970 457 4029; x_wconf 77' lang='lat' dir='ltr'><strong><em>Deus</em></strong></span> <span class='ocrx_word' id='word_1_536' title='bbox 513 3985 674 4045; x_wconf 88' lang='lat' dir='ltr'><strong><em>quem</em></strong></span> <span class='ocrx_word' id='word_1_537' title='bbox 725 3970 961 4039; x_wconf 87' lang='lat' dir='ltr'><strong><em>volebat,</em></strong></span> <span class='ocrx_word' id='word_1_538' title='bbox 992 3972 1132 4028; x_wconf 90' lang='lat' dir='ltr'><strong><em>sicut</em></strong></span> <span class='ocrx_word' id='word_1_539' title='bbox 1168 3972 1399 4037; x_wconf 85' lang='lat' dir='ltr'><strong><em>volebat,</em></strong></span> <span class='ocrx_word' id='word_1_540' title='bbox 1425 3972 1530 4029; x_wconf 88' lang='lat' dir='ltr'><strong><em>alio</em></strong></span> <span class='ocrx_word' id='word_1_541' title='bbox 1554 3975 1891 4044; x_wconf 86' lang='lat' dir='ltr'><strong><em>percutiebat</em></strong></span> 
     </span>
    </p>
   </div>
   <div class='ocr_carea' id='block_1_73' title="bbox 296 4064 1886 4139">
    <p class='ocr_par' dir='ltr' id='par_1_73' title="bbox 296 4064 1886 4139">
     <span class='ocr_line' id='line_1_73' title="bbox 296 4064 1886 4139; baseline 0.003 -20"><span class='ocrx_word' id='word_1_542' title='bbox 296 4064 544 4129; x_wconf 88' lang='lat' dir='ltr'><strong><em>intacto;</em></strong></span> <span class='ocrx_word' id='word_1_543' title='bbox 580 4079 686 4118; x_wconf 89' lang='lat' dir='ltr'><strong><em>non</em></strong></span> <span class='ocrx_word' id='word_1_544' title='bbox 729 4065 871 4120; x_wconf 87' lang='lat' dir='ltr'><strong><em>sicut</em></strong></span> <span class='ocrx_word' id='word_1_545' title='bbox 901 4080 1041 4134; x_wconf 88' lang='lat' dir='ltr'><strong><em>aqua</em></strong></span> <span class='ocrx_word' id='word_1_546' title='bbox 1091 4065 1301 4132; x_wconf 83' lang='lat' dir='ltr'><strong><em>diluvii,</em></strong></span> <span class='ocrx_word' id='word_1_547' title='bbox 1331 4074 1426 4121; x_wconf 88' lang='lat' dir='ltr'><strong><em>aut</em></strong></span> <span class='ocrx_word' id='word_1_548' title='bbox 1468 4067 1626 4139; x_wconf 84' lang='lat' dir='ltr'><strong><em>ignea</em></strong></span> <span class='ocrx_word' id='word_1_549' title='bbox 1683 4067 1886 4138; x_wconf 85' lang='lat' dir='ltr'><strong><em>pluvia,</em></strong></span> 
     </span>
    </p>
   </div>
   <div class='ocr_carea' id='block_1_74' title="bbox 294 4157 1893 4233">
    <p class='ocr_par' dir='ltr' id='par_1_74' title="bbox 294 4157 1893 4233">
     <span class='ocr_line' id='line_1_74' title="bbox 294 4157 1893 4233; baseline 0.006 -25"><span class='ocrx_word' id='word_1_550' title='bbox 294 4165 395 4233; x_wconf 80' lang='lat' dir='ltr'><strong><em>aut</em></strong></span> <span class='ocrx_word' id='word_1_551' title='bbox 457 4170 599 4226; x_wconf 89' lang='lat' dir='ltr'><strong><em>aqua</em></strong></span> <span class='ocrx_word' id='word_1_552' title='bbox 647 4157 815 4213; x_wconf 89' lang='lat' dir='ltr'><strong><em>maris</em></strong></span> <span class='ocrx_word' id='word_1_553' title='bbox 852 4166 945 4212; x_wconf 88' lang='lat' dir='ltr'><strong><em>aut</em></strong></span> <span class='ocrx_word' id='word_1_554' title='bbox 995 4158 1146 4215; x_wconf 88' lang='lat' dir='ltr'><strong><em>hiatu</em></strong></span> <span class='ocrx_word' id='word_1_555' title='bbox 1185 4167 1377 4226; x_wconf 66' lang='lat' dir='ltr'><strong><em>terrae,</em></strong></span> <span class='ocrx_word' id='word_1_556' title='bbox 1427 4176 1550 4231; x_wconf 72' lang='lat' dir='ltr'><strong><em>qua:</em></strong></span> <span class='ocrx_word' id='word_1_557' title='bbox 1601 4162 1893 4230; x_wconf 87' lang='lat' dir='ltr'><strong><em>permistos</em></strong></span> 
     </span>
    </p>
   </div>
   <div class='ocr_carea' id='block_1_75' title="bbox 295 4246 1891 4319">
    <p class='ocr_par' dir='ltr' id='par_1_75' title="bbox 295 4246 1891 4319">
     <span class='ocr_line' id='line_1_75' title="bbox 295 4246 1891 4319; baseline 0.006 -21"><span class='ocrx_word' id='word_1_558' title='bbox 295 4246 514 4316; x_wconf 86' lang='lat' dir='ltr'><strong><em>pariter</em></strong></span> <span class='ocrx_word' id='word_1_559' title='bbox 550 4254 855 4303; x_wconf 87' lang='lat' dir='ltr'><strong><em>assumeret</em></strong></span> <span class='ocrx_word' id='word_1_560' title='bbox 884 4266 897 4302; x_wconf 91' lang='lat'>:</span> <span class='ocrx_word' id='word_1_561' title='bbox 930 4263 1038 4303; x_wconf 89' lang='lat' dir='ltr'><strong><em>non</em></strong></span> <span class='ocrx_word' id='word_1_562' title='bbox 1080 4250 1206 4319; x_wconf 92' lang='lat' dir='ltr'><strong><em>quia</em></strong></span> <span class='ocrx_word' id='word_1_563' title='bbox 1242 4258 1297 4307; x_wconf 89' lang='lat' dir='ltr'><strong><em>et</em></strong></span> <span class='ocrx_word' id='word_1_564' title='bbox 1326 4250 1400 4306; x_wconf 85' lang='lat' dir='ltr'><strong><em>ibi</em></strong></span> <span class='ocrx_word' id='word_1_565' title='bbox 1430 4249 1574 4307; x_wconf 89' lang='lat' dir='ltr'><strong><em>Dens</em></strong></span> <span class='ocrx_word' id='word_1_566' title='bbox 1601 4267 1729 4308; x_wconf 90' lang='lat' dir='ltr'><strong><em>suos</em></strong></span> <span class='ocrx_word' id='word_1_567' title='bbox 1760 4268 1891 4307; x_wconf 91' lang='lat' dir='ltr'><strong><em>con-</em></strong></span> 
     </span>
    </p>
   </div>
   <div class='ocr_carea' id='block_1_76' title="bbox 1984 3160 3566 3232">
    <p class='ocr_par' dir='ltr' id='par_1_76' title="bbox 1984 3160 3566 3232">
     <span class='ocr_line' id='line_1_76' title="bbox 1984 3160 3566 3232; baseline -0.003 -12"><span class='ocrx_word' id='word_1_568' title='bbox 1984 3163 2243 3220; x_wconf 90' lang='lat' dir='ltr'><strong><em>deberent</em></strong></span> <span class='ocrx_word' id='word_1_569' title='bbox 2265 3182 2279 3218; x_wconf 88' lang='lat'><strong>:</strong></span> <span class='ocrx_word' id='word_1_570' title='bbox 2313 3162 2453 3219; x_wconf 88' lang='lat' dir='ltr'><strong><em>unde</em></strong></span> <span class='ocrx_word' id='word_1_571' title='bbox 2480 3162 2556 3217; x_wconf 89' lang='lat' dir='ltr'><strong><em>illi</em></strong></span> <span class='ocrx_word' id='word_1_572' title='bbox 2582 3176 2648 3217; x_wconf 80' lang='lat' dir='ltr'><strong><em>ex</em></strong></span> <span class='ocrx_word' id='word_1_573' title='bbox 2674 3160 2779 3216; x_wconf 87' lang='lat' dir='ltr'><strong><em>alio</em></strong></span> <span class='ocrx_word' id='word_1_574' title='bbox 2801 3176 2998 3232; x_wconf 85' lang='lat' dir='ltr'><strong><em>genere</em></strong></span> <span class='ocrx_word' id='word_1_575' title='bbox 3019 3161 3144 3230; x_wconf 88' lang='lat' dir='ltr'><strong><em>quia</em></strong></span> <span class='ocrx_word' id='word_1_576' title='bbox 3169 3160 3270 3215; x_wconf 92' lang='lat' dir='ltr'><strong><em>sibi</em></strong></span> <span class='ocrx_word' id='word_1_577' title='bbox 3301 3173 3566 3230; x_wconf 77' lang='lat' dir='ltr'><strong><em>usurpare</em></strong></span> 
     </span>
    </p>
   </div>
   <div class='ocr_carea' id='block_1_77' title="bbox 1984 3251 3566 3323">
    <p class='ocr_par' dir='ltr' id='par_1_77' title="bbox 1984 3251 3566 3323">
     <span class='ocr_line' id='line_1_77' title="bbox 1984 3251 3566 3323; baseline -0.001 -16"><span class='ocrx_word' id='word_1_578' title='bbox 1984 3254 2346 3309; x_wconf 86' lang='lat' dir='ltr'><strong><em>sacerdotium</em></strong></span> <span class='ocrx_word' id='word_1_579' title='bbox 2374 3253 2492 3308; x_wconf 90' lang='lat' dir='ltr'><strong><em>ausi</em></strong></span> <span class='ocrx_word' id='word_1_580' title='bbox 2520 3261 2670 3320; x_wconf 91' lang='lat' dir='ltr'><strong><em>sunt,</em></strong></span> <span class='ocrx_word' id='word_1_581' title='bbox 2687 3262 2794 3307; x_wconf 86' lang='lat' dir='ltr'><strong><em>tam</em></strong></span> <span class='ocrx_word' id='word_1_582' title='bbox 2818 3251 3089 3307; x_wconf 82' lang='lat' dir='ltr'><strong><em>horrendo</em></strong></span> <span class='ocrx_word' id='word_1_583' title='bbox 3108 3261 3164 3307; x_wconf 90' lang='lat' dir='ltr'><strong><em>et</em></strong></span> <span class='ocrx_word' id='word_1_584' title='bbox 3182 3251 3416 3307; x_wconf 89' lang='lat' dir='ltr'><strong><em>mirabili</em></strong></span> <span class='ocrx_word' id='word_1_585' title='bbox 3437 3267 3566 3323; x_wconf 77' lang='lat' dir='ltr'><strong><em>sup-</em></strong></span> 
     </span>
    </p>
   </div>
   <div class='ocr_carea' id='block_1_78' title="bbox 1984 3342 3571 3416">
    <p class='ocr_par' dir='ltr' id='par_1_78' title="bbox 1984 3342 3571 3416">
     <span class='ocr_line' id='line_1_78' title="bbox 1984 3342 3571 3416; baseline -0.001 -17"><span class='ocrx_word' id='word_1_586' title='bbox 1984 3344 2146 3416; x_wconf 87' lang='lat' dir='ltr'><strong><em>plicio</em></strong></span> <span class='ocrx_word' id='word_1_587' title='bbox 2172 3344 2471 3415; x_wconf 81' lang='lat' dir='ltr'><strong><em>perierunt,</em></strong></span> <span class='ocrx_word' id='word_1_588' title='bbox 2494 3360 2599 3401; x_wconf 88' lang='lat' dir='ltr'><strong><em>non</em></strong></span> <span class='ocrx_word' id='word_1_589' title='bbox 2621 3345 2687 3399; x_wconf 90' lang='lat' dir='ltr'><strong><em>ad</em></strong></span> <span class='ocrx_word' id='word_1_590' title='bbox 2720 3344 2925 3410; x_wconf 84' lang='lat' dir='ltr'><strong><em>Aaron,</em></strong></span> <span class='ocrx_word' id='word_1_591' title='bbox 2955 3343 3046 3413; x_wconf 90' lang='lat' dir='ltr'><strong><em>qui</em></strong></span> <span class='ocrx_word' id='word_1_592' title='bbox 3070 3342 3184 3414; x_wconf 90' lang='lat' dir='ltr'><strong><em>jam</em></strong></span> <span class='ocrx_word' id='word_1_593' title='bbox 3212 3358 3454 3399; x_wconf 89' lang='lat' dir='ltr'><strong><em>summus</em></strong></span> <span class='ocrx_word' id='word_1_594' title='bbox 3482 3359 3571 3399; x_wconf 81' lang='lat' dir='ltr'><strong><em>sa-</em></strong></span> 
     </span>
    </p>
   </div>
   <div class='ocr_carea' id='block_1_79' title="bbox 1988 3433 3569 3506">
    <p class='ocr_par' dir='ltr' id='par_1_79' title="bbox 1988 3433 3569 3506">
     <span class='ocr_line' id='line_1_79' title="bbox 1988 3433 3569 3506; baseline 0.001 -16"><span class='ocrx_word' id='word_1_595' title='bbox 1988 3433 2180 3491; x_wconf 85' lang='lat' dir='ltr'><strong><em>cerdos</em></strong></span> <span class='ocrx_word' id='word_1_596' title='bbox 2202 3443 2343 3501; x_wconf 91' lang='lat' dir='ltr'><strong><em>erat,</em></strong></span> <span class='ocrx_word' id='word_1_597' title='bbox 2373 3436 2467 3490; x_wconf 87' lang='lat' dir='ltr'><strong><em>sed</em></strong></span> <span class='ocrx_word' id='word_1_598' title='bbox 2492 3435 2561 3489; x_wconf 89' lang='lat' dir='ltr'><strong><em>ad</em></strong></span> <span class='ocrx_word' id='word_1_599' title='bbox 2587 3434 2816 3491; x_wconf 87' lang='lat' dir='ltr'><strong><em>Eleazar</em></strong></span> <span class='ocrx_word' id='word_1_600' title='bbox 2838 3434 3008 3491; x_wconf 87' lang='lat' dir='ltr'><strong><em>voluit</em></strong></span> <span class='ocrx_word' id='word_1_601' title='bbox 3033 3435 3180 3505; x_wconf 92' lang='lat' dir='ltr'><strong><em>loqui</em></strong></span> <span class='ocrx_word' id='word_1_602' title='bbox 3208 3434 3372 3500; x_wconf 90' lang='lat' dir='ltr'><strong><em>Deus,</em></strong></span> <span class='ocrx_word' id='word_1_603' title='bbox 3399 3437 3492 3506; x_wconf 88' lang='lat' dir='ltr'><strong><em>qui</em></strong></span> <span class='ocrx_word' id='word_1_604' title='bbox 3516 3436 3569 3491; x_wconf 89' lang='lat' dir='ltr'><strong><em>ei</em></strong></span> 
     </span>
    </p>
   </div>
   <div class='ocr_carea' id='block_1_80' title="bbox 1988 3522 3575 3593">
    <p class='ocr_par' dir='ltr' id='par_1_80' title="bbox 1988 3522 3575 3593">
     <span class='ocr_line' id='line_1_80' title="bbox 1988 3522 3575 3593; baseline 0 -13"><span class='ocrx_word' id='word_1_605' title='bbox 1988 3524 2281 3580; x_wconf 84' lang='lat' dir='ltr'><strong><em>succedere</em></strong></span> <span class='ocrx_word' id='word_1_606' title='bbox 2325 3523 2577 3589; x_wconf 87' lang='lat' dir='ltr'><strong><em>debebat,</em></strong></span> <span class='ocrx_word' id='word_1_607' title='bbox 2605 3532 2659 3579; x_wconf 89' lang='lat' dir='ltr'><strong><em>et</em></strong></span> <span class='ocrx_word' id='word_1_608' title='bbox 2698 3525 2935 3580; x_wconf 89' lang='lat' dir='ltr'><strong><em>secundo</em></strong></span> <span class='ocrx_word' id='word_1_609' title='bbox 2964 3522 3078 3593; x_wconf 80' lang='lat' dir='ltr'><strong><em>jam</em></strong></span> <span class='ocrx_word' id='word_1_610' title='bbox 3129 3526 3432 3580; x_wconf 90' lang='lat' dir='ltr'><strong><em>sacerdotio</em></strong></span> <span class='ocrx_word' id='word_1_611' title='bbox 3455 3526 3575 3580; x_wconf 63' lang='lat' dir='ltr'><strong><em>inn.</em></strong></span> 
     </span>
    </p>
   </div>
   <div class='ocr_carea' id='block_1_81' title="bbox 1990 3612 3569 3683">
    <p class='ocr_par' dir='ltr' id='par_1_81' title="bbox 1990 3612 3569 3683">
     <span class='ocr_line' id='line_1_81' title="bbox 1990 3612 3569 3683; baseline 0.004 -18"><span class='ocrx_word' id='word_1_612' title='bbox 1990 3612 2238 3683; x_wconf 84' lang='lat' dir='ltr'><strong><em>gebatur,</em></strong></span> <span class='ocrx_word' id='word_1_613' title='bbox 2272 3620 2332 3665; x_wconf 90' lang='lat' dir='ltr'><strong><em>ut</em></strong></span> <span class='ocrx_word' id='word_1_614' title='bbox 2355 3626 2420 3667; x_wconf 91' lang='lat' dir='ltr'><strong><em>eo</em></strong></span> <span class='ocrx_word' id='word_1_615' title='bbox 2446 3613 2605 3667; x_wconf 90' lang='lat' dir='ltr'><strong><em>modo</em></strong></span> <span class='ocrx_word' id='word_1_616' title='bbox 2658 3622 2859 3668; x_wconf 90' lang='lat' dir='ltr'><strong><em>sortem</em></strong></span> <span class='ocrx_word' id='word_1_617' title='bbox 2903 3614 3118 3682; x_wconf 81' lang='lat' dir='ltr'><strong><em>generis</em></strong></span> <span class='ocrx_word' id='word_1_618' title='bbox 3143 3615 3569 3680; x_wconf 89' lang='lat' dir='ltr'><strong><em>commendaret,</em></strong></span> 
     </span>
    </p>
   </div>
   <div class='ocr_carea' id='block_1_82' title="bbox 1994 3702 3569 3772">
    <p class='ocr_par' dir='ltr' id='par_1_82' title="bbox 1994 3702 3569 3772">
     <span class='ocr_line' id='line_1_82' title="bbox 1994 3702 3569 3772; baseline 0.004 -16"><span class='ocrx_word' id='word_1_619' title='bbox 1994 3716 2114 3772; x_wconf 70' lang='lat' dir='ltr'><strong><em>qum</em></strong></span> <span class='ocrx_word' id='word_1_620' title='bbox 2137 3702 2190 3756; x_wconf 91' lang='lat' dir='ltr'><strong><em>in</em></strong></span> <span class='ocrx_word' id='word_1_621' title='bbox 2219 3702 2655 3757; x_wconf 83' lang='lat' dir='ltr'><strong><em>successionibus</em></strong></span> <span class='ocrx_word' id='word_1_622' title='bbox 2683 3703 3026 3758; x_wconf 88' lang='lat' dir='ltr'><strong><em>sacerdotum</em></strong></span> <span class='ocrx_word' id='word_1_623' title='bbox 3050 3718 3171 3759; x_wconf 88' lang='lat' dir='ltr'><strong><em>esse</em></strong></span> <span class='ocrx_word' id='word_1_624' title='bbox 3197 3705 3437 3760; x_wconf 88' lang='lat' dir='ltr'><strong><em>deberet.</em></strong></span> <span class='ocrx_word' id='word_1_625' title='bbox 3461 3705 3569 3762; x_wconf 88' lang='lat' dir='ltr'><strong><em>Sed</em></strong></span> 
     </span>
    </p>
   </div>
   <div class='ocr_carea' id='block_1_83' title="bbox 1992 3791 3573 3863">
    <p class='ocr_par' dir='ltr' id='par_1_83' title="bbox 1992 3791 3573 3863">
     <span class='ocr_line' id='line_1_83' title="bbox 1992 3791 3573 3863; baseline 0.003 -17"><span class='ocrx_word' id='word_1_626' title='bbox 1992 3792 2309 3857; x_wconf 83' lang='lat' dir='ltr'><strong><em>notandum,</em></strong></span> <span class='ocrx_word' id='word_1_627' title='bbox 2363 3806 2504 3847; x_wconf 85' lang='lat' dir='ltr'><strong><em>novo</em></strong></span> <span class='ocrx_word' id='word_1_628' title='bbox 2547 3791 2708 3848; x_wconf 85' lang='lat' dir='ltr'><strong><em>modo</em></strong></span> <span class='ocrx_word' id='word_1_629' title='bbox 2749 3791 2894 3847; x_wconf 91' lang='lat' dir='ltr'><strong><em>dicta</em></strong></span> <span class='ocrx_word' id='word_1_630' title='bbox 2928 3792 3262 3849; x_wconf 87' lang='lat' dir='ltr'><strong><em>sanctiﬁcata</em></strong></span> <span class='ocrx_word' id='word_1_631' title='bbox 3298 3808 3457 3863; x_wconf 68' lang='lat' dir='ltr'><strong><em>pinna</em></strong></span> <span class='ocrx_word' id='word_1_632' title='bbox 3479 3810 3573 3850; x_wconf 59' lang='lat' dir='ltr'><strong><em>eo-o</em></strong></span> 
     </span>
    </p>
   </div>
   <div class='ocr_carea' id='block_1_84' title="bbox 1991 3879 3568 3954">
    <p class='ocr_par' dir='ltr' id='par_1_84' title="bbox 1991 3879 3568 3954">
     <span class='ocr_line' id='line_1_84' title="bbox 1991 3879 3568 3954; baseline 0.001 -17"><span class='ocrx_word' id='word_1_633' title='bbox 1991 3897 2134 3947; x_wconf 90' lang='lat' dir='ltr'><strong><em>rum,</em></strong></span> <span class='ocrx_word' id='word_1_634' title='bbox 2163 3896 2194 3936; x_wconf 90' lang='lat' dir='ltr'><strong><em>a</em></strong></span> <span class='ocrx_word' id='word_1_635' title='bbox 2234 3879 2431 3950; x_wconf 70' lang='lat' dir='ltr'><strong><em>quibus</em></strong></span> <span class='ocrx_word' id='word_1_636' title='bbox 2469 3881 2572 3937; x_wconf 89' lang='lat' dir='ltr'><strong><em>hoc</em></strong></span> <span class='ocrx_word' id='word_1_637' title='bbox 2612 3890 2898 3950; x_wconf 86' lang='lat' dir='ltr'><strong><em>peccatum</em></strong></span> <span class='ocrx_word' id='word_1_638' title='bbox 2948 3880 3129 3937; x_wconf 82' lang='lat' dir='ltr'><strong><em>fuerat</em></strong></span> <span class='ocrx_word' id='word_1_639' title='bbox 3176 3894 3568 3954; x_wconf 87' lang='lat' dir='ltr'><strong><em>perpetratum.</em></strong></span> 
     </span>
    </p>
   </div>
   <div class='ocr_carea' id='block_1_85' title="bbox 1992 3972 3573 4046">
    <p class='ocr_par' dir='ltr' id='par_1_85' title="bbox 1992 3972 3573 4046">
     <span class='ocr_line' id='line_1_85' title="bbox 1992 3972 3573 4046; baseline 0.003 -20"><span class='ocrx_word' id='word_1_640' title='bbox 1992 3973 2115 4043; x_wconf 89' lang='lat' dir='ltr'><strong><em>quia</em></strong></span> <span class='ocrx_word' id='word_1_641' title='bbox 2147 3987 2244 4043; x_wconf 89' lang='lat' dir='ltr'><strong><em>per</em></strong></span> <span class='ocrx_word' id='word_1_642' title='bbox 2272 3987 2366 4027; x_wconf 80' lang='lat' dir='ltr'><strong><em>eos</em></strong></span> <span class='ocrx_word' id='word_1_643' title='bbox 2402 3972 2709 4046; x_wconf 76' lang='lat' dir='ltr'><strong><em>exemplum</em></strong></span> <span class='ocrx_word' id='word_1_644' title='bbox 2740 3973 2924 4029; x_wconf 88' lang='lat' dir='ltr'><strong><em>datum</em></strong></span> <span class='ocrx_word' id='word_1_645' title='bbox 2953 3980 3037 4028; x_wconf 87' lang='lat' dir='ltr'><strong><em>est</em></strong></span> <span class='ocrx_word' id='word_1_646' title='bbox 3063 3974 3274 4029; x_wconf 66' lang='lat' dir='ltr'><strong><em>caeteris</em></strong></span> <span class='ocrx_word' id='word_1_647' title='bbox 3301 3976 3573 4045; x_wconf 87' lang='lat' dir='ltr'><strong><em>quomodo</em></strong></span> 
     </span>
    </p>
   </div>
   <div class='ocr_carea' id='block_1_86' title="bbox 1995 4061 3575 4137">
    <p class='ocr_par' dir='ltr' id='par_1_86' title="bbox 1995 4061 3575 4137">
     <span class='ocr_line' id='line_1_86' title="bbox 1995 4061 3575 4137; baseline 0.002 -19"><span class='ocrx_word' id='word_1_648' title='bbox 1995 4064 2266 4119; x_wconf 88' lang='lat' dir='ltr'><strong><em>timerent.</em></strong></span> <span class='ocrx_word' id='word_1_649' title='bbox 2296 4061 2840 4137; x_wconf 84' lang='lat' dir='ltr'><strong><em>Circumpositionem</em></strong></span> <span class='ocrx_word' id='word_1_650' title='bbox 2871 4073 3051 4119; x_wconf 89' lang='lat' dir='ltr'><strong><em>autem</em></strong></span> <span class='ocrx_word' id='word_1_651' title='bbox 3079 4064 3236 4129; x_wconf 88' lang='lat' dir='ltr'><strong><em>altari</em></strong></span> <span class='ocrx_word' id='word_1_652' title='bbox 3271 4082 3371 4121; x_wconf 91' lang='lat' dir='ltr'><strong><em>cur</em></strong></span> <span class='ocrx_word' id='word_1_653' title='bbox 3402 4082 3467 4120; x_wconf 79' lang='lat' dir='ltr'><strong><em>ex</em></strong></span> <span class='ocrx_word' id='word_1_654' title='bbox 3493 4067 3575 4122; x_wconf 86' lang='lat' dir='ltr'><strong><em>eis</em></strong></span> 
     </span>
    </p>
   </div>
   <div class='ocr_carea' id='block_1_87' title="bbox 1994 4152 3573 4223">
    <p class='ocr_par' dir='ltr' id='par_1_87' title="bbox 1994 4152 3573 4223">
     <span class='ocr_line' id='line_1_87' title="bbox 1994 4152 3573 4223; baseline 0.002 -15"><span class='ocrx_word' id='word_1_655' title='bbox 1994 4152 2111 4208; x_wconf 87' lang='lat' dir='ltr'><strong><em>ﬁeri</em></strong></span> <span class='ocrx_word' id='word_1_656' title='bbox 2135 4152 2543 4217; x_wconf 87' lang='lat' dir='ltr'><strong><em>voluit,addidit</em></strong></span> <span class='ocrx_word' id='word_1_657' title='bbox 2571 4154 2777 4213; x_wconf 89' lang='lat' dir='ltr'><strong><em>dicens.</em></strong></span> <span class='ocrx_word' id='word_1_658' title='bbox 2805 4155 3062 4223; x_wconf 89' lang='lat' dir='ltr'><strong><em>quoniam</em></strong></span> <span class='ocrx_word' id='word_1_659' title='bbox 3092 4154 3271 4209; x_wconf 87' lang='lat' dir='ltr'><strong><em>oblata</em></strong></span> <span class='ocrx_word' id='word_1_660' title='bbox 3295 4164 3421 4209; x_wconf 90' lang='lat' dir='ltr'><strong><em>sunt</em></strong></span> <span class='ocrx_word' id='word_1_661' title='bbox 3445 4165 3573 4211; x_wconf 85' lang='lat' dir='ltr'><strong><em>ante</em></strong></span> 
     </span>
    </p>
   </div>
   <div class='ocr_carea' id='block_1_88' title="bbox 1993 4244 3573 4315">
    <p class='ocr_par' dir='ltr' id='par_1_88' title="bbox 1993 4244 3573 4315">
     <span class='ocr_line' id='line_1_88' title="bbox 1993 4244 3573 4315; baseline 0.001 -16"><span class='ocrx_word' id='word_1_662' title='bbox 1993 4245 2162 4299; x_wconf 87' lang='lat' dir='ltr'><strong><em>Deum</em></strong></span> <span class='ocrx_word' id='word_1_663' title='bbox 2193 4252 2249 4300; x_wconf 88' lang='lat' dir='ltr'><strong><em>et</em></strong></span> <span class='ocrx_word' id='word_1_664' title='bbox 2269 4244 2627 4308; x_wconf 86' lang='lat' dir='ltr'><strong><em>sanctiﬁcata,</em></strong></span> <span class='ocrx_word' id='word_1_665' title='bbox 2661 4244 2804 4298; x_wconf 79' lang='lat' dir='ltr'><strong><em>facta</em></strong></span> <span class='ocrx_word' id='word_1_666' title='bbox 2831 4254 2957 4299; x_wconf 89' lang='lat' dir='ltr'><strong><em>sunt</em></strong></span> <span class='ocrx_word' id='word_1_667' title='bbox 2988 4245 3043 4298; x_wconf 91' lang='lat' dir='ltr'><strong><em>in</em></strong></span> <span class='ocrx_word' id='word_1_668' title='bbox 3083 4245 3297 4315; x_wconf 83' lang='lat' dir='ltr'><strong><em>signum</em></strong></span> <span class='ocrx_word' id='word_1_669' title='bbox 3328 4245 3453 4300; x_wconf 91' lang='lat' dir='ltr'><strong><em>ﬁliis</em></strong></span> <span class='ocrx_word' id='word_1_670' title='bbox 3499 4246 3573 4301; x_wconf 76' lang='lat' dir='ltr'><strong><em>ls~</em></strong></span> 
     </span>
    </p>
   </div>
   <div class='ocr_carea' id='block_1_89' title="bbox 296 4332 3577 4413">
    <p class='ocr_par' dir='ltr' id='par_1_89' title="bbox 296 4332 3577 4413">
     <span class='ocr_line' id='line_1_89' title="bbox 296 4332 3577 4413; baseline 0.001 -24"><span class='ocrx_word' id='word_1_671' title='bbox 296 4351 527 4391; x_wconf 82' lang='lat' dir='ltr'><strong><em>servare</em></strong></span> <span class='ocrx_word' id='word_1_672' title='bbox 549 4351 657 4392; x_wconf 89' lang='lat' dir='ltr'><strong><em>non</em></strong></span> <span class='ocrx_word' id='word_1_673' title='bbox 687 4346 902 4408; x_wconf 86' lang='lat' dir='ltr'><strong><em>posset;</em></strong></span> <span class='ocrx_word' id='word_1_674' title='bbox 959 4340 1052 4395; x_wconf 84' lang='lat' dir='ltr'><strong><em>sed</em></strong></span> <span class='ocrx_word' id='word_1_675' title='bbox 1082 4341 1213 4413; x_wconf 84' lang='lat' dir='ltr'><strong><em>quid</em></strong></span> <span class='ocrx_word' id='word_1_676' title='bbox 1256 4357 1394 4412; x_wconf 82' lang='lat' dir='ltr'><strong><em>opus</em></strong></span> <span class='ocrx_word' id='word_1_677' title='bbox 1424 4352 1545 4404; x_wconf 63' lang='lat' dir='ltr'><strong><em>erat</em></strong></span> <span class='ocrx_word' id='word_1_678' title='bbox 1592 4345 1889 4400; x_wconf 63' lang='lat' dir='ltr'><strong><em>mutatione</em></strong></span> <span class='ocrx_word' id='word_1_679' title='bbox 1920 4397 1966 4413; x_wconf 45' lang='lat' dir='ltr'><strong>ﬁ</strong></span> <span class='ocrx_word' id='word_1_680' title='bbox 1986 4333 2128 4399; x_wconf 69' lang='lat' dir='ltr'><strong><em>.rael.</em></strong></span> <span class='ocrx_word' id='word_1_681' title='bbox 2163 4332 2279 4389; x_wconf 87' lang='lat' dir='ltr'><strong><em>Non</em></strong></span> <span class='ocrx_word' id='word_1_682' title='bbox 2307 4350 2439 4405; x_wconf 88' lang='lat' dir='ltr'><strong><em>ergo</em></strong></span> <span class='ocrx_word' id='word_1_683' title='bbox 2470 4334 2523 4388; x_wconf 90' lang='lat' dir='ltr'><strong><em>in</em></strong></span> <span class='ocrx_word' id='word_1_684' title='bbox 2546 4334 2626 4389; x_wconf 90' lang='lat' dir='ltr'><strong><em>eis</em></strong></span> <span class='ocrx_word' id='word_1_685' title='bbox 2665 4334 2943 4404; x_wconf 89' lang='lat' dir='ltr'><strong><em>reprobari</em></strong></span> <span class='ocrx_word' id='word_1_686' title='bbox 2997 4334 3191 4396; x_wconf 87' lang='lat' dir='ltr'><strong><em>voluit,</em></strong></span> <span class='ocrx_word' id='word_1_687' title='bbox 3231 4335 3374 4405; x_wconf 91' lang='lat' dir='ltr'><strong><em>quod</em></strong></span> <span class='ocrx_word' id='word_1_688' title='bbox 3398 4351 3428 4389; x_wconf 89' lang='lat' dir='ltr'><strong><em>a</em></strong></span> <span class='ocrx_word' id='word_1_689' title='bbox 3455 4335 3577 4391; x_wconf 84' lang='lat' dir='ltr'><strong><em>tali-</em></strong></span> 
     </span>
    </p>
   </div>
   <div class='ocr_carea' id='block_1_90' title="bbox 297 4397 3575 4506">
    <p class='ocr_par' dir='ltr' id='par_1_90' title="bbox 297 4397 3575 4506">
     <span class='ocr_line' id='line_1_90' title="bbox 297 4397 3575 4506; baseline 0.002 -24"><span class='ocrx_word' id='word_1_690' title='bbox 297 4427 557 4483; x_wconf 86' lang='lat' dir='ltr'><strong><em>miraculi</em></strong></span> <span class='ocrx_word' id='word_1_691' title='bbox 605 4397 705 4483; x_wconf 73' lang='lat' dir='ltr'><strong><em>ubi</em></strong></span> <span class='ocrx_word' id='word_1_692' title='bbox 727 4397 1000 4502; x_wconf 80' lang='lat' dir='ltr'><strong><em>separatio</em></strong></span> <span class='ocrx_word' id='word_1_693' title='bbox 1028 4397 1143 4488; x_wconf 62' lang='lat' dir='ltr'><strong><em>ﬁcii</em></strong></span> <span class='ocrx_word' id='word_1_694' title='bbox 1169 4397 1406 4503; x_wconf 68' lang='lat' dir='ltr'><strong><em>poterat,</em></strong></span> <span class='ocrx_word' id='word_1_695' title='bbox 1432 4397 1781 4506; x_wconf 46' lang='lat' dir='ltr'><strong><em>uterne;</em></strong></span> <span class='ocrx_word' id='word_1_696' title='bbox 1796 4397 1889 4490; x_wconf 45' lang='lat' dir='ltr'><strong><em>te}</em></strong></span> <span class='ocrx_word' id='word_1_697' title='bbox 1918 4397 1969 4457; x_wconf 79' lang='lat' dir='ltr'><strong><em>D</em></strong></span> <span class='ocrx_word' id='word_1_698' title='bbox 1987 4397 2096 4483; x_wconf 81' lang='lat' dir='ltr'><strong><em>bus</em></strong></span> <span class='ocrx_word' id='word_1_699' title='bbox 2115 4426 2296 4482; x_wconf 79' lang='lat' dir='ltr'><strong><em>oblata</em></strong></span> <span class='ocrx_word' id='word_1_700' title='bbox 2320 4397 2465 4488; x_wconf 43' lang='lat' dir='ltr'><strong><em>su&#39;nt.</em></strong></span> <span class='ocrx_word' id='word_1_701' title='bbox 2497 4427 2592 4482; x_wconf 85' lang='lat' dir='ltr'><strong><em>sed</em></strong></span> <span class='ocrx_word' id='word_1_702' title='bbox 2636 4397 2744 4482; x_wconf 66' lang='lat' dir='ltr'><strong><em>hoc</em></strong></span> <span class='ocrx_word' id='word_1_703' title='bbox 2778 4428 2957 4498; x_wconf 76' lang='lat' dir='ltr'><strong><em>potius</em></strong></span> <span class='ocrx_word' id='word_1_704' title='bbox 3003 4397 3336 4499; x_wconf 48' lang='lat' dir='ltr'><strong><em>cogitari-et</em></strong></span> <span class='ocrx_word' id='word_1_705' title='bbox 3369 4429 3575 4486; x_wconf 80' lang='lat' dir='ltr'><strong><em>attendi</em></strong></span> 
     </span>
    </p>
   </div>
   <div class='ocr_carea' id='block_1_91' title="bbox 298 4516 1892 4593">
    <p class='ocr_par' dir='ltr' id='par_1_91' title="bbox 298 4516 1892 4593">
     <span class='ocr_line' id='line_1_91' title="bbox 298 4516 1892 4593; baseline 0.005 -22"><span class='ocrx_word' id='word_1_706' title='bbox 298 4518 464 4587; x_wconf 85' lang='lat' dir='ltr'><strong><em>ignis,</em></strong></span> <span class='ocrx_word' id='word_1_707' title='bbox 498 4517 587 4573; x_wconf 81' lang='lat' dir='ltr'><strong><em>vel</em></strong></span> <span class='ocrx_word' id='word_1_708' title='bbox 608 4516 793 4576; x_wconf 84' lang='lat' dir='ltr'><strong><em>hiatus</em></strong></span> <span class='ocrx_word' id='word_1_709' title='bbox 840 4528 1020 4587; x_wconf 65' lang='lat' dir='ltr'><strong><em>terrae,</em></strong></span> <span class='ocrx_word' id='word_1_710' title='bbox 1055 4537 1192 4593; x_wconf 92' lang='lat' dir='ltr'><strong><em>quos</em></strong></span> <span class='ocrx_word' id='word_1_711' title='bbox 1247 4524 1569 4589; x_wconf 88' lang='lat' dir='ltr'><strong><em>invenisset,</em></strong></span> <span class='ocrx_word' id='word_1_712' title='bbox 1617 4524 1892 4580; x_wconf 84' lang='lat' dir='ltr'><strong><em>auferret?</em></strong></span> 
     </span>
    </p>
   </div>
   <div class='ocr_carea' id='block_1_92' title="bbox 299 4607 1895 4684">
    <p class='ocr_par' dir='ltr' id='par_1_92' title="bbox 299 4607 1895 4684">
     <span class='ocr_line' id='line_1_92' title="bbox 299 4607 1895 4684; baseline 0.005 -22"><span class='ocrx_word' id='word_1_713' title='bbox 299 4607 396 4663; x_wconf 89' lang='lat' dir='ltr'><strong><em>Sic</em></strong></span> <span class='ocrx_word' id='word_1_714' title='bbox 423 4615 481 4662; x_wconf 88' lang='lat' dir='ltr'><strong><em>et</em></strong></span> <span class='ocrx_word' id='word_1_715' title='bbox 510 4608 568 4663; x_wconf 91' lang='lat' dir='ltr'><strong><em>in</em></strong></span> <span class='ocrx_word' id='word_1_716' title='bbox 617 4607 727 4665; x_wconf 88' lang='lat' dir='ltr'><strong><em>ﬁne</em></strong></span> <span class='ocrx_word' id='word_1_717' title='bbox 761 4626 792 4665; x_wconf 89' lang='lat' dir='ltr'><strong><em>a</em></strong></span> <span class='ocrx_word' id='word_1_718' title='bbox 829 4611 1054 4670; x_wconf 85' lang='lat' dir='ltr'><strong><em>zizaniis</em></strong></span> <span class='ocrx_word' id='word_1_719' title='bbox 1079 4615 1477 4684; x_wconf 88' lang='lat' dir='ltr'><strong><em>separabuntur</em></strong></span> <span class='ocrx_word' id='word_1_720' title='bbox 1508 4613 1801 4680; x_wconf 81' lang='lat' dir='ltr'><strong><em>frumenta,</em></strong></span> <span class='ocrx_word' id='word_1_721' title='bbox 1840 4623 1895 4670; x_wconf 89' lang='lat' dir='ltr'><strong><em>et</em></strong></span> 
     </span>
    </p>
   </div>
   <div class='ocr_carea' id='block_1_93' title="bbox 300 4702 1895 4778">
    <p class='ocr_par' dir='ltr' id='par_1_93' title="bbox 300 4702 1895 4778">
     <span class='ocr_line' id='line_1_93' title="bbox 300 4702 1895 4778; baseline 0.005 -23"><span class='ocrx_word' id='word_1_722' title='bbox 300 4702 481 4758; x_wconf 90' lang='lat' dir='ltr'><strong><em>malos</em></strong></span> <span class='ocrx_word' id='word_1_723' title='bbox 509 4703 884 4760; x_wconf 87' lang='lat' dir='ltr'><strong><em>cremantibus</em></strong></span> <span class='ocrx_word' id='word_1_724' title='bbox 906 4703 1158 4774; x_wconf 82' lang='lat' dir='ltr'><strong><em>ﬂammis,</em></strong></span> <span class='ocrx_word' id='word_1_725' title='bbox 1174 4705 1307 4777; x_wconf 90' lang='lat' dir='ltr'><strong><em>justi</em></strong></span> <span class='ocrx_word' id='word_1_726' title='bbox 1349 4707 1631 4778; x_wconf 79' lang='lat' dir='ltr'><strong><em>fulgebunt</em></strong></span> <span class='ocrx_word' id='word_1_727' title='bbox 1652 4706 1792 4763; x_wconf 89' lang='lat' dir='ltr'><strong><em>sicut</em></strong></span> <span class='ocrx_word' id='word_1_728' title='bbox 1815 4707 1895 4763; x_wconf 92' lang='lat' dir='ltr'><strong><em>sol</em></strong></span> 
     </span>
    </p>
   </div>
   <div class='ocr_carea' id='block_1_94' title="bbox 297 4791 1007 4864">
    <p class='ocr_par' dir='ltr' id='par_1_94' title="bbox 297 4791 1007 4864">
     <span class='ocr_line' id='line_1_94' title="bbox 297 4791 1007 4864; baseline 0.004 -16"><span class='ocrx_word' id='word_1_729' title='bbox 297 4793 355 4848; x_wconf 91' lang='lat' dir='ltr'><strong><em>in</em></strong></span> <span class='ocrx_word' id='word_1_730' title='bbox 385 4808 561 4864; x_wconf 81' lang='lat' dir='ltr'><strong><em>regno</em></strong></span> <span class='ocrx_word' id='word_1_731' title='bbox 593 4791 774 4863; x_wconf 87' lang='lat' dir='ltr'><strong><em>Patris</em></strong></span> <span class='ocrx_word' id='word_1_732' title='bbox 794 4810 1007 4851; x_wconf 91' lang='lat' dir='ltr'><strong><em>eorum.</em></strong></span> 
     </span>
    </p>
   </div>
   <div class='ocr_carea' id='block_1_95' title="bbox 375 4882 1894 4958">
    <p class='ocr_par' dir='ltr' id='par_1_95' title="bbox 375 4882 1894 4958">
     <span class='ocr_line' id='line_1_95' title="bbox 375 4882 1894 4958; baseline 0.002 -20"><span class='ocrx_word' id='word_1_733' title='bbox 375 4882 673 4954; x_wconf 79' lang='lat' dir='ltr'><strong><em>Confestim</em></strong></span> <span class='ocrx_word' id='word_1_734' title='bbox 700 4884 863 4955; x_wconf 85' lang='lat' dir='ltr'><strong><em>igitur</em></strong></span> <span class='ocrx_word' id='word_1_735' title='bbox 883 4895 940 4940; x_wconf 92' lang='lat' dir='ltr'><strong><em>ut</em></strong></span> <span class='ocrx_word' id='word_1_736' title='bbox 969 4889 1183 4942; x_wconf 77' lang='lat' dir='ltr'><strong><em>cessarit</em></strong></span> <span class='ocrx_word' id='word_1_737' title='bbox 1207 4887 1369 4958; x_wconf 87' lang='lat' dir='ltr'><strong><em>loqui,</em></strong></span> <span class='ocrx_word' id='word_1_738' title='bbox 1392 4887 1632 4958; x_wconf 85' lang='lat' dir='ltr'><strong><em>disrupta</em></strong></span> <span class='ocrx_word' id='word_1_739' title='bbox 1655 4897 1731 4941; x_wconf 89' lang='lat' dir='ltr'><strong><em>est</em></strong></span> <span class='ocrx_word' id='word_1_740' title='bbox 1753 4896 1894 4941; x_wconf 88' lang='lat' dir='ltr'><strong><em>terra</em></strong></span> 
     </span>
    </p>
   </div>
   <div class='ocr_carea' id='block_1_96' title="bbox 302 4974 1895 5048">
    <p class='ocr_par' dir='ltr' id='par_1_96' title="bbox 302 4974 1895 5048">
     <span class='ocr_line' id='line_1_96' title="bbox 302 4974 1895 5048; baseline 0.001 -19"><span class='ocrx_word' id='word_1_741' title='bbox 302 4974 399 5029; x_wconf 82' lang='lat' dir='ltr'><strong><em>sub</em></strong></span> <span class='ocrx_word' id='word_1_742' title='bbox 426 4975 649 5045; x_wconf 86' lang='lat' dir='ltr'><strong><em>pedibus</em></strong></span> <span class='ocrx_word' id='word_1_743' title='bbox 687 4991 906 5041; x_wconf 87' lang='lat' dir='ltr'><strong><em>eorum;</em></strong></span> <span class='ocrx_word' id='word_1_744' title='bbox 955 4986 1004 5031; x_wconf 89' lang='lat' dir='ltr'><strong><em>et</em></strong></span> <span class='ocrx_word' id='word_1_745' title='bbox 1041 4979 1277 5048; x_wconf 86' lang='lat' dir='ltr'><strong><em>aperiens</em></strong></span> <span class='ocrx_word' id='word_1_746' title='bbox 1325 4995 1382 5033; x_wconf 90' lang='lat' dir='ltr'><strong><em>os</em></strong></span> <span class='ocrx_word' id='word_1_747' title='bbox 1427 4994 1599 5042; x_wconf 89' lang='lat' dir='ltr'><strong><em>suum,</em></strong></span> <span class='ocrx_word' id='word_1_748' title='bbox 1633 4977 1895 5032; x_wconf 82' lang='lat' dir='ltr'><strong><em>devoravit</em></strong></span> 
     </span>
    </p>
   </div>
   <div class='ocr_carea' id='block_1_97' title="bbox 299 5067 1895 5136">
    <p class='ocr_par' dir='ltr' id='par_1_97' title="bbox 299 5067 1895 5136">
     <span class='ocr_line' id='line_1_97' title="bbox 299 5067 1895 5136; baseline 0.001 -15"><span class='ocrx_word' id='word_1_749' title='bbox 299 5067 448 5132; x_wconf 86' lang='lat' dir='ltr'><strong><em>illos,</em></strong></span> <span class='ocrx_word' id='word_1_750' title='bbox 478 5083 601 5121; x_wconf 84' lang='lat' dir='ltr'><strong><em>cum</em></strong></span> <span class='ocrx_word' id='word_1_751' title='bbox 648 5067 1001 5124; x_wconf 86' lang='lat' dir='ltr'><strong><em>tabernaculis</em></strong></span> <span class='ocrx_word' id='word_1_752' title='bbox 1028 5071 1161 5136; x_wconf 85' lang='lat' dir='ltr'><strong><em>suis,</em></strong></span> <span class='ocrx_word' id='word_1_753' title='bbox 1191 5079 1239 5124; x_wconf 90' lang='lat' dir='ltr'><strong><em>et</em></strong></span> <span class='ocrx_word' id='word_1_754' title='bbox 1283 5071 1524 5125; x_wconf 75' lang='lat' dir='ltr'><strong><em>universa</em></strong></span> <span class='ocrx_word' id='word_1_755' title='bbox 1559 5070 1895 5133; x_wconf 85' lang='lat' dir='ltr'><strong><em>substantia;</em></strong></span> 
     </span>
    </p>
   </div>
   <div class='ocr_carea' id='block_1_98' title="bbox 302 5159 1896 5233">
    <p class='ocr_par' dir='ltr' id='par_1_98' title="bbox 302 5159 1896 5233">
     <span class='ocr_line' id='line_1_98' title="bbox 302 5159 1896 5233; baseline 0.002 -21"><span class='ocrx_word' id='word_1_756' title='bbox 302 5159 761 5231; x_wconf 86' lang='lat' dir='ltr'><strong><em>ascenderuntque</em></strong></span> <span class='ocrx_word' id='word_1_757' title='bbox 808 5161 911 5215; x_wconf 82' lang='lat' dir='ltr'><strong><em>vivi</em></strong></span> <span class='ocrx_word' id='word_1_758' title='bbox 962 5161 1018 5216; x_wconf 89' lang='lat' dir='ltr'><strong><em>in</em></strong></span> <span class='ocrx_word' id='word_1_759' title='bbox 1062 5164 1325 5231; x_wconf 71' lang='lat' dir='ltr'><strong><em>infernum</em></strong></span> <span class='ocrx_word' id='word_1_760' title='bbox 1387 5163 1551 5233; x_wconf 89' lang='lat' dir='ltr'><strong><em>operti</em></strong></span> <span class='ocrx_word' id='word_1_761' title='bbox 1593 5163 1752 5217; x_wconf 84' lang='lat' dir='ltr'><strong><em>Immo</em></strong></span> <span class='ocrx_word' id='word_1_762' title='bbox 1779 5202 1794 5227; x_wconf 94' lang='lat'><strong><em>,</em></strong></span> <span class='ocrx_word' id='word_1_763' title='bbox 1847 5170 1896 5216; x_wconf 89' lang='lat' dir='ltr'><strong><em>et</em></strong></span> 
     </span>
    </p>
   </div>
   <div class='ocr_carea' id='block_1_99' title="bbox 303 5250 1896 5321">
    <p class='ocr_par' dir='ltr' id='par_1_99' title="bbox 303 5250 1896 5321">
     <span class='ocr_line' id='line_1_99' title="bbox 303 5250 1896 5321; baseline 0.002 -17"><span class='ocrx_word' id='word_1_764' title='bbox 303 5251 580 5321; x_wconf 85' lang='lat' dir='ltr'><strong><em>perierunt</em></strong></span> <span class='ocrx_word' id='word_1_765' title='bbox 618 5250 684 5306; x_wconf 87' lang='lat' dir='ltr'><strong><em>de</em></strong></span> <span class='ocrx_word' id='word_1_766' title='bbox 728 5252 900 5306; x_wconf 88' lang='lat' dir='ltr'><strong><em>medio</em></strong></span> <span class='ocrx_word' id='word_1_767' title='bbox 938 5253 1307 5309; x_wconf 85' lang='lat' dir='ltr'><strong><em>multitudinis.</em></strong></span> <span class='ocrx_word' id='word_1_768' title='bbox 1344 5252 1650 5310; x_wconf 88' lang='lat' dir='ltr'><strong><em>Notandum</em></strong></span> <span class='ocrx_word' id='word_1_769' title='bbox 1702 5268 1896 5309; x_wconf 79' lang='lat' dir='ltr'><strong><em>secun-</em></strong></span> 
     </span>
    </p>
   </div>
   <div class='ocr_carea' id='block_1_100' title="bbox 306 5341 1895 5414">
    <p class='ocr_par' dir='ltr' id='par_1_100' title="bbox 306 5341 1895 5414">
     <span class='ocr_line' id='line_1_100' title="bbox 306 5341 1895 5414; baseline 0.003 -20"><span class='ocrx_word' id='word_1_770' title='bbox 306 5342 440 5395; x_wconf 85' lang='lat' dir='ltr'><strong><em>dum</em></strong></span> <span class='ocrx_word' id='word_1_771' title='bbox 483 5341 663 5396; x_wconf 91' lang='lat' dir='ltr'><strong><em>locum</em></strong></span> <span class='ocrx_word' id='word_1_772' title='bbox 693 5349 969 5398; x_wconf 90' lang='lat' dir='ltr'><strong><em>terrenum</em></strong></span> <span class='ocrx_word' id='word_1_773' title='bbox 1018 5344 1192 5401; x_wconf 83' lang='lat' dir='ltr'><strong><em>dictos</em></strong></span> <span class='ocrx_word' id='word_1_774' title='bbox 1232 5360 1354 5401; x_wconf 90' lang='lat' dir='ltr'><strong><em>esse</em></strong></span> <span class='ocrx_word' id='word_1_775' title='bbox 1393 5346 1619 5414; x_wconf 81' lang='lat' dir='ltr'><strong><em>inferos,</em></strong></span> <span class='ocrx_word' id='word_1_776' title='bbox 1652 5347 1756 5401; x_wconf 87' lang='lat' dir='ltr'><strong><em>hoc</em></strong></span> <span class='ocrx_word' id='word_1_777' title='bbox 1791 5353 1895 5411; x_wconf 86' lang='lat' dir='ltr'><strong><em>est,</em></strong></span> 
     </span>
    </p>
   </div>
   <div class='ocr_carea' id='block_1_101' title="bbox 308 5428 1897 5505">
    <p class='ocr_par' dir='ltr' id='par_1_101' title="bbox 308 5428 1897 5505">
     <span class='ocr_line' id='line_1_101' title="bbox 308 5428 1897 5505; baseline 0.001 -19"><span class='ocrx_word' id='word_1_778' title='bbox 308 5430 369 5486; x_wconf 85' lang='lat' dir='ltr'><strong><em>in</em></strong></span> <span class='ocrx_word' id='word_1_779' title='bbox 436 5428 788 5487; x_wconf 75' lang='lat' dir='ltr'><strong><em>inferioribus</em></strong></span> <span class='ocrx_word' id='word_1_780' title='bbox 836 5440 995 5487; x_wconf 68' lang='lat' dir='ltr'><strong><em>terra:</em></strong></span> <span class='ocrx_word' id='word_1_781' title='bbox 1048 5434 1315 5504; x_wconf 89' lang='lat' dir='ltr'><strong><em>partibus.</em></strong></span> <span class='ocrx_word' id='word_1_782' title='bbox 1371 5436 1534 5492; x_wconf 83' lang='lat' dir='ltr'><strong><em>Varie</em></strong></span> <span class='ocrx_word' id='word_1_783' title='bbox 1592 5435 1790 5505; x_wconf 89' lang='lat' dir='ltr'><strong><em>quippe</em></strong></span> <span class='ocrx_word' id='word_1_784' title='bbox 1840 5434 1897 5488; x_wconf 91' lang='lat' dir='ltr'><strong><em>in</em></strong></span> 
     </span>
    </p>
   </div>
   <div class='ocr_carea' id='block_1_102' title="bbox 312 5519 1897 5596">
    <p class='ocr_par' dir='ltr' id='par_1_102' title="bbox 312 5519 1897 5596">
     <span class='ocr_line' id='line_1_102' title="bbox 312 5519 1897 5596; baseline 0.003 -22"><span class='ocrx_word' id='word_1_785' title='bbox 312 5519 638 5588; x_wconf 82' lang='lat' dir='ltr'><strong><em>Scripturis,</em></strong></span> <span class='ocrx_word' id='word_1_786' title='bbox 688 5531 744 5576; x_wconf 88' lang='lat' dir='ltr'><strong><em>et</em></strong></span> <span class='ocrx_word' id='word_1_787' title='bbox 793 5524 893 5576; x_wconf 86' lang='lat' dir='ltr'><strong><em>sub</em></strong></span> <span class='ocrx_word' id='word_1_788' title='bbox 934 5522 1211 5579; x_wconf 88' lang='lat' dir='ltr'><strong><em>intellectu</em></strong></span> <span class='ocrx_word' id='word_1_789' title='bbox 1267 5525 1583 5596; x_wconf 90' lang='lat' dir='ltr'><strong><em>multiplici,</em></strong></span> <span class='ocrx_word' id='word_1_790' title='bbox 1624 5524 1764 5580; x_wconf 89' lang='lat' dir='ltr'><strong><em>sicut</em></strong></span> <span class='ocrx_word' id='word_1_791' title='bbox 1808 5538 1897 5578; x_wconf 89' lang='lat' dir='ltr'><strong><em>re-</em></strong></span> 
     </span>
    </p>
   </div>
   <div class='ocr_carea' id='block_1_103' title="bbox 317 5612 1898 5689">
    <p class='ocr_par' dir='ltr' id='par_1_103' title="bbox 317 5612 1898 5689">
     <span class='ocr_line' id='line_1_103' title="bbox 317 5612 1898 5689; baseline 0.003 -22"><span class='ocrx_word' id='word_1_792' title='bbox 317 5625 440 5668; x_wconf 80' lang='lat' dir='ltr'><strong><em>rum</em></strong></span> <span class='ocrx_word' id='word_1_793' title='bbox 486 5612 556 5667; x_wconf 88' lang='lat' dir='ltr'><strong><em>de</em></strong></span> <span class='ocrx_word' id='word_1_794' title='bbox 600 5613 797 5683; x_wconf 86' lang='lat' dir='ltr'><strong><em>quibus</em></strong></span> <span class='ocrx_word' id='word_1_795' title='bbox 834 5614 1014 5685; x_wconf 80' lang='lat' dir='ltr'><strong><em>agitur</em></strong></span> <span class='ocrx_word' id='word_1_796' title='bbox 1060 5632 1251 5675; x_wconf 88' lang='lat' dir='ltr'><strong><em>sensus</em></strong></span> <span class='ocrx_word' id='word_1_797' title='bbox 1301 5618 1508 5689; x_wconf 77' lang='lat' dir='ltr'><strong><em>exigit,</em></strong></span> <span class='ocrx_word' id='word_1_798' title='bbox 1558 5631 1754 5673; x_wconf 87' lang='lat' dir='ltr'><strong><em>nomen</em></strong></span> <span class='ocrx_word' id='word_1_799' title='bbox 1801 5631 1898 5689; x_wconf 90' lang='lat' dir='ltr'><strong><em>po-</em></strong></span> 
     </span>
    </p>
   </div>
   <div class='ocr_carea' id='block_1_104' title="bbox 639 5704 1179 5771">
    <p class='ocr_par' dir='ltr' id='par_1_104' title="bbox 639 5704 1179 5771">
     <span class='ocr_line' id='line_1_104' title="bbox 639 5704 1179 5771; baseline 0.015 -8"><span class='ocrx_word' id='word_1_800' title='bbox 639 5704 914 5769; x_wconf 69' lang='lat' dir='ltr'><strong><em>Ps&#39;ruoc.</em></strong></span> <span class='ocrx_word' id='word_1_801' title='bbox 960 5706 1179 5771; x_wconf 85' lang='lat' dir='ltr'>CVIII.</span> 
     </span>
    </p>
   </div>
   <div class='ocr_carea' id='block_1_105' title="bbox 1995 4519 3574 4590">
    <p class='ocr_par' dir='ltr' id='par_1_105' title="bbox 1995 4519 3574 4590">
     <span class='ocr_line' id='line_1_105' title="bbox 1995 4519 3574 4590; baseline 0.001 -17"><span class='ocrx_word' id='word_1_802' title='bbox 1995 4528 2122 4576; x_wconf 89' lang='lat' dir='ltr'><strong><em>ante</em></strong></span> <span class='ocrx_word' id='word_1_803' title='bbox 2149 4519 2515 4590; x_wconf 84' lang='lat' dir='ltr'><strong><em>quem-oblata</em></strong></span> <span class='ocrx_word' id='word_1_804' title='bbox 2568 4526 2713 4585; x_wconf 92' lang='lat' dir='ltr'><strong><em>sunt,</em></strong></span> <span class='ocrx_word' id='word_1_805' title='bbox 2750 4519 2801 4573; x_wconf 90' lang='lat' dir='ltr'><strong><em>id</em></strong></span> <span class='ocrx_word' id='word_1_806' title='bbox 2828 4530 2932 4584; x_wconf 89' lang='lat' dir='ltr'><strong><em>est,</em></strong></span> <span class='ocrx_word' id='word_1_807' title='bbox 2961 4519 3086 4588; x_wconf 90' lang='lat' dir='ltr'><strong><em>quia</em></strong></span> <span class='ocrx_word' id='word_1_808' title='bbox 3115 4528 3244 4575; x_wconf 89' lang='lat' dir='ltr'><strong><em>ante</em></strong></span> <span class='ocrx_word' id='word_1_809' title='bbox 3262 4519 3574 4587; x_wconf 87' lang='lat' dir='ltr'><strong><em>Dominum,</em></strong></span> 
     </span>
    </p>
   </div>
   <div class='ocr_carea' id='block_1_106' title="bbox 1995 4609 3577 4683">
    <p class='ocr_par' dir='ltr' id='par_1_106' title="bbox 1995 4609 3577 4683">
     <span class='ocr_line' id='line_1_106' title="bbox 1995 4609 3577 4683; baseline 0.002 -18"><span class='ocrx_word' id='word_1_810' title='bbox 1995 4619 2056 4666; x_wconf 92' lang='lat' dir='ltr'><strong><em>ut</em></strong></span> <span class='ocrx_word' id='word_1_811' title='bbox 2088 4609 2208 4683; x_wconf 89' lang='lat' dir='ltr'><strong><em>plus</em></strong></span> <span class='ocrx_word' id='word_1_812' title='bbox 2247 4611 2298 4664; x_wconf 89' lang='lat' dir='ltr'><strong><em>in</em></strong></span> <span class='ocrx_word' id='word_1_813' title='bbox 2353 4611 2434 4665; x_wconf 89' lang='lat' dir='ltr'><strong><em>eis</em></strong></span> <span class='ocrx_word' id='word_1_814' title='bbox 2468 4610 2677 4666; x_wconf 85' lang='lat' dir='ltr'><strong><em>valeret</em></strong></span> <span class='ocrx_word' id='word_1_815' title='bbox 2727 4626 2926 4666; x_wconf 88' lang='lat' dir='ltr'><strong><em>nomen</em></strong></span> <span class='ocrx_word' id='word_1_816' title='bbox 2979 4610 3217 4676; x_wconf 90' lang='lat' dir='ltr'><strong><em>Domini,</em></strong></span> <span class='ocrx_word' id='word_1_817' title='bbox 3241 4620 3370 4666; x_wconf 82' lang='lat' dir='ltr'><strong><em>ante</em></strong></span> <span class='ocrx_word' id='word_1_818' title='bbox 3414 4626 3577 4682; x_wconf 89' lang='lat' dir='ltr'><strong><em>quem</em></strong></span> 
     </span>
    </p>
   </div>
   <div class='ocr_carea' id='block_1_107' title="bbox 1995 4702 3581 4774">
    <p class='ocr_par' dir='ltr' id='par_1_107' title="bbox 1995 4702 3581 4774">
     <span class='ocr_line' id='line_1_107' title="bbox 1995 4702 3581 4774; baseline 0.001 -16"><span class='ocrx_word' id='word_1_819' title='bbox 1995 4702 2176 4758; x_wconf 87' lang='lat' dir='ltr'><strong><em>oblata</em></strong></span> <span class='ocrx_word' id='word_1_820' title='bbox 2198 4709 2347 4767; x_wconf 90' lang='lat' dir='ltr'><strong><em>sunt,</em></strong></span> <span class='ocrx_word' id='word_1_821' title='bbox 2371 4717 2534 4773; x_wconf 91' lang='lat' dir='ltr'><strong><em>quam</em></strong></span> <span class='ocrx_word' id='word_1_822' title='bbox 2570 4702 2863 4773; x_wconf 88' lang='lat' dir='ltr'><strong><em>pessimum</em></strong></span> <span class='ocrx_word' id='word_1_823' title='bbox 2892 4702 3145 4756; x_wconf 90' lang='lat' dir='ltr'><strong><em>meritum</em></strong></span> <span class='ocrx_word' id='word_1_824' title='bbox 3184 4716 3375 4757; x_wconf 90' lang='lat' dir='ltr'><strong><em>eorum</em></strong></span> <span class='ocrx_word' id='word_1_825' title='bbox 3400 4719 3430 4759; x_wconf 91' lang='lat' dir='ltr'><strong><em>a</em></strong></span> <span class='ocrx_word' id='word_1_826' title='bbox 3460 4704 3581 4774; x_wconf 89' lang='lat' dir='ltr'><strong><em>qui-</em></strong></span> 
     </span>
    </p>
   </div>
   <div class='ocr_carea' id='block_1_108' title="bbox 1998 4790 3627 4869">
    <p class='ocr_par' dir='ltr' id='par_1_108' title="bbox 1998 4790 3627 4869">
     <span class='ocr_line' id='line_1_108' title="bbox 1998 4790 3627 4869; baseline -0.001 -19"><span class='ocrx_word' id='word_1_827' title='bbox 1998 4794 2099 4850; x_wconf 88' lang='lat' dir='ltr'><strong><em>bus</em></strong></span> <span class='ocrx_word' id='word_1_828' title='bbox 2116 4793 2294 4849; x_wconf 89' lang='lat' dir='ltr'><strong><em>oblata</em></strong></span> <span class='ocrx_word' id='word_1_829' title='bbox 2324 4803 2468 4848; x_wconf 91' lang='lat' dir='ltr'><strong><em>sunt.</em></strong></span> <span class='ocrx_word' id='word_1_830' title='bbox 2493 4792 2608 4849; x_wconf 80' lang='lat' dir='ltr'><strong><em>Hoc</em></strong></span> <span class='ocrx_word' id='word_1_831' title='bbox 2632 4800 2811 4848; x_wconf 91' lang='lat' dir='ltr'><strong><em>autem</em></strong></span> <span class='ocrx_word' id='word_1_832' title='bbox 2826 4790 2940 4861; x_wconf 90' lang='lat' dir='ltr'><strong><em>jam</em></strong></span> <span class='ocrx_word' id='word_1_833' title='bbox 2967 4800 3023 4847; x_wconf 90' lang='lat' dir='ltr'><strong><em>et</em></strong></span> <span class='ocrx_word' id='word_1_834' title='bbox 3046 4793 3099 4846; x_wconf 93' lang='lat' dir='ltr'><strong><em>in</em></strong></span> <span class='ocrx_word' id='word_1_835' title='bbox 3131 4792 3316 4849; x_wconf 81' lang='lat' dir='ltr'><strong><em>Exodo</em></strong></span> <span class='ocrx_word' id='word_1_836' title='bbox 3343 4809 3578 4852; x_wconf 86' lang='lat' dir='ltr'><strong><em>comme-</em></strong></span> <span class='ocrx_word' id='word_1_837' title='bbox 3622 4864 3627 4869; x_wconf 88' lang='lat'><strong><em>_</em></strong></span> 
     </span>
    </p>
   </div>
   <div class='ocr_carea' id='block_1_109' title="bbox 1998 4882 3580 4956">
    <p class='ocr_par' dir='ltr' id='par_1_109' title="bbox 1998 4882 3580 4956">
     <span class='ocr_line' id='line_1_109' title="bbox 1998 4882 3580 4956; baseline -0.001 -12"><span class='ocrx_word' id='word_1_838' title='bbox 1998 4895 2309 4944; x_wconf 80' lang='lat' dir='ltr'><strong><em>moraverat</em></strong></span> <span class='ocrx_word' id='word_1_839' title='bbox 2335 4885 2639 4956; x_wconf 85' lang='lat' dir='ltr'><strong><em>Scriptura,</em></strong></span> <span class='ocrx_word' id='word_1_840' title='bbox 2663 4885 2877 4955; x_wconf 86' lang='lat' dir='ltr'><strong><em>quando</em></strong></span> <span class='ocrx_word' id='word_1_841' title='bbox 2909 4884 3080 4940; x_wconf 84' lang='lat' dir='ltr'><strong><em>altare</em></strong></span> <span class='ocrx_word' id='word_1_842' title='bbox 3108 4882 3429 4941; x_wconf 83' lang='lat' dir='ltr'><strong><em>fabricatum</em></strong></span> <span class='ocrx_word' id='word_1_843' title='bbox 3459 4900 3580 4943; x_wconf 81' lang='lat' dir='ltr'><strong><em>esse</em></strong></span> 
     </span>
    </p>
   </div>
   <div class='ocr_carea' id='block_1_110' title="bbox 1997 4977 3580 5050">
    <p class='ocr_par' dir='ltr' id='par_1_110' title="bbox 1997 4977 3580 5050">
     <span class='ocr_line' id='line_1_110' title="bbox 1997 4977 3580 5050; baseline -0.001 -17"><span class='ocrx_word' id='word_1_844' title='bbox 1997 4978 2149 5035; x_wconf 89' lang='lat' dir='ltr'><strong><em>dicit.</em></strong></span> <span class='ocrx_word' id='word_1_845' title='bbox 2184 4977 2337 5033; x_wconf 90' lang='lat' dir='ltr'><strong><em>Unde</em></strong></span> <span class='ocrx_word' id='word_1_846' title='bbox 2369 4977 2684 5049; x_wconf 88' lang='lat' dir='ltr'><strong><em>intelligitur</em></strong></span> <span class='ocrx_word' id='word_1_847' title='bbox 2715 4990 2914 5050; x_wconf 81' lang='lat' dir='ltr'><strong><em>genera</em></strong></span> <span class='ocrx_word' id='word_1_848' title='bbox 2947 4992 3129 5032; x_wconf 90' lang='lat' dir='ltr'><strong><em>rerum</em></strong></span> <span class='ocrx_word' id='word_1_849' title='bbox 3171 4987 3445 5048; x_wconf 85' lang='lat' dir='ltr'><strong><em>gestarum</em></strong></span> <span class='ocrx_word' id='word_1_850' title='bbox 3470 4979 3580 5031; x_wconf 89' lang='lat' dir='ltr'><strong><em>dis—</em></strong></span> 
     </span>
    </p>
   </div>
   <div class='ocr_carea' id='block_1_111' title="bbox 1995 5068 3574 5140">
    <p class='ocr_par' dir='ltr' id='par_1_111' title="bbox 1995 5068 3574 5140">
     <span class='ocr_line' id='line_1_111' title="bbox 1995 5068 3574 5140; baseline -0.004 -15"><span class='ocrx_word' id='word_1_851' title='bbox 1995 5070 2197 5125; x_wconf 88' lang='lat' dir='ltr'><strong><em>tributa</em></strong></span> <span class='ocrx_word' id='word_1_852' title='bbox 2219 5084 2338 5123; x_wconf 89' lang='lat' dir='ltr'><strong><em>esse</em></strong></span> <span class='ocrx_word' id='word_1_853' title='bbox 2361 5084 2457 5140; x_wconf 88' lang='lat' dir='ltr'><strong><em>per</em></strong></span> <span class='ocrx_word' id='word_1_854' title='bbox 2485 5069 2673 5133; x_wconf 88' lang='lat' dir='ltr'><strong><em>libros,</em></strong></span> <span class='ocrx_word' id='word_1_855' title='bbox 2705 5082 2812 5122; x_wconf 92' lang='lat' dir='ltr'><strong><em>non</em></strong></span> <span class='ocrx_word' id='word_1_856' title='bbox 2854 5075 3160 5138; x_wconf 90' lang='lat' dir='ltr'><strong><em>temporum</em></strong></span> <span class='ocrx_word' id='word_1_857' title='bbox 3197 5068 3334 5123; x_wconf 92' lang='lat' dir='ltr'><strong><em>ordo</em></strong></span> <span class='ocrx_word' id='word_1_858' title='bbox 3357 5075 3574 5123; x_wconf 78' lang='lat' dir='ltr'><strong><em>contex-</em></strong></span> 
     </span>
    </p>
   </div>
   <div class='ocr_carea' id='block_1_112' title="bbox 1999 5155 3575 5231">
    <p class='ocr_par' dir='ltr' id='par_1_112' title="bbox 1999 5155 3575 5231">
     <span class='ocr_line' id='line_1_112' title="bbox 1999 5155 3575 5231; baseline -0.003 -14"><span class='ocrx_word' id='word_1_859' title='bbox 1999 5170 2106 5217; x_wconf 89' lang='lat' dir='ltr'><strong><em>tus.</em></strong></span> <span class='ocrx_word' id='word_1_860' title='bbox 2132 5160 2353 5231; x_wconf 80' lang='lat' dir='ltr'><strong><em>Mystice</em></strong></span> <span class='ocrx_word' id='word_1_861' title='bbox 2383 5167 2564 5215; x_wconf 88' lang='lat' dir='ltr'><strong><em>autem</em></strong></span> <span class='ocrx_word' id='word_1_862' title='bbox 2595 5159 2773 5215; x_wconf 90' lang='lat' dir='ltr'><strong><em>Chore</em></strong></span> <span class='ocrx_word' id='word_1_863' title='bbox 2796 5158 3024 5229; x_wconf 81' lang='lat' dir='ltr'><strong><em>ﬁguram</em></strong></span> <span class='ocrx_word' id='word_1_864' title='bbox 3070 5166 3217 5214; x_wconf 89' lang='lat' dir='ltr'><strong><em>tenet</em></strong></span> <span class='ocrx_word' id='word_1_865' title='bbox 3266 5173 3453 5214; x_wconf 92' lang='lat' dir='ltr'><strong><em>eorum</em></strong></span> <span class='ocrx_word' id='word_1_866' title='bbox 3481 5155 3575 5225; x_wconf 89' lang='lat' dir='ltr'><strong><em>qui</em></strong></span> 
     </span>
    </p>
   </div>
   <div class='ocr_carea' id='block_1_113' title="bbox 2001 5245 3579 5307">
    <p class='ocr_par' dir='ltr' id='par_1_113' title="bbox 2001 5245 3579 5307">
     <span class='ocr_line' id='line_1_113' title="bbox 2001 5245 3579 5307; baseline -0.005 0"><span class='ocrx_word' id='word_1_867' title='bbox 2001 5260 2192 5307; x_wconf 87' lang='lat' dir='ltr'><strong><em>contra</em></strong></span> <span class='ocrx_word' id='word_1_868' title='bbox 2234 5250 2657 5306; x_wconf 86' lang='lat' dir='ltr'><strong><em>ecclesiasticam</em></strong></span> <span class='ocrx_word' id='word_1_869' title='bbox 2690 5248 2851 5306; x_wconf 86' lang='lat' dir='ltr'><strong><em>ﬁdem</em></strong></span> <span class='ocrx_word' id='word_1_870' title='bbox 2894 5259 2952 5306; x_wconf 91' lang='lat' dir='ltr'><strong><em>et</em></strong></span> <span class='ocrx_word' id='word_1_871' title='bbox 3001 5249 3303 5305; x_wconf 88' lang='lat' dir='ltr'><strong><em>doctrinam</em></strong></span> <span class='ocrx_word' id='word_1_872' title='bbox 3332 5245 3579 5302; x_wconf 84' lang='lat' dir='ltr'><strong><em>veritatis</em></strong></span> 
     </span>
    </p>
   </div>
   <div class='ocr_carea' id='block_1_114' title="bbox 2000 5337 3579 5414">
    <p class='ocr_par' dir='ltr' id='par_1_114' title="bbox 2000 5337 3579 5414">
     <span class='ocr_line' id='line_1_114' title="bbox 2000 5337 3579 5414; baseline -0.004 -18"><span class='ocrx_word' id='word_1_873' title='bbox 2000 5342 2307 5413; x_wconf 82' lang='lat' dir='ltr'><strong><em>insurgunt.</em></strong></span> <span class='ocrx_word' id='word_1_874' title='bbox 2341 5341 2614 5412; x_wconf 85' lang='lat' dir='ltr'><strong><em>Scriptum</em></strong></span> <span class='ocrx_word' id='word_1_875' title='bbox 2646 5356 2776 5414; x_wconf 84' lang='lat' dir='ltr'><strong><em>ergo</em></strong></span> <span class='ocrx_word' id='word_1_876' title='bbox 2798 5342 2865 5398; x_wconf 89' lang='lat' dir='ltr'><strong><em>de</em></strong></span> <span class='ocrx_word' id='word_1_877' title='bbox 2890 5343 3070 5398; x_wconf 89' lang='lat' dir='ltr'><strong><em>Chore</em></strong></span> <span class='ocrx_word' id='word_1_878' title='bbox 3099 5340 3239 5397; x_wconf 88' lang='lat' dir='ltr'><strong><em>etde</em></strong></span> <span class='ocrx_word' id='word_1_879' title='bbox 3268 5346 3409 5392; x_wconf 85' lang='lat' dir='ltr'><strong><em>coetu</em></strong></span> <span class='ocrx_word' id='word_1_880' title='bbox 3436 5337 3579 5406; x_wconf 86' lang='lat' dir='ltr'><strong><em>ejus,</em></strong></span> 
     </span>
    </p>
   </div>
   <div class='ocr_carea' id='block_1_115' title="bbox 2000 5426 3581 5503">
    <p class='ocr_par' dir='ltr' id='par_1_115' title="bbox 2000 5426 3581 5503">
     <span class='ocr_line' id='line_1_115' title="bbox 2000 5426 3581 5503; baseline -0.003 -17"><span class='ocrx_word' id='word_1_881' title='bbox 2000 5433 2146 5503; x_wconf 88' lang='lat' dir='ltr'><strong><em>quod</em></strong></span> <span class='ocrx_word' id='word_1_882' title='bbox 2184 5432 2237 5486; x_wconf 93' lang='lat' dir='ltr'><strong><em>in</em></strong></span> <span class='ocrx_word' id='word_1_883' title='bbox 2263 5431 2468 5487; x_wconf 86' lang='lat' dir='ltr'><strong><em>batillis</em></strong></span> <span class='ocrx_word' id='word_1_884' title='bbox 2498 5432 2655 5488; x_wconf 63' lang='lat' dir='ltr'><strong><em>aereis</em></strong></span> <span class='ocrx_word' id='word_1_885' title='bbox 2687 5433 2969 5488; x_wconf 88' lang='lat' dir='ltr'><strong><em>incensum</em></strong></span> <span class='ocrx_word' id='word_1_886' title='bbox 2997 5429 3253 5487; x_wconf 88' lang='lat' dir='ltr'><strong><em>obtulerit</em></strong></span> <span class='ocrx_word' id='word_1_887' title='bbox 3286 5427 3424 5497; x_wconf 87' lang='lat' dir='ltr'><strong><em>ignis</em></strong></span> <span class='ocrx_word' id='word_1_888' title='bbox 3449 5426 3581 5484; x_wconf 78' lang='lat' dir='ltr'><strong><em>alie-</em></strong></span> 
     </span>
    </p>
   </div>
   <div class='ocr_carea' id='block_1_116' title="bbox 2001 5516 3582 5595">
    <p class='ocr_par' dir='ltr' id='par_1_116' title="bbox 2001 5516 3582 5595">
     <span class='ocr_line' id='line_1_116' title="bbox 2001 5516 3582 5595; baseline -0.001 -19"><span class='ocrx_word' id='word_1_889' title='bbox 2001 5522 2078 5576; x_wconf 89' lang='lat' dir='ltr'><strong><em>ni.</em></strong></span> <span class='ocrx_word' id='word_1_890' title='bbox 2106 5520 2335 5577; x_wconf 88' lang='lat' dir='ltr'><strong><em>Jubetur</em></strong></span> <span class='ocrx_word' id='word_1_891' title='bbox 2356 5537 2386 5577; x_wconf 90' lang='lat' dir='ltr'><strong><em>a</em></strong></span> <span class='ocrx_word' id='word_1_892' title='bbox 2412 5521 2531 5580; x_wconf 83' lang='lat' dir='ltr'><strong><em>Deo</em></strong></span> <span class='ocrx_word' id='word_1_893' title='bbox 2569 5521 2708 5595; x_wconf 87' lang='lat' dir='ltr'><strong><em>ignis</em></strong></span> <span class='ocrx_word' id='word_1_894' title='bbox 2747 5522 2966 5594; x_wconf 83' lang='lat' dir='ltr'><strong><em>quidem</em></strong></span> <span class='ocrx_word' id='word_1_895' title='bbox 3019 5519 3227 5575; x_wconf 88' lang='lat' dir='ltr'><strong><em>alienus</em></strong></span> <span class='ocrx_word' id='word_1_896' title='bbox 3257 5516 3495 5591; x_wconf 78' lang='lat' dir='ltr'><strong><em>dispergi</em></strong></span> <span class='ocrx_word' id='word_1_897' title='bbox 3525 5526 3582 5578; x_wconf 86' lang='lat' dir='ltr'><strong><em>et</em></strong></span> 
     </span>
    </p>
   </div>
   <div class='ocr_carea' id='block_1_117' title="bbox 2002 5612 2223 5670">
    <p class='ocr_par' dir='ltr' id='par_1_117' title="bbox 2002 5612 2223 5670">
     <span class='ocr_line' id='line_1_117' title="bbox 2002 5612 2223 5670; baseline -0.014 0"><span class='ocrx_word' id='word_1_898' title='bbox 2002 5612 2223 5670; x_wconf 79' lang='lat' dir='ltr'><strong><em>ell&#39;undi.</em></strong></span> 
     </span>
    </p>
   </div>
   <div class='ocr_carea' id='block_1_118' title="bbox 3026 5698 3116 5761">
    <p class='ocr_par' dir='ltr' id='par_1_118' title="bbox 3026 5698 3116 5761">
     <span class='ocr_line' id='line_1_118' title="bbox 3026 5698 3116 5761; baseline 0.033 -3"><span class='ocrx_word' id='word_1_899' title='bbox 3026 5698 3116 5761; x_wconf 75' lang='lat'><strong><em>22.</em></strong></span> 
     </span>
    </p>
   </div>
  </div>
