3924 6176
443 261 557 318 ὒὸῧ

1100 255 1160 309 Β.
1205 251 1456 308 ΠᾹΒΛΝΙ
1496 251 1715 308 MAURI
1753 249 2072 306 AllClllEP.
2117 250 2424 310 MOGUNT.
2467 251 2750 310 OPERUM
2783 250 2968 309 PARS
2994 253 3042 309 -l.

3576 253 3664 311 684

524 369 718 424 Batiila
743 383 880 431 rcro,
906 365 1100 436 inquit,
1123 365 1246 434 quia
1263 363 1592 433 sancti/irata
1607 373 1750 428 sun’,
1770 362 1932 431 facito
1948 379 2036 416 eos
2065 371 2114 429 Α
2143 363 2373 419 Domini.
2399 364 2632 438 Cumque
2653 366 2881 420 oriretur
2899 367 3084 420 seditio
3107 375 3152 420 ct
3183 364 3428 421 tumultus
3451 367 3668 423 incresce-

430 461 678 516 ‘laminas
701 456 942 522 ductiles,
966 466 1012 510 et
1041 455 1310 509 circumda
1333 470 1397 508 c1:
1417 455 1490 508 eis
1507 452 1698 518 altare,
1715 453 1838 524 quia
1859 451 2036 507 oblata

446 561 571 607 sunt
587 565 764 605 coram
785 547 1030 609 Domino,
1045 555 1090 598 ct
1113 543 1442 612 sanctiﬁcata
1457 554 1600 598 sunt.
1619 543 1732 598 lloc
1751 558 1880 614 ergo
1903 543 2036 596 mihi

453 665 550 719 per
576 647 717 700 hanc
749 643 975 714 ﬁguram
1015 640 1228 694 videtur
1263 637 1496 704 ostendi,
1531 640 1674 709 quod
1711 637 1896 694 batilla
1930 637 2036 692 ista

453 754 572 810 quin
602 735 883 804 Scriptura
920 731 1159 786 nominat
1187 743 1345 793 terea,
1377 728 1602 800 ﬁguram
1639 735 1857 784 teneant
1885 725 2035 782 Scri-

453 839 625 901 pturze
645 827 838 882 divina:
861 867 872 879 .
895 824 979 879 cui
1010 823 1305 892 Scriptura:
1332 821 1572 876 hreretici
1599 821 1773 893 ignem
1799 819 2036 874 alienum

456 923 814 992 imponcntcs,
835 918 939 972 hoc
963 924 1066 982 est,
1098 929 1316 970 sensum
1349 923 1402 970 et
1431 913 1840 985 intelligentiam
1869 925 1899 964 a
1927 910 2036 966 Do-

453 1015 602 1070 mino
627 1011 857 1066 alienam
895 1017 952 1062 et
991 1005 1204 1061 veritati
1247 1007 1574 1060 contrariam
1606 1004 2036 1066 introducentes,

456 1105 732 1160 incensum
749 1100 976 1154 Domino
995 1113 1099 1152 non
1123 1110 1306 1160 suave,
1325 1097 1418 1150 sed
1434 1092 1766 1149 exsecrabile
1780 1091 2034 1148 olTerunt.

456 1193 522 1246 Et
555 1193 675 1246 ideo
707 1189 878 1243 forma
903 1185 1254 1242 ecclesiarum
1285 1183 1656 1238 sacerdotibus
1693 1183 1872 1248 datur,
1905 1192 1963 1237 ut
1992 1183 2036 1236 si

458 1283 670 1352 quando
697 1281 800 1336 tale
821 1278 1024 1348 aliquid
1056 1276 1218 1332 fuerit
1257 1283 1526 1340 exortum,
1557 1291 1620 1329 ea
1656 1275 1896 1344 quidem,
1919 1287 2040 1343 quae

454 1396 483 1431 ει
507 1377 734 1431 veritate
770 1373 942 1428 aliena
979 1379 1126 1435 Slllll,
1150 1371 1220 1424 ab
1251 1368 1489 1423 Ecclesia
1532 1369 1624 1423 Dei
1655 1367 1871 1438 penitus
1919 1366 2040 1420 abs-

455 1467 768 1531 trudantur;
813 1463 858 1520 si
885 1479 987 1534 qua
1033 1471 1212 1516 autem
1254 1461 1416 1515 etiam
1473 1461 1525 1514 in
1566 1461 1698 1530 ipsis
1757 1459 2040 1513 haeretico-

457 1573 574 1612 rum
597 1553 776 1612 verbis
805 1570 868 1608 ex
894 1553 1187 1624 Scripturte
1227 1551 1426 1604 divina}
1472 1551 1720 1605 sensibus
1763 1549 2040 1604 inveniun-

456 1643 796 1703 turinscrta,
845 1653 914 1694 ne
963 1637 1166 1708 pariter
1214 1652 1337 1690 cum
1376 1636 1499 1702 illis,
1550 1651 1670 1706 quae
1717 1635 1934 1690 veritati
1985 1643 2042 1689 et

2123 465 2237 519 ret,
2265 455 2472 526 Moyses
2499 465 2545 510 et
2587 457 2766 510 Aaron
2799 456 3045 528 fugerunt
3083 456 3151 510 ad
3189 455 3561 510 tabernaculum
3585 457 3669 528 la:-

2134 545 2298 600 deris.
2331 546 2486 613 Quod
2527 557 2804 619 postquam
2847 547 3066 618 ingressi
3109 559 3254 606 sunt.
3307 549 3493 617 operuit
3539 549 3673 604 nubes

2135 639 2552 705 tabernaculum,
2601 650 2652 694 et
2699 639 2944 711 apparuit
2975 637 3144 710 gloria
3192 637 3424 702 Domini,
3450 644 3546 692 etc.
3578 636 3674 694 Non

2138 727 2364 802 legimus
2423 739 2584 784 antea
2651 730 2776 802 quia
2842 729 3112 785 obtexcrit
3162 727 3333 783 nubes
3393 731 3458 782 ta‘.
3479 743 3675 784 emacu-

2137 821 2247 876 lum
2270 821 2586 888 testimonii,
2624 831 2681 878 et
2729 821 3044 892 apparuerit
3087 820 3345 890 majestas
3395 820 3608 887 Domini,
3629 831 3677 877 et

2140 915 2406 985 receperit
2443 915 2582 968 intra
2624 915 2820 970 nubem
2853 912 3073 984 Moysen
3118 923 3174 968 et
3201 914 3402 979 Aaron,
3441 913 3536 967 nisi
3562 929 3682 970 nunc

2139 1020 2262 1058 cum
2297 1004 2656 1060 insurrexerit
2682 1003 2736 1058 in
2758 1019 2854 1059 eos
2879 1003 3141 1074 populus;
3157 1014 3212 1057 et
3237 1003 3470 1073 lapidare
3494 1018 3580 1057 eos
3604 1017 3678 1057 vo-

2140 1095 2256 1150 luit.
2275 1096 2558 1151 Discamus
2577 1109 2640 1150 ex
2657 1096 2760 1150 hoc
2780 1103 2982 1164 quanta
3002 1094 3075 1148 sit
3095 1093 3304 1149 utilitas
3329 1093 3381 1146 in
3399 1093 3682 1164 persecutio

2141 1187 2300 1242 nibus
2327 1187 2671 1251 Christianis,
2700 1194 2960 1256 quantum
2997 1185 3186 1256 gratia:
3233 1181 3550 1247 conferatur,
3575 1195 3684 1250 quo-

2142 1281 2302 1334 modo
2349 1288 2717 1350 prOpugnator
2769 1278 2850 1332 cis
2907 1277 3002 1332 ﬁat
3065 1277 3228 1344 Deus,
3256 1275 3518 1346 quomodo
3549 1273 3687 1327 abna-

2141 1369 2332 1424 danter
2390 1369 2627 1440 Spiritus
2693 1377 2914 1422 sanctus
2975 1367 3304 1423 ell'undatur.
3371 1367 3516 1420 Tunc
3566 1367 3684 1418 enim

2142 1461 2379 1516 maxime
2432 1461 2606 1533 gratia
2646 1460 2859 1516 Domini
2913 1461 3086 1526 adest,
3119 1475 3242 1514 cum
3273 1459 3538 1514 homintnn
3563 1472 3682 1512 seu.

2143 1555 2220 1610 tia
2251 1556 2576 1610 conc'tatur.
2616 1555 2682 1609 Et
2705 1563 2832 1610 tunc
2856 1571 3045 1624 pacem
3079 1555 3340 1610 habemus
3362 1554 3496 1624 apud
3526 1551 3685 1610 Deum.

2139 1661 2267 1700 cum
2293 1646 2360 1700 ab
2391 1645 2699 1700 hominibus
2747 1655 2970 1716 propter
2994 1645 3264 1714 justitiam
3309 1645 3444 1700 bella
3489 1645 3686 1716 perpeti-

457 1733 579 1788 lidei
623 1738 750 1786 sunt
799 1727 1098 1792 contraria,
1147 1732 1492 1795 respuantur.
1526 1724 1876 1778 Sanctiﬁcata
1915 1729 2041 1776 sunt
2069 1722 2114 1781 B
2144 1753 2284 1792 mur.
2319 1736 2421 1792 Ubi
2444 1738 2592 1792 enim
2613 1736 2971 1797 abundaverit
2995 1747 3302 1808 peccamm’
3335 1735 3674 1808 ςηρρι-υιηηιάιι

453 1825 621 1889 enim,
646 1837 766 1892 qua:
804 1820 869 1876 de
904 1819 1086 1874 divina
1134 1817 1416 1886 Scriptura
1471 1816 1820 1886 proferuntur
1852 1823 1908 1870 et
1933 1815 2040 1870 [)0-

455 1915 603 1970 mino
631 1911 832 1968 oblata.
865 1909 1050 1964 Potest
1073 1918 1254 1964 autem
1305 1915 1360 1963 et
1400 1907 1507 1962 alio
1532 1910 1692 1964 modo
1742 1909 1920 1964 adhuc
1948 1907 2004 1962 in

454 2005 644 2077 telligi,
676 2003 820 2074 quod
850 2002 917 2057 de
955 1999 1157 2056 batillis
1203 1999 1517 2070 pratcipitnr
1565 2009 1935 2070 peccatorum,
1976 2007 2039 2054 ut

447 2097 750 2168 junguntur
776 2101 832 2150 et
872 2092 1148 2148 socientur
1199 2091 1380 2147 altari.
1413 2091 1479 2146 Et
1505 2093 1682 2161 primo
1710 2094 1813 2148 hoc
1838 2092 2034 2163 ipsum,

437 2189 596 2262 quod
655 2201 796 2243 terea
832 2185 1108 2248 dicuntur,
1160 2199 1266 2240 non
1324 2185 1560 2240 otiosuni
1611 2185 1902 2240 videbitur.
1934 2183 2038 2240 Ubi

435 2282 598 2337 -enim
627 2295 753 2336 vera
784 2278 920 2334 ﬁdes
939 2285 1044 2343 est,
1074 2287 1130 2332 et
1167 2277 1376 2348 integra
1404 2277 1551 2332 verbi
1584 2277 1915 2348 przedicatio,
1946 2284 2040 2330 aut

453 2381 710 2442 argentea
737 2371 1013 2435 dicuntur,
1047 2375 1142 2422 aut
1165 2383 1352 2422 aurea.
1405 2367 1476 2424 Ut
1505 2367 1682 2439 fulgur
1715 2368 1833 2423 auri
1861 2367 2041 2422 decla-

455 2471 540 2519 ret
565 2461 690 2517 ﬁdci
720 2461 1035 2532 puritatem,
1058 2467 1114 2514 et
1140 2467 1424 2529 argentum
1451 2459 1559 2530 igni
1589 2459 2040 2537 probatumtclo-

452 2553 580 2624 quia
613 2551 923 2606 examinata
949 2547 1237 2622 signiﬁcet.
1265 2549 1369 2604 Ista
1397 2565 1528 2605 vero
1549 2566 1668 2620 qua:
1688 2565 1830 2606 terea
1853 2551 2041 2606 dicun-

455 2654 569 2712 tur,
594 2644 648 2700 in
677 2659 812 2700 sono
833 2651 1041 2698 tantum
1071 2643 1223 2698 vocis
1257 2643 1578 2708 consistunt,
1613 2659 1718 2698 non
1758 2647 1812 2698 in
1841 2643 2040 2698 virtute

453 2737 697 2808 spiritus,
717 2743 774 2790 et
801 2743 926 2791 sunt
963 2741 1021 2789 ut
1046 2734 1336 2804 Apostolus
1357 2734 1453 2801 ait,
1475 2747 1817 2793 ammentum
1843 2750 2038 2790 sonans

450 2837 545 2882 aut
575 2825 872 2898 cymbalum
909 2826 1138 2880 tinniens
1169 2824 1216 2898 (Ι
1245 2823 1370 2879 Cor.
1399 2825 1542 2898 xm).
1568 2825 1672 2882 Ista
1699 2841 1830 2898 ergo
1852 2825 2038 2884 batilla

451 2933 617 2985 terea,
642 2917 698 2972 id
743 2925 852 2984 est,
880 2916 1261 2974 haereticorum
1292 2932 1476 2986 voces,
1503 2918 1548 2974 si
1583 2920 1945 2976 adhibeamus
1969 2920 2041 2978 ad

453 3012 626 3068 altare
651 3009 770 3077 Dei,
791 3009 884 3065 ubi
911 3009 1127 3064 divinus
1171 3011 1312 3082 ignis
1350 3020 1460 3078 est,
1484 3011 1576 3066 ubi
1601 3025 1732 3067 vera
1755 3011 1881 3069 ﬁdei
1903 3026 2042 3084 pra»

453 3101 673 3166 dicatio,
703 3099 898 3155 melius
946 3101 1061 3170 ipsa
1093 3101 1298 3157 veritas
1333 3115 1400 3156 ex
1447 3099 1708 3156 falsorum
1753 3117 2037 3172 compara-
2061 3073 2112 3138 δ

455 3193 600 3248 tione
647 3190 892 3263 fulgebit.
956 3190 1014 3245 Si
1077 3191 1223 3249 enim
1284 3191 1434 3246 verbi
1487 3191 1659 3262 gratia
1701 3191 2046 3262 proferentur

453 3282 597 3338 dicta
620 3279 930 3346 Marcionis,
955 3288 1051 3335 aut
1079 3279 1352 3346 Basilidis,
1381 3290 1476 3334 aut
1501 3279 1728 3335 alterius
1757 3279 2045 3350 cujuslibet

454 3371 714 3434 hatretici,
751 3377 808 3425 et
833 3369 953 3425 hate
981 3370 1327 3425 sermonibus
1356 3369 1613 3440 _veritatis
1638 3385 1702 3424 ac
1727 3369 2040 3442 Scriptura-

455 3475 574 3515 rum
615 3459 918 3514 divinarum
939 3459 1287 3525 testimoniis,
1321 3459 1467 3514 velut
1501 3459 1668 3516 divini
1701 3459 1889 3516 altaris
1919 3459 2042 3532 igne

452 3549 748 3616 conl'utcm,
807 3563 986 3605 nonne
1033 3549 1337 3606 evidentior
1384 3563 1575 3606 eorum
1633 3552 2042 3622 comparatione

452 3641 733 3712 apparebit
775 3641 1064 3712 impietas?
1091 3640 1228 3696 Nam
1277 3641 1322 3698 si
1371 3641 1618 3698 doctrina
1669 3643 2040 3698 ecclesiastica

451 3732 682 3804 simplex
734 3741 899 3798 esset,
941 3741 999 3787 ut
1052 3733 1234 3789 nullus
1273 3734 1616 3790 extrinsecus
1660 3734 2038 3789 hatreticorum

451 3825 763 3896 dogtnatum
787 3823 1178 3880 assertionibus
1203 3823 1535 3894 cingeretur,
1559 3839 1663 3878 non
1693 3833 1906 3892 poterat
1933 3831 2038 3878 tam

451 3914 600 3971 clara
627 3922 682 3968 et
709 3922 821 3968 tam
847 3913 1158 3968 examinata
1205 3913 1375 3968 videri
1421 3914 1556 3968 ﬁdes
1585 3923 1791 3968 nostra.
1822 3912 1929 3968 Sed
1959 3914 2041 3969 id-

451 4007 598 4063 circo
654 4006 960 4061 doctrinam
1003 4004 1330 4060 catholicam
1367 4005 1855 4059 contradicenium
1896 4005 2042 4059 obsi-

452 4099 544 4156 det
570 4098 927 4170 impugnatio,
959 4105 1020 4152 ut
1059 4095 1194 4152 tldcs
1225 4106 1411 4152 nostra
1440 4113 1548 4152 non
1591 4097 1704 4152 otio
1744 4107 2038 4169 torpescat,

452 4189 547 4247 sed
575 4187 853 4244 exercitiis
881 4187 1154 4244 elimctnr.
1182 4186 1412 4259 Propter
1433 4189 1536 4244 hoc
1563 4188 1796 4258 denique
1817 4199 1871 4242 et
1898 4188 2039 4258 Apo-

451 4281 622 4338 stolus
642 4280 893 4337 dicebat:
919 4279 1134 4354 Oportet
1159 4290 1333 4336 autem
1359 4290 1406 4335 et
1429 4281 1652 4336 Itwreses
1679 4297 1812 4346 esse,
1841 4291 1896 4334 ut
1923 4297 2044 4352 pro-

451 4376 559 4431 bati
583 4375 796 4448 quique,
819 4375 1084 4446 manifesti
1099 4374 1230 4446 [iant
1251 4374 1304 4428 in
1325 4374 1465 4429 vobis
1488 4373 1539 4446 (I
1558 4371 1684 4430 Cor.
1709 4373 1806 4448 XI).
1826 4373 1938 4430 lloc
1959 4379 2041 4430 est.

452 4471 672 4527 dicere:
704 4469 930 4542 Oportet
956 4471 1332 4528 hatreticorum
1364 4470 1567 4528 batillis
1606 4471 1778 4526 altare
1805 4473 2012 4528 circum

453 4561 591 4630 dari,
623 4569 684 4616 ut
719 4569 871 4618 certa
917 4572 972 4618 et
1019 4561 1309 4616 manifesta
1354 4563 1610 4618 omnibus
1657 4563 1752 4617 ﬁat
1797 4561 2037 4617 ﬁdelium

451 4660 617 4722 atque
657 4651 952 4709 inﬁdelium
991 4653 1314 4709 dill‘erentia.
1359 4653 1494 4708 Cum
1521 4653 1669 4708 enim
1699 4653 1832 4708 ﬁdes
1864 4653 2031 4710 eccle~

453 4739 670 4798 siastica
699 4742 844 4798 velut
869 4757 1062 4798 aurum
1104 4743 1334 4814 coeperit
1379 4741 1606 4814 fulgere,
1638 4750 1694 4798 ct
1723 4743 2038 4812 prsedicatio

453 4831 571 4902 ejus
615 4841 676 4886 ut
730 4844 1016 4904 argentum
1070 4837 1194 4906 igne
1238 4835 1528 4906 probatum
1581 4834 1916 4892 intuentibus
1953 4848 2038 4888 rc-

451 4923 810 4996 splenduerit,
840 4931 970 4979 tunc
998 4927 1202 4996 majore
1225 4941 1349 4981 cum
1374 4925 1707 4994 turpitudine
1733 4934 1789 4978 et
1819 4924 2035 4990 decore,

453 5012 839 5071 luereticorum
896 5029 1060 5070 voces
1119 5019 1338 5072 obscuri
1389 5016 1515 5072 teris
1583 5015 1790 5071 vilitate
1853 5019 2038 5073 sorde-

452 5109 606 5164 bunL

1039 5198 1266 5255 CAPUT
1305 5197 1446 5254 XIX.

460 5288 534 5345 Dc
555 5304 824 5346 murmure
849 5288 1028 5363 populi
1053 5301 1236 5363 contra
1273 5289 1488 5363 Moysen
1525 5301 1573 5346 et
1621 5291 1821 5360 Aaron,
1873 5302 1920 5348 et
1960 5293 2038 5348 in-

808 5361 992 5418 ccndio
1015 5361 1079 5416 ob
1101 5363 1198 5416 ltoc
1223 5362 1278 5416 in
1306 5377 1393 5416 eos
1425 5362 1680 5417 immisso.

527 5471 706 5544 (Ιιιιιδ.)
736 5472 999 5544 Loquentc
1041 5472 1268 5526 Domino
1303 5472 1373 5527 ad
1425 5470 1670 5546 Moysen,
1699 5477 2042 5529 murmuravit

458 5562 625 5616 omnis
659 5561 942 5618 multitudo
980 5560 1214 5632 ﬁliorum
1250 5561 1450 5628 Israel,
1481 5562 1712 5632 sequenti
1747 5563 1832 5616 die
1859 5573 2042 5616 contra

468 5653 678 5725 Moysen
701 5666 748 5711 ct
775 5657 953 5712 Aaron
987 5656 1256 5710 dicentes:
1292 5654 1391 5710 Vos
1421 5656 1753 5725 irttcrfccistis
1793 5656 2042 5726 populant

2069 4437 2118 4498 D

2141 1829 2220 1885 vit
2247 1838 2301 1884 et
2321 1829 2515 1900 gratia.
2555 1829 2846 1900 Adoperuit
2877 1847 3001 1902 ergo
3031 1828 3194 1884 nubes
3234 1828 3629 1890 tabernaculum,
3649 1835 3686 1880 et

2139 1920 2293 1974 irruit
2321 1937 2588 1992 synagoga
2617 1935 2774 1991 super
2803 1918 3021 1990 Moysen
3049 1929 3099 1974 et
3134 1920 3340 1984 Aaron,
3391 1927 3438 1973 et
3481 1915 3689 1988 apparuit

2139 2009 2308 2082 gloria
2358 2010 2598 2066 Domini.
2649 2010 2908 2080 Quamvis
2979 2010 3158 2082 magni
3217 2011 3326 2066 sint
3372 2008 3490 2063 vita:
3529 2005 3691 2061 merito

2143 2101 2355 2174 Moyses
2397 2109 2454 2156 et
2497 2100 2711 2168 Aaron,
2754 2103 3003 2172 quamvis
3058 2101 3234 2156 animi
3275 2099 3555 2156 virtutibus
3599 2093 3692 2166 pol.

2142 2190 2311 2258 leant,
2337 2206 2602 2266 apparere
2634 2200 2814 2247 tamen
2859 2193 2942 2248 eis
2975 2191 3149 2264 gloria
3179 2191 3278 2246 Dei
3323 2205 3430 2246 non
3464 2187 3692 2260 potuisset

2140 2280 2246 2335 nisi
2282 2280 2336 2335 in
2376 2281 2876 2352 persecutionibus,
2907 2281 2960 2336 in
2998 2281 3460 2346 tribulationibus,
3486 2279 3536 2333 in
3571 2275 3688 2348 peri-

2139 2369 2278 2427 culis
2303 2382 2467 2442 a-tque
2507 2371 2560 2426 in
2610 2372 2723 2443 ipsa
2781 2381 2956 2428 morte
2980 2371 3094 2442 jam
3125 2373 3342 2444 positis.
3369 2371 3436 2426 Et
3484 2379 3536 2426 tu
3579 2381 3686 2438 ergo

2141 2477 2248 2518 non
2274 2471 2432 2533 putes
2466 2462 2562 2517 tibi
2610 2463 2901 2520 dormienti
2944 2473 3002 2519 et
3039 2464 3240 2529 otioso,
3272 2476 3523 2535 apparere

2139 2553 2368 2626 gloriam
2413 2553 2648 2609 Domini.
2689 2553 2775 2609 An
2813 2570 2920 2610 non
2965 2553 3166 2610 Paulus
3221 2553 3490 2625 apostolus
3527 2551 3576 2606 in
3622 2547 3690 2603 liis

2139 2645 2373 2718 gratiam
2403 2645 2618 2702 Domini
2663 2646 2920 2717 consequi
2957 2645 3192 2702 meruit?
3220 2644 3408 2701 Nonne
3432 2657 3580 2714 super
3596 2655 3690 2696 om-

2141 2752 2239 2794 nes
2263 2745 2493 2794 caateros
2517 2747 2804 2794 enumerat
2841 2753 2922 2805 se,
2962 2739 3016 2792 in
3047 2736 3494 2802 tribulationibus,
3531 2733 3580 2787 in
3613 2747 3688 2785 nc-

2140 2829 2491 2898 cessitatibus,
2511 2829 2570 2885 in
2596 2829 2893 2885 carceribus
2919 2828 3100 2900 fuisse,
3122 2827 3409 2899 naufragia
3434 2823 3689 2898 pertulisse,

2139 2920 2376 2993 pericula
2395 2921 2584 2988 utaris,
2606 2920 2844 2992 pericula
2858 2921 3161 2991 fluminum,
3189 2917 3422 2990 pericula
3443 2917 3690 2973 latronum.

2139 3010 2372 3082 pericula
2399 3028 2430 3066 a
2455 3011 2610 3084 falsis
2651 3009 2908 3082 fratribus
2938 3009 3022 3082 (II
3051 3009 3176 3064 Cor.
3201 3008 3322 3082 XI)?
3364 3008 3486 3075 Qua!
3523 3012 3692 3077 quanto

2146 3101 2319 3172 magis
2341 3102 2645 3167 abundant,
2687 3108 2840 3155 tanto
2865 3098 3121 3170 amplius,
3153 3099 3253 3169 qui
3293 3099 3550 3171 patienter
3583 3093 3692 3149 tule-

2145 3189 2285 3256 rint,
2329 3188 2617 3245 conferunt
2652 3189 2882 3260 gloriam
2919 3189 3038 3244 Dei.

2213 3279 2282 3333 Et
2309 3279 2514 3334 locutus
2529 3288 2602 3334 est
2619 3279 2877 3334 Dominus
2899 3278 2968 3332 ad
2992 3277 3214 3350 Moysen
3246 3288 3294 3334 ct
3321 3278 3492 3332 Aaron
3512 3276 3688 3328 dicens:

2145 3369 2408 3425 Discedite
2431 3369 2496 3425 de
2525 3371 2696 3426 medio
2725 3387 3006 3442 synagogcc
3032 3371 3194 3442 hujus
3212 3411 3230 3437 ,
3265 3380 3315 3426 et
3342 3369 3614 3424 interimam
3642 3364 3694 3416 il-

2141 3459 2220 3514 los
2243 3459 2308 3514 de
2329 3460 2487 3514 semel
2501 3475 2520 3525 ;
2547 3470 2595 3514 et
2622 3463 2920 3514 ceciderunt
2935 3460 2987 3514 in
3001 3461 3190 3530 [aciem
3218 3478 3389 3516 suam.
3408 3461 3461 3514 ln
3482 3454 3694 3514 Sodomis

2143 3551 2362 3622 quidem
2383 3550 2600 3621 quando
2627 3550 2914 3605 minimum
2943 3552 3132 3606 decem
3158 3551 3583 3625 requir‘ebantur,
3615 3559 3692 3616 per

2140 3659 2280 3716 quos
2307 3643 2399 3698 vix
2438 3644 2484 3699 si
2518 3642 2659 3700 forte
2689 3643 2888 3700 salvari
2940 3651 3164 3714 possent
3187 3645 3268 3712 hi,
3301 3645 3392 3717 qui
3413 3641 3690 3699 habitabant

2142 3735 2483 3806 Pentapolim
2513 3734 2904 3801 Sodomorum,
2932 3751 3077 3790 nime
3125 3746 3316 3792 autem
3341 3737 3497 3792 etiam
3521 3733 3630 3794 duo,
3655 3727 3692 3783 si

2145 3835 2326 3882 tamen
2351 3827 2697 3882 inveniantur
2725 3825 2864 3882 tales
2883 3825 3062 3896 qualis
3088 3825 3192 3883 fuit
3217 3827 3425 3901 Moyses
3450 3836 3502 3882 et
3520 3826 3690 3886 Aaron,

2142 3915 2386 3974 sullicerc
2411 3919 2584 3988 ponit,
2621 3927 2680 3973 ut
2729 3933 2862 3990 gens
2914 3917 3289 3976 lsraelitarum
3334 3931 3441 3976 tota
3471 3913 3688 3973 salvetur.

2141 4010 2282 4078 Quid
2307 4025 2440 4082 ergo
2471 4011 2717 4067 dicemus
2746 4011 2979 4083 amplius
2999 4025 3120 4068 esse
3152 4013 3208 4067 in
3249 4014 3333 4069 his
3353 4012 3565 4069 duobus.
3588 4007 3690 4074 Qum

2145 4111 2292 4158 tanta
2337 4103 2532 4170 virtus,
2567 4105 2709 4174 quod
2739 4105 3025 4171 meritum,
3061 4119 3170 4175 quo
3198 4118 3454 4162 sexcenta
3481 4101 3625 4158 millia
3645 4105 3690 4150 et

2141 4210 2208 4252 eo
2245 4194 2477 4266 amplius
2525 4195 2826 4252 liberentur
2877 4195 2946 4252 ab
2993 4198 3218 4253 interitu
3273 4192 3692 4262 vastatorislligo

2141 4285 2380 4342 arbitror
2414 4288 2558 4357 quod
2589 4287 2644 4342 in
2684 4285 2867 4359 Moyse
2917 4289 3004 4343 lex
3037 4288 3396 4360 signiﬁcetur,
3423 4302 3534 4358 qua:
3559 4284 3688 4338 docet

2143 4378 2392 4433 homines
2433 4377 2716 4433 scientiam
2769 4389 2824 4433 et
2871 4395 3114 4434 amorem
3146 4380 3263 4445 Dei,
3308 4381 3360 4434 in
3391 4380 3558 4432 Aaron
3589 4384 3688 4440 sup-

2142 4469 2380 4542 plicandi
2435 4469 2566 4537 Deo,
2613 4480 2668 4525 et
2720 4471 3041 4526 obsecrandi
3071 4488 3198 4526 cum
3244 4473 3418 4526 forma
3443 4467 3688 4542 co;.sistat.

2145 4562 2202 4616 Si
2231 4576 2361 4632 ergo
2403 4561 2616 4617 accidat
2645 4561 2938 4632 aliquando
2974 4563 3242 4634 indignari
3283 4563 3459 4625 nobis,
3495 4558 3572 4613 vel
3597 4553 3690 4609 uni-

2141 4668 2300 4708 verso
2317 4654 2520 4724 populo
2544 4653 2779 4729 Domini,
2804 4665 2862 4710 ut
2883 4657 3154 4712 sententia
3177 4656 3400 4710 ultionis
3415 4651 3646 4725 procedat
3665 4660 3689 4698 a

2140 4743 2272 4810 Deo,
2313 4748 2500 4800 redeat
2524 4757 2707 4802 autem
2747 4747 2829 4802 lex
2856 4747 2950 4802 Dei
2976 4748 3029 4802 in
3059 4763 3156 4803 cor
3189 4759 3458 4812 nostrum,
3487 4754 3692 4801 commo-

2141 4849 2277 4888 nens
2305 4850 2406 4889 nos
2435 4846 2490 4890 et
2511 4837 2715 4892 docens
2743 4839 2988 4892 converti
3030 4839 3100 4894 ad
3138 4840 3535 4910 paenitentiam,
3560 4831 3692 4889 Satis-

2148 4923 2328 4980 facere
2355 4942 2458 4996 pro
2500 4927 2733 4995 delictis,
2775 4930 3079 4998 supplicare
3125 4947 3226 5002 pro
3260 4931 3459 5003 culpis,
3494 4924 3691 4985 cessabil

2145 5016 2404 5070 continuo
2435 5017 2732 5082 iracundia,
2787 5019 3087 5091 indignatio
3132 5023 3497 5092 conquiescet.
3529 5013 3688 5085 Propi-

2147 5108 2365 5162 tiabitur
2394 5108 2676 5175 Dominus,
2707 5112 2863 5182 quasi
2894 5114 3075 5186 Moyse
3098 5126 3153 5170 et
3179 5115 3359 5170 Aaron
3385 5111 3688 5170 interceden-

2148 5199 2291 5254 tibus
2325 5215 2426 5270 pro
2461 5202 2616 5256 nobis
2647 5211 2703 5258 et
2740 5219 2840 5274 pro
2867 5207 3122 5264 universo
3150 5208 3346 5278 populo
3371 5199 3685 5278 supplicanti-

2149 5291 2265 5346 bus.
2315 5292 2374 5346 δί
2417 5307 2544 5348 vero
2604 5293 2894 5366 aliquando
2931 5299 3142 5354 oriatur
3191 5299 3480 5371 indignatio
3513 5294 3614 5358 Dei.
3645 5296 3689 5345 ει

2142 5383 2322 5436 veniat
2349 5399 2445 5452 pro
2496 5387 2736 5456 peccatis
2779 5402 2923 5443 sana
2953 5392 3244 5461 correptio,
3291 5389 3688 5444 indurenturau-

2147 5481 2255 5528 teni
2298 5475 2462 5528 corda
2511 5486 2726 5543 nostra,
2757 5493 2856 5534 nec
2900 5493 3286 5538 convertamur
3319 5481 3386 5535 ad
3417 5476 3690 5533 Dominum,

2141 5581 2316 5636 neque
2351 5567 2701 5624 htuniliemnr
2740 5570 2794 5625 in
2827 5583 3122 5644 conspectu
3171 5574 3311 5646 ejus,
3333 5571 3468 5627 utin
3511 5564 3692 5624 confes-

2143 5658 2294 5713 sione
2336 5659 2758 5729 supplicantiuni
2801 5674 2982 5720 motus
3015 5669 3132 5735 eius
3171 5677 3226 5722 et
3270 5661 3588 5719 iracundiam
3611 5652 3692 5708 mi-
