3932 6188
323 285 424 340 ('85

1037 268 1575 329 ENARRATIONES
1611 268 1676 324 IN
1712 267 1975 324 LIBRUM
2021 266 2480 322 NUMERORUM.
2525 297 2594 307 —-
2630 266 2758 320 LIB.
2802 268 2858 321 ll.

3487 269 3587 327 GN

318 403 573 470 tigemus,
606 397 701 450 scd
746 400 935 449 contra
960 390 1225 454 dicamus,
1261 387 1375 441 Non
1416 394 1500 442 est
1542 400 1670 439 cura
1698 382 1812 436 Dco
1838 382 1904 437 de
1933 391 1980 449 Α
2009 382 2175 439 Nobis
2224 391 2436 447 autem,
2488 381 2580 450 qui
2639 396 2759 436 eam
2816 381 3131 453 spiritaliter
3180 392 3237 439 et
3274 387 3587 457 evangeliea

317 492 429 545 vita
461 484 793 547 mortalium,
827 498 927 536 nec
968 479 1242 551 pertinent
1286 478 1401 532 lucc
1426 476 1492 531 ad
1518 475 1729 538 Deum;
1786 473 1911 529 reli-

314 581 438 652 quit
458 592 558 633 nos
587 576 734 636 olim,
767 589 867 627 nec
886 572 963 656 ad
993 570 1240 624 notitiam
1262 568 1381 640 ejus
1410 569 1514 624 ista
1545 565 1907 637 perveniunt:

315 672 362 728 si
388 668 518 724 talia
547 667 849 737 cogitemus
876 663 934 720 in
959 661 1215 716 cordibus
1242 658 1466 725 nostris,
1507 667 1559 712 et
1583 658 1699 737 bree
1719 656 1785 712 de
1812 669 1912 710 ore

316 768 511 818 nostro
557 735 871 828 procedant,
926 761 1134 812 certum
1189 759 1274 807 est
1317 765 1426 806 non
1476 763 1596 805 esse
1640 735 1700 804 in
1755 747 1911 805 nobis

318 852 544 924 Moysen
586 858 641 905 et
684 847 886 913 Aaron,
919 845 1055 916 legis
1083 845 1392 910 scientiam,
1419 854 1476 899 et
1506 842 1717 905 fructus
1736 841 1912 913 pinni—

316 943 529 1006 lentiae,
562 955 659 1010 per
680 953 816 1010 quos
840 934 1137 992 interitum
1165 933 1501 994 imminentis
1539 932 1691 987 exitii
1714 932 1912 1000 possi-

318 1049 444 1088 mus
468 1030 722 1086 evadere.
755 1025 870 1086 Hoc
900 1032 1031 1095 puto
1068 1025 1335 1081 accidisse
1360 1024 1525 1078 etiam
1576 1023 1772 1094 populo
1814 1023 1910 1088 illi,

316 1127 415 1198 qui
445 1124 541 1180 fuit
571 1131 695 1178 ante
721 1136 843 1187 nos,
860 1117 1076 1195 quando
1097 1133 1288 1172 omnes
1301 1114 1734 1182 declinaverunt,
1753 1117 1913 1172 simul

318 1217 546 1275 inutiles
568 1215 694 1271 facti
718 1221 864 1280 sunt,
896 1220 950 1268 et
976 1227 1082 1266 non
1105 1209 1205 1264 fuit
1226 1209 1316 1279 qui
1357 1207 1563 1267 faceret
1590 1208 1910 1272 bonitatem,

316 1328 430 1366 non
459 1309 559 1367 fuit
590 1323 763 1378 usque
807 1308 874 1362 ad
903 1320 1090 1364 unum.
1129 1302 1187 1361 Si
1215 1303 1360 1360 enim
1390 1300 1604 1367 fuisset,
1635 1317 1912 1371 nunquam

319 1401 516 1477 utique
557 1397 935 1470 dereliquisset
988 1411 1084 1451 eos
1128 1394 1408 1449 Dominus.
1456 1391 1563 1451 Sed
1608 1400 1664 1447 et
1697 1407 1797 1449 nos
1844 1389 1911 1445 ti-

320 1506 598 1555 meamus,
630 1503 698 1543 ne
725 1487 865 1542 forte
887 1486 1063 1542 simile
1084 1483 1287 1555 aliquid
1320 1482 1627 1539 inveniatur
1656 1481 1708 1535 in
1737 1481 1912 1537 nobis.

320 1582 520 1636 Timeo
557 1579 703 1636 enim
741 1578 889 1652 illam
937 1576 1289 1641 sententiam,
1333 1574 1390 1628 in
1438 1588 1544 1642 qua
1573 1571 1833 1627 Dominus
1862 1579 1916 1626 et

320 1672 586 1729 Salvator
631 1679 852 1735 noster,
903 1666 996 1738 qui
1043 1674 1239 1723 cuncta
1284 1663 1615 1736 prtenoscit,
1664 1661 1916 1717 dubitans

2010 489 2172 529 sensu
2196 472 2543 542 intelligimus
2567 479 2622 525 et
2663 472 3005 542 exponimus,
3036 488 3251 543 semper
3295 492 3432 532 nova
3481 488 3584 544 est,

2010 575 2065 620 et
2102 574 2390 634 utrumque
2435 562 2593 619 nobis
2616 560 2827 619 Novum
2874 562 3280 620 Testamentum
3336 577 3437 629 est,
3484 584 3591 625 non

2014 656 2272 727 temporis
2315 663 2504 720 astate,
2544 655 2639 711 sed
2688 654 3059 726 intelligentia:
3084 656 3342 712 novitate.
3370 658 3455 713 An
3485 675 3590 714 non

2011 756 2066 801 et
2095 743 2370 815 apostolus
2396 742 2634 799 Joannes
2671 743 2727 798 in
2775 744 3014 813 Epistola
3060 761 3157 801 sua
3209 746 3400 803 eadem
3427 749 3594 803 sentit

2011 855 2134 892 cum
2164 839 2294 893 dicit
2324 837 2560 903 :Filioli,
2583 838 2893 893 nntndatnm
2921 856 3109 897 novum
3142 839 3211 894 do
3237 840 3401 906 vobis,
3431 851 3484 894 ut
3511 841 3592 896 in-

2012 928 2169 982 ricem
2213 927 2448 997 diligatis
2492 927 2543 999 (Ι
2570 928 2731 987 Joan.
2764 927 2863 997 n)?
2890 943 3015 982 cum
3060 928 3245 998 utique
3272 928 3440 983 sciret
3467 928 3593 991 olim

2013 1020 2195 1075 datum
2226 1036 2348 1075 esse
2373 1020 2690 1076 mandatum
2738 1021 3042 1081 dilectionis
3071 1022 3125 1076 in
3161 1023 3305 1092 lege;
3338 1023 3434 1079 sed
3463 1038 3590 1093 quo-

2013 1110 2157 1167 niam
2182 1111 2421 1167 Charitas
2446 1126 2718 1181 nunquam
2744 1112 2907 1177 cadit,
2937 1127 3037 1168 nec
3082 1114 3397 1169 mandatum
3424 1115 3595 1170 chari-

2010 1202 2144 1265 tatis
2169 1201 2459 1272 aliquando
2480 1203 2788 1269 veterascit,
2812 1204 2912 1259 hoc
2935 1205 3075 1274 quod
3099 1220 3375 1275 nunquam
3395 1215 3600 1260 vetera-

2015 1294 2138 1358 scit,
2170 1308 2385 1362 semper
2408 1308 2603 1348 novum
2651 1308 2773 1349 esse
2816 1295 3147 1370 pronuntiat.
3191 1297 3417 1367 Semper
3452 1297 3597 1352 enim

2013 1386 2364 1441 observantes
2386 1392 2440 1439 et
2465 1385 2833 1440 custodientes
2859 1401 2938 1452 se,
2967 1387 3257 1445 charitatis
3288 1388 3601 1451 ptandatum

2017 1490 2185 1535 novos
2205 1474 2379 1532 reddit
2402 1474 2457 1531 in
2481 1476 2695 1546 Spiritu.
2724 1477 3005 1532 Peccatori
3041 1486 3222 1541 autem
3243 1487 3300 1539 et
3319 1479 3602 1535 charitatis

2019 1567 2223 1625 hedera
2263 1583 2369 1625 non
2404 1570 2667 1636 servanti,
2692 1570 2861 1625 etiam
2901 1570 3194 1642 Evangelia
3237 1582 3600 1637 veteraseunt.

2018 1658 2129 1713 Nec
2157 1668 2331 1730 potest
2350 1659 2400 1714 ei
2438 1675 2634 1717 novum
2664 1675 2785 1716 esse
2820 1670 3223 1728 testamentum,
3257 1661 3348 1737 qui
3379 1678 3483 1719 non
3512 1663 3605 1720 de-

319 1766 466 1821 dieit
498 1784 510 1819 :
544 1764 710 1818 Putas
750 1763 955 1817 veniens
992 1760 1134 1833 filius
1171 1740 1440 1822 nominis,
1494 1755 1715 1809 inveniet
1748 1753 1912 1827 ﬁdem
1944 1759 1989 1819 Β
2013 1749 2168 1825 ponit
2192 1758 2427 1812 veterem
2456 1750 2750 1815 hominem,
2775 1759 2829 1807 et
2871 1752 3047 1806 induit
3074 1767 3271 1814 novum
3308 1768 3373 1806 ac
3400 1767 3599 1809 secuue

319 1874 491 1930 super
510 1867 705 1911 terram
729 1854 884 1926 (Luc.
918 1851 1110 1924 XVIII)?

404 1948 637 2018 Cumque
653 1946 890 2017 jacerent
913 1946 965 1999 in
989 1955 1152 2009 terra,
1175 1941 1307 2001 dixit
1329 1940 1586 1999 Dominus
1607 1938 1676 1992 ad
1700 1936 1915 2007 Moysen

319 2049 378 2097 et
410 2040 592 2094 Aaron
620 2050 639 2088 .'
672 2033 819 2089 Tolle
841 2032 1189 2098 tlmribnlum,
1215 2041 1261 2088 et
1288 2031 1476 2084 hausto
1510 2028 1623 2098 igne
1645 2027 1709 2080 de
1731 2025 1915 2089 altari,

322 2130 480 2183 mitte
514 2128 781 2183 imensum
829 2124 1052 2194 desuper
1093 2139 1308 2194 pergens
1345 2121 1449 2174 cito
1491 2119 1558 2172 ad
1585 2116 1834 2189 populum
1864 2126 1915 2169 ut

322 2235 485 2291 roges
511 2234 606 2289 pro
650 2217 745 2270 eis.
774 2215 898 2272 Jam
927 2214 1064 2269 enim
1092 2230 1298 2284 egressa
1323 2222 1398 2265 est
1427 2211 1510 2271 ira
1534 2227 1564 2262 a
1597 2209 1843 2272 Domino,
1872 2216 1917 2265 et

320 2309 493 2385 plaga
520 2306 750 2363 desierit.
779 2304 932 2371 Quod
954 2320 1071 2362 cum
1094 2303 1297 2373 fecisset
1328 2301 1505 2363 Aaron
1529 2309 1575 2355 et
1606 2299 1919 2355 cucurrisset

323 2398 403 2452 ad
427 2395 700 2469 populum,
732 2405 780 2450 et
804 2394 872 2449 ad
895 2394 1119 2451 mediam
1143 2391 1554 2452 multitudinem,
1574 2406 1731 2461 quam
1756 2400 1925 2442 vasta-

325 2491 421 2544 bat
450 2488 773 2554 incendium,
796 2485 982 2542 obtulit
1011 2486 1318 2556 thymiama.
1353 2484 1419 2539 Et
1439 2494 1587 2540 stans
1632 2483 1767 2538 inter
1790 2499 1924 2539 mor-

328 2592 456 2636 ttms
483 2592 530 2635 et
560 2581 802 2644 viventes,
836 2595 931 2650 pro
959 2577 1151 2649 populo
1189 2577 1495 2648 deprecatus
1528 2584 1602 2630 est
1626 2615 1640 2641 ,
1681 2586 1727 2628 et
1768 2573 1923 2647 plaga

346 2672 581 2725 ‘essnvit.
633 2668 874 2724 Fuerunt
913 2678 1088 2722 autem
1116 2668 1206 2738 qui
1235 2664 1468 2739 percussi
1514 2675 1636 2720 sunt
1679 2675 1927 2734 quatuor-

331 2761 508 2815 decim
541 2757 711 2813 millia
737 2759 1008 2813 hominum
1038 2767 1086 2811 et
1127 2756 1457 2828 septingenti,
1489 2757 1682 2826 absque
1710 2754 1807 2810 his
1838 2755 1927 2823 qui

329 2849 603 2922 perierant
637 2848 693 2907 in
729 2847 983 2905 seditione
1023 2845 1213 2902 Clwre.
1250 2845 1518 2905 ancntur
1545 2862 1674 2914 ergo
1721 2844 1929 2915 Moyses

332 2948 396 2996 ct
415 2939 596 2995 Aaron
626 2939 778 2996 exire
808 2939 875 2996 de
912 2938 1088 2993 medio
1137 2953 1442 3013 synagogm,
1481 2945 1540 2992 ut
1587 2936 1931 2993 interimatnr

332 3046 613 3104 synagoga
633 3031 699 3086 de
723 3029 911 3086 semel.
941 3028 1050 3085 Sed
1075 3029 1355 3086 videamus
1404 3030 1493 3085 isti
1543 3029 1670 3099 quid
1702 3027 1925 3084 faciunt.

2022 1841 2151 1899 dum
2184 1838 2351 1896 Deum
2370 1851 2643 1907 creatmn,
2673 1851 2732 1897 ut
2761 1844 2952 1903 ollerat
2986 1844 3269 1905 incensum
3297 1846 3350 1903 in
3381 1845 3602 1912 castris,

2022 1942 2077 1988 et
2094 1942 2283 1989 exoret
2304 1949 2405 2004 pro
2422 1934 2642 2007 populo.
2666 1933 2785 1996 lam
2808 1935 2974 2002 enim,
2995 1936 3188 2007 inquit,
3213 1937 3412 1994 vastari
3443 1936 3610 2006 cmpit

2021 2028 2271 2100 populus.
2305 2028 2359 2083 lu
2387 2029 2581 2099 spiritu
2609 2029 2826 2084 videbat
2854 2028 3082 2102 Moyses,
3111 2045 3230 2099 qua:
3258 2031 3606 2102 gerebantur.

2026 2121 2173 2179 Vidit
2200 2120 2450 2175 virtutem
2480 2121 2658 2175 exisse
2691 2121 2758 2175 ad
2804 2131 3002 2186 castra,
3024 2130 3081 2177 et
3122 2130 3337 2177 vastare
3356 2137 3422 2179 ac
3462 2122 3605 2193 peri-

2025 2226 2175 2265 mere
2194 2220 2506 2280 pcecatorcs
2528 2225 2542 2274 ;
2566 2219 2621 2267 et
2650 2220 2871 2282 propter
2899 2211 3000 2267 hoc
3022 2212 3274 2266 hortatur
3295 2212 3609 2284 pontificem

2025 2315 2304 2357 assumere
2330 2300 2595 2367 batillum,
2629 2301 2804 2372 ignem
2830 2302 2896 2358 de
2919 2302 3076 2359 altari
3121 2301 3419 2372 imponere,
3445 2313 3610 2377 atque

2025 2390 2253 2446 incenso
2298 2405 2460 2463 super
2489 2390 2711 2467 injecto,
2739 2392 2888 2451 exire
2920 2401 2976 2448 et
2996 2401 3142 2448 stare
3189 2393 3332 2449 inter
3369 2394 3605 2455 medium

2028 2493 2368 2543 mortuorum
2399 2493 2454 2539 et
2485 2485 2750 2549 vivorum,
2782 2502 2851 2541 ne
2880 2486 3023 2541 ultra
3069 2486 3328 2555 procedat
3355 2486 3609 2554 vastatio,
3635 2474 3647 2485 ’

2030 2574 2114 2629 vel
2136 2584 2301 2637 certe,
2339 2584 2398 2629 ut
2420 2575 2602 2630 verius
2650 2576 2810 2635 habet
2845 2589 2904 2631 se
2934 2574 3233 2645 Scriptura:
3263 2591 3465 2641 sermo,
3487 2592 3616 2635 eon-

2029 2662 2244 2720 fractio.
2276 2664 2381 2720 Sed
2406 2666 2584 2740 primo
2608 2667 2655 2724 si
2686 2667 2919 2733 videtur,
2951 2667 3192 2724 historia:
3230 2668 3400 2742 ipsius
3427 2668 3620 2740 imagiq

2032 2771 2155 2810 nem
2191 2756 2676 2823 describatnus,.ut
2736 2774 2860 2813 cum
2892 2758 2968 2813 rei
2990 2767 3155 2833 gesta:
3189 2760 3398 2830 species
3444 2775 3613 2830 appa-

2033 2846 2223 2911 ruerit,
2256 2856 2386 2901 tunc
2423 2847 2639 2901 demmn
2662 2847 2847 2914 etiam,
2876 2848 2920 2902 si
2944 2849 3072 2922 quid
3093 2858 3177 2904 est
3205 2849 3399 2906 inloco
3422 2849 3612 2922 mystiv

2031 2950 2156 2989 cum
2191 2935 2548 3007 requiramus.
2598 2935 2840 3007 lntcllige
2889 2953 3020 3009 ergo
3061 2939 3317 3009 populum
3365 2939 3530 2994 Israel
3564 2939 3615 3001 in

2033 3024 2228 3081 castris
2273 3040 2369 3099 per
2416 3025 2663 3083 ordinem
2702 3027 2939 3087 tribuum
2974 3027 3414 3099 familiarumque
3439 3030 3619 3106 dispo~

332 3124 529 3181 Sancti
582 3132 729 3188 sunt,
758 3120 985 3192 perfecti
1022 3130 1168 3187 sunt,
1195 3130 1251 3177 ct
1270 3120 1392 3201 plus
1438 3120 1611 3192 magis
1654 3117 1925 3189 Evangelii
1957 3114 2000 3177 C
2034 3112 2235 3184 situm;
2296 3117 2552 3175 virtutem
2599 3133 2728 3176 vero
2752 3117 3043 3186 quamdam
3069 3134 3101 3174 a
3135 3120 3242 3175 Deo
3264 3121 3485 3177 missam
3513 3137 3619 3177 non

335 3212 614 3287 discipuli,
634 3228 794 3282 quam
819 3211 983 3283 legis;
1012 3221 1067 3267 et
1094 3212 1216 3268 ideo
1242 3211 1466 3282 diligunt
1489 3211 1656 3266 etiam
1678 3209 1931 3264 inimicos

336 3318 492 3368 suos,
509 3313 672 3374 atque
686 3313 848 3359 orant
869 3320 966 3373 pro
983 3302 1423 3375 persecutoribus
1440 3302 1573 3359 suis.
1588 3301 1698 3359 Illis
1717 3302 1932 3356 venien-

338 3395 490 3452 tibus
519 3404 578 3449 ut
612 3394 983 3450 interficerent
1034 3409 1147 3459 eos,
1188 3394 1279 3452 isti
1318 3394 1612 3469 procidunt
1637 3395 1690 3450 in
1735 3392 1931 3454 faciem

337 3502 501 3547 suam
533 3502 696 3560 SllpCl’
721 3497 939 3547 [Cl‘l‘llﬂL

418 3574 489 3630 Et
525 3577 600 3630 ait
631 3575 838 3647 Moyses
894 3578 965 3631 ad
1023 3578 1202 3631 Aaron
1239 3591 1259 3628 :
1295 3578 1517 3635 Assume
1566 3575 1827 3641 batillum,
1885 3586 1934 3631 et

338 3668 557 3737 impone
589 3683 746 3737 super
770 3666 905 3721 illud
940 3668 1113 3739 ignem
1159 3668 1225 3721 ab
1255 3667 1433 3732 altari,
1463 3676 1512 3722 et
1564 3667 1721 3737 injice
1750 3665 1830 3719 illi
1854 3666 1936 3718 in-

338 3772 582 3821 censum,
611 3765 660 3812 et
684 3756 817 3828 offer
836 3756 1079 3817 velociter
1105 3758 1158 3812 in
1186 3767 1384 3822 castra,
1411 3766 1459 3811 et
1484 3771 1646 3812 exora
1664 3770 1759 3820 pro
1784 3753 1933 3824 ipsis.

344 3846 502 3905 Exiit
524 3847 663 3902 enim
690 3847 773 3902 ira
794 3847 849 3901 in
881 3857 1160 3923 conspectu
1190 3846 1424 3911 Domini,
1455 3855 1504 3899 et
1525 3845 1644 3915 jam
1671 3845 1819 3914 coepit
1842 3860 1935 3896 ra-

339 3949 495 3996 stare
517 3938 790 4010 populum.
825 3939 1027 3996 Verum
1071 3940 1327 4010 quoniam
1379 3937 1432 3995 in
1469 3938 1568 3992 bos
1589 3935 1939 4007 pervenimus

339 4033 528 4096 locos,
568 4028 693 4086 volo
737 4031 804 4086 de
854 4030 1097 4099 bonitate
1146 4030 1238 4085 Dei
1294 4029 1586 4084 admonere
1646 4027 1939 4098 discipulos

340 4121 582 4188 Christi,
614 4137 683 4179 ne
715 4121 836 4197 quis
872 4120 1013 4176 forte
1053 4131 1295 4178 vestrum
1327 4122 1395 4177 ab
1425 4121 1696 4177 luet-elicis
1717 4129 1941 4178 centur-

346 4215 539 4280 betur,
561 4214 608 4271 si
643 4216 859 4289 quando
879 4223 1153 4273 certamen
1188 4214 1460 4281 inciderit,
1486 4214 1591 4273 illis
1612 4214 1937 4278 dicentibus,

346 4305 616 4377 quoniam
648 4306 789 4361 Deus
837 4305 972 4376 legis
1020 4320 1128 4360 non
1176 4316 1264 4360 est
1288 4306 1459 4360 bonus
1506 4305 1601 4360 sed
1642 4301 1852 4374 justus;
1887 4311 1943 4358 et

351 4394 530 4465 Moysi
572 4395 660 4450 lex
708 4410 815 4450 non
860 4394 1157 4450 bonitatem
1190 4396 1463 4460 continet,
1517 4393 1613 4448 sed
1652 4392 1939 4466 justitiam.

2034 3206 2289 3277 sparsim,
2317 3204 2411 3261 scd
2435 3222 2498 3262 ex
2524 3206 2697 3278 prima
2726 3208 2903 3277 aliqua
2926 3219 3082 3283 parte
3103 3211 3332 3280 etepisse
3364 3210 3618 3285 populum

2035 3309 2210 3355 morte
2243 3308 2476 3364 vastare,
2506 3310 2561 3354 ct
2591 3300 2970 3370 procedentem
2999 3317 3099 3377 per
3126 3304 3396 3370 ordinem,
3423 3305 3617 3366 mortis

2034 3404 2271 3461 Stragem
2316 3393 2624 3448 considera.
2661 3393 2792 3449 Post
2848 3395 2963 3450 lure
3005 3396 3317 3467 pontificem
3375 3396 3622 3456 indutum

2035 3500 2157 3539 esse
2193 3484 2512 3554 munifica“,
2552 3486 2868 3559 procedere,
2910 3496 2966 3543 et
3016 3498 3321 3557 portantem
3375 3489 3620 3544 batillum

2036 3583 2197 3644 atque
2244 3575 2447 3644 ignem,
2494 3589 2616 3633 cum
2660 3576 2880 3633 incenso
2925 3579 3146 3634 tendere
3198 3579 3266 3633 ad
3293 3579 3622 3645 eumlocmn

2037 3681 2144 3741 quo
2186 3679 2286 3736 per
2334 3665 2586 3736 angelum
2637 3677 2943 3721 vastantem
2990 3684 3139 3726 mors
3172 3669 3320 3729 illata
3359 3685 3626 3741 pervene-

2039 3768 2144 3823 rat,
2175 3766 2229 3813 et
2256 3766 2489 3814 stantem
2537 3757 2589 3813 in
2617 3773 2684 3815 eo
2712 3758 2831 3815 loco
2861 3759 2915 3817 in
2945 3775 3052 3830 quo
3090 3776 3238 3817 mors
3265 3760 3427 3818 finem
3451 3763 3620 3819 dede—

2040 3857 2125 3905 rat
2166 3849 2386 3920 primis,
2414 3860 2469 3905 ct
2511 3861 2633 3910 erat
2676 3850 2851 3913 vicina
2891 3853 3199 3928 postremis.
3226 3854 3442 3916 Intuere
3476 3865 3625 3911 stans

2043 3948 2148 3995 tem
2179 3940 2514 4019 pontilicem,
2543 3952 2597 4000 et
2621 3940 2929 4017 objectione
2976 3945 3208 4015 quadam
3248 3946 3354 4013 sui,
3381 3948 3625 4007 viventes

2041 4049 2073 4088 a
2095 4035 2322 4089 mortuis
2357 4035 2729 4103 dirimentem,
2758 4037 3014 4097 virtutem
3063 4038 3462 4113 propitiationis
3485 4040 3626 4111 ejus,

2041 4134 2096 4179 et
2119 4125 2320 4179 incensi
2347 4126 2662 4196 mysterium
2693 4128 3239 4200 crubnisscangelnm
3264 4139 3625 4196 vastatorem;

2042 4224 2097 4291 et
2128 4214 2179 4271 in
2212 4213 2314 4272 hoc
2341 4226 2570 4271 mortem
2605 4216 2823 4291 quidem
2856 4217 3085 4281 finitam,
3119 4219 3285 4274 vitam
3316 4231 3442 4272 vero
3473 4232 3627 4288 repa-

2045 4288 2238 4367 ratam.
2269 4306 2327 4362 Si
2370 4288 2682 4367 intellexisti
2711 4308 2952 4363 historia:
2991 4309 3262 4373 tll'tlillctll,
3292 4318 3347 4364 et
3374 4309 3547 4365 oculis
3570 4319 3629 4371 ut

2047 4398 2119 4453 ita
2153 4398 2330 4457 dicam
2375 4413 2602 4459 cernere
2634 4398 2856 4469 potuisti
2897 4408 3132 4460 stantem
3178 4398 3492 4470 pontificem
3518 4415 3631 4457 me,

352 4462 598 4544 Videant
649 4501 780 4557 ergo
813 4487 904 4561 qui
954 4486 1122 4544 Deum
1165 4485 1370 4557 pariter
1396 4483 1760 4544 criminantur
1779 4489 1835 4537 ei
1870 4462 2195 4548 le-Ddium
2255 4493 2397 4550 inter
2455 4494 2606 4551 vivos
2653 4503 2709 4550 ct
2752 4504 3027 4559 mortuos,
3079 4498 3312 4552 ascende
3367 4512 3512 4553 nunc
3564 4499 3634 4559 ad

351 4590 507 4647 gem,
553 4575 825 4645 quomodo
854 4575 1065 4647 Moyses
1108 4573 1224 4646 ipse
1269 4581 1327 4629 et
1353 4573 1534 4633 Aaron
1563 4571 1774 4643 priores
1805 4568 1945 4625 fece-

356 4675 498 4726 runt
544 4666 668 4731 hoe,
723 4666 868 4741 quod
925 4665 1269 4743 postmodum
1324 4664 1673 4734 Evangelium
1739 4663 1942 4719 docuit.

355 4757 509 4819 Ecce
541 4757 717 4828 diligit
749 4757 961 4830 Moyses
988 4758 1258 4825 inimicos,
1288 4766 1343 4814 et
1361 4765 1483 4813 orat
1513 4774 1613 4830 pro
1641 4768 1949 4836 perseeuto-

354 4848 520 4909 ribus
553 4850 705 4905 suis:
731 4851 875 4920 quod
895 4851 1084 4924 utique
1133 4848 1383 4909 Christus
1409 4849 1465 4909 in
1498 4850 1805 4921 Evangeliis
1832 4850 1948 4904 fieri

354 4944 545 4999 docet.
577 4942 715 4998 Audi
737 4944 881 5003 enim
916 4943 1188 5017 quomodo
1214 4943 1470 4999 cadentes
1495 4943 1551 4998 in
1577 4941 1769 4998 faciem
1793 4956 1957 5015 super

359 5048 594 5103 terram,
649 5048 809 5093 orant
848 5054 948 5110 pro
978 5039 1106 5104 illis,
1138 5032 1253 5111 'qui
1298 5041 1365 5096 ad
1401 5039 1810 5099 interﬁciendos
1861 5052 1957 5093 eos

360 5130 801 5189 insurrexerunt.
835 5129 926 5187 Sic
951 5146 1083 5202 ergo
1108 5142 1163 5189 et
1185 5131 1459 5187 invenitur
1482 5132 1761 5206 Evangelii
1781 5134 1956 5188 virtus

360 5221 424 5276 ia
453 5220 602 5290 lege,
640 5231 696 5276 et
732 5220 1084 5282 fundamento
1125 5223 1260 5294 legis
1312 5226 1540 5285 subnixa
1582 5226 1956 5296 intelliguntur

363 5309 684 5386 Evangelia.
713 5310 825 5366 Nec
858 5311 1021 5372 Vetus
1052 5313 1461 5368 Testamentum
1501 5315 1723 5369 nomino
1751 5330 1852 5386 ego
1882 5313 1959 5369 leo

359 5412 512 5469 gem,
541 5400 587 5454 si
617 5412 740 5459 eam
763 5401 1080 5471 spiritaliter
1108 5402 1426 5475 intelligam.
1454 5404 1562 5464 lllis
1586 5403 1957 5459 tantummodo

361 5491 455 5547 lex
492 5490 655 5547 Vetus
679 5492 911 5548 edicitur
935 5493 1363 5561 Testamentum,
1389 5495 1481 5565 qui
1510 5510 1627 5550 eam
1666 5494 1959 5550 carnaliter

362 5583 677 5653 intelligere
713 5584 922 5641 volunt.
962 5586 1029 5641 Et
1070 5588 1379 5643 necessario
1424 5586 1529 5643 illis
1580 5595 1736 5641 vetus
1761 5585 1957 5641 effecta

362 5690 452 5735 est
498 5689 555 5735 et
598 5682 800 5749 senuit,
836 5683 959 5753 quia
1006 5683 1149 5740 vires
1183 5700 1308 5740 suas
1341 5699 1446 5739 non
1476 5690 1652 5753 potest
1684 5682 1951 5741 obtinere.

2048 4585 2198 4641 verbi
2250 4584 2408 4653 hujus
2467 4586 2700 4642 celsiora
2766 4587 3021 4659 fastigia,
3077 4598 3133 4644 et
3188 4588 3312 4649 vide
3357 4589 3632 4659 quomodo

2050 4693 2210 4735 verus
2260 4679 2501 4747 pontifex
2546 4676 2707 4735 .lesus
2761 4680 3043 4747 Christus,
3107 4690 3390 4752 assmnpto
3444 4684 3632 4744 batillo

2050 4770 2232 4826 carnis
2262 4770 2530 4835 humana),
2570 4779 2626 4826 et
2663 4774 3004 4847 superposito
3044 4773 3152 4845 igni
3200 4775 3411 4840 altaris,
3457 4775 3636 4835 anima

2052 4861 2171 4915 sine
2192 4858 2353 4916 dubio
2384 4859 2471 4915 illa
2494 4862 2779 4931 magnifica
2806 4877 2929 4918 cum
2952 4880 3056 4934 qua
3080 4872 3240 4919 natus
3269 4872 3352 4920 est
3378 4865 3430 4919 in
3453 4879 3639 4928 carne,

2056 4958 2113 5004 et
2138 4950 2347 5019 adjecto
2371 4950 2536 5005 etiam
2570 4950 2813 5016 incenso,
2840 4952 2931 5021 qui
2967 4962 3049 5007 cst
3078 4953 3302 5027 spiritus
3328 4952 3641 5011 immacula—

2058 5050 2166 5113 tus,
2196 5042 2404 5098 medius
2451 5042 2593 5099 inter
2634 5043 2785 5100 vivos
2827 5045 2997 5110 stetit,
3025 5053 3082 5100 et
3108 5055 3337 5103 mortem
3382 5060 3489 5107 non
3519 5042 3644 5101 fecit

2056 5137 2293 5209 grassari
2332 5136 2504 5203 ultra,
2542 5135 2639 5192 sed
2675 5136 2817 5199 sicut
2850 5134 3141 5207 Apostolus
3166 5137 3298 5191 dicit
3328 5154 3341 5191 :
3376 5136 3643 5192 Dcslrua‘ll

2055 5243 2175 5284 eum
2205 5227 2295 5297 qui
2326 5227 2543 5281 [rubebat
2578 5228 2762 5281 mortis
2792 5228 3091 5298 imperium,
3123 5227 3175 5281 id
3205 5237 3319 5293 est,
3352 5226 3643 5291 diabolum,

2058 5327 2117 5373 ut
2150 5317 2240 5389 qui
2267 5318 2429 5375 credit
2466 5319 2522 5372 in
2554 5334 2674 5377 eum
2702 5318 2822 5388 jam
2864 5334 2966 5375 non
3004 5319 3279 5381 moriatur,
3309 5316 3399 5369 sed
3431 5316 3564 5368 vivat
3592 5330 3646 5378 tn

2061 5417 2313 5462 trternmn
2354 5405 2539 5479 (Ilebr.
2570 5408 2654 5478 ιι).
2685 5407 2800 5463 lloc
2825 5406 2928 5463 fuit
2954 5423 3084 5478 ergo
3119 5406 3435 5476 mysterium
3456 5443 3471 5469 ,
3504 5403 3648 5474 quod

2060 5510 2247 5569 postea
2276 5498 2533 5565 futurum,
2560 5496 2672 5567 jam
2708 5510 2834 5555 tunc
2859 5500 2946 5553 ille
2970 5499 3060 5568 qui
3089 5496 3341 5568 populum
3373 5496 3649 5571 vastabat,

2062 5592 2299 5661 expavit.
2339 5592 2680 5662 Agnoscebat
2706 5594 2852 5646 enim
2889 5593 3116 5663 figuram
3157 5588 3349 5655 batilli,
3392 5598 3447 5644 et
3488 5589 3648 5660 ignis,

2003 5736 2006 5739 .
2062 5692 2115 5743 et
2144 5683 2369 5749 incensi,
2398 5691 2453 5737 et
2478 5682 2651 5754 qualis
2675 5680 2945 5738 offerenda
2974 5688 3114 5734 esset
3140 5681 3248 5734 Deo
3288 5679 3464 5745 hostia
3492 5682 3558 5746 ab
3586 5696 3652 5743 en
