3932 6188
358 191 492 249 Ὅδτ

1024 191 1084 247 Β.
1126 193 1378 249 RABANI
1419 194 1637 251 MAURI
1675 193 1991 253 ARCﬂfEP.
2025 193 2343 257 MOGUNT.
2382 198 2670 258 OPERUM
2695 202 2886 259 PARS
2922 203 2962 260 ι.

3536 208 3643 263 688

345 330 365 340 ··
382 309 474 379 qui
503 308 713 364 medius
739 298 1076 363 mortuorum
1100 310 1453 381 vivorumque
1473 313 1812 377 constiterat,
1833 328 1966 384 pra:-
1993 320 2040 376 Λ
2068 323 2191 385 ptor
2215 328 2418 383 noster,
2445 319 2536 388 qui
2565 318 2632 372 de
2668 318 2808 373 tribu
2833 312 2968 373 Iuda
2993 333 3056 373 ac
3091 317 3219 372 Levi
3246 328 3397 374 ortus
3419 330 3532 383 est,
3559 323 3647 377 in-

380 401 618 458 videbat.
648 401 711 456 Et
740 402 860 457 illos
886 402 1102 471 quidem
1132 411 1261 457 tunc
1289 404 1464 473 imago
1490 404 1831 475 praeﬁgurata
1857 405 1964 461 sal-

381 496 556 561 vavit;
603 493 670 547 ad
713 508 811 548 nos
849 502 1030 547 autem
1071 493 1263 549 salutis
1297 496 1499 551 veritas
1544 496 1657 567 ipsa
1696 498 1960 567 pervenit.

379 584 569 654 Neque
613 586 758 638 enim
800 584 1110 638 indumenta
1151 584 1421 654 pontiﬁcis
1461 600 1699 656 purpura
1739 603 1801 643 ac
1842 587 1964 643 lana

379 679 647 750 byssoque
692 685 947 732 contexta
983 677 1287 732 erubuisset
1315 679 1533 749 angelus
1576 679 1666 735 ille
1690 689 1960 747 vastator;

379 768 474 825 sed
516 768 620 824 iste
649 783 767 838 qua:
796 766 975 822 futura
1017 777 1172 823 erant
1211 768 1524 823 indumenta
1565 770 1745 841 magni
1784 771 1965 841 ponti-

380 861 498 916 ﬁcis
529 860 827 923 intellexit,
854 867 910 913 et
938 858 1024 915 bis
1062 860 1229 914 cessit
1254 860 1451 929 quibus
1489 861 1673 930 utique
1709 862 1961 917 universa

377 964 627 1012 creatura
665 954 887 1009 inferior
910 963 1046 1009 erat.
1078 953 1217 1009 Puto
1241 964 1442 1020 autem,
1471 955 1613 1023 quod
1649 970 1753 1010 non
1789 956 1961 1010 solum

376 1049 554 1120 primo
598 1046 832 1101 adventu
876 1046 1089 1101 Domini
1136 1057 1192 1100 et
1234 1045 1529 1101 Salvatoris
1574 1048 1748 1101 nostri
1791 1045 1961 1101 forma

377 1140 479 1195 ista
506 1137 767 1208 completa
798 1137 901 1203 sit,
942 1138 1037 1191 sed
1071 1137 1258 1191 eadem
1292 1136 1538 1192 fortassis
1572 1139 1876 1195 servabitur
1909 1147 1966 1193 et

376 1232 430 1284 in
463 1229 722 1286 secundo.
758 1228 950 1283 Veniet
986 1228 1129 1282 enim
1162 1227 1306 1282 ﬁlius
1336 1229 1605 1295 hom'nis;
1636 1238 1693 1284 et
1720 1245 1840 1284 cum
1871 1245 1964 1283 ve-

374 1321 519 1377 nerit
562 1321 756 1375 iterum
777 1360 793 1384 ,
833 1320 955 1375 sine
982 1318 1144 1374 dubio
1177 1320 1412 1374 inveniet
1454 1322 1715 1390 quosdam
1743 1322 1961 1392 quidem

374 1420 637 1475 mortuos,
670 1411 931 1481 quosdam
974 1418 1156 1465 autem
1184 1409 1449 1464 viventes.
1496 1410 1647 1478 Quod
1675 1425 1963 1480 possumus

374 1503 593 1574 quidem
632 1509 688 1556 et
729 1501 810 1556 sic
852 1500 1193 1569 intelligere:
1236 1500 1363 1570 quia
1407 1499 1647 1555 nonnulli
1686 1500 1862 1554 adhuc
1900 1500 1959 1554 in

373 1596 477 1652 hoc
508 1595 631 1650 vita:
677 1601 820 1648 statu
862 1609 969 1663 quo
1009 1609 1155 1648 nunc
1199 1607 1387 1647 sumus
1430 1593 1793 1659 inveniantur,
1834 1608 1958 1647 cum

2068 416 2336 463 terccssor
2362 425 2458 478 pro
2498 409 2653 464 nobis
2681 423 2801 464 esse
2830 418 3181 465 monstratur.
3216 410 3353 465 Ecce
3378 425 3510 481 ergo
3525 409 3649 481 jam

2066 496 2215 567 virga
2247 498 2425 555 Aaron
2466 510 2587 571 post
2613 497 2918 556 ariditatem
2958 500 3134 567 ﬂoret,
3175 501 3269 556 sed
3309 501 3473 573 virga:
3512 502 3649 558 dno-

2066 586 2238 642 decim
2266 589 2501 645 tribuum
2534 592 2585 645 in
2611 592 2864 647 ariditate
2891 602 3193 659 remanent,
3226 592 3353 663 quia
3379 592 3494 664 jam
3527 594 3649 665 qni-

2065 675 2188 730 dem
2218 692 2413 748 corpus
2454 680 2667 734 Domini
2708 692 2832 751 post
2874 692 3104 737 mortem
3141 683 3305 748 vivit,
3333 683 3428 738 sed
3459 694 3645 739 nostra
3698 710 3701 713 -

2065 768 2240 823 adhuc
2266 784 2493 840 corpora
2522 785 2693 840 usque
2727 772 2778 826 in
2808 771 2969 826 ﬁnem
2998 772 3179 827 nmndi
3217 787 3249 826 a
3289 774 3644 829 resurrectio-

2064 858 2151 914 nis
2193 859 2361 930 gloria
2392 851 2737 916 diﬂ‘eruntur.
2783 862 2969 932 Igitur,
3011 863 3152 917 sicut
3190 863 3447 927 diximus,
3493 869 3644 934 virga

2061 950 2242 1005 Aaron
2262 992 2276 1016 ,
2309 967 2430 1021 qua:
2459 960 2581 1022 post
2609 951 2908 1007 siccitatem
2936 952 3155 1020 ﬂoruit,
3181 970 3310 1009 caro
3343 956 3648 1010 insinuatur

2061 1038 2284 1106 Christi,
2321 1056 2440 1111 qua:
2472 1052 2760 1113 postquam
2800 1042 2867 1097 de
2906 1042 3058 1098 Iesse
3090 1044 3270 1098 radice
3297 1046 3509 1100 succisa
3539 1056 3644 1111 est,

2042 1131 2304 1187 vivacius
2333 1134 2657 1187 mortiﬁcata
2686 1133 2979 1188 reviviscit.
3008 1135 3191 1203 Itaque
3217 1137 3367 1206 virga
3393 1144 3513 1205 post
3539 1138 3648 1189 ari—

2062 1222 2288 1277 ditatem
2315 1223 2608 1288 virescens,
2638 1223 2886 1279 Christus
2911 1236 2995 1279 est
3026 1233 3150 1295 post
3192 1237 3421 1279 mortem
3468 1241 3648 1280 resur-

2060 1330 2211 1386 gens.
2259 1314 2432 1385 Ipsam
2474 1316 2616 1370 enim
2656 1316 2893 1387 virgam,
2945 1316 3133 1387 ipsum
3160 1314 3347 1371 ﬂorem
3393 1317 3644 1388 intelligi--

2059 1422 2211 1472 mus,
2259 1416 2322 1462 ut
2362 1408 2416 1462 in
2461 1408 2612 1477 virga
2666 1409 2939 1478 regnantis
2988 1409 3260 1480 potentia,
3303 1418 3359 1463 et
3406 1410 3462 1463 in
3514 1409 3646 1464 ﬂore

2056 1498 2404 1570 pulchritudo
2448 1495 2565 1566 ejus
2608 1497 2959 1554 monstretur.
3003 1499 3156 1554 Unde
3202 1507 3257 1553 et
3303 1500 3356 1553 in
3405 1498 3649 1555 Canticis

2061 1589 2395 1644 camicorum
2422 1590 2553 1644 dicit
2580 1589 2719 1645 idem
2747 1608 2760 1644 :
2791 1589 2902 1661 Ego
2928 1607 3044 1644 sum
3070 1591 3170 1660 ﬂos
3195 1591 3367 1661 campi
3400 1600 3449 1645 et
3476 1590 3647 1644 liliuus

358 1688 531 1743 :multi
551 1686 666 1756 jam
694 1694 1092 1757 praecesserunt
1118 1686 1335 1741 mortui.
1368 1684 1553 1741 Potest
1576 1692 1755 1739 autem
1784 1693 1839 1740 et
1861 1683 1961 1739 ali~
1986 1672 2034 1731 Β
2054 1678 2375 1733 convallium
2415 1677 2593 1749 (Cant.
2625 1678 2710 1750 η).
2755 1679 2861 1734 Alii
2907 1681 3114 1751 virgam
3157 1680 3332 1746 hanc,
3367 1694 3490 1750 quae
3530 1681 3651 1736 sine

351 1789 457 1835 ’ter
480 1778 675 1848 accipi,
699 1784 1030 1859 ut.mortuos
1056 1792 1285 1847 corpora
1312 1775 1693 1847 intelligamus,
1714 1774 1961 1830 viventes

371 1880 555 1926 autem
597 1869 827 1924 animas.
868 1865 1098 1936 Quidam
1133 1876 1310 1923 autem
1341 1883 1409 1923 ex
1439 1867 1548 1934 his,
1576 1868 1669 1937 qui
1700 1867 1845 1921 hunc
1875 1865 1959 1921 lo-

371 1978 496 2019 cum
530 1970 657 2018 ante
701 1960 1048 2032 interpretati
1079 1967 1227 2027 sunt,
1272 1960 1491 2015 memini
1529 1961 1677 2030 quod
1715 1968 1961 2013 mortuos

370 2052 732 2108 dixerintreos
759 2052 852 2120 qui
882 2049 1161 2106 nimietate
1198 2049 1465 2105 scelerum
1493 2048 1547 2103 in
1582 2049 1821 2119 peccatis
1848 2048 1961 2104 suis

370 2150 569 2205 mortui
602 2148 1027 2221 “intelliguntur,
1079 2146 1326 2202 viventes
1377 2153 1558 2201 autem
1612 2159 1706 2200 eos
1756 2143 1849 2214 qui
1904 2143 1960 2198 in

369 2241 624 2312 operibus
637 2240 789 2294 witm
823 2236 1246 2310 permanserint.
1282 2236 1667 2292 Verumtamen
1705 2232 1964 2289 utrolibet

372 2311 559 2396 modo,
574 2332 750 2388 stabit
778 2332 941 2386 etiam
970 2329 1025 2385 in
1051 2311 1238 2383 futuro
1261 2342 1488 2399 magnus
1521 2327 1612 2383 hic
1635 2325 1878 2398 pontifex
1906 2333 1962 2379 et

328 2488 333 2493 ο
372 2422 625 2479 Salvator
645 2431 841 2477 noster
880 2421 1091 2476 medius
1128 2421 1396 2475 vivorum.
1429 2417 1536 2473 Sed
1574 2426 1631 2474 et
1667 2427 1794 2474 tunc
1823 2416 1962 2474 forte

370 2514 586 2570 medius
621 2512 869 2567 vivorum
891 2520 963 2566 ~et
1004 2518 1343 2566 mortuorum
1383 2519 1529 2566 stare
1566 2510 1829 2566 dicendus
1856 2516 1958 2574 est,

369 2620 497 2662 cum
523 2613 728 2661 statuet
756 2604 1134 2673 ovcs‘quidem
1165 2619 1196 2657 a
1233 2604 1439 2659 dextris
1477 2603 1624 2669 suis,
1655 2603 1841 2659 haedos
1868 2619 1964 2658 au-

373 2705 482 2750 tem
513 2697 582 2750 ad
624 2694 893 2759 sinistros,
937 2702 993 2749 et
1021 2694 1159 2749 dicet
1210 2694 1295 2748 his
1323 2695 1415 2764 qui
1462 2708 1495 2748 a
1536 2692 1744 2749 dextris
1787 2703 1912 2749 sunt
1939 2712 1959 2749 τ

382 2784 584 2850 Venite,
608 2785 862 2840 benedicti
876 2782 1071 2839 Patris
1101 2786 1225 2851 mei,
1250 2785 1496 2856 percipite
1514 2801 1733 2856 regnum
1754 2785 1959 2852 mundi,

371 2887 479 2933 etc.
521 2874 739 2950 (Matth.
773 2874 920 2948 xxv).
967 2874 1063 2931 liis
1100 2885 1282 2931 autem
1321 2875 1413 2945 qui
1454 2890 1485 2930 a
1529 2876 1766 2931 sinistris
1802 2884 1960 2944 sunt,

370 2965 517 3021 dicet
555 2984 568 3019 :
610 2963 693 3020 Ite
733 2966 788 3018 in
827 2965 997 3036 ignem
1042 2973 1326 3031 (rtemann,
1374 2965 1603 3036 operarii
1646 2965 1958 3037 iniquitatis,

2062 1771 2290 1825 humore
2330 1769 2517 1826 ﬂorem
2557 1770 2811 1842 protulit,
2863 1771 3085 1825 Mariam
3128 1771 3388 1841 virginem
3429 1780 3647 1842 putant,

2062 1874 2183 1930 quae
2206 1860 2323 1915 sine
2348 1861 2493 1916 coitu
2526 1861 2695 1917 edidit
2726 1862 2960 1917 Verbum
2979 1861 3082 1916 Dei
3101 1902 3116 1927 ,
3153 1863 3220 1916 de
3246 1877 3351 1931 qua
3383 1865 3647 1932 scriptum

2052 1960 2182 2009 est:
2213 1952 2369 2008 Exiet
2400 1956 2544 2024 virga
2564 1952 2631 2007 de
2658 1954 2837 2009 radice
2857 1952 3028 2020 Iesse,
3056 1963 3104 2008 et
3125 1955 3223 2025 ﬂos
3242 1954 3309 2008 de
3337 1955 3514 2008 radice
3533 1954 3651 2024 ejus

2062 2046 2304 2101 ascendet
2332 2043 2467 2117 (Isa.
2495 2043 2606 2116 ιι),
2646 2045 2853 2101 scilicet
2884 2044 3168 2112 Christus,
3198 2045 3291 2117 qui
3328 2044 3528 2099 futurae
3565 2053 3651 2117 ty—

2057 2150 2191 2207 pum
2216 2135 2496 2205 passionis
2526 2133 2854 2204 pratfcrens,
2899 2135 3130 2190 candido
3173 2132 3297 2189 ﬁdei
3339 2133 3565 2199 lumine,
3594 2140 3651 2188 et

2062 2228 2331 2299 passionis
2353 2228 2614 2300 sanguine
2640 2229 2972 2299 purpurabat
2996 2226 3094 2283 ﬂos
3126 2226 3413 2297 virginum,
3446 2241 3650 2281 corona

2063 2328 2399 2392 martyrum,
2445 2320 2618 2391 gratia
2659 2320 3070 2375 continentium.
3111 2320 3246 2374 item
3289 2319 3648 2391 tmpologice,

2063 2425 2256 2466 omnes
2278 2424 2495 2481 quoque
2514 2410 2788 2482 principes
2814 2410 2989 2465 tribus
3014 2419 3069 2465 et
3097 2409 3278 2480 populi
3306 2409 3510 2465 habent
3540 2410 3653 2464 vir-

2062 2519 2205 2576 gam.
2229 2503 2350 2559 Non
2375 2503 2522 2559 enim
2548 2512 2726 2575 potest
2755 2504 2878 2573 quis
2908 2518 3097 2573 regere
3121 2501 3388 2573 populum
3417 2502 3523 2557 nisi
3556 2503 3651 2556 ha-

2063 2597 2190 2653 beat
2221 2596 2449 2670 virgam.
2487 2596 2641 2652 Unde
2669 2602 2724 2651 et
2744 2595 2951 2650 Paulus
2982 2594 3290 2664 apostolus,
3333 2594 3461 2663 quia
3489 2594 3654 2663 prino

2063 2705 2191 2761 ceps
2225 2698 2346 2745 erat
2384 2687 2569 2760 populi
2616 2688 2818 2744 idcirco
2860 2686 3115 2743 dicebat:
3164 2683 3305 2751 Quid
3347 2684 3540 2740 vultis!
3581 2683 3651 2737 In

2063 2786 2209 2857 virga
2238 2785 2438 2841 ueniam
2469 2782 2537 2837 ad
2561 2799 2669 2849 vos,
2702 2790 2794 2836 aut
2823 2782 2876 2835 in
2895 2780 3161 2834 charitate
3186 2778 3477 2850 spirituque
3503 2793 3650 2831 mau-

2065 2876 2357 2932 suetudinis
2373 2873 2431 2948 (1
2447 2872 2569 2929 Cor.
2587 2871 2917 2946 x1)?0mnes
2936 2887 3064 2944 ergo
3089 2869 3363 2940 principes
3387 2869 3647 2931 tribuum,

2067 2970 2302 3026 habeant
2330 2983 2552 3024 necesse
2579 2977 2665 3022 est
2688 2968 2870 3037 virgas
2906 2981 3059 3031 suas,
3099 2964 3196 3020 sed
3225 2979 3365 3019 unus
3390 2964 3540 3019 solus
3558 2969 3655 3017 est

369 3073 524 3128 quem
549 3057 865 3128 prtrparavit
905 3054 1069 3110 Pater
1088 3071 1238 3110 meas
1266 3055 1479 3111 diabolo
1513 3066 1561 3111 et
1600 3056 1798 3128 angelis
1826 3058 1960 3128 ejus,
1991 3041 2037 3106 C
2067 3062 2212 3119 sicut
2249 3062 2532 3132 scriptura
2561 3060 2751 3125 refert,
2786 3057 3037 3130 pontifex
3068 3058 3274 3122 Aaron,
3300 3054 3454 3126 cujus
3486 3056 3649 3127 virga

372 3150 623 3221 quoniam
660 3163 765 3201 non
800 3147 920 3200 novi
956 3163 1063 3201 ros.
1093 3146 1310 3202 Eteunt
1340 3146 1529 3217 utique
1554 3147 1752 3201 mortui
1785 3147 1876 3217 qui
1909 3148 1963 3201 in

371 3241 554 3313 ignem
580 3240 871 3293 mittuntur
894 3244 1188 3304 aeternum,
1226 3246 1354 3294 sunt
1400 3246 1582 3293 autem
1620 3237 1729 3292 vivi
1760 3237 1832 3293 illi
1874 3239 1965 3308 qui

374 3329 667 3385 mittuntur
690 3328 758 3382 ad
784 3340 1029 3398 regnum.

964 3436 1203 3494 ‘CAPUT
1242 3436 1361 3493 XX.

371 3528 453 3588 De
476 3532 632 3602 uirgis
658 3529 940 3602 duodecim
956 3528 1187 3583 tribuum
1205 3529 1364 3602 jussu
1387 3528 1600 3602 Domini
1628 3530 1698 3602 ad
1723 3529 1966 3602 taberna-

441 3599 622 3658 culum
661 3599 872 3669 allatis,
923 3599 1060 3654 inter
1094 3599 1226 3671 quas
1265 3599 1378 3656 sola
1415 3600 1595 3655 Aaron
1634 3601 1778 3672 virga
1818 3601 1966 3671 [ron-

443 3674 654 3729 duerat.

443 3784 594 3858 (Csr.
640 3782 797 3853 xm.)
838 3782 1071 3839 Locutus
1109 3794 1183 3839 est
1221 3783 1479 3839 Dominus
1518 3784 1587 3840 ad
1628 3783 1845 3856 Moysen
1884 3786 1967 3840 di-

372 3893 494 3932 cens
516 3890 535 3928 :
571 3874 807 3945 Loquere
840 3876 910 3929 ad
936 3874 1080 3944 ﬁlios
1109 3874 1303 3941 Israel,
1332 3884 1381 3930 et
1408 3876 1584 3945 accipe
1607 3875 1671 3929 ab
1696 3877 1770 3930 eis
1792 3879 1964 3947 virgas

371 3969 610 4041 singulas
645 3984 739 4038 per
770 3967 1104 4038 cognationes
1144 3984 1300 4033 suas,
1336 3985 1369 4021 a
1411 3968 1612 4021 cunctis
1646 3968 1964 4039 principibus

371 4063 604 4120 tribuum
632 4062 808 4131 virgas
841 4059 1099 4131 singulas,
1134 4069 1182 4114 et
1212 4059 1623 4132 uniuscujusque
1663 4076 1848 4114 nomen
1868 4078 1966 4115 su-

370 4155 657 4227 perscribes
703 4154 862 4225 virga:
900 4168 1033 4208 suae.
1083 4152 1293 4208 Nomen
1338 4162 1512 4208 autem
1558 4153 1738 4208 Aaron
1772 4156 1867 4209 erit
1907 4155 1965 4210 in

370 4248 511 4304 tribu
540 4245 683 4314 Levi,
712 4255 760 4302 et
788 4261 896 4301 una
922 4246 1069 4317 virga
1093 4256 1307 4300 cunctas
1335 4262 1513 4300 eorum
1537 4245 1772 4317 familias
1799 4247 1967 4302 conti-

371 4339 534 4394 nebit.
582 4335 856 4409 Ponesque
897 4353 987 4393 eas
1037 4338 1093 4391 in
1138 4335 1475 4392 tabernacula
1527 4337 1737 4408 fwderis
1784 4354 1960 4393 coram

372 4432 688 4498 testimonio,
732 4430 821 4484 ubi
861 4429 1051 4502 loquar
1083 4430 1153 4484 ad
1196 4439 1263 4485 te.
1310 4429 1476 4497 Quem
1515 4447 1581 4486 ex
1618 4431 1701 4486 his
1739 4430 1958 4504 elegero,

372 4521 684 4592 geminabit
712 4521 858 4592 uirga
888 4520 1004 4590 ejus
1032 4533 1051 4572 :
1077 4529 1126 4574 et
1156 4520 1400 4575 cohibebo
1437 4538 1469 4574 a
1498 4538 1581 4576 me
1609 4524 1961 4593 querimonias

374 4614 607 4683 ﬁliorum
647 4614 821 4670 Israel
861 4616 1048 4687 quibus
1090 4627 1271 4670 contra
1315 4632 1405 4669 vos
1449 4625 1803 4680 murmurant,
1852 4625 1957 4671 etc.

2065 3154 2409 3227 germinavit.
2435 3151 2635 3207 Verum
2658 3152 2934 3223 quoniam,
2962 3159 3017 3205 ut
3039 3164 3180 3219 sape
3203 3148 3463 3215 vidimus,
3485 3162 3652 3202 verus

2062 3243 2305 3319 pontifex
2331 3244 2581 3301 Christus
2608 3256 2724 3311 est,
2752 3246 2865 3316 ipse
2894 3244 3041 3300 solus
3065 3244 3220 3314 cujus
3244 3243 3396 3314 virga
3426 3257 3536 3296 non
3562 3256 3655 3295 so-

2063 3339 2173 3394 lum
2199 3338 2553 3410 germinavit,
2581 3337 2677 3394 sed
2702 3346 2757 3393 et
2789 3336 2996 3401 ﬂoruit,
3029 3346 3084 3391 et
3108 3334 3286 3390 omnis
3302 3331 3652 3389 credulitatis

2062 3429 2166 3485 hos
2194 3420 2529 3484 credentium
2571 3427 2890 3498 populorum
2917 3427 3097 3483 attulit
3120 3426 3352 3483 l’ructus.
3383 3423 3517 3492 Quis
3553 3440 3654 3478 au-

2067 3529 2174 3575 tem
2204 3527 2290 3576 est
2320 3519 2422 3575 istc
2446 3518 2657 3574 fructus
2678 3533 2837 3589 quem
2870 3518 3083 3573 attulit?
3106 3517 3289 3583 Nucis,
3318 3516 3514 3587 inquit.
3543 3515 3649 3585 Qui

2064 3611 2273 3669 fructus
2312 3610 2531 3681 quidem
2573 3610 2753 3680 primo
2787 3609 3110 3663 indumento
3147 3621 3368 3662 amarus
3409 3615 3527 3669 est,
3564 3622 3651 3661 se—

2065 3705 2252 3777 quenti
2280 3702 2523 3761 munitur
2550 3718 2613 3757 ac
2656 3701 2878 3774 tegitur,
2924 3700 3084 3757 tertio
3128 3708 3437 3755 sutueutem
3475 3700 3653 3770 pascit

2066 3813 2133 3853 ac
2176 3796 2366 3852 nutrit.
2401 3793 2547 3851 Talis
2581 3809 2711 3865 ergo
2748 3801 2833 3848 est
2874 3793 2929 3847 in
2971 3791 3240 3847 auditorio
3277 3789 3514 3856 Christi,
3558 3790 3654 3844 do-

2065 3888 2240 3947 ctrina
2286 3887 2421 3960 legis
2457 3895 2512 3941 et
2558 3886 2965 3958 prophetarum.
3010 3883 3201 3938 Primo
3241 3882 3443 3938 littera:
3487 3881 3655 3938 facies

2065 3982 2200 4037 satis
2227 3995 2410 4035 amara
2437 3990 2519 4036 est
2538 4020 2554 4045 ,
2592 3994 2712 4050 qua:
2747 3977 3216 4034 circumcisiooem
3239 3976 3427 4031 carnis
3460 3976 3655 4046 prseci-

2065 4072 2167 4143 pit,
2208 4088 2330 4140 qua:
2365 4072 2429 4126 de
2466 4070 2749 4125 sacriﬁciis
2782 4070 3025 4133 mandat,
3053 4076 3109 4123 et
3148 4075 3369 4132 caetera,
3400 4081 3523 4137 quae
3558 4082 3656 4136 per

2064 4164 2399 4221 occidentem
2442 4163 2679 4218 litteram
2718 4161 3069 4230 designantur
3110 4176 3124 4214 ;
3162 4159 3282 4215 haec
3310 4159 3495 4215 omnia
3531 4166 3651 4212 tan~

2065 4270 2227 4326 quam
2259 4269 2505 4308 amarum
2535 4253 2693 4309 nucis
2733 4252 3022 4317 corticem,
3055 4251 3280 4325 projice.
3312 4251 3569 4307 Secundo
3602 4253 3651 4305 in

2066 4347 2185 4403 loco
2213 4343 2279 4400 ad
2310 4344 2641 4398 munimenta
2668 4351 2822 4398 testae
2842 4344 3127 4412 pervenies
3153 4358 3167 4397 :
3197 4343 3252 4397 in
3284 4358 3397 4412 quo
3421 4342 3510 4399 vel
3541 4359 3654 4396 llt0~

2068 4438 2198 4495 ralis
2232 4436 2478 4494 doctrina
2502 4435 2586 4491 vel
2621 4436 2764 4491 ratio
2787 4436 3139 4491 continentia:
3169 4436 3504 4507 designatur,
3533 4452 3651 4504 quae

2068 4530 2377 4587 necessaria
2406 4536 2534 4585 sunt
2558 4528 2624 4583 ad
2650 4528 2949 4582 custodiam
2982 4542 3175 4582 eorum
3211 4543 3332 4596 quae
3362 4538 3651 4582 servantur

2068 4622 2417 4685 intrinsecus,
2470 4618 2765 4690 frangenda
2814 4627 2993 4675 tamen
3040 4621 3386 4690 quandoque,
3435 4630 3494 4677 et
3536 4622 3651 4676 sine

377 4704 670 4761 Duodecim
691 4705 1032 4778 virgtejuxta
1063 4705 1343 4762 duodecim
1372 4704 1425 4759 in
1459 4705 1808 4760 tabernaculo
1835 4707 1962 4775 poni
2068 4714 2232 4770 dubio
2259 4712 2600 4768 dissolvenda
2629 4724 2773 4766 sunt.
2818 4711 2889 4766 Ut
2920 4713 2962 4765 si
3002 4713 3149 4766 verbi
3175 4727 3338 4767 causa
3379 4711 3645 4766 dicamus.

376 4805 661 4870 prmceptte
703 4808 859 4866 sunt,
901 4808 957 4855 et
996 4814 1122 4855 ecce
1155 4800 1306 4868 virga
1346 4798 1476 4854 Levi
1505 4799 1702 4865 viruit,
1744 4807 1799 4854 et
1831 4801 1963 4871 quid
2066 4804 2391 4859 abstinentia
2438 4802 2703 4866 ciborum,
2746 4809 2802 4856 et
2842 4802 3131 4869 castigan
3170 4801 3437 4871 corporis,
3480 4800 3649 4856 donec

377 4888 620 4954 virtutis,
653 4888 708 4943 id
734 4900 849 4956 est,
881 4906 1128 4957 numero,
1171 4890 1350 4945 Aaron
1391 4890 1677 4957 habuerit,
1706 4895 1961 4950 ostendit.
2064 4907 2255 4948 sumus
2287 4893 2339 4945 in
2370 4906 2601 4961 corpore
2643 4891 2747 4946 isto
2773 4891 3112 4960 corruptibili
3138 4900 3191 4945 et
3219 4890 3496 4960 passibili,
3534 4891 3648 4946 sine

379 4981 499 5049 Quo
523 4978 775 5035 videlicet
803 4982 958 5053 signo
996 4981 1124 5051 quid
1167 4983 1432 5049 innuitur,
1464 4983 1568 5039 nisi
1606 4983 1751 5054 quod
1778 5000 1966 5043 omnes
2065 4983 2229 5039 dubio
2258 4984 2567 5038 necessaria
2609 4992 2712 5037 cst.
2743 4981 2878 5037 Cum
2910 4990 3087 5036 autem
3115 4981 3454 5036 confractum
3490 4981 3643 5035 fuerit

379 5071 471 5144 qui
498 5084 670 5140 usque
697 5071 765 5126 ad
796 5069 958 5127 ﬁnem
988 5072 1175 5128 mundi
1205 5071 1452 5141 jacenms
1490 5075 1544 5129 in
1573 5084 1779 5142 morte,
1810 5079 1963 5148 quasi
2065 5090 2129 5131 ac
2156 5074 2474 5140 resolutum,
2505 5083 2559 5128 et
2605 5074 3019 5129 resurrectionis
3045 5083 3288 5143 tempore
3325 5073 3647 5141 incorrupti-

377 5164 547 5234 virga:
562 5161 793 5233 reliqum
835 5162 889 5218 in
928 5162 1185 5220 ariditate
1210 5166 1588 5222 remanemus?
1618 5165 1725 5223 Sed
1753 5170 1963 5225 cunctis
2062 5165 2174 5220 bile
2204 5181 2270 5219 ex
2301 5164 2634 5235 corruptibili
2667 5166 2967 5230 redditam,
3003 5174 3165 5234 atque
3194 5181 3262 5219 ex
3292 5164 3515 5218 animali
3544 5164 3647 5231 spi-

381 5256 548 5330 virgis
571 5255 624 5311 in
647 5255 901 5312 ariditate
929 5256 1335 5313 remanentibus
1356 5257 1508 5330 virga
1533 5257 1660 5314 Levi
1685 5260 1751 5316 ad
1772 5260 1960 5317 ﬂorem

382 5350 577 5417 rediit,
604 5348 732 5421 quia
759 5363 958 5419 corpus
988 5348 1203 5404 Domini
1232 5349 1380 5413 veri,
1419 5350 1629 5407 scilicet
1663 5354 1963 5410 sacerdotis

380 5443 575 5507 nostri,
606 5442 660 5497 in
690 5441 881 5497 mortis
907 5440 1161 5497 ariditate
1188 5442 1452 5512 positum,
1486 5443 1540 5498 in
1570 5443 1754 5500 ﬂorem
1786 5461 1965 5501 resur-

370 5532 642 5587 rectionis
664 5531 862 5603 erupit.
894 5530 1012 5599 Quo
1033 5529 1166 5587 ﬂore
1187 5530 1368 5588 Aaron
1394 5541 1543 5589 recte
1570 5535 1823 5590 sacerdos
1847 5551 1967 5592 esse

384 5623 749 5694 cognoscitur,
779 5624 906 5698 quia
938 5625 1038 5683 bac
1066 5624 1480 5683 resurrectionis
1508 5625 1699 5700 gloria,
1735 5626 1965 5684 Redem-

2064 5258 2253 5324 ritale,
2300 5273 2405 5313 non
2442 5257 2555 5328 jam
2597 5258 2782 5315 labore
2812 5256 3138 5322 alﬂictionis,
3177 5273 3277 5312 nec
3305 5256 3644 5311 abstinentia:

2067 5350 2455 5421 castigatione,
2502 5349 2597 5405 sed
2638 5350 2899 5420 qualitate
2931 5350 3049 5414 sui,
3097 5348 3242 5403 nulla
3280 5346 3397 5415 jam
3435 5344 3641 5415 corpori

2068 5443 2375 5514 corruptela
2400 5445 2782 5499 dominabitur.
2818 5442 2908 5499 Sic
2931 5460 3060 5516 ergo
3081 5453 3136 5499 et
3170 5458 3314 5499 nunc
3341 5442 3641 5498 necessaria

2070 5535 2411 5615 abstinentiae
2453 5536 2591 5590 ratio
2621 5534 2856 5601 videtur,
2892 5544 2947 5590 ct
2982 5536 3323 5605 postmodum
3365 5550 3471 5589 non
3506 5548 3635 5601 qum.

2075 5622 2261 5686 renda.
2314 5628 2500 5686 Tertio
2549 5638 2730 5685 autem
2779 5629 2897 5686 loco
2946 5629 3282 5687 reconditum
3332 5631 3388 5686 in
3437 5631 3519 5687 his
3566 5630 3639 5686 in-
