3924 6176
388 346 488 403 689

1094 340 1627 399 ENARRATIONES
1662 340 1737 397 1N
1768 340 2029 399 LIBRUM
2065 339 2524 398 NUMERORUM;
2566 369 2636 383 -ε
2671 341 2800 397 ΠΒ.
2845 340 2909 397 II.

3532 349 3655 405 συθ·

381 460 586 517 venies.
608 464 663 511 et
687 463 955 511 secretum
986 456 1367 527 mysteriorum
1395 456 1674 526 sapientiae
1694 463 1749 510 et
1778 454 1958 509 scien-
1983 456 2031 517 Α
2057 452 2372 523 parabitur;
2409 461 2463 509 et
2503 454 2584 508 sic
2610 467 2738 508 vere
2773 455 3132 526 complebitur
3174 457 3304 512 illud
3331 460 3474 529 quod
3502 462 3647 530 Apo-

379 550 467 603 tiae
496 547 592 603 Dei
624 561 866 609 sensum,
904 559 1012 614 quo
1037 545 1344 599 nutriantur
1371 553 1425 599 et
1451 554 1744 615 pascantur
1767 543 1961 597 anima:

378 648 722 702 sanctorum,
769 654 875 693 non
910 637 1081 693 solum
1129 638 1181 691 in
1217 637 1470 707 persenti
1499 638 1628 704 vita,
1673 637 1767 692 sed
1794 636 1960 691 etiam

375 734 430 789 in
459 732 658 787 futura.
690 730 796 786 Iste
833 731 978 785 enim
1020 737 1102 785 est
1139 729 1466 799 pontificalis
1497 729 1722 793 fructus,
1759 728 1827 783 de
1853 743 1960 798 quo

373 825 709 894 promittitur
755 824 841 877 his
889 822 982 892 qui
1030 822 1278 876 esuriant
1321 830 1376 877 ct
1421 822 1614 875 sitiunt
1650 820 1956 891 justitiam,

372 918 502 987 quia
549 916 959 971 satur-abutitur.
1007 913 1121 969 Hoc
1164 913 1329 984 igitur
1374 912 1553 977 modo,
1604 913 1659 966 in
1707 910 1959 967 omnibus

373 1008 686 1078 Scripturis,
728 1007 957 1076 triplicis
996 1005 1156 1074 hujus
1194 1004 1519 1059 sacramenti
1559 1002 1698 1058 ratio
1736 1015 1958 1071 pereur-

373 1100 463 1153 rit.
498 1098 592 1152 Sic
619 1105 675 1152 et
703 1097 972 1167 sapientia
1002 1103 1216 1159 monet,
1260 1103 1321 1148 ut
1358 1094 1726 1149 describamus
1757 1106 1821 1145 ea
1858 1105 1957 1145 no—

366 1191 457 1247 bis
490 1191 549 1245 in
584 1191 747 1246 corde
778 1189 1095 1261 triplicitcr,
1124 1189 1193 1244 ad
1236 1187 1704 1259 respondendum,
1748 1185 1952 1255 inquit,

364 1282 596 1335 verbum
625 1280 874 1337 veritatis
900 1280 985 1334 his
1008 1280 1099 1349 qui
1124 1278 1505 1349 proposuerint
1529 1278 1712 1331 nobis..
1741 1274 1829 1331 Sic
1850 1284 1955 1329 tres

362 1382 552 1442 puteos
572 1372 705 1441 fodit
730 1371 889 1425 Isaac
909 1372 1209 1441 patriarcha
1234 1367 1583 1441 (Ceratum),
1608 1382 1836 1438 quorum
1864 1366 1955 1421 ille

363 1462 517 1517 solus
560 1462 751 1516 tertius
787 1461 857 1515 ab
894 1475 958 1516 eo
998 1454 1225 1515 latitudo
1258 1460 1339 1515 vel
1384 1459 1679 1530 amplitudo
1709 1457 1954 1512 nomina-

365 1561 481 1606 tur.
519 1551 620 1618 Qui
650 1559 831 1606 autem
862 1559 1261 1605 sacramentum
1303 1547 1661 1613 sacerdotale,
1708 1556 1763 1603 et
1799 1547 1951 1619 virga

358 1641 554 1706 nucis,
598 1640 803 1696 idcirco
843 1639 1081 1695 arbitror
1121 1639 1285 1695 etiam
1328 1637 1653 1704 Jeremiam,
1699 1638 1789 1708 qui
1836 1646 1951 1692 erat

356 1749 500 1786 unus
526 1748 592 1786 ea:
617 1730 973 1786 sacerdotibus
999 1729 1261 1784 Anathoth
1286 1728 1501 1801 (Jerem.
1529 1727 1589 1799 ι),
1621 1729 1821 1783 vidisse
1845 1728 1951 1782 vir-

2060 542 2232 597 stolus
2257 543 2389 598 dicit
2414 561 2427 597 :
2461 541 2600 608 Quia
2625 542 2807 598 oculus
2831 560 2935 598 non
2960 545 3106 611 vidit,
3134 563 3225 600 nec
3250 549 3395 603 auris
3419 552 3651 619 audivit,

2057 646 2175 701 qua:
2197 633 2509 701 prwparcvit
2536 631 2676 687 Deus
2696 632 3027 703 diligentibus
3052 652 3126 690 se.
3150 636 3443 696 Possumus
3468 643 3643 700 adhuc

2057 723 2219 777 etiam
2252 723 2331 778 sic
2356 722 2677 796 intelligere,
2705 738 2895 780 eorum
2936 742 3057 796 quae
3098 729 3151 783 in
3192 730 3340 801 virga
3373 735 3644 803 germina-

2057 820 2250 866 verant
2292 811 2643 869 diﬂ‘erentias.
2691 814 2885 873 Omnis
2930 819 3023 887 qui
3066 819 3119 873 iu
3170 820 3390 877 Christo
3435 827 3647 890 credit,

2056 905 2233 975 primo
2258 905 2508 971 moritur,
2536 914 2590 960 et
2618 916 2741 976 post
2775 908 2890 963 haec
2919 912 3245 977 renascitur,
3286 921 3341 968 et
3367 925 3452 970 est
3477 918 3649 973 etiam

2057 994 2174 1049 hare
2205 994 2396 1065 figura,
2430 997 2573 1066 quod
2597 998 2749 1068 virga
2791 999 2941 1053 arida
2960 1005 3320 1070 .postmodum
3364 1007 3641 1077 germina-

2055 1084 2158 1139 bit.
2205 1085 2297 1140 Est
2343 1100 2473 1154 δι’εο
2516 1087 2750 1155 primum
2798 1104 3036 1160 germen,
3084 1093 3257 1161 prima
3306 1096 3542 1151 hominis
3586 1098 3640 1153 in

2054 1173 2270 1231 Christo
2308 1177 2597 1232 confessio.
2640 1177 2890 1236 Secundo
2930 1181 3252 1249 frondescit,
3310 1197 3369 1241 ut
3422 1199 3645 1245 renatus

2055 1267 2255 1322 donum
2293 1268 2481 1338 gratia:
2508 1270 2708 1324 Christi
2748 1271 2844 1326 Dei
2876 1274 3305 1331 sanctificatione
3331 1279 3590 1348 suscipiat
3620 1298 3634 1335 :

2055 1364 2115 1410 ut
2137 1356 2260 1411 inde
2283 1357 2474 1413 afferat
2499 1357 2680 1425 ﬂores,
2707 1361 2798 1415 ubi
2825 1362 3090 1431 prolicere
3118 1368 3365 1436 eruperit,
3389 1378 3445 1423 et
3470 1370 3638 1425 bono-

2055 1460 2174 1499 rum
2205 1447 2472 1504 suavitate
2499 1449 2765 1517 decorari,
2795 1468 2859 1507 ac
2883 1452 3224 1525 ﬂagrantiam
3253 1459 3637 1517 misericordiae

2052 1543 2109 1590 et
2144 1536 2493 1607 benignitatis
2531 1540 2832 1609 etfuudere,
2873 1544 2942 1597 ad
2974 1545 3221 1601 ultimum
3250 1563 3466 1621 quoque
3500 1568 3639 1621 pra:-

2051 1622 2178 1679 beat
2218 1627 2405 1681 vitam.
2455 1628 2594 1684 Cum
2639 1631 2784 1685 enim
2833 1634 2903 1688 ad
2947 1633 3246 1703 perfectum
3292 1640 3535 1706 venerit,
3580 1651 3637 1696 et

2050 1715 2337 1785 protulerit
2363 1731 2433 1772 ex
2459 1733 2518 1773 se
2549 1721 2777 1775 verbum
2801 1721 2958 1789 fidei,
2994 1726 3214 1780 verbum
3243 1727 3486 1785 scientiae
3514 1731 3633 1795 Dei,

353 1840 485 1894 gam
511 1838 739 1878 nuceam
757 1863 772 1887 ,
802 1830 858 1877 et
884 1822 1234 1892 prophetasse
1260 1822 1326 1876 de
1360 1835 1425 1875 ea
1468 1820 1555 1874 illa
1599 1836 1718 1889 qua:
1744 1820 1945 1890 scripta
1973 1806 2022 1865 Β
2048 1810 2104 1894 εξ
2129 1803 2266 1858 alios
2294 1804 2642 1874 Ῑυονίίθεθτίι,
2673 1810 2776 1865 hoc
2802 1820 2886 1867 est
2911 1812 3155 1870 attulisse
3176 1815 3409 1882 fructus,
3439 1820 3635 1890 quibus

352 1922 523 1978 sunt;
556 1913 640 1967 vel
663 1914 730 1968 de
756 1913 905 1984 virga
935 1928 1128 1978 nucea,
1158 1911 1242 1967 vel
1265 1912 1330 1967 de
1355 1912 1530 1966 lebete
1552 1912 1665 1966 sive
1690 1911 1795 1966 olla
1825 1927 1948 1967 suc-

350 2021 546 2069 censa,
580 2004 736 2074 quasi
765 2005 1074 2059 ostenderet
1110 2018 1210 2073 per
1236 2004 1352 2058 haec
1396 2003 1449 2058 in
1487 2003 1637 2073 virga
1665 2017 1836 2058 nucea
1868 2003 1938 2058 vi-

350 2105 470 2149 tam
507 2109 649 2159 esse,
692 2103 747 2149 et
790 2094 843 2147 in
881 2094 1052 2149 lebete
1092 2109 1352 2149 succenso
1381 2109 1503 2150 esse
1540 2103 1788 2149 mortem.
1821 2095 1943 2151 Vita

348 2184 505 2238 enim
542 2191 599 2238 et
627 2199 775 2239 mors
814 2184 1035 2253 ponitur
1076 2192 1202 2238 ante
1246 2183 1437 2239 faciem
1472 2193 1736 2240 nostram.
1770 2185 1835 2240 Et
1860 2194 1946 2241 est

348 2275 467 2329 vita
498 2275 715 2344 quidem
742 2275 991 2331 Christus
1021 2275 1072 2330 in
1104 2285 1442 2331 sacramento
1468 2276 1643 2341 nucis,
1675 2292 1821 2332 mors
1851 2293 1945 2332 au-

347 2371 465 2416 tem
490 2362 739 2417 diabolus
765 2363 818 2416 in
848 2365 1016 2434 figura
1042 2362 1234 2418 lebetis
1258 2364 1525 2418 succensi.
1561 2362 1621 2418 Si
1661 2380 1792 2437 ergo
1815 2380 1943 2436 pec-

346 2453 588 2518 caveris,
617 2455 919 2525 portionem
945 2464 1090 2510 tuam
1121 2471 1290 2527 panes
1313 2472 1434 2511 cum
1461 2456 1634 2513 lebete
1657 2474 1937 2515 succenso.

347 2544 415 2613 Si
444 2553 625 2598 autem
659 2542 804 2612 juste
843 2545 1040 2615 egeris,
1080 2543 1310 2600 ellicitur
1349 2546 1525 2615 portio
1565 2556 1654 2601 tua
1697 2548 1751 2602 in
1789 2548 1940 2620 virga

346 2651 523 2691 uucea
568 2650 691 2690 cum
730 2650 925 2707 magno
953 2635 1227 2706 pontifice.
1261 2636 1369 2691 Sed
1399 2637 1452 2690 in
1484 2636 1725 2693 Canticis
1765 2640 1940 2695 canti-

344 2741 541 2781 corum
584 2741 780 2796 sponsa
823 2727 1150 2782 descendere
1195 2726 1393 2782 dicitur
1437 2727 1492 2780 in
1533 2737 1711 2782 ortum
1760 2729 1937 2795 nucis,

344 2818 443 2873 ubi
467 2819 638 2896 etiam
679 2819 885 2888 pariter
907 2834 1030 2873 cum
1075 2818 1304 2873 nucibus
1348 2818 1767 2874 sacerdotalium
1797 2836 1934 2890 quo-

340 2909 637 2965 dammdo
692 2924 943 2983 magnam
989 2925 1270 2980 pomorum
1328 2910 1538 2981 copiam
1577 2911 1938 2981 perscribitur

339 2999 639 3055 invenisse.

412 3087 760 3160 Fueruntque
796 3088 952 3159 virga:
992 3086 1268 3145 duodecim
1309 3088 1501 3159 absque
1546 3090 1691 3161 virga
1730 3091 1928 3146 Aaron.

2046 1892 2142 1948 alii
2169 1897 2496 1952 nutriantur.
2533 1899 2625 1955 Sic
2657 1916 2786 1973 ergo
2823 1904 3024 1975 quique
3062 1908 3255 1977 singuli
3296 1912 3634 1969 credentium

2045 1982 2113 2038 de
2141 1985 2290 2053 virga
2314 1986 2519 2054 Aaron,
2544 1989 2750 2059 quiest
2776 1993 3044 2062 Christus,
3075 1999 3469 2069 germinantur,
3498 2020 3634 2074 quo-

2044 2086 2164 2126 rum
2201 2082 2437 2143 quatuor
2463 2076 2581 2133 ista:
2611 2078 2926 2138 differentiae
2955 2084 3010 2138 in
3046 2086 3168 2141 aliis
3208 2086 3506 2159 Scriptura:
3544 2093 3629 2149 lo-

2043 2167 2143 2233 cis,
2165 2168 2311 2224 velut
2334 2178 2521 2227 aetates
2551 2183 2786 2254 quatuor
2806 2178 3160 2251 designantur
3188 2201 3201 2237 :
3233 2199 3369 2254 quas
3394 2185 3631 2247 Joannes

2041 2258 2317 2326 apostolus
2352 2261 2406 2315 in
2437 2251 2678 2332 Epistula
2710 2281 2809 2321 sua
2840 2269 3189 2327 distinctione
3218 2251 3445 2346 mystica
3476 2294 3628 2336 com-

2039 2350 2352 2442 prehendit.
2376 2352 2466 2409 Ait
2493 2356 2636 2411 enim
2670 2376 2683 2411 ε
2716 2356 2916 2430 Scripsi
2957 2362 3119 2429 vobis,
3155 2367 3325 2435 pueri,
3367 2379 3414 2422 et
3443 2372 3635 2442 scripsi

2039 2439 2204 2504 vobis,
2229 2441 2603 2512 adolescentes,
2632 2455 2680 2500 et
2705 2448 2891 2519 scripsi
2921 2451 3082 2518 vobis,
3105 2452 3343 2522 juvenes,
3370 2468 3416 2511 et
3443 2439 3631 2530 scripsi

2039 2529 2199 2597 vobis,
2231 2542 2405 2602 patres
2434 2533 2485 2606 (I
2507 2535 2667 2591 Joan.
2702 2537 2786 2611 ιι).
2808 2539 2866 2594 in
2887 2542 3082 2611 quibus
3100 2545 3288 2616 utique
3304 2564 3409 2603 non
3433 2529 3627 2622 corpo-

2037 2622 2169 2677 ralis
2196 2624 2393 2691 aetatis,
2424 2627 2519 2681 sed
2560 2628 2756 2683 anima:
2794 2633 3134 2701 profcctuum
3174 2636 3505 2696 diil‘erentias
3532 2659 3624 2715 po-

2035 2711 2150 2777 nit,
2177 2720 2237 2766 ut
2265 2715 2428 2769 etiam
2459 2716 2515 2771 in
2546 2717 2648 2773 hoc
2679 2722 3032 2778 sacerdotalis
3062 2725 3227 2797 virga:
3261 2732 3505 2799 germina
3530 2711 3624 2787 ob-

2037 2815 2318 2858 servemus
2342 2804 2637 2876 designari.
2680 2809 2962 2867 Habentur
2986 2828 3118 2886 ergo
3153 2818 3268 2873 haec
3304 2823 3485 2877 omnia
3516 2839 3622 2880 non

2037 2896 2148 2943 tam
2180 2890 2236 2945 in
2264 2892 2415 2962 virga
2443 2895 2657 2962 Aaron,
2686 2914 2849 2968 quam
2874 2900 2930 2955 in
2955 2916 3020 2956 ea
3057 2904 3207 2975 virga
3245 2922 3366 2977 qua:
3398 2911 3531 2965 exiit
3556 2913 3623 2968 de

2036 2979 2217 3035 radice
2255 2980 2439 3049 Iesse;
2477 2993 2532 3038 et
2558 2984 2656 3041 llos
2686 2988 2752 3043 de
2778 2991 2960 3046 radice
2986 2992 3103 3061 ejus
3140 2999 3417 3065 ascendit,
3460 3016 3623 3071 super

2035 3089 2197 3144 quem
2227 3078 2523 3147 requiescit
2543 3077 2780 3149 Spiritus
2807 3080 3038 3138 Domini.
3068 3083 3125 3139 In
3149 3102 3256 3156 quo
3281 3104 3381 3144 nec
3402 3091 3506 3147 hoc
3533 3109 3622 3151 sa.—

341 3183 495 3248 Quas
523 3196 643 3235 cum
678 3179 933 3251 posuisset
962 3177 1168 3249 Moyses
1196 3196 1372 3233 coram
1409 3177 1633 3234 Domino
1672 3181 1727 3234 in
1761 3181 1934 3236 taber-

2036 3163 2147 3219 lum
2172 3166 2385 3221 videtur
2405 3169 2660 3236 otiosum,
2687 3172 2831 3240 quod
2859 3173 3008 3229 exire
3032 3149 3231 3233 dicitur
3251 3179 3420 3253 virga,
3449 3191 3502 3241 et
3522 3149 3623 3241 ilus

340 3269 538 3325 uacula
563 3270 864 3332 testimonii,
891 3269 1124 3337 sequenti
1156 3268 1241 3322 die
1276 3286 1558 3339 regressus,
1593 3271 1785 3325 invertit
1811 3288 1931 3342 ger-

338 3364 574 3417 uitiasse
606 3361 803 3431 virgam
842 3362 1021 3415 Aaron
1054 3360 1108 3413 in
1147 3359 1301 3414 domo
1343 3359 1488 3425 Levi;
1525 3370 1572 3415 et
1607 3361 1933 3431 turgentibus

337 3452 560 3522 gemmis
615 3460 891 3525 eruperant
947 3452 1123 3522 ﬂores.
1181 3448 1286 3515 Qui
1344 3449 1488 3519 [aliis
1538 3450 1815 3517 dilatatis,
1874 3451 1932 3506 in

335 3540 652 3612 amygdalas
699 3540 981 3610 deformati
1031 3550 1172 3597 sunt.
1222 3540 1363 3599 Ettce
1406 3541 1732 3611 germinavit
1778 3540 1930 3612 virga

334 3634 523 3691 Aaron
549 3634 605 3689 in
636 3632 802 3689 domo
820 3631 968 3688 Levi.
998 3631 1095 3689 Est
1119 3632 1222 3687 hoc
1247 3647 1414 3689 unum
1441 3631 1571 3686 illud
1596 3633 1715 3688 sine
1742 3631 1929 3698 dubio,

333 3725 486 3795 quod
516 3725 700 3779 fuerat
733 3724 1150 3795 repromissum;
1183 3722 1279 3779 sed
1318 3722 1593 3779 adduntur
1628 3724 1734 3779 alia
1764 3730 1820 3780 et
1843 3724 1928 3780 di-

335 3824 541 3872 cuntur
579 3832 595 3869 :
642 3814 711 3870 Et
751 3812 998 3885 produxit
1039 3813 1267 3883 frontes,
1310 3823 1360 3867 et
1404 3813 1621 3885 protulit
1661 3814 1841 3883 ﬂores,
1878 3822 1929 3868 et

332 3906 648 3977 germinavit
676 3923 852 3961 nuces.
879 3906 1015 3963 Cum
1043 3922 1173 3979 ergo
1206 3906 1274 3962 de
1308 3907 1423 3963 solo
1456 3909 1698 3979 germine
1736 3908 1929 3964 fuisset

333 3999 702 4070 promissum,
745 3999 866 4055 vide
897 4009 1096 4070 quanta
1140 4001 1367 4072 largitur
1398 4000 1563 4067 Deus,
1592 4010 1654 4057 ut
1689 4018 1798 4058 non
1839 4017 1949 4059 son-~

334 4089 449 4145 lum
476 4104 695 4160 germen
721 4090 1075 4161 produxerit,
1103 4092 1198 4147 sed
1224 4103 1280 4147 et
1305 4092 1555 4161 frondes;
1597 4102 1652 4150 et
1694 4109 1801 4150 non
1840 4110 1928 4151 so-

334 4182 449 4238 lum
483 4182 726 4247 frondes,
762 4183 856 4238 sed
881 4193 937 4237 ct
966 4181 1157 4249 ﬂores;
1192 4193 1385 4242 etnon
1409 4184 1584 4241 solam
1616 4184 1925 4252 ﬂeres,.sed

334 4282 386 4327 et
411 4271 646 4329 fructus.
679 4271 819 4339 Quid
853 4272 1020 4344 igitur
1054 4281 1143 4329 est
1176 4274 1319 4345 quod
1359 4290 1441 4331 ex,
1465 4276 1550 4331 his
1589 4275 1841 4346 colligere
1870 4283 1927 4331 et

334 4360 692 4431 contemplari
719 4362 1250 4419 debeamus‘l'Primo
1274 4365 1540 4432 omnium,
1571 4366 1925 4422 resurrectio-

336 4454 424 4507 nis
468 4468 537 4507 cx
588 4453 825 4512 mortuis.
869 4466 1293 4511 sacramentum.
1340 4455 1505 4528 Virga
1554 4458 1720 4529 igitur
1768 4458 1917 4513 arida
1945 4486 1999 4547 Β

333 4543 608 4611 germinat
622 4560 745 4599 cum
768 4560 963 4615 corpus
984 4548 1307 4603 exstinctum
1328 4551 1561 4618 coeperit
1574 4548 1918 4605 reviviscere.

337 4633 469 4699 Qua:
497 4641 624 4687 sunt
652 4642 832 4688 autem
863 4646 1098 4704 quatuor
1134 4638 1237 4692 ista
1266 4653 1387 4713 qua:
1423 4640 1667 4711 surgenti
1706 4640 1922 4712 corpori

338 4723 776 4792 praestabuntur?
810 4724 887 4783 Ut
905 4727 1231 4783 seminatum
1271 4728 1325 4782 in
1354 4730 1699 4801 corruptione
1740 4746 1923 4786 resur-

336 4824 427 4884 gat
471 4815 526 4868 in
569 4815 1002 4887 incorruptione;
1050 4826 1105 4872 et
1145 4817 1473 4875 seminatum
1513 4819 1568 4873 in
1607 4819 1923 4876 infirmitate

338 4916 584 4977 resurgat
614 4907 669 4962 in
696 4909 923 4975 virtute;
968 4919 1034 4966 et
1050 4912 1375 4967 seminatum
1418 4908 1471 4968 in
1502 4912 1799 4985 ignominia
1829 4929 1921 4969 re-

338 5006 519 5069 surgat
547 4999 603 5053 in
626 4999 830 5069 gloria;
868 5011 925 5057 et
951 5003 1275 5058 semiuatum
1308 5019 1504 5078 corpus
1538 5003 1769 5059 animale
1797 5018 1921 5059 sur-

339 5100 427 5160 gat
470 5105 667 5161 corpus
707 5092 972 5163 spiritale.
1016 5094 1123 5150 ista
1169 5104 1296 5150 sunt
1334 5109 1567 5167 quatuor
1608 5113 1730 5169 qua:
1768 5097 1919 5169 virga

339 5182 485 5236 arida
527 5183 770 5252 corporis
811 5185 984 5240 nostri
1031 5186 1086 5239 in
1131 5187 1535 5244 resurrectione
1573 5189 1917 5258 germinabi‘t.

341 5269 442 5328 Sed
482 5283 537 5329 et
575 5274 709 5330 illud
748 5278 985 5332 secundo
1012 5278 1067 5332 in
1098 5276 1217 5332 loco
1246 5278 1497 5343 dicimus,
1540 5280 1665 5349 quia
1694 5280 1835 5335 sicut
1863 5279 1918 5333 in

340 5363 421 5419 his
448 5365 862 5435 promissionem
901 5382 1054 5422 suam
1090 5368 1234 5423 Deus
1266 5369 1319 5423 in
1353 5370 1711 5440 quadruplum
1744 5369 1913 5436 dedit,

339 5465 393 5509 et
416 5455 583 5512 multo
609 5456 764 5527 plura
794 5465 851 5513 et
882 5460 1205 5528 pretiosiora
1235 5460 1459 5531 largitus
1485 5470 1569 5516 est
1592 5477 1755 5532 quam
1784 5477 1914 5533 pro-

341 5545 517 5612 misit,
543 5548 711 5603 multo
738 5548 912 5619 magis
951 5548 1003 5602 in
1042 5550 1293 5605 omnibus
1320 5550 1613 5621 Scriptura:
1641 5551 1793 5615 locis,
1824 5553 1913 5607 ubi

340 5634 513 5705 aliqua
550 5637 653 5694 Dei
684 5639 978 5709 promissio
1012 5640 1337 5706 continetur,
1380 5641 1426 5695 si
1465 5642 1586 5711 quis
1629 5651 1808 5697 tamen
1846 5642 1915 5699 ad

344 5739 458 5781 eam
482 5732 761 5799 pervenire
784 5740 1079 5798 mereatur,
1100 5731 1153 5786 in
1181 5730 1362 5787 futuro
1389 5733 1752 5804 multipliciter
1775 5750 1914 5804 pra:—

2031 3257 2349 3313 aseendere.
2403 3257 2662 3326 Quamvis
2705 3262 2852 3318 enim
2902 3280 3070 3319 unum
3117 3268 3205 3325 sit
3233 3269 3480 3329 Christus
3524 3290 3621 3345 per

2031 3345 2414 3414 substantiam,
2440 3349 2666 3420 singulis
2696 3354 2877 3407 tamen
2904 3353 3152 3415 diversus
3178 3356 3431 3428 efficitur,
3459 3374 3619 3433 prout

2031 3436 2284 3509 intelligit
2307 3439 2356 3495 is
2382 3440 2438 3494 in
2464 3456 2573 3512 quo
2593 3452 2869 3512 operatur.
2892 3444 2995 3515 Qui
3015 3455 3198 3504 autem
3222 3453 3442 3521 segnior
3459 3466 3544 3511 est
3565 3467 3619 3514 et

2030 3529 2388 3600 negligentior
2416 3546 2517 3601 pro
2556 3533 2877 3604 disciplina,
2890 3534 2952 3591 fit
2991 3537 3042 3592 ei
3085 3538 3336 3597 Christus
3363 3544 3537 3616 virga,
3564 3556 3618 3603 et

2029 3617 2086 3673 in
2125 3619 2280 3691 virga
2320 3636 2429 3678 non
2469 3624 2921 3690 ascendere,-sed
2947 3627 3099 3684 exire
3138 3629 3355 3686 dicitur.
3395 3634 3615 3692 Exeun-

2028 3710 2159 3764 dum
2198 3726 2433 3786 namque
2459 3721 2545 3770 est
2572 3713 2972 3784 ei,.qui.iners
2997 3727 3053 3774 et
3085 3720 3269 3788 segnis
3304 3731 3419 3790 est,
3456 3726 3525 3781 de
3548 3743 3613 3783 eo

2027 3812 2171 3861 statu
2198 3805 2253 3860 in
2268 3821 2392 3878 quo
2419 3823 2533 3865 non
2554 3817 2703 3864 recte
2722 3810 3003 3878 consistit;
3040 3820 3097 3867 et
3131 3818 3517 3873 transeundum
3544 3821 3615 3878 ad

2027 3896 2193 3952 alium
2221 3905 2454 3965 statum,
2487 3909 2745 3971 tanquam
2770 3902 2924 3973 virga
2952 3904 3253 3976 compulso,
3283 3906 3338 3962 id
3371 3916 3489 3977 est,
3519 3925 3614 3967 ve-

2025 3990 2195 4046 ritate
2215 3990 2480 4046 doetrinte
2506 3992 2781 4064 rigidioris
2807 3995 3106 4063 admonito.
3137 3996 3239 4063 Qui
3276 4014 3406 4055 vero
3431 3998 3631 4069 justus.

2025 4090 2130 4148 est,
2143 4082 2288 4154 .quia
2318 4082 2500 4153 justus
2525 4092 2587 4138 ut
2612 4085 2792 4154 palma
2820 4084 3064 4154 liorebit,
3096 4089 3151 4143 in
3186 4090 3291 4145 hoc
3317 4091 3625 4150 ascendere

2023 4171 2226 4226 dicitur
2262 4172 2532 4229 Christus.
2579 4173 2672 4229 Sic
2712 4191 2843 4247 ergo
2879 4178 2972 4246 qui
3014 4180 3331 4235 verberibus
3373 4180 3612 4254 indiget,

2023 4260 2139 4315 exit
2173 4263 2242 4317 ad
2271 4277 2396 4317 eum
2422 4263 2606 4335 virga;
2636 4265 2730 4335 qui
2760 4275 2943 4321 autem
2971 4268 3184 4337 proiicit
3212 4270 3281 4325 ad
3304 4271 3608 4343 justitiam...

2023 4352 2269 4407 ascendit
2296 4354 2345 4408 ei
2378 4354 2431 4408 in
2458 4352 2632 4410 ﬂore:
2669 4357 2917 4412 ascendit
2949 4374 3233 4430 usquequo
3268 4362 3460 4422 atterat
3492 4365 3613 4435 (ru.

2023 4451 2144 4500 ctus
2172 4441 2424 4514 Spiritus,
2455 4445 2548 4514 qui
2577 4454 2726 4512 sunt,
2754 4445 3016 4514 Charitas,
3053 4450 3338 4520 gaudium,
3357 4466 3611 4524 pansa-

2022 4534 2257 4605 pientia,
2302 4543 2360 4589 et
2400 4536 2624 4606 reliqum
2661 4538 2912 4595 virtutes.
2949 4539 3083 4596 Nam
3123 4541 3194 4598 de
3230 4543 3383 4614 virga
3420 4544 3608 4604 Aaron

2022 4630 2291 4698 quomodo
2312 4643 2401 4684 res
2423 4637 2574 4700 gesta
2599 4630 2693 4696 sit,
2715 4640 2777 4686 ut
2794 4640 2849 4688 et
2870 4633 3031 4690 liores
3053 4637 3609 4705 germinanseleetio-

2021 4737 2147 4777 nem
2173 4723 2459 4778 sacerdotii
2485 4724 2604 4794 ejus
2627 4725 2887 4782 divinitus
2914 4727 3305 4796 indicaret,.iii
3335 4733 3438 4789 hoc
3468 4734 3608 4793 libro

2024 4813 2305 4885 Scriptura
2336 4817 2608 4882 narravit;
2647 4826 2702 4873 et
2728 4826 2910 4875 tamen
2936 4819 3003 4875 de
3029 4822 3146 4894 ipsa
3167 4825 3315 4895 virga
3340 4827 3395 4882 iu
3417 4827 3605 4883 Exodo

2021 4905 2239 4970 dicitur,
2263 4912 2323 4960 ut
2346 4906 2636 4963 insanistis
2656 4918 2967 4966 sanctorum
3003 4928 3127 4969 cum
3153 4930 3350 4972 manna
3389 4918 3444 4972 in
3475 4934 3603 4974 arca

2019 5007 2347 5069 poneretur,
2362 5000 2578 5069 quando
2604 5001 2920 5071 praecipitur
2951 5005 3019 5060 de
3058 5006 3406 5064 tabernaculo
3434 5008 3604 5064 fabri-

2020 5090 2215 5155 cando,
2244 5090 2341 5145 vel
2360 5090 2547 5161 utique
2576 5092 2733 5164 longe
2766 5104 2892 5152 ante
2915 5110 3245 5170 praeceptum
3279 5110 3396 5168 est,
3437 5116 3599 5170 quam

2020 5180 2195 5251 ipsum
2238 5182 2644 5239 tabernaculum
2680 5184 3002 5245 fabricatum
3037 5193 3443 5261 perfectumque
3471 5208 3603 5248 con-

2020 5272 2255 5329 sisteret.
2285 5274 2447 5329 Stetit
2471 5284 2650 5333 autem
2686 5280 2863 5348 primo
2889 5297 3071 5338 mense
3094 5285 3313 5338 secundi
3342 5285 3498 5351 anni,
3531 5301 3598 5341 ex

2021 5377 2128 5433 quo
2155 5364 2222 5419 de
2249 5364 2484 5438 Egypto
2511 5372 2715 5440 egressi
2761 5381 2914 5438 sunt,
2945 5382 3000 5428 et
3033 5373 3169 5426 liber
3196 5374 3297 5428 iste
3335 5374 3525 5446 incipit
3568 5395 3598 5433 a

2021 5458 2263 5513 secundo
2302 5474 2488 5514 mense
2536 5461 2776 5531 ejusdem
2821 5463 2947 5517 anni
2992 5463 3247 5526 secundi,
3289 5466 3467 5533 primo
3510 5468 3597 5526 die

2020 5549 2241 5603 mensis.
2279 5549 2431 5605 Unde
2456 5552 2657 5607 clarum
2687 5562 2788 5619 est,
2820 5556 2920 5608 ista
2948 5568 3044 5622 per
3072 5557 3592 5630 rccapitulationem,

2017 5638 2071 5693 si
2087 5637 2347 5694 librorum
2371 5642 2616 5696 ordinem
2643 5644 3065 5708 consideremus,
3094 5645 3143 5699 id
3166 5657 3268 5713 est,
3295 5653 3595 5720 pnelerito-

2017 5747 2136 5785 rum
2174 5734 2617 5799 recordationem,
2651 5737 3086 5803 commemorari,
3115 5756 3233 5810 qua:
3267 5755 3461 5814 putant
3498 5750 3591 5817 q-ti
